2040 2976
835 235 891 268 SS.
917 235 1056 268 CordiS
1083 236 1187 269 jesu.

196 329 424 371 Remisisti
433 328 711 379 iniquitatem
719 327 862 380 plebis
870 332 974 369 tuae:

144 386 168 412 *
188 385 401 437 operuisti
421 384 567 425 omnia
583 386 770 435 peccata
794 386 957 424 eorum.

195 440 407 491 Mitigasti
439 451 613 481 omnem
645 439 756 480 iram
787 444 922 480 tuam:
949 439 973 465 *

145 496 341 538 avertisti
366 495 422 538 ab
447 495 512 536 ira
539 494 850 545 indignationis
873 500 974 537 tuae.

199 552 417 594 Converte
469 564 551 593 nos
595 551 718 592 Deus
772 551 974 592 salutaris

144 612 311 650 noster:
344 608 368 634 *
397 612 440 650 et
473 609 622 648 averte
653 607 763 647 iram
795 612 917 648 tuam
950 620 975 648 a

146 664 286 706 nobis.

195 719 422 771 Numquid
455 720 500 760 in
532 720 744 760 aeternum
773 718 975 760 irasceris

144 773 296 818 nobis?
326 776 350 801 *
379 780 454 816 aut
483 774 694 817 extendes
719 775 828 816 iram
854 779 976 816 tuam

147 845 173 877 a
191 832 472 883 generatione
491 831 537 871 in
555 830 907 881 generationem?

198 889 320 929 Deus
360 892 408 928 tu
453 889 692 928 conversus
731 885 976 928 vivificabis

147 957 246 985 nos:
263 944 287 969 *
307 948 351 984 et
369 942 497 995 plebs
522 947 597 983 tua
619 941 842 983 laetabitur
859 942 903 982 in
921 947 976 983 te.

200 999 395 1040 Ostende
432 998 560 1040 nobis
592 998 780 1039 Domine
813 998 976 1039 miseri-

149 1054 345 1097 cordiam
367 1059 507 1095 tuam:
523 1055 547 1079 *
567 1059 611 1096 et
636 1054 828 1096 salutare
853 1058 977 1095 tuum

149 1111 206 1153 da
223 1110 362 1152 nobis.

201 1167 391 1208 Audiam
407 1166 513 1218 quid
527 1166 733 1218 loquatur
746 1165 790 1206 in
804 1178 875 1206 me
889 1166 976 1208 Do·

148 1223 290 1265 minus
318 1223 456 1264 Deus:
482 1223 506 1248 *
536 1222 742 1274 quoniam
773 1221 978 1273 loquetur

148 1291 304 1332 pacem
322 1279 366 1319 in
384 1278 561 1331 plebem
580 1290 714 1319 suam.

200 1336 257 1377 Et
284 1347 416 1387 super
445 1337 621 1375 san'ctos
654 1346 775 1375 suos:
806 1335 830 1361 *
864 1339 908 1376 et
935 1335 979 1375 in

151 1404 240 1440 eos
260 1392 334 1443 qui
353 1393 667 1432 convertantur
686 1389 743 1432 ad
763 1403 850 1432 cor.

200 1448 517 1489 Verumtamen
575 1459 718 1499 prope
775 1446 979 1488 timentes

151 1516 251 1545 eum
269 1503 462 1544 salutare
481 1502 637 1554 ipsius:
656 1503 680 1529 *
698 1507 747 1544 ut
765 1502 980 1544 inhabitet

107 1564 110 1567 ’
150 1559 291 1610 gloria
307 1559 351 1600 in
369 1564 488 1600 terra
505 1563 669 1599 nostra.

202 1613 519 1664 Misericordia,
556 1619 600 1655 et
635 1614 797 1655 veritas
833 1614 979 1655 obvia-

150 1672 307 1713 verunt
334 1670 433 1712 sibi:
460 1672 484 1697 *
511 1669 688 1721 justitia,
722 1675 766 1712 et
796 1683 885 1723 pax
913 1683 979 1711 os-

152 1726 310 1768 culatae
331 1730 442 1767 sunt.

203 1783 380 1824 Veritas
413 1781 469 1824 de
499 1787 619 1824 terra
646 1787 744 1824 orta
772 1786 853 1823 est:
886 1784 910 1810 *
937 1788 981 1824 et

152 1839 317 1890 justitia
336 1837 391 1880 de
410 1838 525 1879 coelo
544 1838 787 1891 prospexit.

206 1894 380 1936 Etenim
397 1894 614 1935 Dominus
641 1893 763 1936 dabit
787 1893 980 1945 benigni-

151 1952 304 1992 tatem:
322 1950 346 1975 *
366 1955 410 1991 et
435 1955 554 1992 terra
575 1955 727 1992 nostra
750 1949 872 1992 dabit
895 1950 980 1991 fru-

153 2010 272 2048 ctum
291 2018 430 2046 suum.

203 2061 380 2103 Justitia
411 2066 513 2104 ante
545 2075 646 2104 eum
673 2061 931 2103 ambulabit:
958 2062 981 2087 *

154 2121 197 2158 et
214 2121 354 2169 ponet
371 2117 416 2158 in
435 2118 506 2159 via
524 2130 700 2169 gressus
720 2130 835 2159 suos.

206 2174 305 2214 Ant.
344 2173 558 2215 Dominus
589 2173 712 2216 dabit
742 2172 982 2223 benignita-

154 2232 258 2270 tem:
293 2229 498 2280 loquetur
533 2242 692 2282 pacem
726 2229 771 2270 in
807 2228 983 2280 plebem

155 2297 289 2325 suam.

208 2342 307 2382 Ant.
337 2341 490 2382 Suavis
516 2345 560 2382 et
581 2340 698 2382 mitis
718 2353 765 2382 es
783 2340 984 2388 Domine,
1001 2343 1004 2347 ’

155 2400 199 2436 et
211 2396 362 2437 multae
377 2396 691 2438 misericordiae
706 2395 908 2438 omnibus
923 2395 984 2435 in-

156 2451 419 2493 vocantibus
437 2457 494 2493 te.

432 2508 630 2548 Psalmus
651 2510 716 2548 85.

159 2558 346 2661 Inch'na
372 2564 562 2605 Domine
590 2577 741 2605 aurem
768 2568 905 2612 tuam,
941 2567 985 2603 et

230 2619 390 2660 exaudi
407 2632 493 2660 me:
511 2620 535 2645 *
556 2620 763 2672 quoniam
780 2619 921 2671 inops,
942 2622 986 2658 et
1013 2626 1016 2643 ¹

157 2685 327 2725 pauper
346 2687 443 2715 sum
461 2687 556 2725 ego.

202 2728 394 2772 ,Custodi
435 2731 627 2772 animam
656 2743 800 2772 meam
835 2728 984 2781 quoni-

1759 233 1854 277 [281]

1029 339 1099 367 am
1118 333 1295 369 sanctus
1322 341 1432 369 sum:
1450 329 1474 355 *
1493 330 1663 370 salvum
1681 329 1749 370 fac
1770 342 1854 370 ser-

1027 396 1130 446 vum
1148 388 1283 434 tuum,
1306 384 1426 425 Deus
1450 397 1584 434 meus,
1605 387 1855 437 sperantem

1026 451 1072 478 1n
1090 443 1146 479 te.

1080 494 1288 536 Miserere
1314 495 1400 536 mei
1423 495 1622 544 Domine,
1651 496 1856 547 quoniam

1029 548 1087 591 ad
1109 554 1154 591 te
1179 550 1364 591 clamavi
1391 555 1486 592 tota
1511 550 1596 592 die:
1629 553 1652 578 *
1680 551 1857 593 laetifica

1029 605 1218 647 animam
1249 607 1367 647 servi
1394 607 1467 656 tui,
1497 607 1704 657 quoniam
1733 607 1789 648 ad
1812 613 1856 649 te

1028 661 1219 703 Domine
1239 661 1426 702 animam
1444 675 1586 703 meam
1606 662 1760 703 levavi.

1082 717 1298 767 Quoniam
1324 723 1374 758 tu
1400 717 1587 759 Domine
1616 719 1779 768 suavis,
1814 723 1858 759 et

1029 773 1163 814 mitis:
1185 774 1209 799 *
1234 778 1279 814 et
1301 773 1450 814 multae
1475 773 1788 815 misericordiae
1814 776 1857 815 o-

1028 829 1203 870 mnibus
1222 828 1527 870 invocantibus
1546 834 1600 870 te.
1770 875 1780 881 ,

1082 885 1276 926 Auribus
1308 885 1488 937 percipe
1515 885 1703 926 Domine
1728 885 1856 926 orati-

1031 943 1160 982 onem
1178 953 1336 981 meam:
1360 942 1385 967 *
1404 945 1448 981 et
1467 940 1646 981 intende
1668 942 1767 981 voci
1787 941 1857 982 de-

1029 997 1296 1049 precationis
1315 1002 1438 1036 meae.

1082 1054 1133 1093 In
1149 1052 1220 1094 die
1234 1051 1529 1092 tribulationis
1544 1064 1655 1092 meae
1676 1051 1860 1092 clamavi

1031 1109 1088 1150 ad
1106 1114 1166 1150 te:
1186 1110 1210 1134 ¹⁸¹
1231 1108 1333 1160 quia
1352 1106 1568 1148 exaudisti
1587 1120 1668 1148 me.

1082 1165 1183 1206 Non
1217 1169 1283 1206 est
1311 1165 1463 1205 similis
1498 1165 1561 1206 tui
1588 1164 1632 1203 in
1660 1162 1743 1204 diis
1771 1164 1858 1204 Do-

1031 1222 1160 1262 mine:
1187 1222 1211 1248 *
1240 1226 1283 1262 et
1317 1233 1404 1262 non
1438 1225 1506 1262 est
1541 1219 1782 1260 secundum
1817 1222 1859 1260 o-

1032 1290 1139 1329 pera
1166 1282 1250 1318 tua.

1085 1333 1249 1386 Omnes
1277 1333 1442 1374 Gentes
1477 1335 1775 1384 quascumque
1802 1331 1859 1372 fe-

1033 1389 1140 1443 cisti,
1164 1390 1349 1438 venient,
1375 1394 1418 1430 et
1441 1388 1687 1429 adorabunt
1712 1399 1861 1428 coram

1032 1450 1077 1486 te
1100 1445 1302 1486 Domine:
1328 1447 1351 1471 *
1380 1449 1424 1486 et
1451 1443 1759 1495 glorificabunt
1786 1455 1860 1483 no—

1032 1513 1133 1542 men
1159 1506 1293 1542 tuum.

1086 1557 1302 1606 Quoniam
1327 1569 1509 1607 magnus
1537 1568 1583 1596 es
1608 1560 1667 1603 tu,
1692 1558 1735 1595 et
1761 1554 1860 1594 faci-

1034 1626 1111 1654 ens
1129 1612 1358 1654 mirabilia:
1377 1615 1400 1639 *
1419 1617 1467 1653 tu
1486 1624 1533 1652 es
1552 1612 1673 1652 Deus
1693 1610 1823 1650 solus.

1085 1668 1241 1710 Deduc
1277 1681 1347 1709 me
1375 1668 1563 1709 Domine
1596 1667 1641 1706 in
1673 1666 1743 1706 via
1777 1670 1863 1714 tua,

1035 1729 1079 1766 et
1101 1723 1321 1774 ingrediar
1345 1724 1389 1764 in
1414 1724 1600 1765 veritate
1625 1727 1717 1763 tua:
1742 1722 1765 1746 *
1790 1721 1862 1761 lae-

1034 1783 1150 1822 tetur
1175 1793 1251 1822 cor
1278 1793 1424 1821 meum
1451 1783 1498 1820 ut
1524 1780 1676 1819 timeat
1703 1789 1863 1818 nomen

1034 1842 1170 1878 tuum.

1088 1891 1344 1933 Confitebor
1370 1890 1450 1931 tibi
1472 1890 1569 1930 Dfie
1594 1889 1714 1929 Deus
1739 1899 1862 1928 meus

1035 1949 1079 1989 in
1111 1953 1209 1989 toto
1246 1946 1380 1988 corde
1413 1958 1533 1994 meo,
1567 1946 1591 1971 *
1625 1949 1668 1985 et
1702 1944 1861 1994 glorifi-

1036 2004 1148 2046 cabo
1167 2015 1327 2044 nomen
1346 2006 1469 2042 tuum
1488 2001 1531 2040 in
1551 2001 1776 2040 aeternum:

1087 2059 1199 2109 Quia
1213 2055 1515 2098 misericordia
1532 2060 1609 2096 tua
1622 2067 1779 2105 magna
1797 2059 1863 2095 est

1036 2127 1169 2167 super
1186 2126 1273 2155 me:
1292 2114 1316 2138 *
1337 2117 1380 2153 et
1400 2111 1549 2153 eruisti
1569 2111 1759 2152 animam
1777 2123 1863 2151 me-

1036 2184 1107 2212 am
1127 2183 1181 2212 ex
1199 2169 1367 2210 inferno
1386 2167 1591 2208 inferiori.

1086 2222 1222 2275 Deus,'
1232 2224 1368 2276 iniqui
1386 2223 1713 2264 insurrexerunt
1733 2235 1864 2274 super

1036 2295 1116 2331 me,
1146 2286 1190 2323 et
1218 2281 1441 2332 synagoga
1472 2278 1720 2331 potentium
1749 2290 1863 2328 quae-

1037 2339 1202 2379 sierunt
1235 2335 1422 2377 animam
1455 2347 1613 2375 meam:
1645 2334 1668 2363 ²¹¹
1701 2338 1744 2374 et
1777 2345 1864 2373 non

1035 2394 1364 2446 proposuerunt
1386 2395 1431 2432 te
1449 2390 1494 2431 in
1514 2390 1754 2440 conspectu
1773 2399 1864 2428 suo.

1087 2449 1144 2490 Et
1175 2453 1225 2489 tu
1254 2446 1445 2488 Domine
1477 2446 1599 2487 Deus
1633 2444 1864 2485 miserator

1038 2509 1081 2546 et
1105 2502 1365 2551 misericors,
1387 2503 1411 2528 *
1434 2502 1618 2555 patiens,
1645 2504 1688 2540 et
1715 2498 1863 2540 multae

1036 2558 1362 2607 misericordiae,
1383 2563 1426 2600 et
1444 2569 1589 2598 verax.

1087 2615 1279 2667 Respice
1293 2614 1337 2654 in
1350 2626 1432 2662 me,
1448 2618 1492 2654 et
1504 2611 1711 2652 miserere
1729 2609 1826 2658 mei,
1840 2609 1864 2634 *

1039 2671 1095 2712 da
1122 2670 1355 2722 imperium
1380 2674 1503 2709 tuum
1529 2669 1668 2718 puero
1699 2669 1794 2705 tuo:
1821 2667 1866 2704 et

1039 2726 1209 2768 salvum
1226 2725 1295 2766 fac
1313 2724 1450 2766 filium
1468 2720 1637 2764 ancillae
1655 2725 1755 2762 tuae.
