2040 2976
594 211 666 246 Die
693 212 720 246 1.
744 211 923 254 Augusti.

142 306 348 357 Herodis,
366 313 410 349 et
430 307 485 349 de
505 307 624 348 omni
645 304 975 358 exspectatione

143 363 287 416 plebis
305 364 330 404 J
330 363 572 405 udaeorum.

193 427 245 478 R.
275 424 345 465 Tu
369 436 416 465 es
439 424 613 473 Petrus,
638 426 683 464 et
707 432 840 474 super
863 420 977 461 hanc

145 486 318 534 petram
329 479 560 521 aedificabo
567 478 812 520 Ecclesiam
822 489 976 525 meam,

146 542 190 579 et
216 541 362 589 portae
396 536 522 578 inferi
553 548 640 576 non
671 532 978 587 praevalebunt

146 592 359 635 adversus
382 605 494 634 eam:
518 593 540 617 *
566 592 624 634 Et
646 590 727 633 tibi
751 588 868 631 dabo
893 588 977 630 cla-

145 662 224 691 ves
243 649 366 700 regni
387 648 612 690 coelorum.
646 640 698 692 V.
728 644 978 697 Quodcum-

147 718 233 758 que
256 705 462 756 ligaveris
482 717 615 757 super
636 709 810 752 terram,
832 702 914 743 erit
932 701 978 741 li—

146 764 298 814 gatum
317 766 361 803 et
379 762 424 802 in
444 761 584 803 coelis:
604 765 648 802 et
668 758 980 812 quodcumque

148 818 335 860 solveris
351 830 484 870 super
498 822 673 866 terram,
690 815 773 857 erit
787 815 981 856 solutum

150 879 194 916 et
221 875 266 915 in
293 874 429 915 coelis.
468 874 526 915 Et
552 873 633 915 tibi
661 872 790 914 dabo.
826 869 982 911 Gloria

148 931 281 972 Patri.
308 930 365 972 Et
383 930 464 972 tibi
483 929 612 971 dabo.

369 1009 419 1048 In
446 1009 497 1049 ΙΙ.
525 1009 751 1050 Nocturno.

449 1071 602 1112 Lectio
622 1070 675 1111 iv.

221 1148 253 1188 ἐκ,
276 1132 491 1176 heodosio
523 1132 690 1185 juniore
726 1131 983 1183 imperante,

157 1219 195 1243 ,A
225 1185 267 1249 ζζΞ·
301 1203 401 1231 cum
416 1187 615 1230 Eudocia
631 1189 722 1240 ejus
738 1200 851 1228 uxor
864 1187 888 1227 J
892 1199 982 1228 ero-

159 1245 160 1248 ’
241 1243 268 1264 '³
303 1246 519 1298 solymam
543 1243 744 1286 solvendi
768 1243 861 1285 voti
886 1255 983 1284 cau-

152 1316 202 1345 sa
227 1305 441 1351 venisset,
469 1301 531 1343 ibi
557 1300 706 1341 multis
732 1304 799 1341 est
828 1298 986 1340 affecta

151 1358 425 1402 muneribus:
470 1370 564 1410 prae
610 1356 769 1398 ceteris
817 1355 986 1406 insigne

153 1416 319 1459 donum
334 1414 506 1468 accepit
515 1414 671 1455 ferreae
687 1414 866 1462 catenae,
877 1424 986 1453 auro

153 1474 426 1524 gemmisque
469 1473 652 1512 ornatae:
699 1482 831 1522 quam
867 1468 987 1510 illam

154 1542 252 1571 esse
277 1527 564 1577 affirmabant,
585 1539 671 1578 qua
689 1527 848 1568 Petrus
866 1525 987 1578 Apo-

156 1585 298 1627 stolus
331 1583 386 1626 ab
415 1582 597 1625 Herode
629 1582 802 1624 vinctus
834 1582 988 1623 fuerat.

153 1641 354 1683 Eudocia
400 1641 602 1682 catenam
648 1639 721 1691 pie
767 1639 987 1688 venerata,

156 1710 254 1739 eam
276 1699 437 1750 postea
454 1696 643 1737 Romam
668 1694 725 1736 ad
749 1694 886 1735 filiam
903 1694 986 1735 Eu-

156 1753 335 1795 doxiam
358 1753 486 1802 misit,
514 1764 614 1804 quae
638 1751 759 1792 illam
782 1749 988 1792 Pontifici

155 1809 349 1850 Maximo
372 1808 541 1850 detulit:
563 1808 690 1859 isque
714 1806 908 1847 vicissim
927 1805 989 1846 illi

155 1865 420 1907 monstravit
443 1865 626 1906 alteram
652 1864 867 1904 catenam:
891 1874 989 1914 qua,

154 1922 334 1962 Nerone
353 1921 634 1974 imperatore,
656 1919 776 1961 idem
795 1918 989 1971 Aposto-

155 1977 225 2018 lus
245 1979 508 2019 constrictus
527 1976 681 2018 fuerat.

204 2039 256 2091 Rz.
286 2036 488 2086 Domine,
508 2036 545 2078 si
563 2041 612 2077 tu
631 2047 690 2085 es,
710 2034 810 2087 jube
828 2045 900 2075 me
918 2045 989 2074 ve-

157 2094 251 2134 nire
266 2091 324 2134 ad
341 2097 386 2134 te
405 2105 538 2145 super
557 2104 704 2143 aquas.
716 2093 739 2116 *
766 2090 823 2132 Et
843 2090 989 2131 exten-

159 2148 268 2191 dens
291 2161 469 2189 manum
493 2146 787 2201 apprehendit
812 2158 923 2195 eum,
949 2149 992 2186 et

160 2204 272 2246 dixit
301 2205 326 2245 J
329 2217 444 2246 esus:
483 2202 675 2245 Modicae
707 2201 822 2251 fidei,
857 2213 992 2253 quare

160 2260 397 2302 dubitasti?
407 2254 459 2307 V.
477 2260 677 2312 Cumque
692 2258 878 2300 vidisset
892 2269 992 2297 ven-

159 2321 253 2358 tum
270 2316 467 2358 validum
485 2316 742 2364 venientem,
765 2313 925 2356 timuit:
950 2317 994 2353 et

161 2385 261 2414 cum
287 2374 499 2424 coepisset
525 2371 676 2422 mergi,
701 2368 908 2411 clamavit
932 2366 992 2409 di-

161 2440 279 2470 cens:
298 2427 487 2469 Domine
507 2426 676 2468 salvum
694 2438 765 2467 me
784 2425 864 2466 fac.
891 2423 959 2465 Et.

467 2488 620 2529 Lectio
639 2501 677 2527 v.

158 2546 312 2654 Cum
343 2552 476 2603 igitur
506 2550 712 2592 Pontifex
747 2550 993 2590 Romanam

261 2611 463 2651 catenam
487 2619 586 2647 cum
609 2618 672 2654 ea,
697 2617 797 2657 quae
820 2605 845 2645 J
847 2606 995 2646 eroso-

162 2667 291 2719 lymis
311 2665 442 2706 allata
460 2663 619 2712 fuerat,
644 2661 913 2710 contulisset,
937 2660 995 2701 fa-

164 2727 284 2764 ctum
298 2726 366 2763 est
384 2725 433 2762 ut
450 2719 537 2760 inae
556 2718 671 2759 inter
689 2729 738 2758 se
757 2717 820 2758 sic
839 2729 996 2758 conne-

322 2859 387 2884 Pars
403 2858 512 2883 AEstiva.

971 210 1005 245 S.
1030 210 1135 244 Petri
1160 210 1209 244 ad
1233 210 1409 243 Vincula.

1795 206 1861 241 457

1029 305 1261 352 cterentur,
1281 307 1329 343 ut
1347 315 1435 344 non
1456 302 1567 352 duae,
1587 302 1667 344 sed
1685 315 1772 343 una
1792 315 1859 343 ca-

1028 362 1130 401 tena
1171 359 1226 400 ab
1263 358 1422 401 eodem
1459 359 1625 400 artifice
1661 358 1862 400 confecta

1030 428 1127 458 esse
1151 415 1387 457 videretur.
1416 416 1513 465 Quo
1537 415 1750 456 miraculo
1770 419 1861 456 tan-

1028 477 1100 514 tus
1127 472 1269 512 honor
1301 471 1437 512 sacris
1465 471 1550 511 illis
1578 470 1762 512 vinculis
1789 470 1862 510 ha-

1030 528 1126 570 beri
1152 528 1303 580 coepit,
1331 532 1379 568 ut
1407 528 1645 579 propterea
1674 526 1761 568 hoc
1787 528 1862 567 no-

1030 584 1146 626 mine
1164 584 1304 625 sancti
1322 583 1442 625 Petri
1457 583 1514 624 ad
1524 583 1713 625 Vincula
1728 582 1863 624 eccle-

1032 641 1096 682 sia
1114 640 1243 682 titulo
1264 639 1490 689 Eudoxiae,
1516 639 1720 681 dedicata
1745 639 1801 680 sit
1820 639 1864 679 in

1032 697 1265 749 Exquiliis,
1299 697 1479 748 ejusque
1511 695 1736 737 memoriae
1770 695 1864 736 dies

1033 754 1171 796 festus
1190 753 1416 794 institutus
1430 751 1645 793 Kalendis
1664 751 1866 802 Augusti.

1086 828 1137 879 R.
1163 827 1303 877 Surge
1327 826 1474 876 Petre,
1499 831 1543 867 et
1569 825 1702 867 indue
1726 831 1771 867 te
1794 838 1867 867 ve-

1035 883 1252 924 stimentis
1271 883 1369 932 tuis,
1394 882 1546 934 accipe
1566 881 1868 923 fortitudinem

1036 938 1093 980 ad
1112 939 1347 981 salvandas
1371 939 1553 980 Gentes:
1577 939 1599 963 *
1621 938 1732 988 Quia
1757 938 1866 979 ceci-

1036 995 1195 1037 derunt
1230 997 1398 1037 catenae
1440 995 1496 1037 de
1531 994 1735 1036 manibus
1770 994 1869 1036 tuis.

1034 1046 1085 1109 Y.
1113 1052 1309 1103 Angelus
1337 1051 1516 1093 Domini
1543 1051 1698 1101 astitit,
1732 1055 1776 1092 et
1807 1051 1868 1091 lu-

1036 1122 1136 1151 men
1155 1109 1325 1150 refulsit
1339 1109 1382 1149 in
1397 1107 1651 1149 habitaculo
1668 1107 1869 1156 carceris,

1036 1167 1340 1218 percussoque
1363 1165 1501 1206 latere
1519 1163 1639 1205 Petri
1664 1163 1871 1205 excitavit

1038 1234 1148 1271 eum,
1169 1221 1334 1262 dicens:
1354 1221 1492 1271 Surge
1508 1219 1730 1261 velociter.
1758 1219 1871 1269 Quia

1039 1277 1303 1319 ceciderunt.

1328 1355 1482 1396 Lectio
1501 1354 1556 1395 vi.

1037 1398 1183 1523 Quo
1212 1433 1267 1462 ex
1294 1422 1496 1473 tempore
1524 1419 1685 1468 honos,
1715 1418 1789 1470 qui
1818 1430 1871 1459 eo

1153 1476 1223 1519 die
1256 1476 1452 1529 profanis
1487 1475 1727 1517 Gentilium
1760 1475 1870 1516 cele-

1039 1533 1273 1576 britatibus
1291 1532 1425 1574 tribui
1449 1532 1604 1573 solitus
1625 1535 1729 1580 erat,
1752 1530 1872 1572 Petri

1039 1590 1226 1632 vinculis
1257 1589 1410 1630 haberi
1438 1588 1591 1641 coepit:
1627 1601 1727 1640 quae
1754 1592 1873 1629 tacta

1040 1645 1185 1698 aegros
1206 1646 1432 1695 sanabant,
1452 1650 1497 1686 et
1516 1644 1741 1686 daemones
1761 1644 1872 1694 ejici-

1042 1703 1184 1745 ebant.
1221 1703 1318 1752 Quo
1337 1702 1381 1742 in
1405 1703 1566 1753 genere
1585 1713 1699 1741 anno
1720 1700 1874 1741 salutis

1041 1759 1246 1800 humanae
1282 1757 1616 1808 nongentesimo
1655 1756 1873 1806 sexagesi-

1041 1827 1115 1857 mo
1134 1827 1252 1856 nono
1268 1814 1439 1863 accidit,
1454 1819 1502 1855 ut
1518 1812 1697 1865 quidam
1713 1824 1875 1862 comes,

1043 1871 1231 1914 Othonis
1250 1870 1530 1923 imperatoris
1549 1868 1785 1918 familiaris,
1806 1880 1874 1909 oc·

1042 1930 1230 1980 cupatus
1259 1926 1315 1968 ab
1347 1925 1575 1966 immundo
1604 1924 1778 1976 spiritu,
1810 1935 1873 1965 se-

1042 1986 1188 2036 ipsum
1216 1982 1421 2024 dentibus
1450 1981 1691 2023 dilaniaret.
1729 1981 1875 2030 Quare

1042 2039 1080 2080 is
1111 2040 1231 2091 jussu
1262 2038 1543 2090 imperatoris
1576 2035 1634 2078 ad
1661 2036 1876 2077 Joannem

1042 2094 1304 2136 Pontificem
1331 2093 1520 2134 ducitur:
1550 2092 1641 2144 qui,
1671 2096 1720 2133 ut
1751 2103 1877 2132 sacra

1044 2153 1199 2192 catena
1210 2149 1383 2191 comitis
1398 2149 1560 2190 collum
1571 2147 1727 2198 attigit,
1738 2150 1877 2189 erum-

1043 2219 1154 2259 pens
1173 2206 1365 2247 nefarius
1386 2205 1567 2258 spiritus
1586 2204 1810 2245 hominem
1829 2202 1875 2243 li-

1043 2262 1199 2304 berum
1210 2261 1401 2314 reliquit:
1417 2274 1469 2303 ac
1480 2261 1691 2312 deinceps
1701 2259 1745 2300 in
1755 2259 1876 2301 Urbe

1045 2319 1299 2359 sanctorum
1312 2317 1589 2359 vinculorum
1607 2315 1760 2366 religio
1776 2327 1876 2367 pro-

1044 2375 1207 2426 pagata
1229 2378 1307 2415 est.

1094 2437 1145 2487 R.
1163 2437 1232 2478 Tu
1252 2449 1300 2478 es
1318 2441 1473 2490 pastor
1492 2437 1652 2485 ovium,
1671 2435 1877 2488 princeps

1047 2493 1381 2546 Apostolorum:
1421 2493 1502 2534 tibi
1541 2491 1723 2535 tradidit
1755 2491 1876 2531 Deus

1047 2549 1193 2591 omnia
1212 2561 1348 2600 regna
1366 2548 1533 2590 mundi:
1548 2545 1570 2568 *
1594 2549 1652 2589 Et
1675 2546 1776 2588 ideo
1796 2545 1877 2586 tibi

1046 2603 1224 2647 traditae
1237 2610 1338 2646 sunt
1354 2604 1501 2646 claves
1516 2603 1638 2654 regni
1653 2601 1876 2643 coelorum.

1044 2653 1095 2705 V·
1135 2660 1458 2711 Quodcumque
1498 2658 1703 2710 ligaveris
1743 2668 1876 2708 super

1049 2721 1222 2766 terram,
1242 2716 1325 2757 erit
1342 2715 1525 2766 ligatum
1544 2719 1588 2756 et
1605 2714 1649 2754 in
1665 2711 1808 2754 coelis:
1833 2716 1878 2752 et

1602 2840 1644 2873 30
