2040 2976
583 192 654 227 Die
682 193 730 227 11.
755 193 853 236 Aug.
900 195 934 228 S.
959 194 1199 229 Philumena:
1223 195 1328 238 Virg.
1354 200 1390 230 et
1414 195 1522 230 Mart.

530 287 692 328 Oratio.

286 354 380 391 eus,
409 342 483 394 qui
507 343 621 385 inter
644 346 791 387 cetera
814 347 1027 398 potentiae

299 402 388 439 tuae
425 399 636 442 miracula
673 401 805 443 etiam
839 402 884 444 in
918 415 1027 445 sexu

197 454 339 505 fragili
364 455 594 497 victoriam
622 459 819 511 martyrii
846 459 1026 502 contuli-

197 511 270 552 sti:
289 511 485 554 concede
506 514 740 566 propitius;
763 520 812 557 ut
832 516 906 568 qui
925 516 1026 558 bea-

196 573 254 609 tae
274 568 562 619 Philumenae,
586 571 782 622 Virginis
802 578 846 614 et
866 573 1027 626 Marty-

196 625 255 666 ris
274 630 374 675 tuae,
399 626 596 669 natalitia
617 628 811 680 colimus,
836 642 917 682 per
936 631 1027 682 ejus

196 681 253 722 ad
271 687 316 723 te
336 683 539 736 exempla
555 684 818 735 gradiamur.
839 686 924 728 Per
938 687 1025 728 Do-

195 738 360 780 minum
379 745 591 782 nostrum.

245 798 287 832 In
317 799 342 833 Ι,
372 799 481 841 Noct.
507 799 608 833 Lect.
639 799 685 833 de
711 799 852 843 Script.
878 811 1021 835 occurs.

423 856 472 895 In
494 856 544 895 II.
566 856 789 895 Nocturno.

497 912 648 954 Lectio
668 913 722 953 iv,

199 971 243 1016 {3}
266 971 415 1008 nter
442 967 589 1008 cetera
613 967 856 1019 Martyrum
882 969 1024 1022 sepul-

204 1014 246 1081 [ΕΙ
266 1019 310 1083 ἒξῆ
334 1021 454 1072 chra‚
480 1035 579 1074 quae
598 1023 643 1064 in
662 1025 915 1066 coemeterio
935 1026 1025 1066 Pri-

202 1077 310 1103 ἐὲἕ
334 1079 470 1120 scillae
498 1079 555 1121 ad
583 1080 699 1121 viam
722 1081 934 1123 Salariam
960 1095 1024 1125 re-

194 1135 328 1188 periri
347 1135 508 1186 solent,
534 1136 643 1178 illud
663 1138 830 1180 exstitit
851 1151 939 1191 quo
959 1152 1023 1181 re-

193 1192 388 1244 positum
407 1192 550 1235 fuerat
569 1198 734 1235 sanctae
754 1194 1024 1238 Philumenae

194 1261 372 1302 corpus,
398 1249 463 1291 uti
488 1262 543 1291 ex
561 1250 718 1292 tumuli
737 1251 1024 1304 inscriptione

192 1305 335 1347 tribus
359 1306 581 1348 laterculis
601 1307 809 1360 apposita
827 1310 1024 1362 perlege-

192 1362 333 1404 batur.
374 1362 499 1404 Licet
526 1376 632 1405 vero
658 1365 836 1406 inventa
859 1365 1024 1408 ibidem

193 1419 324 1461 fuerit
348 1419 495 1472 phiala
521 1421 761 1472 sanguinis,
791 1428 834 1464 et
860 1422 946 1464 alia
964 1423 1023 1464 in-

194 1475 369 1529 sculpta
420 1477 781 1530 conspicerentur
827 1481 1025 1532 martyrii

192 1533 392 1583 insignia,
420 1532 659 1575 dolendum
678 1539 827 1577 tamen
847 1542 928 1587 est,
955 1549 1025 1579 res

194 1589 249 1630 ab
267 1589 422 1631 eadem
437 1595 596 1641 gestas,
617 1594 805 1644 actaque
821 1606 873 1634 ac
887 1606 1025 1644 genus

193 1647 391 1698 martyrii
418 1647 540 1699 quod
563 1648 661 1700 ipsa
685 1649 806 1699 fecit,
835 1650 1025 1692 obscura

193 1703 452 1755 perstitisse.
494 1704 700 1745 Ceterum
731 1705 807 1748 ubi
834 1706 1025 1759 primum

194 1771 368 1800 sacrum
390 1759 476 1802 hoc
501 1773 679 1814 corpus,
707 1774 761 1803 ex
779 1762 1023 1805 beneficen-

193 1815 255 1857 tia
282 1815 348 1856 Pii
381 1817 556 1869 septimi
587 1818 711 1860 initio
740 1819 1024 1872 pontificatus

194 1872 286 1923 ejus
319 1874 568 1926 acceptum,
604 1874 740 1916 cultui
771 1875 916 1929 fidelis
947 1879 1024 1929 po-

194 1929 286 1981 puli
318 1931 599 1983 propositum
633 1932 714 1974 fuit
741 1933 948 1985 Mugnani
980 1934 1024 1975 in

193 1986 366 2027 Nolana
382 1986 574 2038 dioecesi,
594 1988 749 2040 ingens
763 1990 881 2032 illico
895 1990 1024 2032 famae

193 2043 426 2086 celebritas
453 2057 504 2086 ac
529 2045 683 2097 religio
704 2060 808 2099 erga
827 2053 1024 2090 sanctam

193 2099 434 2152 Martyrem
470 2102 738 2154 percrebuit,
774 2105 1023 2158 praesertim

193 2156 250 2198 ob
279 2157 418 2208 signa,
452 2171 551 2210 quae
585 2160 780 2212 ejusdem
811 2162 1023 2215 praesidio

193 2216 433 2256 accessisse
448 2215 643 2269 undique
658 2217 891 2260 ferebatur.
909 2220 1024 2262 Hinc

193 2270 358 2312 factum
385 2277 452 2313 est
475 2277 524 2313 ut
547 2274 839 2327 complurium
859 2277 1022 2319 antisti-

193 2331 300 2378 tum,
321 2328 628 2382 cultorumque
647 2331 853 2385 Martyris
872 2338 1022 2386 postu-

193 2383 429 2426 lationibus
448 2389 675 2438 permetus
691 2388 931 2440 Gregorius
951 2390 1022 2432 de-

194 2440 331 2482 cimus
371 2447 521 2484 sextus
557 2443 761 2486 Pontifex
796 2446 1023 2498 Maximus,

193 2498 396 2540 universa
427 2499 491 2541 rei
524 2500 693 2542 ratiune
722 2506 893 2545 mature
925 2517 1020 2557 per-

194 2556 348 2606 pensa,
376 2555 539 2597 festum
567 2557 763 2608 ejusdem
792 2572 892 2602 cum
920 2561 1022 2602 Offi-

194 2610 262 2652 cio
291 2617 334 2653 et
354 2612 489 2653 Missa
514 2613 558 2653 in
584 2617 827 2656 memorata
850 2616 1022 2659 Nolana

194 2666 375 2709 dioecesi
402 2674 447 2710 et
471 2669 574 2711 alibi
598 2670 815 2722 agendum
834 2672 1022 2725 benigne

192 2725 451 2776 permiserit.

1132 292 1181 343 lx‘g.
1216 290 1407 342 Propter
1438 289 1686 340 veritAtem,
1722 295 1766 332 et
1791 303 1909 333 man·

1080 346 1371 395 suetudinem,
1397 349 1441 387 et
1466 346 1688 397 justitiam:
1712 350 1734 373 *
1756 346 1814 390 Et
1836 346 1907 390 de-

1080 402 1213 445 ducet
1243 407 1289 444 te
1320 402 1578 444 mirabiliter
1610 402 1794 446 dextera
1823 409 1910 446 tua.

1080 455 1130 507 V.
1156 459 1313 512 Specie
1331 464 1408 501 tua
1428 464 1481 501 et·
1489 458 1816 511 pulchritudine
1833 464 1910 501 tua

1078 515 1273 566 intende,
1301 518 1516 569 prospere
1539 515 1750 569 procede,
1779 521 1823 558 et
1845 529 1909 558 re-

1078 586 1174 625 gna.
1200 573 1258 615 Et
1278 572 1480 615 deducet.

1079 651 1232 693 Sermo
1264 651 1405 693 sancti
1432 650 1659 693 Ambrosii
1686 651 1910 704 Episcopi.

1205 716 1286 750 Lib.
1314 717 1339 750 1.
1362 716 1409 750 de
1434 716 1550 759 Virg,
1576 716 1677 751 circa
1703 717 1782 751 init.

1385 773 1537 814 Lectio
1558 787 1594 813 V.

1082 815 1343 939 Quoniam
1368 831 1502 875 hodie
1529 832 1690 875 natalis
1718 838 1786 876 est
1812 833 1909 876 Vir-

1195 890 1325 941 ginis,
1356 890 1512 933 invitat
1542 903 1658 932 nunc
1688 889 1910 943 integrita-

1077 946 1133 1003 tis
1154 959 1293 997 amor,
1318 952 1366 989 ut
1390 945 1557 999 aliquid
1582 946 1638 988 de
1662 947 1910 998 virginitate

1079 1002 1296 1044 dicamus:
1327 1016 1382 1045 ne
1414 1003 1550 1045 veluti
1581 1003 1771 1045 transitu
1804 1016 1909 1056 quo-

1077 1058 1180 1101 dam
1193 1062 1442 1112 praestricta
1455 1060 1668 1110 videatur,
1689 1072 1788 1113 quae
1802 1060 1911 1113 prin·

1078 1116 1233 1169 cipalis
1258 1122 1326 1158 est
1349 1117 1501 1158 virtus.
1540 1116 1643 1158 Non
1668 1116 1784 1159 enim
1807 1116 1910 1159 ideo

1076 1172 1311 1216 laudabilis
1335 1173 1576 1224 virginitas,
1606 1173 1708 1225 quia
1733 1173 1778 1214 in
1798 1173 1910 1215 Mar-

1076 1230 1247 1282 tyribus
1283 1233 1519 1284 reperitur:
1559 1228 1640 1272 sed
1676 1230 1779 1282 quia
1812 1230 1910 1283 ipsa

1076 1287 1296 1340 Martyres
1325 1287 1467 1329 faciat.
1513 1287 1621 1338 Quis
1654 1292 1800 1329 autem
1833 1286 1908 1329 hu-

1076 1346 1208 1386 mano
1254 1357 1352 1386 eam
1396 1344 1541 1397 possit
1576 1344 1751 1395 ingenio
1793 1356 1909 1386 com-

1077 1401 1365 1454 prehendere,
1390 1414 1522 1455 quam
1543 1414 1626 1443 nec
1643 1404 1802 1444 natura
1819 1401 1910 1443 suis

1077 1458 1254 1500 inclusit
1273 1458 1467 1510 legibus?
1495 1459 1588 1501 Aut
1606 1458 1704 1511 quis
1722 1457 1911 1500 naturali

1077 1527 1187 1557 voce
1212 1515 1458 1569 complecti,
1484 1514 1606 1569 quod
1629 1527 1764 1568 supra
1782 1528 1910 1556 usum

1077 1575 1249 1614 naturae
1293 1572 1376 1615 sit?
1425 1573 1462 1614 E
1507 1572 1622 1615 coelo
1668 1571 1910 1623 accersivit,

1080 1628 1201 1682 quod
1225 1629 1468 1672 imitaretur
1485 1630 1529 1670 in
1548 1629 1688 1671 terris.
1719 1628 1762 1670 N
1765 1641 1815 1670 ec
1833 1628 1910 1670 im-

1077 1686 1235 1728 merito
1254 1686 1432 1728 vivendi
1456 1685 1541 1728 sibi
1558 1699 1687 1728 usum
1708 1685 1911 1738 quaesivit

1078 1755 1102 1784 e
1124 1742 1251 1793 coelo,
1276 1755 1376 1795 quae
1400 1755 1615 1796 sponsum
1637 1741 1722 1784 sibi
1744 1741 1910 1784 invenit

1076 1799 1122 1840 in
1141 1799 1269 1841 coelo.

1129 1863 1179 1915 R.
1206 1860 1411 1903 Dilexisti
1437 1860 1663 1914 justitiam,
1696 1864 1743 1902 et
1774 1858 1910 1902 odisti

1076 1917 1369 1970 iniquitatem:
1395 1920 1417 1942 *
1443 1918 1689 1971 Propterea
1714 1915 1840 1958 unxit
1864 1921 1910 1958 te

1077 1975 1219 2025 Deus,
1263 1975 1387 2017 Deus
1437 1979 1539 2016 tuus
1584 1973 1685 2016 oleo
1730 1971 1909 2015 laetitiae.

1076 2027 1127 2079 W.
1153 2032 1344 2085 Propter
1368 2032 1617 2082 veritatem,
1643 2035 1688 2072 et
1709 2042 1908 2071 mansue-

1077 2088 1285 2139 tudinem,
1305 2094 1348 2130 et
1365 2089 1587 2141 justitiam.
1613 2087 1867 2140 Propterea.

1379 2157 1532 2199 Lectio
1553 2159 1604 2199 vi.

1172 2233 1238 2262 aec
1256 2220 1407 2271 nubes,
1429 2222 1542 2269 uera,
1563 2218 1771 2271 Angelos,
1796 2216 1907 2260 side·

1197 2290 1334 2329 raque
1351 2275 1690 2328 transgrediens,
1709 2274 1909 2318 Verbum

1076 2334 1161 2376 Dei
1183 2335 1228 2375 in
1251 2334 1350 2387 ipso
1376 2333 1473 2375 sinu
1495 2333 1639 2374 Patris
1661 2331 1841 2382 invenit,
1865 2336 1909 2372 et

1076 2396 1173 2433 toto
1188 2390 1334 2432 hausit
1347 2392 1541 2444 pectore.
1568 2389 1683 2431 Nam
1704 2388 1801 2441 quis
1815 2393 1906 2430 tan-

1075 2453 1180 2497 tum,
1195 2460 1296 2489 cum
1308 2446 1534 2496 invenerit,
1549 2445 1767 2497 relinquat
1780 2443 1907 2486 boni?

1076 2505 1359 2556 Unguentum
1391 2503 1507 2545 enim
1539 2503 1807 2545 exinanitum
1840 2506 1908 2542 est

1075 2574 1236 2603 nomen
1249 2566 1388 2603 tuum:
1407 2562 1648 2613 propterea
1663 2558 1910 2600 adolescen—

1075 2618 1180 2660 tulae
1206 2617 1455 2659 dilexerunt
1478 2622 1537 2666 te,
1566 2621 1609 2658 et
1633 2616 1907 2658 attraxerunt

1075 2679 1129 2715 te.
1161 2675 1405 2724 Postremo,
1429 2686 1518 2715 non
1536 2685 1683 2714 meum
1703 2676 1770 2713 est
1787 2670 1906 2719 illud,

1076 2731 1285 2782 queniam
1312 2742 1410 2783 quae
1438 2742 1526 2771 non
1551 2727 1736 2777 nubunt,
1761 2739 1904 2779 neque
