<?xml version="1.0" encoding="UTF-8"?>
<!DOCTYPE html PUBLIC "-//W3C//DTD XHTML 1.0 Transitional//EN"
    "http://www.w3.org/TR/xhtml1/DTD/xhtml1-transitional.dtd">
<html xmlns="http://www.w3.org/1999/xhtml" xml:lang="en" lang="en">
 <head>
  <title>
</title>
<meta http-equiv="Content-Type" content="text/html;charset=utf-8" />
  <meta name='ocr-system' content='tesseract 3.04.00' />
  <meta name='ocr-capabilities' content='ocr_page ocr_carea ocr_par ocr_line ocrx_word'/>
</head>
<body>
  <div class='ocr_page' id='page_1' title='image "./p3breviariumroma00cathuoft_0491.png"; bbox 0 0 2040 2976; ppageno 0'>
   <div class='ocr_carea' id='block_1_1' title="bbox 394 190 643 231">
    <p class='ocr_par' dir='ltr' id='par_1_1' title="bbox 394 190 643 231">
     <span class='ocr_line' id='line_1_1' title="bbox 394 190 643 231; baseline -0.004 -7"><span class='ocrx_word' id='word_1_1' title='bbox 394 190 466 224; x_wconf 83' lang='lat' dir='ltr'>DlC</span> <span class='ocrx_word' id='word_1_2' title='bbox 490 190 519 223; x_wconf 72' lang='lat'>2.</span> <span class='ocrx_word' id='word_1_3' title='bbox 545 191 643 231; x_wconf 66' lang='lat' dir='ltr'>Aug.</span> 
     </span>
    </p>
   </div>
   <div class='ocr_carea' id='block_1_2' title="bbox 154 286 988 455">
    <p class='ocr_par' dir='ltr' id='par_1_2' title="bbox 154 286 988 455">
     <span class='ocr_line' id='line_1_2' title="bbox 206 286 987 338; baseline -0.003 -6"><span class='ocrx_word' id='word_1_4' title='bbox 206 286 256 338; x_wconf 68' lang='lat' dir='ltr'>V.</span> <span class='ocrx_word' id='word_1_5' title='bbox 291 290 446 331; x_wconf 70' lang='lat' dir='ltr'>Glaria</span> <span class='ocrx_word' id='word_1_6' title='bbox 482 294 526 331; x_wconf 91' lang='lat' dir='ltr'>et</span> <span class='ocrx_word' id='word_1_7' title='bbox 558 290 727 331; x_wconf 83' lang='lat' dir='ltr'>honore</span> <span class='ocrx_word' id='word_1_8' title='bbox 765 290 987 331; x_wconf 90' lang='lat' dir='ltr'>coronasti</span> 
     </span>
     <span class='ocr_line' id='line_1_3' title="bbox 155 346 988 401; baseline 0 -13"><span class='ocrx_word' id='word_1_9' title='bbox 155 359 255 388; x_wconf 90' lang='lat' dir='ltr'>eum</span> <span class='ocrx_word' id='word_1_10' title='bbox 290 346 490 387; x_wconf 84' lang='lat' dir='ltr'>Domine.</span> <span class='ocrx_word' id='word_1_11' title='bbox 536 350 587 401; x_wconf 90' lang='lat' dir='ltr'>R.</span> <span class='ocrx_word' id='word_1_12' title='bbox 628 346 685 387; x_wconf 87' lang='lat' dir='ltr'>Et</span> <span class='ocrx_word' id='word_1_13' title='bbox 722 346 988 388; x_wconf 76' lang='lat' dir='ltr'>eonstituisti</span> 
     </span>
     <span class='ocr_line' id='line_1_4' title="bbox 154 404 987 455; baseline -0.002 -11"><span class='ocrx_word' id='word_1_14' title='bbox 154 415 255 444; x_wconf 88' lang='lat' dir='ltr'>eum</span> <span class='ocrx_word' id='word_1_15' title='bbox 275 416 409 455; x_wconf 90' lang='lat' dir='ltr'>super</span> <span class='ocrx_word' id='word_1_16' title='bbox 429 405 566 455; x_wconf 75' lang='lat' dir='ltr'>Opera</span> <span class='ocrx_word' id='word_1_17' title='bbox 580 405 788 443; x_wconf 90' lang='lat' dir='ltr'>manuum</span> <span class='ocrx_word' id='word_1_18' title='bbox 802 404 987 444; x_wconf 89' lang='lat' dir='ltr'>tuarum.</span> 
     </span>
    </p>
   </div>
   <div class='ocr_carea' id='block_1_3' title="bbox 152 476 987 868">
    <p class='ocr_par' dir='ltr' id='par_1_3' title="bbox 152 476 987 868">
     <span class='ocr_line' id='line_1_5' title="bbox 487 476 651 517; baseline -0.006 -1"><span class='ocrx_word' id='word_1_19' title='bbox 487 476 651 517; x_wconf 84' lang='lat' dir='ltr'>Oratio.</span> 
     </span>
     <span class='ocr_line' id='line_1_6' title="bbox 244 535 986 589; baseline 0 -12"><span class='ocrx_word' id='word_1_20' title='bbox 244 538 331 586; x_wconf 91' lang='lat' dir='ltr'>eus,</span> <span class='ocrx_word' id='word_1_21' title='bbox 349 537 423 588; x_wconf 91' lang='lat' dir='ltr'>qui</span> <span class='ocrx_word' id='word_1_22' title='bbox 433 549 515 577; x_wconf 92' lang='lat' dir='ltr'>nos</span> <span class='ocrx_word' id='word_1_23' title='bbox 525 536 644 578; x_wconf 91' lang='lat' dir='ltr'>beati</span> <span class='ocrx_word' id='word_1_24' title='bbox 655 535 863 589; x_wconf 87' lang='lat' dir='ltr'>Stephani</span> <span class='ocrx_word' id='word_1_25' title='bbox 875 536 986 577; x_wconf 89' lang='lat' dir='ltr'>Mar-</span> 
     </span>
     <span class='ocr_line' id='line_1_7' title="bbox 269 592 986 644; baseline 0 -11"><span class='ocrx_word' id='word_1_26' title='bbox 269 593 378 644; x_wconf 90' lang='lat' dir='ltr'>tyris</span> <span class='ocrx_word' id='word_1_27' title='bbox 405 592 469 634; x_wconf 89' lang='lat' dir='ltr'>tui</span> <span class='ocrx_word' id='word_1_28' title='bbox 497 597 629 644; x_wconf 90' lang='lat' dir='ltr'>atque</span> <span class='ocrx_word' id='word_1_29' title='bbox 657 593 885 634; x_wconf 89' lang='lat' dir='ltr'>Pontificis</span> <span class='ocrx_word' id='word_1_30' title='bbox 915 595 986 634; x_wconf 90' lang='lat' dir='ltr'>an-</span> 
     </span>
     <span class='ocr_line' id='line_1_8' title="bbox 153 649 987 691; baseline 0.002 -2"><span class='ocrx_word' id='word_1_31' title='bbox 153 662 239 690; x_wconf 91' lang='lat' dir='ltr'>nua</span> <span class='ocrx_word' id='word_1_32' title='bbox 259 649 536 691; x_wconf 66' lang='lat' dir='ltr'>solemnitate</span> <span class='ocrx_word' id='word_1_33' title='bbox 556 649 770 690; x_wconf 88' lang='lat' dir='ltr'>laetificas:</span> <span class='ocrx_word' id='word_1_34' title='bbox 790 649 987 691; x_wconf 90' lang='lat' dir='ltr'>concede</span> 
     </span>
     <span class='ocr_line' id='line_1_9' title="bbox 153 706 985 758; baseline 0.001 -12"><span class='ocrx_word' id='word_1_35' title='bbox 153 706 391 758; x_wconf 86' lang='lat' dir='ltr'>propitius;</span> <span class='ocrx_word' id='word_1_36' title='bbox 424 710 472 747; x_wconf 91' lang='lat' dir='ltr'>ut</span> <span class='ocrx_word' id='word_1_37' title='bbox 504 706 626 757; x_wconf 89' lang='lat' dir='ltr'>cujus</span> <span class='ocrx_word' id='word_1_38' title='bbox 658 706 855 747; x_wconf 86' lang='lat' dir='ltr'>natalitia</span> <span class='ocrx_word' id='word_1_39' title='bbox 884 706 985 748; x_wconf 85' lang='lat' dir='ltr'>coli-</span> 
     </span>
     <span class='ocr_line' id='line_1_10' title="bbox 152 761 986 815; baseline 0.002 -13"><span class='ocrx_word' id='word_1_40' title='bbox 152 775 262 812; x_wconf 89' lang='lat' dir='ltr'>mus,</span> <span class='ocrx_word' id='word_1_41' title='bbox 278 761 334 803; x_wconf 92' lang='lat' dir='ltr'>de</span> <span class='ocrx_word' id='word_1_42' title='bbox 350 761 546 814; x_wconf 89' lang='lat' dir='ltr'>ejusdem</span> <span class='ocrx_word' id='word_1_43' title='bbox 562 762 694 804; x_wconf 88' lang='lat' dir='ltr'>etiam</span> <span class='ocrx_word' id='word_1_44' title='bbox 707 763 986 815; x_wconf 82' lang='lat' dir='ltr'>protectione</span> 
     </span>
     <span class='ocr_line' id='line_1_11' title="bbox 153 817 815 868; baseline 0 -9"><span class='ocrx_word' id='word_1_45' title='bbox 153 817 435 868; x_wconf 85' lang='lat' dir='ltr'>gaudeamus.</span> <span class='ocrx_word' id='word_1_46' title='bbox 463 818 548 860; x_wconf 92' lang='lat' dir='ltr'>Per</span> <span class='ocrx_word' id='word_1_47' title='bbox 567 818 815 860; x_wconf 77' lang='lat' dir='ltr'>Deminum.</span> 
     </span>
    </p>
   </div>
   <div class='ocr_carea' id='block_1_4' title="bbox 152 886 985 980">
    <p class='ocr_par' dir='ltr' id='par_1_4' title="bbox 152 886 985 980">
     <span class='ocr_line' id='line_1_12' title="bbox 203 886 985 932; baseline 0.003 -11"><span class='ocrx_word' id='word_1_48' title='bbox 203 886 246 921; x_wconf 91' lang='lat' dir='ltr'>In</span> <span class='ocrx_word' id='word_1_49' title='bbox 260 888 286 921; x_wconf 91' lang='grc' dir='ltr'>Ι.</span> <span class='ocrx_word' id='word_1_50' title='bbox 300 887 500 922; x_wconf 82' lang='lat' dir='ltr'>Nocturno</span> <span class='ocrx_word' id='word_1_51' title='bbox 514 887 720 922; x_wconf 86' lang='lat' dir='ltr'>Lectiones</span> <span class='ocrx_word' id='word_1_52' title='bbox 736 887 985 932; x_wconf 86' lang='lat' dir='ltr'>Sapientiam.</span> 
     </span>
     <span class='ocr_line' id='line_1_13' title="bbox 152 935 636 980; baseline 0.004 -11"><span class='ocrx_word' id='word_1_53' title='bbox 152 935 199 969; x_wconf 88' lang='lat' dir='ltr'>de</span> <span class='ocrx_word' id='word_1_54' title='bbox 218 936 421 970; x_wconf 84' lang='lat' dir='ltr'>Communi</span> <span class='ocrx_word' id='word_1_55' title='bbox 438 936 547 970; x_wconf 81' lang='lat' dir='ltr'>Doct.</span> <span class='ocrx_word' id='word_1_56' title='bbox 566 936 636 980; x_wconf 86' lang='lat'>[62]</span> 
     </span>
    </p>
   </div>
   <div class='ocr_carea' id='block_1_5' title="bbox 128 1009 987 2759">
    <p class='ocr_par' dir='ltr' id='par_1_5' title="bbox 377 1009 756 1049">
     <span class='ocr_line' id='line_1_14' title="bbox 377 1009 756 1049; baseline -0.003 -1"><span class='ocrx_word' id='word_1_57' title='bbox 377 1009 426 1048; x_wconf 91' lang='lat' dir='ltr'>In</span> <span class='ocrx_word' id='word_1_58' title='bbox 454 1010 504 1049; x_wconf 92' lang='grc' dir='ltr'>ΙΙ.</span> <span class='ocrx_word' id='word_1_59' title='bbox 533 1009 756 1049; x_wconf 76' lang='lat' dir='ltr'>Nocturno.</span> 
     </span>
    </p>

    <p class='ocr_par' dir='ltr' id='par_1_6' title="bbox 167 1074 986 1298">
     <span class='ocr_line' id='line_1_15' title="bbox 454 1074 681 1115; baseline -0.009 0"><span class='ocrx_word' id='word_1_60' title='bbox 454 1074 606 1115; x_wconf 82' lang='lat' dir='ltr'>Lectio</span> <span class='ocrx_word' id='word_1_61' title='bbox 627 1074 681 1113; x_wconf 84' lang='lat' dir='ltr'>iv.</span> 
     </span>
     <span class='ocr_line' id='line_1_16' title="bbox 168 1134 986 1190; baseline 0.006 -16"><span class='ocrx_word' id='word_1_62' title='bbox 168 1134 525 1190; x_wconf 46' lang='lat' dir='ltr'>=5z,1‘·—J;3lph6nsus</span> <span class='ocrx_word' id='word_1_63' title='bbox 550 1135 689 1177; x_wconf 87' lang='lat' dir='ltr'>Maria</span> <span class='ocrx_word' id='word_1_64' title='bbox 716 1136 770 1178; x_wconf 91' lang='lat' dir='ltr'>de</span> <span class='ocrx_word' id='word_1_65' title='bbox 795 1136 986 1187; x_wconf 84' lang='lat' dir='ltr'>Ligorio,</span> 
     </span>
     <span class='ocr_line' id='line_1_17' title="bbox 167 1186 985 1261; baseline -0.002 -25"><span class='ocrx_word' id='word_1_66' title='bbox 167 1186 296 1261; x_wconf 60' lang='grc' dir='ltr'><em>γ</em></span> <span class='ocrx_word' id='word_1_67' title='bbox 327 1191 519 1244; x_wconf 89' lang='lat' dir='ltr'>Neapoli</span> <span class='ocrx_word' id='word_1_68' title='bbox 546 1192 768 1234; x_wconf 90' lang='lat' dir='ltr'>nobilibus</span> <span class='ocrx_word' id='word_1_69' title='bbox 797 1195 985 1246; x_wconf 91' lang='lat' dir='ltr'>parenti-</span> 
     </span>
     <span class='ocr_line' id='line_1_18' title="bbox 184 1248 986 1298; baseline 0.005 -10"><span class='ocrx_word' id='word_1_70' title='bbox 184 1270 187 1271; x_wconf 30' lang='lat'><em>*</em></span> <span class='ocrx_word' id='word_1_71' title='bbox 327 1248 410 1289; x_wconf 90' lang='lat' dir='ltr'>bus</span> <span class='ocrx_word' id='word_1_72' title='bbox 424 1254 563 1298; x_wconf 91' lang='lat' dir='ltr'>natus,</span> <span class='ocrx_word' id='word_1_73' title='bbox 583 1248 637 1290; x_wconf 91' lang='lat' dir='ltr'>ab</span> <span class='ocrx_word' id='word_1_74' title='bbox 657 1249 834 1291; x_wconf 92' lang='lat' dir='ltr'>ineunte</span> <span class='ocrx_word' id='word_1_75' title='bbox 855 1252 986 1292; x_wconf 88' lang='lat' dir='ltr'>aetate</span> 
     </span>
    </p>

    <p class='ocr_par' dir='ltr' id='par_1_7' title="bbox 128 1304 987 2759">
     <span class='ocr_line' id='line_1_19' title="bbox 152 1304 985 1356; baseline 0.004 -12"><span class='ocrx_word' id='word_1_76' title='bbox 152 1317 241 1346; x_wconf 92' lang='lat' dir='ltr'>non</span> <span class='ocrx_word' id='word_1_77' title='bbox 257 1304 447 1346; x_wconf 89' lang='lat' dir='ltr'>obscura</span> <span class='ocrx_word' id='word_1_78' title='bbox 462 1304 654 1356; x_wconf 80' lang='lat' dir='ltr'>praebuit</span> <span class='ocrx_word' id='word_1_79' title='bbox 665 1306 910 1347; x_wconf 66' lang='lat' dir='ltr'>sanctitatis</span> <span class='ocrx_word' id='word_1_80' title='bbox 925 1307 985 1347; x_wconf 95' lang='lat' dir='ltr'>in-</span> 
     </span>
     <span class='ocr_line' id='line_1_20' title="bbox 155 1360 987 1404; baseline 0.004 -3"><span class='ocrx_word' id='word_1_81' title='bbox 155 1361 278 1402; x_wconf 91' lang='lat' dir='ltr'>dicia.</span> <span class='ocrx_word' id='word_1_82' title='bbox 323 1361 436 1402; x_wconf 92' lang='lat' dir='ltr'>Eum</span> <span class='ocrx_word' id='word_1_83' title='bbox 468 1360 612 1402; x_wconf 92' lang='lat' dir='ltr'>adhuc</span> <span class='ocrx_word' id='word_1_84' title='bbox 643 1362 854 1403; x_wconf 88' lang='lat' dir='ltr'>infantem</span> <span class='ocrx_word' id='word_1_85' title='bbox 888 1376 987 1404; x_wconf 88' lang='lat' dir='ltr'>cum</span> 
     </span>
     <span class='ocr_line' id='line_1_21' title="bbox 153 1417 986 1469; baseline 0.002 -11"><span class='ocrx_word' id='word_1_86' title='bbox 153 1419 359 1469; x_wconf 88' lang='lat' dir='ltr'>parentes</span> <span class='ocrx_word' id='word_1_87' title='bbox 386 1417 651 1459; x_wconf 89' lang='lat' dir='ltr'>obtulissent</span> <span class='ocrx_word' id='word_1_88' title='bbox 675 1423 828 1460; x_wconf 88' lang='lat' dir='ltr'>sancto</span> <span class='ocrx_word' id='word_1_89' title='bbox 854 1419 986 1460; x_wconf 89' lang='lat' dir='ltr'>Fran-</span> 
     </span>
     <span class='ocr_line' id='line_1_22' title="bbox 153 1473 986 1527; baseline 0.004 -13"><span class='ocrx_word' id='word_1_90' title='bbox 153 1476 271 1515; x_wconf 86' lang='lat' dir='ltr'>cisco</span> <span class='ocrx_word' id='word_1_91' title='bbox 311 1473 367 1515; x_wconf 89' lang='lat' dir='ltr'>de</span> <span class='ocrx_word' id='word_1_92' title='bbox 399 1474 672 1527; x_wconf 85' lang='lat' dir='ltr'>Hieronymo</span> <span class='ocrx_word' id='word_1_93' title='bbox 710 1487 733 1516; x_wconf 92' lang='lat' dir='ltr'>e</span> <span class='ocrx_word' id='word_1_94' title='bbox 764 1475 986 1517; x_wconf 87' lang='lat' dir='ltr'>Societate</span> 
     </span>
     <span class='ocr_line' id='line_1_23' title="bbox 152 1530 986 1583; baseline 0.002 -13"><span class='ocrx_word' id='word_1_95' title='bbox 152 1530 178 1570; x_wconf 86' lang='lat' dir='ltr'>J</span> <span class='ocrx_word' id='word_1_96' title='bbox 181 1543 269 1580; x_wconf 88' lang='lat' dir='ltr'>esu,</span> <span class='ocrx_word' id='word_1_97' title='bbox 292 1530 330 1571; x_wconf 91' lang='lat' dir='ltr'>is</span> <span class='ocrx_word' id='word_1_98' title='bbox 348 1530 461 1572; x_wconf 90' lang='lat' dir='ltr'>bene</span> <span class='ocrx_word' id='word_1_99' title='bbox 482 1533 689 1583; x_wconf 87' lang='lat' dir='ltr'>precatus</span> <span class='ocrx_word' id='word_1_100' title='bbox 709 1530 848 1573; x_wconf 80' lang='lat' dir='ltr'>edixit</span> <span class='ocrx_word' id='word_1_101' title='bbox 869 1535 986 1573; x_wconf 91' lang='lat' dir='ltr'>eum-</span> 
     </span>
     <span class='ocr_line' id='line_1_24' title="bbox 154 1585 985 1639; baseline 0.002 -12"><span class='ocrx_word' id='word_1_102' title='bbox 154 1585 255 1628; x_wconf 90' lang='lat' dir='ltr'>dem</span> <span class='ocrx_word' id='word_1_103' title='bbox 289 1586 346 1628; x_wconf 93' lang='lat' dir='ltr'>ad</span> <span class='ocrx_word' id='word_1_104' title='bbox 377 1588 711 1638; x_wconf 90' lang='lat' dir='ltr'>nonagesimum</span> <span class='ocrx_word' id='word_1_105' title='bbox 742 1600 882 1639; x_wconf 92' lang='lat' dir='ltr'>usque</span> <span class='ocrx_word' id='word_1_106' title='bbox 915 1601 985 1629; x_wconf 92' lang='lat' dir='ltr'>an-</span> 
     </span>
     <span class='ocr_line' id='line_1_25' title="bbox 153 1643 986 1696; baseline 0.002 -13"><span class='ocrx_word' id='word_1_107' title='bbox 153 1656 258 1684; x_wconf 91' lang='lat' dir='ltr'>num</span> <span class='ocrx_word' id='word_1_108' title='bbox 271 1646 596 1695; x_wconf 90' lang='lat' dir='ltr'>perventurum,</span> <span class='ocrx_word' id='word_1_109' title='bbox 612 1643 670 1687; x_wconf 90' lang='lat' dir='ltr'>ad</span> <span class='ocrx_word' id='word_1_110' title='bbox 685 1644 986 1696; x_wconf 87' lang='lat' dir='ltr'>episcopalem</span> 
     </span>
     <span class='ocr_line' id='line_1_26' title="bbox 128 1698 984 1750; baseline 0.002 -10"><span class='ocrx_word' id='word_1_111' title='bbox 128 1717 131 1718; x_wconf 42' lang='lat'><em>⁷</em></span> <span class='ocrx_word' id='word_1_112' title='bbox 154 1698 412 1750; x_wconf 87' lang='lat' dir='ltr'>dignitatem</span> <span class='ocrx_word' id='word_1_113' title='bbox 440 1701 643 1741; x_wconf 90' lang='lat' dir='ltr'>evectum</span> <span class='ocrx_word' id='word_1_114' title='bbox 673 1700 744 1749; x_wconf 93' lang='lat' dir='ltr'>iri,</span> <span class='ocrx_word' id='word_1_115' title='bbox 775 1701 984 1742; x_wconf 82' lang='lat' dir='ltr'>maximo-</span> 
     </span>
     <span class='ocr_line' id='line_1_27' title="bbox 154 1755 986 1807; baseline 0.001 -11"><span class='ocrx_word' id='word_1_116' title='bbox 154 1768 239 1807; x_wconf 90' lang='lat' dir='ltr'>que</span> <span class='ocrx_word' id='word_1_117' title='bbox 266 1755 478 1797; x_wconf 82' lang='lat' dir='ltr'>Ecclesiae</span> <span class='ocrx_word' id='word_1_118' title='bbox 502 1755 622 1798; x_wconf 92' lang='lat' dir='ltr'>bono</span> <span class='ocrx_word' id='word_1_119' title='bbox 648 1756 854 1798; x_wconf 89' lang='lat' dir='ltr'>futurum.</span> <span class='ocrx_word' id='word_1_120' title='bbox 889 1757 986 1797; x_wconf 88' lang='lat' dir='ltr'>Jam</span> 
     </span>
     <span class='ocr_line' id='line_1_28' title="bbox 153 1812 985 1864; baseline 0.002 -12"><span class='ocrx_word' id='word_1_121' title='bbox 153 1816 247 1852; x_wconf 91' lang='lat' dir='ltr'>tum</span> <span class='ocrx_word' id='word_1_122' title='bbox 272 1825 298 1852; x_wconf 92' lang='lat' dir='ltr'>a</span> <span class='ocrx_word' id='word_1_123' title='bbox 321 1812 510 1864; x_wconf 91' lang='lat' dir='ltr'>pueritia</span> <span class='ocrx_word' id='word_1_124' title='bbox 536 1825 562 1853; x_wconf 91' lang='lat' dir='ltr'>a</span> <span class='ocrx_word' id='word_1_125' title='bbox 586 1812 702 1853; x_wconf 92' lang='lat' dir='ltr'>ludis</span> <span class='ocrx_word' id='word_1_126' title='bbox 731 1813 985 1862; x_wconf 82' lang='lat' dir='ltr'>abhorrens,</span> 
     </span>
     <span class='ocr_line' id='line_1_29' title="bbox 152 1867 985 1920; baseline 0.002 -12"><span class='ocrx_word' id='word_1_127' title='bbox 152 1867 324 1909; x_wconf 83' lang='lat' dir='ltr'>nobiles</span> <span class='ocrx_word' id='word_1_128' title='bbox 370 1867 568 1920; x_wconf 77' lang='lat' dir='ltr'>ephebos</span> <span class='ocrx_word' id='word_1_129' title='bbox 606 1867 663 1910; x_wconf 90' lang='lat' dir='ltr'>ad</span> <span class='ocrx_word' id='word_1_130' title='bbox 702 1869 985 1910; x_wconf 65' lang='lat' dir='ltr'>christianam</span> 
     </span>
     <span class='ocr_line' id='line_1_30' title="bbox 152 1922 983 1977; baseline 0.001 -12"><span class='ocrx_word' id='word_1_131' title='bbox 152 1922 417 1965; x_wconf 76' lang='lat' dir='ltr'>modestiam</span> <span class='ocrx_word' id='word_1_132' title='bbox 431 1924 568 1966; x_wconf 89' lang='lat' dir='ltr'>verbo</span> <span class='ocrx_word' id='word_1_133' title='bbox 587 1929 630 1966; x_wconf 92' lang='lat' dir='ltr'>et</span> <span class='ocrx_word' id='word_1_134' title='bbox 647 1925 851 1977; x_wconf 90' lang='lat' dir='ltr'>exemplo</span> <span class='ocrx_word' id='word_1_135' title='bbox 869 1938 983 1966; x_wconf 90' lang='lat' dir='ltr'>com-</span> 
     </span>
     <span class='ocr_line' id='line_1_31' title="bbox 151 1979 984 2033; baseline 0.004 -13"><span class='ocrx_word' id='word_1_136' title='bbox 151 1980 355 2031; x_wconf 77' lang='lat' dir='ltr'>ponebat.</span> <span class='ocrx_word' id='word_1_137' title='bbox 382 1979 670 2030; x_wconf 76' lang='lat' dir='ltr'>Adolescens,</span> <span class='ocrx_word' id='word_1_138' title='bbox 690 1979 795 2022; x_wconf 92' lang='lat' dir='ltr'>dato</span> <span class='ocrx_word' id='word_1_139' title='bbox 813 1981 897 2033; x_wconf 93' lang='lat' dir='ltr'>piis</span> <span class='ocrx_word' id='word_1_140' title='bbox 917 1994 984 2023; x_wconf 90' lang='lat' dir='ltr'>so-</span> 
     </span>
     <span class='ocr_line' id='line_1_32' title="bbox 152 2034 983 2089; baseline 0.002 -13"><span class='ocrx_word' id='word_1_141' title='bbox 152 2034 406 2077; x_wconf 88' lang='lat' dir='ltr'>dalitatibus</span> <span class='ocrx_word' id='word_1_142' title='bbox 425 2036 612 2086; x_wconf 84' lang='lat' dir='ltr'>nomine,</span> <span class='ocrx_word' id='word_1_143' title='bbox 636 2036 680 2077; x_wconf 92' lang='lat' dir='ltr'>in</span> <span class='ocrx_word' id='word_1_144' title='bbox 700 2036 890 2089; x_wconf 88' lang='lat' dir='ltr'>publicis</span> <span class='ocrx_word' id='word_1_145' title='bbox 909 2049 983 2078; x_wconf 91' lang='lat' dir='ltr'>no-</span> 
     </span>
     <span class='ocr_line' id='line_1_33' title="bbox 152 2092 984 2145; baseline 0.002 -14"><span class='ocrx_word' id='word_1_146' title='bbox 152 2092 360 2132; x_wconf 87' lang='lat' dir='ltr'>socomiis</span> <span class='ocrx_word' id='word_1_147' title='bbox 385 2093 563 2144; x_wconf 77' lang='lat' dir='ltr'>aegretis</span> <span class='ocrx_word' id='word_1_148' title='bbox 582 2093 807 2143; x_wconf 88' lang='lat' dir='ltr'>inservire,</span> <span class='ocrx_word' id='word_1_149' title='bbox 830 2093 918 2145; x_wconf 86' lang='lat' dir='ltr'>jugi</span> <span class='ocrx_word' id='word_1_150' title='bbox 940 2093 984 2133; x_wconf 93' lang='lat' dir='ltr'>in</span> 
     </span>
     <span class='ocr_line' id='line_1_34' title="bbox 150 2147 985 2200; baseline 0.002 -12"><span class='ocrx_word' id='word_1_151' title='bbox 150 2147 327 2200; x_wconf 91' lang='lat' dir='ltr'>templis</span> <span class='ocrx_word' id='word_1_152' title='bbox 357 2149 545 2190; x_wconf 82' lang='lat' dir='ltr'>orationi</span> <span class='ocrx_word' id='word_1_153' title='bbox 573 2151 749 2199; x_wconf 90' lang='lat' dir='ltr'>vacare,</span> <span class='ocrx_word' id='word_1_154' title='bbox 782 2162 833 2190; x_wconf 91' lang='lat' dir='ltr'>ac</span> <span class='ocrx_word' id='word_1_155' title='bbox 859 2162 985 2190; x_wconf 88' lang='lat' dir='ltr'>sacra</span> 
     </span>
     <span class='ocr_line' id='line_1_35' title="bbox 150 2203 982 2257; baseline 0.002 -14"><span class='ocrx_word' id='word_1_156' title='bbox 150 2203 360 2255; x_wconf 88' lang='lat' dir='ltr'>mysteria</span> <span class='ocrx_word' id='word_1_157' title='bbox 384 2204 637 2257; x_wconf 88' lang='lat' dir='ltr'>frequenter</span> <span class='ocrx_word' id='word_1_158' title='bbox 661 2205 784 2247; x_wconf 92' lang='lat' dir='ltr'>obire</span> <span class='ocrx_word' id='word_1_159' title='bbox 809 2205 854 2246; x_wconf 94' lang='lat' dir='ltr'>in</span> <span class='ocrx_word' id='word_1_160' title='bbox 879 2204 982 2247; x_wconf 87' lang='lat' dir='ltr'>deli-</span> 
     </span>
     <span class='ocr_line' id='line_1_36' title="bbox 151 2258 984 2305; baseline 0.001 -5"><span class='ocrx_word' id='word_1_161' title='bbox 151 2259 231 2300; x_wconf 85' lang='lat' dir='ltr'>ciis</span> <span class='ocrx_word' id='word_1_162' title='bbox 256 2258 460 2302; x_wconf 84' lang='lat' dir='ltr'>habebat.</span> <span class='ocrx_word' id='word_1_163' title='bbox 495 2261 711 2305; x_wconf 88' lang='lat' dir='ltr'>Pietatem</span> <span class='ocrx_word' id='word_1_164' title='bbox 737 2261 984 2303; x_wconf 89' lang='lat' dir='ltr'>litterarum</span> 
     </span>
     <span class='ocr_line' id='line_1_37' title="bbox 151 2313 983 2368; baseline 0.004 -13"><span class='ocrx_word' id='word_1_165' title='bbox 151 2313 309 2356; x_wconf 85' lang='lat' dir='ltr'>studiis</span> <span class='ocrx_word' id='word_1_166' title='bbox 339 2315 452 2357; x_wconf 90' lang='lat' dir='ltr'>adeo</span> <span class='ocrx_word' id='word_1_167' title='bbox 481 2317 722 2368; x_wconf 82' lang='lat' dir='ltr'>conjunxit,</span> <span class='ocrx_word' id='word_1_168' title='bbox 754 2322 803 2359; x_wconf 92' lang='lat' dir='ltr'>ut</span> <span class='ocrx_word' id='word_1_169' title='bbox 831 2315 983 2358; x_wconf 88' lang='lat' dir='ltr'>sexde-</span> 
     </span>
     <span class='ocr_line' id='line_1_38' title="bbox 151 2371 983 2425; baseline 0.001 -13"><span class='ocrx_word' id='word_1_170' title='bbox 151 2372 235 2412; x_wconf 90' lang='lat' dir='ltr'>cim</span> <span class='ocrx_word' id='word_1_171' title='bbox 250 2371 324 2412; x_wconf 93' lang='lat' dir='ltr'>vix</span> <span class='ocrx_word' id='word_1_172' title='bbox 340 2385 478 2414; x_wconf 89' lang='lat' dir='ltr'>annos</span> <span class='ocrx_word' id='word_1_173' title='bbox 493 2378 620 2414; x_wconf 89' lang='lat' dir='ltr'>natus</span> <span class='ocrx_word' id='word_1_174' title='bbox 635 2374 865 2425; x_wconf 88' lang='lat' dir='ltr'>utriusque</span> <span class='ocrx_word' id='word_1_175' title='bbox 880 2373 983 2424; x_wconf 89' lang='lat' dir='ltr'>juris</span> 
     </span>
     <span class='ocr_line' id='line_1_39' title="bbox 149 2427 982 2480; baseline 0 -12"><span class='ocrx_word' id='word_1_176' title='bbox 149 2427 346 2468; x_wconf 91' lang='lat' dir='ltr'>lauream</span> <span class='ocrx_word' id='word_1_177' title='bbox 368 2428 413 2468; x_wconf 94' lang='lat' dir='ltr'>in</span> <span class='ocrx_word' id='word_1_178' title='bbox 436 2428 581 2480; x_wconf 87' lang='lat' dir='ltr'>patria</span> <span class='ocrx_word' id='word_1_179' title='bbox 598 2429 896 2470; x_wconf 86' lang='lat' dir='ltr'>Universitate</span> <span class='ocrx_word' id='word_1_180' title='bbox 920 2428 982 2469; x_wconf 90' lang='lat' dir='ltr'>fu-</span> 
     </span>
     <span class='ocr_line' id='line_1_40' title="bbox 150 2484 982 2537; baseline 0 -13"><span class='ocrx_word' id='word_1_181' title='bbox 150 2484 232 2524; x_wconf 88' lang='lat' dir='ltr'>erit</span> <span class='ocrx_word' id='word_1_182' title='bbox 252 2487 492 2525; x_wconf 91' lang='lat' dir='ltr'>assecutus.</span> <span class='ocrx_word' id='word_1_183' title='bbox 524 2484 645 2524; x_wconf 89' lang='lat' dir='ltr'>Patri</span> <span class='ocrx_word' id='word_1_184' title='bbox 669 2484 982 2537; x_wconf 90' lang='lat' dir='ltr'>obtemperans</span> 
     </span>
     <span class='ocr_line' id='line_1_41' title="bbox 150 2540 983 2592; baseline 0 -12"><span class='ocrx_word' id='word_1_185' title='bbox 150 2542 382 2580; x_wconf 88' lang='lat' dir='ltr'>causarum</span> <span class='ocrx_word' id='word_1_186' title='bbox 413 2540 659 2592; x_wconf 88' lang='lat' dir='ltr'>patrocinia</span> <span class='ocrx_word' id='word_1_187' title='bbox 691 2540 903 2592; x_wconf 74' lang='lat' dir='ltr'>suscepit,</span> <span class='ocrx_word' id='word_1_188' title='bbox 938 2540 983 2580; x_wconf 92' lang='lat' dir='ltr'>in</span> 
     </span>
     <span class='ocr_line' id='line_1_42' title="bbox 153 2595 983 2646; baseline 0 -10"><span class='ocrx_word' id='word_1_189' title='bbox 153 2607 240 2646; x_wconf 91' lang='lat' dir='ltr'>quo</span> <span class='ocrx_word' id='word_1_190' title='bbox 253 2599 436 2637; x_wconf 90' lang='lat' dir='ltr'>munere</span> <span class='ocrx_word' id='word_1_191' title='bbox 448 2595 666 2644; x_wconf 89' lang='lat' dir='ltr'>obeundo,</span> <span class='ocrx_word' id='word_1_192' title='bbox 683 2596 764 2637; x_wconf 91' lang='lat' dir='ltr'>etsi</span> <span class='ocrx_word' id='word_1_193' title='bbox 778 2608 983 2646; x_wconf 89' lang='lat' dir='ltr'>magnam</span> 
     </span>
     <span class='ocr_line' id='line_1_43' title="bbox 150 2650 981 2703; baseline 0.001 -12"><span class='ocrx_word' id='word_1_194' title='bbox 150 2650 233 2692; x_wconf 88' lang='lat' dir='ltr'>sibi</span> <span class='ocrx_word' id='word_1_195' title='bbox 257 2651 434 2692; x_wconf 92' lang='lat' dir='ltr'>laudem</span> <span class='ocrx_word' id='word_1_196' title='bbox 461 2653 780 2703; x_wconf 76' lang='lat' dir='ltr'>comparasset,</span> <span class='ocrx_word' id='word_1_197' title='bbox 809 2651 894 2692; x_wconf 88' lang='lat' dir='ltr'>fori</span> <span class='ocrx_word' id='word_1_198' title='bbox 920 2657 981 2693; x_wconf 90' lang='lat' dir='ltr'>ta-</span> 
     </span>
     <span class='ocr_line' id='line_1_44' title="bbox 148 2707 982 2759; baseline 0.002 -12"><span class='ocrx_word' id='word_1_199' title='bbox 148 2719 248 2747; x_wconf 90' lang='lat' dir='ltr'>men</span> <span class='ocrx_word' id='word_1_200' title='bbox 279 2707 475 2759; x_wconf 90' lang='lat' dir='ltr'>pericula</span> <span class='ocrx_word' id='word_1_201' title='bbox 507 2709 733 2759; x_wconf 77' lang='lat' dir='ltr'>expertus,</span> <span class='ocrx_word' id='word_1_202' title='bbox 766 2707 982 2758; x_wconf 79' lang='lat' dir='ltr'>ejusmodi</span> 
     </span>
    </p>
   </div>
   <div class='ocr_carea' id='block_1_6' title="bbox 303 2848 495 2872">
    <p class='ocr_par' dir='ltr' id='par_1_8' title="bbox 303 2848 495 2872">
     <span class='ocr_line' id='line_1_45' title="bbox 303 2848 495 2872; baseline 0 0"><span class='ocrx_word' id='word_1_203' title='bbox 303 2848 368 2872; x_wconf 80' lang='lat' dir='ltr'>Pars</span> <span class='ocrx_word' id='word_1_204' title='bbox 384 2848 495 2872; x_wconf 80' lang='lat' dir='ltr'>AEstiva.</span> 
     </span>
    </p>
   </div>
   <div class='ocr_carea' id='block_1_7' title="bbox 690 190 1625 233">
    <p class='ocr_par' dir='ltr' id='par_1_9' title="bbox 690 190 1625 233">
     <span class='ocr_line' id='line_1_46' title="bbox 690 190 1625 233; baseline 0.002 -10"><span class='ocrx_word' id='word_1_205' title='bbox 690 190 724 224; x_wconf 87' lang='lat' dir='ltr'>S.</span> <span class='ocrx_word' id='word_1_206' title='bbox 750 190 944 233; x_wconf 77' lang='lat' dir='ltr'>Alphonsi</span> <span class='ocrx_word' id='word_1_207' title='bbox 972 190 1018 223; x_wconf 87' lang='lat' dir='ltr'>de</span> <span class='ocrx_word' id='word_1_208' title='bbox 1043 190 1201 231; x_wconf 73' lang='lat' dir='ltr'>Ligorio</span> <span class='ocrx_word' id='word_1_209' title='bbox 1231 191 1295 233; x_wconf 80' lang='lat' dir='ltr'>Ep.</span> <span class='ocrx_word' id='word_1_210' title='bbox 1323 192 1430 225; x_wconf 67' lang='lat' dir='ltr'>(lons.</span> <span class='ocrx_word' id='word_1_211' title='bbox 1458 198 1492 225; x_wconf 77' lang='lat' dir='ltr'>ct</span> <span class='ocrx_word' id='word_1_212' title='bbox 1518 192 1625 225; x_wconf 73' lang='lat' dir='ltr'>Doct.</span> 
     </span>
    </p>
   </div>
   <div class='ocr_carea' id='block_1_8' title="bbox 1038 289 1920 1244">
    <p class='ocr_par' dir='ltr' id='par_1_10' title="bbox 1038 289 1920 1244">
     <span class='ocr_line' id='line_1_47' title="bbox 1039 289 1871 341; baseline -0.002 -10"><span class='ocrx_word' id='word_1_213' title='bbox 1039 290 1143 332; x_wconf 87' lang='lat' dir='ltr'>vitae</span> <span class='ocrx_word' id='word_1_214' title='bbox 1156 291 1403 333; x_wconf 84' lang='lat' dir='ltr'>institutum</span> <span class='ocrx_word' id='word_1_215' title='bbox 1418 289 1534 330; x_wconf 86' lang='lat' dir='ltr'>ultro</span> <span class='ocrx_word' id='word_1_216' title='bbox 1551 289 1726 330; x_wconf 89' lang='lat' dir='ltr'>dimisit.</span> <span class='ocrx_word' id='word_1_217' title='bbox 1742 289 1871 341; x_wconf 90' lang='lat' dir='ltr'>Spre-</span> 
     </span>
     <span class='ocr_line' id='line_1_48' title="bbox 1039 344 1872 400; baseline -0.002 -12"><span class='ocrx_word' id='word_1_218' title='bbox 1039 351 1085 387; x_wconf 90' lang='lat' dir='ltr'>to</span> <span class='ocrx_word' id='word_1_219' title='bbox 1110 348 1243 398; x_wconf 86' lang='lat' dir='ltr'>igitur</span> <span class='ocrx_word' id='word_1_220' title='bbox 1268 346 1485 400; x_wconf 82' lang='lat' dir='ltr'>praeclaro</span> <span class='ocrx_word' id='word_1_221' title='bbox 1512 346 1714 397; x_wconf 87' lang='lat' dir='ltr'>conjugio</span> <span class='ocrx_word' id='word_1_222' title='bbox 1739 344 1822 387; x_wconf 91' lang='lat' dir='ltr'>sibi</span> <span class='ocrx_word' id='word_1_223' title='bbox 1846 358 1872 386; x_wconf 92' lang='lat' dir='ltr'>a</span> 
     </span>
     <span class='ocr_line' id='line_1_49' title="bbox 1039 401 1870 456; baseline -0.004 -12"><span class='ocrx_word' id='word_1_224' title='bbox 1039 408 1165 455; x_wconf 90' lang='lat' dir='ltr'>patre</span> <span class='ocrx_word' id='word_1_225' title='bbox 1190 403 1440 456; x_wconf 79' lang='lat' dir='ltr'>propesito,</span> <span class='ocrx_word' id='word_1_226' title='bbox 1467 404 1584 443; x_wconf 89' lang='lat' dir='ltr'>avita</span> <span class='ocrx_word' id='word_1_227' title='bbox 1609 401 1870 454; x_wconf 90' lang='lat' dir='ltr'>primogeni-</span> 
     </span>
     <span class='ocr_line' id='line_1_50' title="bbox 1038 457 1871 509; baseline -0.002 -9"><span class='ocrx_word' id='word_1_228' title='bbox 1038 462 1136 500; x_wconf 84' lang='lat' dir='ltr'>tura</span> <span class='ocrx_word' id='word_1_229' title='bbox 1157 458 1372 508; x_wconf 87' lang='lat' dir='ltr'>abdicata,</span> <span class='ocrx_word' id='word_1_230' title='bbox 1398 463 1441 500; x_wconf 90' lang='lat' dir='ltr'>et</span> <span class='ocrx_word' id='word_1_231' title='bbox 1462 457 1519 499; x_wconf 90' lang='lat' dir='ltr'>ad</span> <span class='ocrx_word' id='word_1_232' title='bbox 1538 471 1659 498; x_wconf 90' lang='lat' dir='ltr'>aram</span> <span class='ocrx_word' id='word_1_233' title='bbox 1677 458 1871 509; x_wconf 84' lang='lat' dir='ltr'>Virginis</span> 
     </span>
     <span class='ocr_line' id='line_1_51' title="bbox 1041 513 1871 567; baseline -0.002 -11"><span class='ocrx_word' id='word_1_234' title='bbox 1041 514 1095 556; x_wconf 90' lang='lat' dir='ltr'>de</span> <span class='ocrx_word' id='word_1_235' title='bbox 1114 515 1320 557; x_wconf 91' lang='lat' dir='ltr'>Mercede</span> <span class='ocrx_word' id='word_1_236' title='bbox 1342 527 1445 556; x_wconf 90' lang='lat' dir='ltr'>ense</span> <span class='ocrx_word' id='word_1_237' title='bbox 1465 516 1693 567; x_wconf 90' lang='lat' dir='ltr'>suspenso,</span> <span class='ocrx_word' id='word_1_238' title='bbox 1713 513 1871 555; x_wconf 83' lang='lat' dir='ltr'>divinis</span> 
     </span>
     <span class='ocr_line' id='line_1_52' title="bbox 1038 571 1870 623; baseline -0.001 -11"><span class='ocrx_word' id='word_1_239' title='bbox 1038 572 1292 613; x_wconf 89' lang='lat' dir='ltr'>ministeriis</span> <span class='ocrx_word' id='word_1_240' title='bbox 1323 584 1370 612; x_wconf 89' lang='lat' dir='ltr'>se</span> <span class='ocrx_word' id='word_1_241' title='bbox 1402 571 1681 623; x_wconf 87' lang='lat' dir='ltr'>mancipavit.</span> <span class='ocrx_word' id='word_1_242' title='bbox 1722 571 1870 612; x_wconf 89' lang='lat' dir='ltr'>Sacer-</span> 
     </span>
     <span class='ocr_line' id='line_1_53' title="bbox 1041 627 1871 676; baseline -0.002 -7"><span class='ocrx_word' id='word_1_243' title='bbox 1041 627 1123 669; x_wconf 89' lang='lat' dir='ltr'>dos</span> <span class='ocrx_word' id='word_1_244' title='bbox 1147 628 1301 676; x_wconf 88' lang='lat' dir='ltr'>factus,</span> <span class='ocrx_word' id='word_1_245' title='bbox 1326 633 1449 669; x_wconf 90' lang='lat' dir='ltr'>tanto</span> <span class='ocrx_word' id='word_1_246' title='bbox 1474 627 1571 668; x_wconf 87' lang='lat' dir='ltr'>zelo</span> <span class='ocrx_word' id='word_1_247' title='bbox 1595 627 1720 668; x_wconf 88' lang='lat' dir='ltr'>irruit</span> <span class='ocrx_word' id='word_1_248' title='bbox 1743 627 1787 667; x_wconf 90' lang='lat' dir='ltr'>in</span> <span class='ocrx_word' id='word_1_249' title='bbox 1812 629 1871 668; x_wconf 88' lang='lat' dir='ltr'>vi-</span> 
     </span>
     <span class='ocr_line' id='line_1_54' title="bbox 1038 683 1872 737; baseline -0.004 -11"><span class='ocrx_word' id='word_1_250' title='bbox 1038 685 1110 735; x_wconf 93' lang='lat' dir='ltr'>tia,</span> <span class='ocrx_word' id='word_1_251' title='bbox 1134 690 1183 726; x_wconf 89' lang='lat' dir='ltr'>ut</span> <span class='ocrx_word' id='word_1_252' title='bbox 1203 683 1450 737; x_wconf 87' lang='lat' dir='ltr'>apostolico</span> <span class='ocrx_word' id='word_1_253' title='bbox 1474 686 1656 724; x_wconf 90' lang='lat' dir='ltr'>munere</span> <span class='ocrx_word' id='word_1_254' title='bbox 1675 683 1872 734; x_wconf 87' lang='lat' dir='ltr'>fungens,</span> 
     </span>
     <span class='ocr_line' id='line_1_55' title="bbox 1039 739 1871 793; baseline -0.001 -12"><span class='ocrx_word' id='word_1_255' title='bbox 1039 740 1125 782; x_wconf 90' lang='lat' dir='ltr'>huc</span> <span class='ocrx_word' id='word_1_256' title='bbox 1137 741 1239 782; x_wconf 92' lang='lat' dir='ltr'>illuc</span> <span class='ocrx_word' id='word_1_257' title='bbox 1252 740 1501 793; x_wconf 88' lang='lat' dir='ltr'>pervolans,</span> <span class='ocrx_word' id='word_1_258' title='bbox 1515 739 1714 790; x_wconf 84' lang='lat' dir='ltr'>ingentes</span> <span class='ocrx_word' id='word_1_259' title='bbox 1727 739 1871 791; x_wconf 91' lang='lat' dir='ltr'>perdi-</span> 
     </span>
     <span class='ocr_line' id='line_1_56' title="bbox 1038 796 1871 848; baseline -0.004 -9"><span class='ocrx_word' id='word_1_260' title='bbox 1038 800 1187 839; x_wconf 84' lang='lat' dir='ltr'>torum</span> <span class='ocrx_word' id='word_1_261' title='bbox 1204 797 1430 839; x_wconf 83' lang='lat' dir='ltr'>hominum</span> <span class='ocrx_word' id='word_1_262' title='bbox 1449 796 1760 837; x_wconf 85' lang='lat' dir='ltr'>conversiones</span> <span class='ocrx_word' id='word_1_263' title='bbox 1776 809 1871 848; x_wconf 89' lang='lat' dir='ltr'>per-</span> 
     </span>
     <span class='ocr_line' id='line_1_57' title="bbox 1039 852 1872 906; baseline -0.002 -10"><span class='ocrx_word' id='word_1_264' title='bbox 1039 856 1200 905; x_wconf 85' lang='lat' dir='ltr'>ageret.</span> <span class='ocrx_word' id='word_1_265' title='bbox 1243 854 1494 906; x_wconf 90' lang='lat' dir='ltr'>Pauperum</span> <span class='ocrx_word' id='word_1_266' title='bbox 1526 852 1791 905; x_wconf 81' lang='lat' dir='ltr'>praesertim,</span> <span class='ocrx_word' id='word_1_267' title='bbox 1829 858 1872 894; x_wconf 89' lang='lat' dir='ltr'>et</span> 
     </span>
     <span class='ocr_line' id='line_1_58' title="bbox 1039 910 1919 960; baseline -0.002 -10"><span class='ocrx_word' id='word_1_268' title='bbox 1039 910 1330 952; x_wconf 88' lang='lat' dir='ltr'>ruricolarum</span> <span class='ocrx_word' id='word_1_269' title='bbox 1355 910 1607 958; x_wconf 89' lang='lat' dir='ltr'>miseratus,</span> <span class='ocrx_word' id='word_1_270' title='bbox 1636 921 1871 960; x_wconf 88' lang='lat' dir='ltr'>congrega·</span> <span class='ocrx_word' id='word_1_271' title='bbox 1918 944 1919 947; x_wconf 72' lang='grc'>,</span> 
     </span>
     <span class='ocr_line' id='line_1_59' title="bbox 1038 966 1873 1020; baseline -0.004 -11"><span class='ocrx_word' id='word_1_272' title='bbox 1038 967 1205 1009; x_wconf 83' lang='lat' dir='ltr'>tionem</span> <span class='ocrx_word' id='word_1_273' title='bbox 1214 967 1576 1020; x_wconf 84' lang='lat' dir='ltr'>presbyterorum</span> <span class='ocrx_word' id='word_1_274' title='bbox 1588 966 1774 1007; x_wconf 84' lang='lat' dir='ltr'>instituit</span> <span class='ocrx_word' id='word_1_275' title='bbox 1786 979 1873 1007; x_wconf 91' lang='lat' dir='ltr'>san-</span> 
     </span>
     <span class='ocr_line' id='line_1_60' title="bbox 1040 1022 1872 1075; baseline -0.002 -11"><span class='ocrx_word' id='word_1_276' title='bbox 1040 1024 1224 1065; x_wconf 87' lang='lat' dir='ltr'>ctissimi</span> <span class='ocrx_word' id='word_1_277' title='bbox 1254 1022 1585 1075; x_wconf 87' lang='lat' dir='ltr'>Redemptoris,</span> <span class='ocrx_word' id='word_1_278' title='bbox 1621 1022 1695 1074; x_wconf 90' lang='lat' dir='ltr'>qui</span> <span class='ocrx_word' id='word_1_279' title='bbox 1726 1022 1872 1074; x_wconf 92' lang='lat' dir='ltr'>ipsum</span> 
     </span>
     <span class='ocr_line' id='line_1_61' title="bbox 1039 1078 1920 1133; baseline -0.006 -12"><span class='ocrx_word' id='word_1_280' title='bbox 1039 1079 1390 1133; x_wconf 83' lang='lat' dir='ltr'>Redemptorem</span> <span class='ocrx_word' id='word_1_281' title='bbox 1436 1078 1574 1120; x_wconf 91' lang='lat' dir='ltr'>secuti</span> <span class='ocrx_word' id='word_1_282' title='bbox 1613 1091 1693 1130; x_wconf 93' lang='lat' dir='ltr'>per</span> <span class='ocrx_word' id='word_1_283' title='bbox 1730 1090 1871 1129; x_wconf 88' lang='lat' dir='ltr'>agros,</span> <span class='ocrx_word' id='word_1_284' title='bbox 1918 1111 1920 1114; x_wconf 74' lang='grc'>,</span> 
     </span>
     <span class='ocr_line' id='line_1_62' title="bbox 1038 1134 1871 1188; baseline -0.004 -10"><span class='ocrx_word' id='word_1_285' title='bbox 1038 1150 1191 1188; x_wconf 85' lang='lat' dir='ltr'>pagOS,</span> <span class='ocrx_word' id='word_1_286' title='bbox 1210 1142 1254 1178; x_wconf 91' lang='lat' dir='ltr'>et</span> <span class='ocrx_word' id='word_1_287' title='bbox 1268 1135 1448 1177; x_wconf 88' lang='lat' dir='ltr'>castella</span> <span class='ocrx_word' id='word_1_288' title='bbox 1460 1134 1729 1188; x_wconf 88' lang='lat' dir='ltr'>pauperibus</span> <span class='ocrx_word' id='word_1_289' title='bbox 1745 1147 1871 1176; x_wconf 90' lang='lat' dir='ltr'>evan-</span> 
     </span>
     <span class='ocr_line' id='line_1_63' title="bbox 1039 1194 1289 1244; baseline -0.008 -9"><span class='ocrx_word' id='word_1_290' title='bbox 1039 1194 1289 1244; x_wconf 87' lang='lat' dir='ltr'>gelizarent.</span> 
     </span>
    </p>
   </div>
   <div class='ocr_carea' id='block_1_9' title="bbox 1038 1265 1918 1589">
    <p class='ocr_par' dir='ltr' id='par_1_11' title="bbox 1038 1265 1918 1589">
     <span class='ocr_line' id='line_1_64' title="bbox 1090 1265 1872 1319; baseline -0.004 -12"><span class='ocrx_word' id='word_1_291' title='bbox 1090 1268 1140 1319; x_wconf 70' lang='lat' dir='ltr'>R».</span> <span class='ocrx_word' id='word_1_292' title='bbox 1169 1266 1321 1307; x_wconf 89' lang='lat' dir='ltr'>Inveni</span> <span class='ocrx_word' id='word_1_293' title='bbox 1345 1265 1491 1306; x_wconf 89' lang='lat' dir='ltr'>David</span> <span class='ocrx_word' id='word_1_294' title='bbox 1516 1278 1691 1306; x_wconf 92' lang='lat' dir='ltr'>servum</span> <span class='ocrx_word' id='word_1_295' title='bbox 1716 1276 1872 1313; x_wconf 90' lang='lat' dir='ltr'>meum,</span> 
     </span>
     <span class='ocr_line' id='line_1_65' title="bbox 1040 1320 1872 1364; baseline -0.005 0"><span class='ocrx_word' id='word_1_296' title='bbox 1040 1323 1139 1364; x_wconf 83' lang='lat' dir='ltr'>oleo</span> <span class='ocrx_word' id='word_1_297' title='bbox 1168 1328 1322 1364; x_wconf 90' lang='lat' dir='ltr'>sancto</span> <span class='ocrx_word' id='word_1_298' title='bbox 1352 1335 1451 1363; x_wconf 91' lang='lat' dir='ltr'>meo</span> <span class='ocrx_word' id='word_1_299' title='bbox 1477 1321 1582 1362; x_wconf 89' lang='lat' dir='ltr'>unxi</span> <span class='ocrx_word' id='word_1_300' title='bbox 1607 1334 1720 1362; x_wconf 91' lang='lat' dir='ltr'>eum:</span> <span class='ocrx_word' id='word_1_301' title='bbox 1736 1324 1757 1346; x_wconf 88' lang='lat'>*</span> <span class='ocrx_word' id='word_1_302' title='bbox 1782 1320 1872 1360; x_wconf 88' lang='lat' dir='ltr'>Ma-</span> 
     </span>
     <span class='ocr_line' id='line_1_66' title="bbox 1040 1375 1873 1424; baseline -0.005 -4"><span class='ocrx_word' id='word_1_303' title='bbox 1040 1392 1121 1420; x_wconf 90' lang='lat' dir='ltr'>nus</span> <span class='ocrx_word' id='word_1_304' title='bbox 1137 1379 1252 1420; x_wconf 91' lang='lat' dir='ltr'>enim</span> <span class='ocrx_word' id='word_1_305' title='bbox 1266 1391 1364 1419; x_wconf 91' lang='lat' dir='ltr'>mea</span> <span class='ocrx_word' id='word_1_306' title='bbox 1379 1377 1658 1419; x_wconf 84' lang='lat' dir='ltr'>auxiliabitur</span> <span class='ocrx_word' id='word_1_307' title='bbox 1673 1377 1723 1418; x_wconf 90' lang='lat' dir='ltr'>ei.</span> <span class='ocrx_word' id='word_1_308' title='bbox 1741 1375 1789 1424; x_wconf 60' lang='lat' dir='ltr'>V.</span> <span class='ocrx_word' id='word_1_309' title='bbox 1806 1376 1873 1417; x_wconf 91' lang='lat' dir='ltr'>Ni-</span> 
     </span>
     <span class='ocr_line' id='line_1_67' title="bbox 1039 1432 1870 1488; baseline -0.005 -12"><span class='ocrx_word' id='word_1_310' title='bbox 1039 1432 1101 1475; x_wconf 89' lang='lat' dir='ltr'>hil</span> <span class='ocrx_word' id='word_1_311' title='bbox 1125 1435 1330 1488; x_wconf 90' lang='lat' dir='ltr'>proficiet</span> <span class='ocrx_word' id='word_1_312' title='bbox 1354 1435 1554 1475; x_wconf 90' lang='lat' dir='ltr'>inimicus</span> <span class='ocrx_word' id='word_1_313' title='bbox 1583 1433 1628 1473; x_wconf 94' lang='lat' dir='ltr'>in</span> <span class='ocrx_word' id='word_1_314' title='bbox 1657 1445 1721 1482; x_wconf 93' lang='lat' dir='ltr'>eo,</span> <span class='ocrx_word' id='word_1_315' title='bbox 1752 1437 1796 1473; x_wconf 92' lang='lat' dir='ltr'>et</span> <span class='ocrx_word' id='word_1_316' title='bbox 1823 1432 1870 1472; x_wconf 87' lang='lat' dir='ltr'>fi-</span> 
     </span>
     <span class='ocr_line' id='line_1_68' title="bbox 1038 1489 1918 1543; baseline -0.005 -11"><span class='ocrx_word' id='word_1_317' title='bbox 1038 1491 1122 1532; x_wconf 93' lang='lat' dir='ltr'>lius</span> <span class='ocrx_word' id='word_1_318' title='bbox 1139 1491 1382 1543; x_wconf 88' lang='lat' dir='ltr'>iniquitatis</span> <span class='ocrx_word' id='word_1_319' title='bbox 1401 1503 1490 1531; x_wconf 92' lang='lat' dir='ltr'>non</span> <span class='ocrx_word' id='word_1_320' title='bbox 1508 1489 1686 1531; x_wconf 87' lang='lat' dir='ltr'>nocebit</span> <span class='ocrx_word' id='word_1_321' title='bbox 1705 1489 1755 1530; x_wconf 92' lang='lat' dir='ltr'>ei.</span> <span class='ocrx_word' id='word_1_322' title='bbox 1782 1489 1870 1529; x_wconf 92' lang='lat' dir='ltr'>Ma·</span> <span class='ocrx_word' id='word_1_323' title='bbox 1916 1537 1918 1539; x_wconf 73' lang='lat'>.</span> 
     </span>
     <span class='ocr_line' id='line_1_69' title="bbox 1040 1548 1267 1589; baseline 0 -2"><span class='ocrx_word' id='word_1_324' title='bbox 1040 1560 1120 1588; x_wconf 92' lang='lat' dir='ltr'>nus</span> <span class='ocrx_word' id='word_1_325' title='bbox 1141 1548 1267 1589; x_wconf 91' lang='lat' dir='ltr'>enim.</span> 
     </span>
    </p>
   </div>
   <div class='ocr_carea' id='block_1_10' title="bbox 1034 1630 1872 2760">
    <p class='ocr_par' dir='ltr' id='par_1_12' title="bbox 1348 1630 1557 1670">
     <span class='ocr_line' id='line_1_70' title="bbox 1348 1630 1557 1670; baseline -0.01 0"><span class='ocrx_word' id='word_1_326' title='bbox 1348 1630 1501 1670; x_wconf 86' lang='lat' dir='ltr'>Lectio</span> <span class='ocrx_word' id='word_1_327' title='bbox 1521 1643 1557 1669; x_wconf 86' lang='lat' dir='ltr'>v.</span> 
     </span>
    </p>

    <p class='ocr_par' dir='ltr' id='par_1_13' title="bbox 1034 1697 1872 2760">
     <span class='ocr_line' id='line_1_71' title="bbox 1137 1697 1872 1750; baseline -0.003 -10"><span class='ocrx_word' id='word_1_328' title='bbox 1137 1712 1160 1740; x_wconf 91' lang='lat' dir='ltr'>e</span> <span class='ocrx_word' id='word_1_329' title='bbox 1181 1704 1329 1740; x_wconf 90' lang='lat' dir='ltr'>autem</span> <span class='ocrx_word' id='word_1_330' title='bbox 1353 1711 1378 1739; x_wconf 91' lang='lat' dir='ltr'>a</span> <span class='ocrx_word' id='word_1_331' title='bbox 1401 1697 1635 1750; x_wconf 84' lang='lat' dir='ltr'>proposito</span> <span class='ocrx_word' id='word_1_332' title='bbox 1663 1709 1872 1748; x_wconf 91' lang='lat' dir='ltr'>umquam</span> 
     </span>
     <span class='ocr_line' id='line_1_72' title="bbox 1165 1755 1870 1806; baseline -0.001 -11"><span class='ocrx_word' id='word_1_333' title='bbox 1165 1755 1419 1803; x_wconf 86' lang='lat' dir='ltr'>diverteret,</span> <span class='ocrx_word' id='word_1_334' title='bbox 1447 1755 1664 1806; x_wconf 91' lang='lat' dir='ltr'>perpetuo</span> <span class='ocrx_word' id='word_1_335' title='bbox 1693 1765 1741 1794; x_wconf 90' lang='lat' dir='ltr'>se</span> <span class='ocrx_word' id='word_1_336' title='bbox 1764 1759 1870 1795; x_wconf 91' lang='lat' dir='ltr'>voto</span> 
     </span>
     <span class='ocr_line' id='line_1_73' title="bbox 1040 1809 1870 1861; baseline -0.004 -9"><span class='ocrx_word' id='word_1_337' title='bbox 1040 1810 1286 1861; x_wconf 78' lang='lat' dir='ltr'>obstrinxit,</span> <span class='ocrx_word' id='word_1_338' title='bbox 1311 1810 1475 1851; x_wconf 91' lang='lat' dir='ltr'>nullam</span> <span class='ocrx_word' id='word_1_339' title='bbox 1499 1809 1712 1861; x_wconf 89' lang='lat' dir='ltr'>temporis</span> <span class='ocrx_word' id='word_1_340' title='bbox 1738 1810 1870 1860; x_wconf 90' lang='lat' dir='ltr'>jactu-</span> 
     </span>
     <span class='ocr_line' id='line_1_74' title="bbox 1038 1865 1871 1908; baseline -0.002 0"><span class='ocrx_word' id='word_1_341' title='bbox 1038 1881 1132 1908; x_wconf 87' lang='lat' dir='ltr'>ram</span> <span class='ocrx_word' id='word_1_342' title='bbox 1150 1866 1347 1908; x_wconf 89' lang='lat' dir='ltr'>faciendi.</span> <span class='ocrx_word' id='word_1_343' title='bbox 1378 1867 1493 1907; x_wconf 90' lang='lat' dir='ltr'>Hinc</span> <span class='ocrx_word' id='word_1_344' title='bbox 1512 1865 1755 1906; x_wconf 91' lang='lat' dir='ltr'>animarum</span> <span class='ocrx_word' id='word_1_345' title='bbox 1774 1865 1871 1906; x_wconf 88' lang='lat' dir='ltr'>zelo</span> 
     </span>
     <span class='ocr_line' id='line_1_75' title="bbox 1039 1919 1871 1973; baseline -0.004 -8"><span class='ocrx_word' id='word_1_346' title='bbox 1039 1926 1289 1973; x_wconf 88' lang='lat' dir='ltr'>succensus,</span> <span class='ocrx_word' id='word_1_347' title='bbox 1308 1928 1402 1964; x_wconf 81' lang='lat' dir='ltr'>tum</span> <span class='ocrx_word' id='word_1_348' title='bbox 1421 1921 1556 1964; x_wconf 88' lang='lat' dir='ltr'>divini</span> <span class='ocrx_word' id='word_1_349' title='bbox 1570 1920 1694 1962; x_wconf 91' lang='lat' dir='ltr'>verbi</span> <span class='ocrx_word' id='word_1_350' title='bbox 1714 1919 1871 1973; x_wconf 87' lang='lat' dir='ltr'>praedi-</span> 
     </span>
     <span class='ocr_line' id='line_1_76' title="bbox 1038 1977 1871 2030; baseline -0.005 -9"><span class='ocrx_word' id='word_1_351' title='bbox 1038 1980 1231 2029; x_wconf 78' lang='lat' dir='ltr'>catione,</span> <span class='ocrx_word' id='word_1_352' title='bbox 1257 1985 1351 2021; x_wconf 90' lang='lat' dir='ltr'>tum</span> <span class='ocrx_word' id='word_1_353' title='bbox 1376 1978 1553 2030; x_wconf 84' lang='lat' dir='ltr'>scriptis</span> <span class='ocrx_word' id='word_1_354' title='bbox 1577 1990 1703 2018; x_wconf 87' lang='lat' dir='ltr'>sacra</span> <span class='ocrx_word' id='word_1_355' title='bbox 1729 1977 1871 2018; x_wconf 91' lang='lat' dir='ltr'>erudi-</span> 
     </span>
     <span class='ocr_line' id='line_1_77' title="bbox 1037 2033 1871 2087; baseline -0.005 -10"><span class='ocrx_word' id='word_1_356' title='bbox 1037 2036 1158 2077; x_wconf 83' lang='lat' dir='ltr'>tione</span> <span class='ocrx_word' id='word_1_357' title='bbox 1192 2040 1236 2076; x_wconf 90' lang='lat' dir='ltr'>et</span> <span class='ocrx_word' id='word_1_358' title='bbox 1272 2035 1438 2087; x_wconf 89' lang='lat' dir='ltr'>pietate</span> <span class='ocrx_word' id='word_1_359' title='bbox 1475 2033 1664 2082; x_wconf 73' lang='lat' dir='ltr'>refertis,</span> <span class='ocrx_word' id='word_1_360' title='bbox 1701 2033 1871 2074; x_wconf 89' lang='lat' dir='ltr'>animas</span> 
     </span>
     <span class='ocr_line' id='line_1_78' title="bbox 1039 2088 1870 2141; baseline -0.005 -8"><span class='ocrx_word' id='word_1_361' title='bbox 1039 2091 1214 2133; x_wconf 90' lang='lat' dir='ltr'>Christo</span> <span class='ocrx_word' id='word_1_362' title='bbox 1229 2091 1497 2140; x_wconf 88' lang='lat' dir='ltr'>lucrifacere,</span> <span class='ocrx_word' id='word_1_363' title='bbox 1514 2093 1557 2130; x_wconf 90' lang='lat' dir='ltr'>et</span> <span class='ocrx_word' id='word_1_364' title='bbox 1572 2088 1629 2130; x_wconf 91' lang='lat' dir='ltr'>ad</span> <span class='ocrx_word' id='word_1_365' title='bbox 1639 2089 1870 2141; x_wconf 82' lang='lat' dir='ltr'>perfectio-</span> 
     </span>
     <span class='ocr_line' id='line_1_79' title="bbox 1037 2143 1870 2189; baseline -0.004 -1"><span class='ocrx_word' id='word_1_366' title='bbox 1037 2160 1131 2189; x_wconf 91' lang='lat' dir='ltr'>rem</span> <span class='ocrx_word' id='word_1_367' title='bbox 1158 2148 1295 2189; x_wconf 90' lang='lat' dir='ltr'>vitam</span> <span class='ocrx_word' id='word_1_368' title='bbox 1321 2146 1546 2188; x_wconf 79' lang='lat' dir='ltr'>adducere</span> <span class='ocrx_word' id='word_1_369' title='bbox 1573 2143 1752 2186; x_wconf 83' lang='lat' dir='ltr'>studuit.</span> <span class='ocrx_word' id='word_1_370' title='bbox 1793 2145 1870 2186; x_wconf 92' lang='lat' dir='ltr'>Mi-</span> 
     </span>
     <span class='ocr_line' id='line_1_80' title="bbox 1037 2201 1870 2255; baseline -0.002 -11"><span class='ocrx_word' id='word_1_371' title='bbox 1037 2217 1135 2246; x_wconf 91' lang='lat' dir='ltr'>rum</span> <span class='ocrx_word' id='word_1_372' title='bbox 1171 2216 1276 2245; x_wconf 92' lang='lat' dir='ltr'>sane</span> <span class='ocrx_word' id='word_1_373' title='bbox 1315 2208 1423 2255; x_wconf 86' lang='lat' dir='ltr'>quot</span> <span class='ocrx_word' id='word_1_374' title='bbox 1460 2201 1564 2244; x_wconf 84' lang='lat' dir='ltr'>odia</span> <span class='ocrx_word' id='word_1_375' title='bbox 1603 2202 1870 2251; x_wconf 85' lang='lat' dir='ltr'>exstinxerit,</span> 
     </span>
     <span class='ocr_line' id='line_1_81' title="bbox 1038 2256 1871 2312; baseline -0.006 -10"><span class='ocrx_word' id='word_1_376' title='bbox 1038 2265 1147 2312; x_wconf 92' lang='lat' dir='ltr'>quot</span> <span class='ocrx_word' id='word_1_377' title='bbox 1167 2258 1320 2301; x_wconf 85' lang='lat' dir='ltr'>devios</span> <span class='ocrx_word' id='word_1_378' title='bbox 1344 2259 1401 2300; x_wconf 91' lang='lat' dir='ltr'>ad</span> <span class='ocrx_word' id='word_1_379' title='bbox 1423 2263 1593 2300; x_wconf 90' lang='lat' dir='ltr'>rectum</span> <span class='ocrx_word' id='word_1_380' title='bbox 1617 2256 1770 2298; x_wconf 87' lang='lat' dir='ltr'>salutis</span> <span class='ocrx_word' id='word_1_381' title='bbox 1787 2258 1871 2298; x_wconf 89' lang='lat' dir='ltr'>iter</span> 
     </span>
     <span class='ocr_line' id='line_1_82' title="bbox 1036 2313 1871 2360; baseline -0.004 -4"><span class='ocrx_word' id='word_1_382' title='bbox 1036 2316 1324 2358; x_wconf 84' lang='lat' dir='ltr'>revocaverit.</span> <span class='ocrx_word' id='word_1_383' title='bbox 1355 2316 1442 2357; x_wconf 90' lang='lat' dir='ltr'>Dei</span> <span class='ocrx_word' id='word_1_384' title='bbox 1466 2313 1702 2360; x_wconf 82' lang='lat' dir='ltr'>Genitrieis</span> <span class='ocrx_word' id='word_1_385' title='bbox 1728 2313 1871 2354; x_wconf 89' lang='lat' dir='ltr'>cultor</span> 
     </span>
     <span class='ocr_line' id='line_1_83' title="bbox 1037 2368 1870 2413; baseline -0.005 0"><span class='ocrx_word' id='word_1_386' title='bbox 1037 2373 1221 2413; x_wconf 88' lang='lat' dir='ltr'>eximius</span> <span class='ocrx_word' id='word_1_387' title='bbox 1250 2371 1306 2413; x_wconf 91' lang='lat' dir='ltr'>de</span> <span class='ocrx_word' id='word_1_388' title='bbox 1332 2371 1449 2412; x_wconf 85' lang='lat' dir='ltr'>illius</span> <span class='ocrx_word' id='word_1_389' title='bbox 1476 2369 1681 2412; x_wconf 78' lang='lat' dir='ltr'>laudibus</span> <span class='ocrx_word' id='word_1_390' title='bbox 1710 2368 1870 2411; x_wconf 92' lang='lat' dir='ltr'>librum</span> 
     </span>
     <span class='ocr_line' id='line_1_84' title="bbox 1037 2425 1869 2477; baseline -0.005 -9"><span class='ocrx_word' id='word_1_391' title='bbox 1037 2427 1195 2477; x_wconf 89' lang='lat' dir='ltr'>edidit,</span> <span class='ocrx_word' id='word_1_392' title='bbox 1231 2441 1284 2469; x_wconf 90' lang='lat' dir='ltr'>ac</span> <span class='ocrx_word' id='word_1_393' title='bbox 1317 2427 1372 2469; x_wconf 93' lang='lat' dir='ltr'>de</span> <span class='ocrx_word' id='word_1_394' title='bbox 1404 2427 1457 2468; x_wconf 89' lang='lat' dir='ltr'>iis</span> <span class='ocrx_word' id='word_1_395' title='bbox 1492 2426 1597 2468; x_wconf 92' lang='lat' dir='ltr'>dum</span> <span class='ocrx_word' id='word_1_396' title='bbox 1628 2425 1869 2466; x_wconf 89' lang='lat' dir='ltr'>ferventius</span> 
     </span>
     <span class='ocr_line' id='line_1_85' title="bbox 1037 2480 1869 2532; baseline -0.006 -7"><span class='ocrx_word' id='word_1_397' title='bbox 1037 2483 1343 2525; x_wconf 88' lang='lat' dir='ltr'>concionando</span> <span class='ocrx_word' id='word_1_398' title='bbox 1382 2482 1577 2532; x_wconf 86' lang='lat' dir='ltr'>disserit,</span> <span class='ocrx_word' id='word_1_399' title='bbox 1614 2494 1639 2522; x_wconf 88' lang='lat' dir='ltr'>a</span> <span class='ocrx_word' id='word_1_400' title='bbox 1675 2480 1869 2530; x_wconf 87' lang='lat' dir='ltr'>Virginis</span> 
     </span>
     <span class='ocr_line' id='line_1_86' title="bbox 1035 2535 1868 2591; baseline -0.007 -10"><span class='ocrx_word' id='word_1_401' title='bbox 1035 2540 1225 2591; x_wconf 85' lang='lat' dir='ltr'>imagine</span> <span class='ocrx_word' id='word_1_402' title='bbox 1274 2540 1319 2580; x_wconf 91' lang='lat' dir='ltr'>in</span> <span class='ocrx_word' id='word_1_403' title='bbox 1369 2551 1470 2581; x_wconf 91' lang='lat' dir='ltr'>eum</span> <span class='ocrx_word' id='word_1_404' title='bbox 1516 2539 1714 2579; x_wconf 88' lang='lat' dir='ltr'>immisso</span> <span class='ocrx_word' id='word_1_405' title='bbox 1755 2535 1868 2576; x_wconf 91' lang='lat' dir='ltr'>miro</span> 
     </span>
     <span class='ocr_line' id='line_1_87' title="bbox 1036 2593 1870 2648; baseline -0.008 -11"><span class='ocrx_word' id='word_1_406' title='bbox 1036 2595 1274 2648; x_wconf 77' lang='lat' dir='ltr'>splendere</span> <span class='ocrx_word' id='word_1_407' title='bbox 1292 2600 1414 2637; x_wconf 87' lang='lat' dir='ltr'>totus</span> <span class='ocrx_word' id='word_1_408' title='bbox 1429 2595 1540 2636; x_wconf 86' lang='lat' dir='ltr'>facie</span> <span class='ocrx_word' id='word_1_409' title='bbox 1560 2593 1806 2639; x_wconf 89' lang='lat' dir='ltr'>coruscare,</span> <span class='ocrx_word' id='word_1_410' title='bbox 1826 2595 1870 2631; x_wconf 92' lang='lat' dir='ltr'>et</span> 
     </span>
     <span class='ocr_line' id='line_1_88' title="bbox 1036 2647 1868 2709; baseline -0.011 -17"><span class='ocrx_word' id='word_1_411' title='bbox 1036 2652 1080 2692; x_wconf 92' lang='lat' dir='ltr'>in</span> <span class='ocrx_word' id='word_1_412' title='bbox 1095 2652 1281 2693; x_wconf 89' lang='lat' dir='ltr'>extasim</span> <span class='ocrx_word' id='word_1_413' title='bbox 1296 2651 1393 2704; x_wconf 90' lang='lat' dir='ltr'>rapi</span> <span class='ocrx_word' id='word_1_414' title='bbox 1407 2663 1557 2692; x_wconf 91' lang='lat' dir='ltr'>coram</span> <span class='ocrx_word' id='word_1_415' title='bbox 1572 2648 1776 2690; x_wconf 90' lang='lat' dir='ltr'>universo</span> <span class='ocrx_word' id='word_1_416' title='bbox 1791 2647 1868 2709; x_wconf 65' lang='lat' dir='ltr'>po-v</span> 
     </span>
     <span class='ocr_line' id='line_1_89' title="bbox 1034 2703 1868 2760; baseline -0.012 -10"><span class='ocrx_word' id='word_1_417' title='bbox 1034 2708 1141 2760; x_wconf 90' lang='lat' dir='ltr'>pulo</span> <span class='ocrx_word' id='word_1_418' title='bbox 1160 2720 1250 2749; x_wconf 89' lang='lat' dir='ltr'>non</span> <span class='ocrx_word' id='word_1_419' title='bbox 1269 2706 1405 2748; x_wconf 91' lang='lat' dir='ltr'>semel</span> <span class='ocrx_word' id='word_1_420' title='bbox 1422 2706 1544 2747; x_wconf 87' lang='lat' dir='ltr'>visus</span> <span class='ocrx_word' id='word_1_421' title='bbox 1564 2708 1642 2746; x_wconf 87' lang='lat' dir='ltr'>est.</span> <span class='ocrx_word' id='word_1_422' title='bbox 1673 2703 1868 2743; x_wconf 81' lang='lat' dir='ltr'>Domini-</span> 
     </span>
    </p>
   </div>
   <div class='ocr_carea' id='block_1_11' title="bbox 94 128 1926 2806">
    <p class='ocr_par' dir='ltr' id='par_1_14' title="bbox 94 128 1926 2806">
     <span class='ocr_line' id='line_1_90' title="bbox 94 128 1926 2806; baseline 0 0"><span class='ocrx_word' id='word_1_423' title='bbox 94 128 1926 2806; x_wconf 95' lang='lat' dir='ltr'> </span> 
     </span>
    </p>
   </div>
   <div class='ocr_carea' id='block_1_12' title="bbox 1597 2834 1658 2867">
    <p class='ocr_par' dir='ltr' id='par_1_15' title="bbox 1597 2834 1658 2867">
     <span class='ocr_line' id='line_1_91' title="bbox 1597 2834 1658 2867; baseline 0 -14"><span class='ocrx_word' id='word_1_424' title='bbox 1597 2834 1658 2867; x_wconf 59' lang='lat'>30*</span> 
     </span>
    </p>
   </div>
  </div>
 </body>
</html>
