2040 2976
689 230 845 273 Septem
869 229 1015 263 Psalmi
1038 229 1342 263 poenitentiales.

212 328 436 370 Turbatus
479 333 546 369 est
586 341 612 368 a
652 328 798 368 furore
840 325 992 367 oculus

159 397 299 426 meus:
339 385 362 409 *
403 384 645 425 inveteravi
685 383 799 424 inter
841 394 992 423 omnes

160 441 360 482 inimicos
379 453 513 481 meos.

211 496 438 537 Discedite
463 509 488 536 a
511 508 582 537 me
603 507 770 544 omneS‚
797 494 871 545 qui
891 505 992 545 ope-

159 552 316 592 ramini
339 552 628 604 iniquitatem:
646 553 669 578 *
691 550 898 602 quoniam
922 561 992 589 ex-

161 607 329 650 audivit
342 608 557 649 Dominus
573 620 729 648 vocem
748 607 877 648 fletus
896 605 992 645 mei.

214 663 451 705 Exaudivit
478 663 692 704 Dominus
722 661 992 714 deprecatio-

160 733 261 761 nem
284 732 443 769 meam,
463 722 487 746 *
505 719 720 760 Dominus
748 717 993 759 orationem

160 788 303 816 meam
323 775 527 827 suscepit.

120 837 123 838 ’
211 831 500 880 Erubescant‚
524 836 568 872 et
587 830 903 872 conturbentur
922 841 991 870 ve-

158 887 386 929 hementer
402 901 554 929 omnes
568 887 731 928 inimici
745 886 844 927 mei:
855 886 878 911 *
892 897 992 926 con-

162 946 387 986 vertantur
416 949 459 986 et
488 943 749 985 erubescant
773 942 902 983 valde
922 954 992 982 ve-

159 1001 326 1042 lociter.

215 1065 366 1106 Gloria
383 1065 515 1106 Patri.

437 1154 636 1194 Psalmus
656 1154 714 1193 31.

162 1218 332 1322 Beati
357 1241 542 1281 quorum
570 1230 767 1269 remissae
794 1233 894 1269 sunt
916 1228 992 1267 ini-

267 1285 471 1337 quitates:
503 1285 526 1310 *
561 1289 604 1325 et
646 1297 833 1335 quorum
873 1288 993 1325 tecta

161 1346 262 1382 sunt
279 1343 474 1393 peccata.

211 1398 379 1438 Beatus
412 1397 494 1446 vir,
532 1396 601 1437 cui
635 1409 723 1436 non
759 1396 993 1448 imputavit

159 1453 375 1494 Dominus
408 1455 655 1505 peccatum,
684 1453 706 1477 *
735 1464 816 1492 nee
849 1456 917 1492 est
948 1452 992 1491 in

161 1509 317 1561 spiritu
337 1509 427 1560 ejus
448 1508 586 1549 dolus.

213 1565 430 1614 Quoniam
466 1564 602 1613 tacui,
638 1564 992 1605 inveteraverunt

161 1634 263 1662 ossa
273 1633 382 1669 mea,
393 1621 416 1646 *
428 1620 533 1661 dum
549 1620 784 1661 clamarem
799 1624 894 1660 tota
910 1619 991 1660 die.

213 1677 429 1727 Quoniam
462 1675 533 1718 die
566 1688 618 1717 ac
649 1682 780 1717 nocte
810 1678 991 1726 gravata

160 1738 227 1774 est
246 1745 379 1785 super
396 1745 467 1774 me
486 1745 639 1773 manus
658 1737 749 1773 tua:
768 1733 791 1757 *
812 1734 990 1773 eonver-

161 1801 235 1829 sus
254 1802 351 1829 sum
369 1789 414 1829 in
433 1792 628 1830 aerumna
642 1801 750 1838 mea,
771 1788 873 1829 dum
891 1801 990 1829 con-

160 1844 307 1895 figitur
326 1845 463 1897 spina.

212 1901 435 1942 Delictum
469 1914 616 1942 meum
653 1901 878 1951 cognitum
911 1899 991 1941 tibi

159 1956 260 1998 feci:
296 1958 320 1983 *
357 1962 400 1997 et
433 1957 688 2008 ‘injustitiam
724 1969 868 1997 meam
903 1968 991 1996 non

161 2011 385 2054 abscondi.

211 2068 328 2108 Dixi:
364 2068 621 2109 Confitebor
653 2067 888 2109 adversum
921 2080 992 2108 me

160 2124 413 2175 injustitiam
435 2137 579 2165 meam
603 2124 809 2165 Domino:
829 2124 852 2148 *
878 2128 922 2164 et
944 2127 993 2163 tu

160 2180 366 2221 remisisti
384 2180 656 2232 impietatem
675 2179 848 2232 peccati
866 2179 962 2220 mei.

212 2236 299 2276 Pro
324 2235 407 2276 hac
431 2235 575 2276 orabit
595 2235 652 2276 ad
671 2241 716 2277 te
736 2235 877 2276 omnis
898 2247 991 2274 san·

162 2296 269 2341 ctus,
289 2291 312 2316 *
332 2292 375 2331 in
393 2293 594 2343 tempore
614 2293 879 2343 opportuno.

213 2347 528 2388 Verumtamen
542 2347 585 2387 in
601 2346 766 2388 diluvio
780 2348 993 2397 aquarum

161 2402 412 2451 multarum,
430 2404 454 2429 *
474 2403 531 2443 ad
557 2416 656 2444 eum
682 2416 771 2443 non
790 2401 992 2454 approxi-

161 2457 354 2499 mabunt.

213 2513 283 2554 Tu
310 2526 358 2554 es
390 2513 606 2563 refugium
633 2526 778 2554 meum
807 2526 832 2554 a
860 2513 992 2554 tribu-

162 2570 334 2618 latione,
356 2581 454 2620 quae
469 2569 758 2610 circumdedit
775 2582 860 2610 me:
879 2571 902 2595 *
922 2581 993 2609 ex-

163 2625 341 2666 sultatio
359 2637 458 2665 mea
478 2627 580 2665 erue
598 2637 668 2666 me
686 2638 711 2666 a
726 2623 992 2665 circumdan-

162 2681 279 2722 tibus
298 2693 379 2721 me.

214 2736 490 2778 Intellectum
512 2735 591 2776 tibi
615 2734 747 2785 dabo,
776 2740 820 2776 et
838 2737 992 2777 instru-

320 2877 384 2901 Pars
402 2877 511 2901 AEstiva.

1046 337 1116 364 am
1143 330 1187 365 te
1215 324 1258 364 in
1285 325 1356 366 via
1380 324 1476 373 hac,
1507 338 1592 376 qua
1611 323 1838 375 gradieris:
1857 324 1881 350 *

1045 379 1232 421 firmabo
1255 393 1386 432 super
1406 388 1449 421 te
1470 381 1623 421 oculos
1641 393 1776 420 meos.

1096 435 1246 476 Nolite
1265 436 1361 477 fieri
1380 436 1492 477 sicut
1510 449 1649 487 equus
1666 441 1709 477 et
1725 435 1880 484 mulus,

1045 493 1068 518 *
1090 491 1248 542 quibus
1267 504 1355 532 non
1375 497 1442 537 est
1460 491 1719 532 intellectus.

1097 548 1148 587 In
1182 560 1308 588 camo
1344 553 1386 588 et
1415 548 1552 588 fraeno
1581 547 1781 588 maxillas
1810 549 1880 587 eo-

1046 617 1142 644 rum
1171 606 1437 654 constringe,
1456 604 1479 629 *
1503 604 1577 655 qui
1604 616 1692 644 non
1720 605 1880 655 appro-

1045 660 1212 700 ximant
1232 658 1288 700 ad
1306 665 1361 700 te.

1098 715 1235 756 Multa
1261 715 1434 765 flagella
1459 715 1721 767 peccatoris,
1742 716 1765 741 *
1785 727 1880 767 spe-

1046 774 1216 812 rantem
1248 777 1394 812 autem
1426 772 1470 811 in
1497 771 1688 811 Domino
1717 771 1881 812 miseri·
1930 797 1932 799 -

1047 827 1198 869 cordia
1218 826 1519 868 circumdabit.

1098 884 1328 925 Laetamini
1364 884 1407 923 in
1436 883 1628 924 Domino
1664 887 1707 924 et
1741 882 1881 923 exsul-

1046 941 1136 981 tate
1171 940 1287 991 justi,
1313 940 1336 965 *
1371 945 1414 980 et
1449 938 1697 990 gloriamini
1728 951 1881 979 omnes

1046 996 1156 1037 recti
1175 995 1320 1037 corde.

1100 1052 1253 1092 Gloria
1271 1052 1402 1092 Patri.

1324 1114 1524 1154 Psalmus
1544 1114 1606 1153 37.

1136 1169 1279 1210 omine
1304 1182 1358 1210 ne
1381 1169 1425 1208 in
1448 1169 1596 1209 furore
1619 1173 1697 1209 tuo
1722 1170 1881 1219 arguas

1153 1239 1239 1275 me,
1265 1228 1287 1252 *
1312 1238 1455 1277 neque
1483 1225 1527 1265 in
1554 1225 1619 1266 ira
1646 1229 1721 1265 tua
1750 1226 1880 1265 corri-

1046 1282 1143 1334 pias
1161 1294 1242 1322 me.

1099 1338 1315 1387 Quoniam
1331 1339 1502 1388 sagittae
1517 1342 1606 1378 tuae
1620 1336 1767 1376 infixae
1780 1340 1881 1377 sunt

1045 1394 1167 1449 mihi:
1200 1396 1223 1419 *
1258 1399 1301 1435 et
1339 1392 1607 1434 confirmasti
1643 1405 1776 1444 super
1810 1405 1880 1432 me

1045 1463 1222 1490 manum
1240 1455 1372 1490 tuam.

1096 1506 1199 1546 Non
1227 1511 1293 1546 est
1322 1506 1484 1546 sanitas
1512 1505 1556 1544 in
1585 1516 1714 1544 carne
1737 1515 1835 1543 mea
1856 1515 1881 1542 a

1045 1562 1156 1602 facie
1171 1562 1247 1602 irae
1262 1567 1366 1602 tuae:
1381 1563 1404 1587 *
1420 1574 1507 1601 non
1522 1566 1589 1601 est
1603 1572 1691 1612 pax
1706 1558 1880 1599 ossibus

1045 1618 1153 1659 meis
1181 1631 1206 1658 a
1229 1618 1341 1659 facie
1365 1619 1650 1670 peccatorum
1669 1618 1880 1656 meorum.

1099 1675 1315 1724 Quoniam
1333 1674 1584 1725 iniquitates
1604 1685 1716 1714 meae
1732 1684 1880 1723 super-

1045 1732 1209 1780 gressae
1225 1735 1326 1771 sunt
1342 1735 1475 1782 caput
1491 1742 1653 1769 meum:
1668 1730 1691 1753 *
1709 1733 1752 1769 et
1768 1727 1880 1768 sicut
1928 1770 1930 1772 ,

1047 1799 1158 1827 onus
1173 1799 1306 1836 grave
1322 1787 1517 1837 gravatae
1534 1790 1634 1825 sunt
1651 1797 1783 1836 super
1798 1796 1879 1824 me.

1097 1843 1363 1883 Putruerunt
1387 1847 1430 1882 et
1454 1844 1677 1892 corruptae
1702 1845 1802 1880 sunt
1825 1839 1881 1880 ci-

1046 1900 1230 1939 catrices
1251 1911 1377 1947 meae,
1396 1899 1419 1922 *
1439 1910 1464 1938 a
1484 1897 1594 1937 facie
1618 1895 1880 1947 insipientiae

1045 1966 1167 1994 meae.

1097 2009 1230 2049 Miser
1241 2009 1381 2050 faetus
1391 2021 1498 2057 sum,
1511 2012 1555 2048 et
1566 2009 1772 2048 curvatus
1784 2020 1880 2047 sum

1046 2077 1187 2116 usque
1212 2065 1256 2104 in
1282 2064 1428 2105 finem:
1453 2066 1476 2090 *
1502 2068 1598 2104 tota
1624 2062 1695 2104 die
1722 2062 1878 2103 contri-

1046 2122 1187 2161 status
1206 2119 1495 2170 ingrediebar.

1098 2176 1314 2225 Quoniam
1333 2175 1469 2216 lumbi
1487 2175 1574 2216 mei
1593 2174 1761 2226 impleti
1780 2179 1880 2214 sunt

1045 2231 1334 2273 illusionibus:
1354 2233 1377 2258 *
1398 2236 1441 2272 et
1460 2244 1548 2271 non
1568 2236 1635 2272 est
1655 2230 1817 2271 sanitas
1837 2230 1880 2269 in

1046 2300 1177 2328 carne
1196 2300 1305 2328 mea.

1098 2343 1302 2384 Afflictus
1323 2356 1429 2392 sum,
1450 2347 1494 2384 et
1512 2342 1763 2383 humiliatus
1783 2354 1879 2381 sum

1046 2399 1188 2439 nimis:
1207 2401 1231 2426 *
1250 2399 1476 2449 rugiebam
1500 2412 1525 2439 a
1549 2398 1713 2449 gemitu
1733 2396 1879 2438 cordis

1047 2455 1143 2495 mei.

1097 2511 1297 2560 Domine,
1308 2516 1409 2552 ante
1419 2516 1463 2552 te
1473 2523 1603 2552 omne
1613 2507 1879 2551 desiderium

1046 2580 1208 2608 meum:
1229 2569 1252 2593 *
1273 2572 1316 2608 et
1334 2568 1521 2618 gemitus
1540 2578 1664 2607 meus
1684 2578 1709 2605 a
1727 2569 1771 2605 te
1790 2576 1878 2604 non

1047 2629 1114 2664 est
1133 2623 1430 2664 absconditus.

1100 2680 1187 2720 Cor
1205 2692 1351 2720 meum
1371 2677 1679 2720 conturbatum
1700 2680 1782 2723 est,
1806 2673 1878 2716 de-

1047 2735 1223 2786 reliquit
1240 2748 1311 2776 me
1330 2735 1468 2776 virtus
1492 2746 1604 2774 mea:
1623 2734 1646 2759 *
1670 2737 1713 2773 et
1731 2731 1878 2771 lumen
