2040 2976
471 209 539 242 Dic
569 210 619 241 1⁸.
645 208 742 248 Aug.

467 310 636 352 Eadem
654 309 749 350 Die.

196 385 238 426 S.
254 383 415 426 Glarae
431 394 462 424 a
478 382 633 424 Cruce
649 381 710 422 de
725 379 1024 422 Montefalco

510 431 714 481 Virginis.

526 507 691 550 Duplex.

250 572 386 607 Omnia
414 572 460 606 dc
486 572 631 606 Comm.
657 570 762 613 Yirg.
786 573 858 616 [83]
886 573 1026 613 praetcr

199 622 409 665 sequentia.

534 681 697 722 Oratio.

199 745 381 850 Deus,
408 753 482 806 qui
501 757 697 794 sanctam
716 749 944 801 Virginem
963 754 1026 790 tu-

301 825 372 853 am
398 810 570 852 Claram
601 807 860 855 clarificans,
893 806 936 846 in
964 805 1026 857 ip-

199 872 288 910 sius
308 870 498 920 cerpore
519 864 738 918 passienis
763 868 851 904 tuae
872 867 915 904 et
934 861 1027 902 Tri-

198 925 348 967 nitatis
366 922 575 976 mysteria
593 920 789 962 mirificis
810 919 944 969 signis
964 931 1027 959 re-

199 981 387 1023 novasti:
427 984 591 1032 praesta
627 979 895 1030 quaesumuS,
938 976 1028 1026 ejus

198 1038 404 1091 precibus
425 1042 468 1078 et
487 1035 742 1083 imitati6ne,
763 1033 825 1075 sic
839 1045 921 1074 nos
940 1038 1028 1074 tuae

199 1094 417 1148 passionis
437 1091 771 1134 amaritudinem
789 1088 1029 1139 recordari,

201 1158 248 1194 ut
283 1150 512 1192 Trinitatis
551 1147 825 1190 beatitudine
864 1145 1030 1199 perfrui

201 1209 459 1249 mereamur:
488 1205 572 1256 Qui
597 1218 695 1246 cum
718 1205 849 1246 Patre
873 1207 917 1244 et
935 1203 1029 1255 Spi-

201 1265 287 1306 ritu
325 1268 478 1305 sancto
517 1263 561 1303 in
593 1261 810 1303 Trinitate
842 1259 954 1300 vivis
988 1263 1031 1300 et

200 1333 357 1372 regnas
372 1320 494 1361 Deus
513 1332 593 1371 per
613 1318 757 1361 omnia
775 1316 937 1359 saecula
952 1328 1029 1357 sae-

200 1378 409 1419 cularum.

254 1452 300 1485 Et
324 1452 363 1484 fit
387 1460 520 1484 comm.
538 1451 736 1492 Assumpt.
759 1449 799 1483 B.
818 1450 864 1484 M.
882 1450 925 1483 V.
949 1447 1030 1490 524;

203 1499 342 1533 deinde
368 1500 402 1533 S.
428 1498 589 1541 Agapiti
613 1498 721 1531 Mart.
748 1498 839 1532 ibid.

254 1565 296 1598 In
327 1565 351 1598 Ι.
382 1564 581 1598 Nocturno
614 1563 818 1598 Lectiones
854 1563 900 1597 de
933 1562 1030 1597 Scri—

204 1619 314 1656 ptura
342 1617 574 1647 occurrente.

431 1696 481 1734 In
503 1695 553 1734 ΙΙ.
578 1695 801 1734 Nocturno.

505 1764 658 1805 Lectio
679 1763 732 1803 iv.

206 1843 289 1893 5⁴33.
319 1836 412 1877 lara
430 1835 555 1886 virgo
578 1835 621 1875 in
640 1834 909 1876 Montefalco
928 1833 1029 1875 Um-

206 1928 208 1934 .
235 1888 312 1948 5325}
338 1893 446 1934 briae
470 1890 637 1944 oppido
662 1891 849 1933 honesto
869 1892 1030 1942 genere

209 1946 300 1974 ἱ*-
335 1955 453 1998 nata,
508 1948 564 1990 ab
615 1948 890 1990 incunabulis
942 1960 1030 1989 non

204 2005 392 2048 obscura
424 2004 620 2058 praetulit
650 2004 896 2046 sanctitatis
923 2003 1030 2046 indi-

204 2063 285 2103 cia:
321 2075 420 2103 nam
454 2075 567 2115 pene
594 2061 750 2113 infans,
786 2061 847 2103 ita
877 2061 1032 2113 pietati

204 2118 353 2160 dedita
374 2119 463 2168 fuit,
489 2124 536 2160 ut
555 2117 774 2171 precibus,
796 2117 964 2169 vigiliis,
989 2123 1032 2159 et

204 2175 371 2226 jejuniis
391 2178 571 2228 Operam
592 2174 731 2225 daret,
757 2174 899 2216 somni
918 2172 1031 2215 adeo

204 2244 355 2284 parca,
373 2237 422 2273 ut
441 2244 539 2272 raro
559 2231 768 2273 lectulum
788 2229 1033 2272 dormitura

205 2287 542 2337 conscenderet,
575 2287 655 2329 sed
687 2287 808 2328 humi
839 2286 1031 2334 cubaret,

207 2344 243 2385 si
276 2343 453 2396 quando
487 2356 584 2385 eam
616 2344 758 2385 somni
790 2343 1032 2385 necessitas

206 2402 513 2454 oppressisset.
550 2400 766 2442 Arctieris
792 2400 895 2442 vitae
921 2399 1030 2441 desi-

206 2457 328 2499 derio
371 2458 415 2498 in
458 2456 709 2498 coenebium
750 2457 966 2506 virginum
1007 2468 1033 2496 a

205 2514 375 2555 Joanna
411 2515 563 2555 sorore
602 2526 680 2554 sua
716 2512 797 2554 sub
829 2513 1032 2554 instituto

206 2571 346 2612 sancti
358 2570 592 2621 Augustini
607 2582 746 2621 nuper
761 2572 1033 2610 exstructum

205 2626 457 2667 humillimis
475 2625 681 2679 precibus
698 2624 869 2666 admitti
883 2630 1033 2676 postu-

206 2683 323 2724 lavit.
356 2683 462 2724 Voti
486 2688 635 2724 autem
658 2693 843 2733 compos
867 2680 1034 2729 effecta,

208 2745 254 2780 ut
272 2752 355 2792 pro
374 2744 498 2781 tanto
517 2738 733 2780 beneficio
753 2738 851 2778 Deo
872 2738 1034 2787 gratias

790 207 824 240 S.
850 206 975 240 Clarae
1000 216 1019 239 a
1046 206 1167 239 Crucc
1193 205 1239 238 dc
1264 204 1496 238 Montcfalco
1522 204 1626 247 Virg.

1076 304 1367 357 persolveret,
1399 307 1572 355 septem
1605 300 1776 342 dierum
1806 300 1905 352 ieju-

1076 361 1195 402 nium
1211 359 1295 401 sibi
1309 359 1477 409 indixit,
1492 370 1636 410 neque
1650 355 1769 399 aliud
1784 355 1907 408 quid-

1079 430 1210 470 quam
1220 421 1384 470 praeter
1395 414 1624 457 dimidium
1634 426 1795 468 panem
1807 425 1908 454 cum

1076 486 1211 528 pomo
1237 473 1499 524 degustavit.
1535 471 1765 513 Silentium
1793 468 1907 511 adeo

1078 531 1229 579 caluit,
1257 535 1322 580 ut,
1352 543 1451 572 cum
1476 528 1613 571 semel
1631 527 1785 569 matris
1803 526 1907 568 allo-

1080 587 1266 640 quendae
1299 586 1442 639 gratia
1473 585 1582 627 illud
1613 585 1833 636 fregisset.
1864 583 1908 624 in

1079 657 1257 696 poenam
1283 643 1464 685 admissi
1487 641 1649 684 erreris
1672 640 1717 681 in
1736 651 1908 682 summo

1079 701 1240 752 frigore
1278 700 1402 741 nives
1438 698 1567 740 nudis
1603 696 1792 751 pedibus
1825 695 1908 738 cal·

1079 770 1198 806 cans,
1236 757 1402 798 centies
1439 755 1684 797 orationem
1715 752 1909 794 Domini-

1080 826 1176 855 cam
1195 812 1459 855 recitaverit.

1137 888 1189 928 R.
1219 883 1409 936 Propter
1440 881 1686 930 veritatem,
1718 884 1762 922 et
1793 892 1908 920 man-

1081 939 1374 989 suetudinem,
1401 944 1445 981 et
1468 938 1690 991 justitiam:
1717 946 1740 969 ⁸¹
1756 936 1813 978 Et
1837 935 1909 978 de-

1082 994 1215 1038 ducet
1245 1001 1289 1038 te
1326 995 1582 1037 mirabiliter
1613 993 1795 1035 dextera
1825 997 1912 1034 tua.

1085 1054 1136 1104 V.
1150 1052 1306 1106 Specie
1324 1059 1411 1103 tua,
1431 1058 1475 1094 et
1493 1049 1818 1105 pulchritudine
1836 1054 1912 1091 tua

1081 1108 1272 1160 intende,
1300 1111 1515 1163 prespere
1538 1105 1748 1161 procede,
1777 1111 1820 1148 et
1846 1118 1910 1147 re-

1082 1179 1177 1217 gna.
1205 1166 1272 1208 Et.
1830 1165 1834 1168 ’

1395 1234 1547 1276 Lectio
1568 1248 1605 1274 v.

1188 1312 1313 1352 ortua
1334 1311 1504 1359 sorere,
1525 1307 1715 1351 coenobii
1732 1306 1911 1349 admini-

1209 1367 1471 1409 stratienem
1494 1368 1744 1419 repugnans
1770 1364 1912 1405 susce—

1082 1424 1158 1476 pit,
1174 1423 1458 1475 omniumque
1474 1422 1686 1464 virtutum
1701 1419 1913 1473 exemplis

1084 1480 1243 1522 ceteris
1263 1479 1503 1531 virginibus
1524 1477 1742 1532 praeluxit.
1768 1477 1912 1518 Incre-

1085 1536 1208 1579 dibili
1221 1537 1303 1578 fuit
1318 1535 1592 1586 abstinentia,
1610 1546 1725 1588 pane
1740 1538 1784 1575 et
1799 1545 1914 1586 aqua

1084 1594 1332 1643 dumtaxat,
1358 1593 1494 1646 idque
1514 1591 1651 1634 semel
1672 1592 1717 1632 in
1736 1590 1825 1640 die,
1852 1589 1912 1630 vi—

1082 1657 1173 1693 tam
1204 1651 1413 1701 telerans3
1451 1653 1611 1703 aspero
1643 1647 1786 1690 cilicio
1819 1659 1912 1689 cor-

1082 1721 1166 1760 pus
1185 1707 1388 1757 domans,
1414 1705 1596 1758 singulis
1614 1704 1820 1747 noctibus
1838 1703 1912 1745 fla-

1082 1764 1209 1816 gellis
1241 1777 1288 1806 se
1320 1762 1590 1806 cruentabat.
1648 1761 1803 1803 Plures
1834 1771 1915 1813 per

1083 1834 1223 1863 annos
1250 1820 1521 1873 gravissimis
1549 1818 1717 1860 morbis
1745 1818 1914 1866 vexata,

1084 1877 1323 1931 aliquando
1345 1877 1477 1919 etiam
1495 1889 1521 1917 a
1541 1873 1818 1918 daemenibus
1837 1871 1914 1914 du-

1084 1935 1189 1977 riter
1214 1947 1346 1983 caesa,
1371 1933 1479 1975 nihil
1502 1931 1558 1974 de
1578 1932 1791 1974 consueto
1810 1929 1914 1971 vitae

1084 1991 1229 2042 rigere
1245 1990 1423 2032 remisit.
1446 1989 1564 2040 Erga
1582 1990 1804 2041 pauperes
1823 1989 1914 2027 tan-

1084 2053 1130 2090 ta
1163 2048 1345 2090 caritate
1378 2045 1595 2098 flagravit,
1634 2049 1684 2086 ut
1715 2045 1913 2096 saepenu-

1085 2117 1208 2146 mero
1236 2104 1337 2146 illos
1361 2102 1561 2145 vestibus
1585 2099 1805 2149 indueret,
1833 2111 1915 2140 nec

1086 2174 1352 2214 quemquam
1398 2159 1454 2202 ab
1501 2159 1615 2201 estio
1658 2155 1916 2199 monasterii

1085 2220 1271 2260 vacuum
1290 2217 1413 2260 abire
1432 2217 1668 2270 pateretur.
1699 2213 1915 2255 Doctrina

1085 2273 1293 2316 divinitus
1308 2273 1460 2322 infusa,
1478 2271 1788 2313 haereticarum
1805 2268 1915 2310 falsa

1086 2329 1295 2382 degmata
1307 2328 1561 2378 confutavit,
1576 2340 1628 2369 ac
1637 2324 1915 2380 philesophis

1087 2387 1355 2439 quaestiones
1375 2385 1610 2427 altissimas
1629 2381 1914 2436 proponenti-

1085 2443 1168 2485 bus
1183 2443 1404 2485 satisfecit.
1427 2441 1566 2483 Multa
1581 2438 1788 2482 exstinxit
1803 2437 1915 2488 adia,

1087 2505 1131 2542 et
1151 2499 1361 2541 mortales
1375 2497 1624 2540 inimicitias
1641 2494 1822 2544 sedavit,
1840 2507 1915 2546 pa-

1086 2558 1271 2608 cemque
1316 2555 1429 2597 inter
1473 2553 1681 2595 finitimos
1724 2550 1916 2604 pepulos

1087 2612 1346 2654 conciliavit.

1143 2686 1193 2737 R.
1221 2679 1426 2722 Dilexisti
1453 2678 1677 2732 justitiam,
1711 2681 1755 2718 et
1782 2674 1916 2718 odisti

1086 2737 1379 2790 iniquitatem:
1402 2738 1425 2762 *
1453 2736 1698 2788 Propterea
1722 2732 1847 2774 unxit
1870 2735 1915 2773 te
