2040 2976
748 203 856 236 Fcria
884 201 993 235 tertia
1021 199 1068 233 ud
1095 199 1297 240 Vesperas.

232 301 356 341 Tunc
381 296 634 350 acceptabis
661 295 925 337 sacrificium
948 295 1005 345 ju-

182 357 325 404 stitiae‚
345 354 603 402 oblationes,
623 358 667 394 et
686 351 965 393 holocausta:
982 350 1005 374 *

181 419 285 454 tunc
312 412 539 463 imponent
567 422 699 461 super
725 408 863 448 altare
883 412 1006 446 tuum

182 467 354 509 vitulos.

222 541 347 574 Finito
372 538 536 574 Psalmo,
563 536 702 570 dieitur

230 587 277 638 Y'.
309 587 499 628 Domine
523 586 642 627 Deus
666 585 877 625 virtutum
906 594 1006 623 con-

182 646 303 685 verte
331 655 423 684 nos.
474 644 523 695 R.
554 642 610 682 Et
639 639 824 682 ostende
852 638 1006 679 faciem

181 706 311 749 tuam,
340 704 383 741 et
403 699 511 740 salvi
531 698 703 739 erimus.

231 756 279 807 Y'.
310 760 509 810 Exsurge
531 758 715 806 Christe,
739 756 895 808 adjuva
915 767 1006 795 nos.

182 818 230 868 R.
265 816 321 857 Et
353 815 491 857 libera
523 827 603 855 nos
636 818 818 866 propter
848 823 1006 852 nomen

182 878 316 914 tuum.

231 931 280 981 Y.
303 933 399 973 Dfie
415 930 574 972 exaudi
591 929 837 971 oraticnem
855 940 1007 968 meam.

181 991 229 1041 Ra
260 989 317 1029 Et
336 988 502 1029 clamor
520 999 642 1027 meus
663 985 719 1026 ad
739 990 782 1026 te
802 985 958 1025 veniat.

234 1047 282 1097 Υ.
318 1048 533 1089 D6minus
570 1046 809 1087 vobiscum.
860 1044 910 1094 R.
952 1045 1009 1085 Et

184 1118 282 1146 cum
310 1103 466 1156 spiritu
494 1108 581 1144 tuo.

236 1175 385 1209 Oratio.
423 1173 577 1216 quando
612 1172 767 1215 propria
803 1181 878 1204 non
912 1169 1006 1203 assi-

181 1228 332 1267 gnatur.
369 1222 507 1255 dicitur
537 1220 582 1254 dc
614 1220 722 1253 Dom.
754 1218 935 1262 praeced,
968 1222 1007 1250 ut

181 1272 343 1305 habetur
370 1270 406 1302 in
432 1269 593 1311 Proprio
620 1268 665 1301 dc
692 1267 892 1309 Tempore.

232 1325 318 1357 Ant.
358 1332 441 1355 cuni
473 1320 531 1353 l's.
563 1329 714 1361 semper
745 1318 923 1351 dicuntur
959 1317 1006 1350 ad

182 1372 295 1414 Vesp.
332 1371 366 1403 in
400 1369 504 1402 Offic.
531 1368 611 1401 fer..
644 1372 683 1400 ut
712 1366 772 1399 hic
806 1366 841 1398 in
873 1365 1006 1398 Psult.:

185 1420 322 1463 Hymni
349 1427 439 1451 vcro
467 1416 514 1449 ab
540 1417 686 1448 Octava
708 1414 859 1447 Pentec.
885 1423 1007 1455 usque

183 1468 230 1501 ad
256 1467 491 1500 Adventum:
522 1464 608 1496 Ant.
639 1467 764 1496 autem
789 1462 837 1495 ud
863 1461 1007 1504 Magni-

183 1517 269 1549 ticat
293 1514 429 1548 eodem
452 1518 632 1553 tempore.

240 1680 389 1721 Feria
416 1679 574 1721 tertia
603 1679 669 1720 ad
695 1680 961 1731 vesperas.

238 1749 336 1788 Ant.
371 1750 422 1789 In
441 1748 621 1790 domum
638 1750 828 1790 Demini.

452 1815 648 1855 psalmus
669 1816 745 1854 121.

197 1879 213 1914 ,·’
236 1878 583 1937 4<†,.i,1amt11ssum
600 1875 643 1915 in
663 1874 747 1924 his,
778 1888 876 1927 quae
897 1875 1016 1918 dicta

328 1935 428 1971 sunt
455 1931 575 1971 mihi:
599 1932 623 1957 '⁸‘
648 1932 691 1972 in
724 1931 902 1973 domum
930 1933 1017 1973 Do-

262 1988 265 1989 ’
302 1996 303 2004 ’
328 1986 431 2026 mini
450 1986 620 2028 ibimus.

246 2042 420 2083 Stantes
449 2048 571 2084 erant
597 2043 734 2095 pedes
763 2045 914 2093 nostri,
933 2046 956 2071 *
975 2045 1018 2085 in

195 2098 316 2139 atriis
336 2099 422 2139 tuis
441 2099 693 2140 Jer1'1salem.

248 2153 273 2194 J
275 2154 501 2204 ernsalem,
520 2167 618 2206 quae
636 2156 879 2198 aedificatur
896 2162 945 2198 ut
965 2159 1019 2198 ci-

196 2209 323 2250 vitas:
348 2210 372 2235 *
401 2211 520 2261 cujus
548 2212 828 2264 participatio
858 2214 948 2265 ejus
976 2213 1019 2253 in

196 2265 398 2317 idipsum.

249 2320 360 2362 Illuc
394 2322 508 2362 enim
542 2323 834 2365 ascenderunt
867 2324 1021 2373 tribus,

198 2376 340 2417 tribus
364 2377 558 2418 Demini:
586 2379 609 2403 *
638 2380 937 2421 testimenium
961 2381 1021 2420 Is-

198 2428 289 2469 rael
311 2428 367 2469 ad
385 2429 680 2471 confitendum
699 2432 863 2472 nomini
886 2432 982 2472 Dfii.

252 2485 363 2534 Quia
391 2484 481 2525 illic
510 2485 718 2527 sederunt
746 2487 874 2528 sedes
899 2488 943 2527 in
965 2489 1022 2539 ju-

200 2539 328 2589 dicio,
344 2541 367 2565 *
382 2541 511 2582 sedes
528 2554 659 2593 super
675 2542 853 2583 domum
869 2543 1024 2584 David.

252 2597 426 2647 Rogate
454 2610 553 2648 quae
582 2597 638 2638 ad
662 2611 815 2650 pacem
838 2604 938 2640 sunt
959 2599 1024 2640 Je-

203 2652 406 2751 ἱίιεεΙεπιε
421 2654 444 2678 *
462 2658 505 2694 et
524 2652 790 2695 abundantia
811 2654 1025 2706 diligenti-

232 2723 283 2750 us
302 2714 362 2750 te:

1110 292 1208 332 Fiat
1236 303 1324 343 pax
1345 290 1389 330 in
1408 290 1571 331 virtute
1589 294 1680 330 tua:
1699 290 1723 315 *
1744 293 1787 330 et
1814 288 1887 330 ab·

1059 347 1270 389 undantia
1290 347 1333 387 in
1355 345 1550 396 turribus
1569 345 1668 386 tuis.

1110 404 1300 456 Propter
1321 403 1478 443 fratres
1501 414 1643 451 meos,
1672 406 1716 443 et
1741 401 1888 454 proxi-

1059 473 1156 501 mos
1171 471 1307 508 meos,
1320 459 1343 484 *
1359 457 1575 509 loquebar
1590 470 1744 510 pacem
1760 457 1816 499 de
1830 462 1890 498 te:

1111 517 1299 567 Propter
1322 514 1503 555 domum
1517 514 1698 555 Demini
1711 513 1796 555 Dei
1814 525 1890 555 no-

1060 573 1151 622 stri,
1170 573 1193 597 *
1214 571 1397 623 quaesivi
1417 570 1534 612 bona
1554 569 1647 611 tibi.

1111 632 1211 672 Ant.
1247 629 1298 668 In
1327 627 1506 668 domum
1535 627 1714 668 Domini
1741 626 1890 667 laetan-

1060 690 1127 726 tes
1147 684 1319 725 ibimus.

1115 745 1214 784 Ant.
1244 740 1329 791 Qui
1348 739 1532 780 habitas.

1320 797 1520 838 Psalmus
1547 798 1629 837 122.

1128 853 1162 898 ¹d
1189 858 1234 894 te
1260 852 1405 894 levavi
1434 852 1587 893 oculos
1613 863 1755 900 meos,
1773 850 1797 876 *
1817 849 1892 901 qui

1165 909 1338 951 habitas
1366 908 1411 949 in
1435 908 1572 949 coelis.

1112 967 1229 1008 Ecce
1258 966 1372 1006 sicut
1401 964 1517 1006 oculi
1543 965 1787 1012 servorum,
1806 963 1831 988 ¹⁸¹
1850 962 1895 1002 in

1061 1022 1263 1064 manibus
1286 1022 1566 1063 dominorum
1583 1021 1774 1068 suorum,

1114 1080 1237 1121 Sicut
1269 1078 1387 1119 oculi
1415 1077 1588 1119 ancillae
1620 1077 1665 1117 in
1691 1075 1894 1116 manibus

1064 1136 1256 1178 dominae
1284 1147 1392 1175 suae:
1411 1134 1435 1160 *
1454 1134 1516 1175 ita
1541 1132 1659 1174 oculi
1676 1131 1818 1173 nostri
1838 1130 1895 1172 ad

1063 1192 1303 1234 Dominum
1336 1191 1481 1232 Deum
1515 1194 1718 1231 nostrum
1755 1187 1896 1229 donec

1063 1249 1326 1290 misereatur
1345 1247 1498 1288 nostri.

1117 1305 1327 1346 Miserere
1358 1303 1501 1344 nostri
1528 1301 1736 1350 D6mine,
1766 1300 1894 1341 mise-

1065 1364 1162 1403 rere
1183 1360 1342 1402 nostri:
1361 1360 1384 1386 *
1405 1359 1507 1411 quia
1528 1357 1715 1399 multum
1736 1356 1896 1409 repleti

1066 1431 1216 1459 sumus
1238 1416 1542 1468 despectione:

1119 1474 1232 1523 Quia
1259 1472 1447 1514 multum
1474 1471 1645 1524 repleta
1665 1474 1732 1511 est
1754 1469 1899 1510 anima

1068 1535 1234 1572 nostra:
1262 1530 1286 1555 *
1315 1527 1606 1581 opprObrium
1639 1525 1898 1567 abundanti—

1067 1587 1160 1637 bus,
1189 1590 1233 1627 et
1252 1585 1480 1638 despectio
1501 1582 1716 1636 superbis.

1119 1645 1219 1685 Ant.
1249 1642 1337 1692 Qui
1355 1641 1529 1682 habitas
1549 1640 1594 1680 in
1613 1638 1750 1688 coelis,
1770 1637 1899 1679 mise-

1068 1701 1165 1740 rere
1183 1697 1324 1739 nobis.

1119 1757 1218 1797 Ant.
1252 1754 1544 1806 Adiutorium.

1328 1811 1527 1852 Psalmus
1552 1811 1636 1851 123.

1165 1868 1219 1909 isi
1248 1867 1350 1919 quia
1377 1866 1596 1907 Dominus
1632 1869 1726 1906 erat
1754 1864 1800 1905 in
1827 1876 1900 1905 no-

1181 1924 1267 1973 bis,
1296 1923 1415 1964 dicat
1443 1935 1559 1963 nunc
1584 1921 1737 1963 Israel:
1765 1921 1789 1947 *
1816 1919 1902 1960 nisi

1073 1981 1175 2033 quia
1194 1980 1412 2021 D6minus
1433 1983 1527 2020 erat
1546 1978 1590 2018 in
1608 1977 1749 2026 nobis,

1124 2039 1234 2080 Cum
1246 2039 1533 2087 exsurgerent
1542 2034 1744 2075 hemines
1755 2033 1799 2074 in
1810 2045 1903 2082 nos,

1072 2097 1094 2122 *
1114 2096 1227 2136 forte
1247 2094 1373 2135 vivos
1394 2091 1686 2143 deglutissent
1705 2102 1804 2130 nos:

1125 2151 1234 2192 Cum
1253 2150 1518 2191 irasceretur
1544 2147 1665 2187 furor
1686 2147 1840 2187 e6rum
1858 2146 1903 2186 in

1072 2221 1170 2257 nos,
1195 2208 1219 2233 *
1241 2205 1426 2247 forsitan
1454 2215 1569 2255 aqua
1597 2201 1904 2244 absorbuisset

1073 2277 1165 2305 nos.

1125 2320 1389 2361 Torrentem
1434 2315 1719 2369 pertransivit
1760 2315 1904 2356 anima

1074 2381 1243 2417 nostra:
1263 2375 1287 2401 *
1307 2373 1491 2415 fersitan
1521 2373 1835 2424 pertransisset
1863 2372 1904 2411 a·

1075 2433 1192 2473 nima
1211 2436 1364 2473 nostra
1388 2442 1547 2480 aquarn
1572 2427 1905 2485 intolerabilem.

1128 2487 1396 2529 Benedictus
1415 2485 1632 2526 DOminus
1660 2484 1684 2509 *
1714 2483 1789 2534 qui
1816 2495 1905 2523 non

1077 2544 1200 2585 dedit
1228 2556 1320 2592 nos,
1348 2543 1392 2583 in
1420 2541 1672 2594 captic'mem
1701 2538 1905 2580 dentibus

1078 2602 1240 2641 eOrum.

1130 2656 1287 2696 Anima
1316 2660 1467 2696 nostra
1496 2654 1610 2695 sicut
1637 2664 1790 2704 passer
1817 2652 1905 2692 ere-

1078 2716 1155 2764 pta
1183 2717 1249 2752 est
1269 2713 1291 2737 *
1311 2711 1366 2753 de
1394 2711 1553 2762 laqueo
1581 2709 1849 2750 venantium:
