<?xml version="1.0" encoding="UTF-8"?>
<!DOCTYPE html PUBLIC "-//W3C//DTD XHTML 1.0 Transitional//EN"
    "http://www.w3.org/TR/xhtml1/DTD/xhtml1-transitional.dtd">
<html xmlns="http://www.w3.org/1999/xhtml" xml:lang="en" lang="en">
 <head>
  <title>
</title>
<meta http-equiv="Content-Type" content="text/html;charset=utf-8" />
  <meta name='ocr-system' content='tesseract 3.04.00' />
  <meta name='ocr-capabilities' content='ocr_page ocr_carea ocr_par ocr_line ocrx_word'/>
</head>
<body>
  <div class='ocr_page' id='page_1' title='image "./p3breviariumroma00cathuoft_0430.png"; bbox 0 0 2040 2976; ppageno 0'>
   <div class='ocr_carea' id='block_1_1' title="bbox 585 206 1467 247">
    <p class='ocr_par' dir='ltr' id='par_1_1' title="bbox 585 206 1467 247">
     <span class='ocr_line' id='line_1_1' title="bbox 585 206 1467 247; baseline 0 -8"><span class='ocrx_word' id='word_1_1' title='bbox 585 207 725 247; x_wconf 78' lang='lat' dir='ltr'>Quinta</span> <span class='ocrx_word' id='word_1_2' title='bbox 752 208 813 241; x_wconf 77' lang='lat' dir='ltr'>die</span> <span class='ocrx_word' id='word_1_3' title='bbox 845 208 942 240; x_wconf 83' lang='lat' dir='ltr'>infra</span> <span class='ocrx_word' id='word_1_4' title='bbox 969 206 1048 240; x_wconf 81' lang='lat' dir='ltr'>Oct.</span> <span class='ocrx_word' id='word_1_5' title='bbox 1075 206 1131 240; x_wconf 69' lang='lat' dir='ltr'>Ss.</span> <span class='ocrx_word' id='word_1_6' title='bbox 1157 206 1258 240; x_wconf 77' lang='lat' dir='ltr'>Petri</span> <span class='ocrx_word' id='word_1_7' title='bbox 1285 211 1321 240; x_wconf 84' lang='lat' dir='ltr'>ct</span> <span class='ocrx_word' id='word_1_8' title='bbox 1345 206 1467 240; x_wconf 81' lang='lat' dir='ltr'>Pauli.</span> 
     </span>
    </p>
   </div>
   <div class='ocr_carea' id='block_1_2' title="bbox 167 302 1004 684">
    <p class='ocr_par' dir='ltr' id='par_1_2' title="bbox 167 302 1004 512">
     <span class='ocr_line' id='line_1_2' title="bbox 227 302 1001 355; baseline -0.005 -9"><span class='ocrx_word' id='word_1_9' title='bbox 227 306 294 346; x_wconf 78' lang='lat' dir='ltr'>Ad</span> <span class='ocrx_word' id='word_1_10' title='bbox 330 306 501 355; x_wconf 78' lang='lat' dir='ltr'>Magnis.</span> <span class='ocrx_word' id='word_1_11' title='bbox 545 306 643 344; x_wconf 84' lang='lat' dir='ltr'>Ant.</span> <span class='ocrx_word' id='word_1_12' title='bbox 697 304 849 343; x_wconf 86' lang='lat' dir='ltr'>Petrus</span> <span class='ocrx_word' id='word_1_13' title='bbox 882 302 1001 354; x_wconf 92' lang='lat' dir='ltr'>Apo-</span> 
     </span>
     <span class='ocr_line' id='line_1_3' title="bbox 170 357 1004 406; baseline 0.001 -8"><span class='ocrx_word' id='word_1_14' title='bbox 170 357 327 406; x_wconf 88' lang='lat' dir='ltr'>stolus,</span> <span class='ocrx_word' id='word_1_15' title='bbox 360 358 384 383; x_wconf 87' lang='lat'>*</span> <span class='ocrx_word' id='word_1_16' title='bbox 417 362 461 398; x_wconf 93' lang='lat' dir='ltr'>et</span> <span class='ocrx_word' id='word_1_17' title='bbox 492 357 655 399; x_wconf 86' lang='lat' dir='ltr'>Paulus</span> <span class='ocrx_word' id='word_1_18' title='bbox 687 358 858 399; x_wconf 90' lang='lat' dir='ltr'>Doctor</span> <span class='ocrx_word' id='word_1_19' title='bbox 891 358 1004 399; x_wconf 89' lang='lat' dir='ltr'>Gen-</span> 
     </span>
     <span class='ocr_line' id='line_1_4' title="bbox 168 413 1004 466; baseline 0 -10"><span class='ocrx_word' id='word_1_20' title='bbox 168 414 294 463; x_wconf 91' lang='lat' dir='ltr'>tium,</span> <span class='ocrx_word' id='word_1_21' title='bbox 334 414 419 466; x_wconf 90' lang='lat' dir='ltr'>ipsi</span> <span class='ocrx_word' id='word_1_22' title='bbox 456 427 538 455; x_wconf 89' lang='lat' dir='ltr'>nos</span> <span class='ocrx_word' id='word_1_23' title='bbox 580 413 827 456; x_wconf 87' lang='lat' dir='ltr'>docuerunt</span> <span class='ocrx_word' id='word_1_24' title='bbox 861 415 1004 466; x_wconf 90' lang='lat' dir='ltr'>legem</span> 
     </span>
     <span class='ocr_line' id='line_1_5' title="bbox 167 470 510 512; baseline -0.003 0"><span class='ocrx_word' id='word_1_25' title='bbox 167 475 288 512; x_wconf 89' lang='lat' dir='ltr'>tuam</span> <span class='ocrx_word' id='word_1_26' title='bbox 309 470 510 512; x_wconf 88' lang='lat' dir='ltr'>Domine.</span> 
     </span>
    </p>

    <p class='ocr_par' dir='ltr' id='par_1_3' title="bbox 168 527 1003 684">
     <span class='ocr_line' id='line_1_6' title="bbox 223 527 1003 582; baseline 0.003 -14"><span class='ocrx_word' id='word_1_27' title='bbox 223 530 272 581; x_wconf 50' lang='lat' dir='ltr'>y&lt;</span> <span class='ocrx_word' id='word_1_28' title='bbox 302 527 556 569; x_wconf 87' lang='lat' dir='ltr'>Constitues</span> <span class='ocrx_word' id='word_1_29' title='bbox 586 540 664 569; x_wconf 91' lang='lat' dir='ltr'>eos</span> <span class='ocrx_word' id='word_1_30' title='bbox 687 529 910 582; x_wconf 86' lang='lat' dir='ltr'>principes</span> <span class='ocrx_word' id='word_1_31' title='bbox 936 542 1003 570; x_wconf 93' lang='lat' dir='ltr'>su-</span> 
     </span>
     <span class='ocr_line' id='line_1_7' title="bbox 168 586 1003 636; baseline 0.001 -11"><span class='ocrx_word' id='word_1_32' title='bbox 168 597 248 636; x_wconf 92' lang='lat' dir='ltr'>per</span> <span class='ocrx_word' id='word_1_33' title='bbox 277 597 452 626; x_wconf 91' lang='lat' dir='ltr'>omnem</span> <span class='ocrx_word' id='word_1_34' title='bbox 480 590 654 626; x_wconf 89' lang='lat' dir='ltr'>terram.</span> <span class='ocrx_word' id='word_1_35' title='bbox 704 591 755 630; x_wconf 66' lang='lat' dir='ltr'>R.</span> <span class='ocrx_word' id='word_1_36' title='bbox 782 586 1003 627; x_wconf 90' lang='lat' dir='ltr'>Memores</span> 
     </span>
     <span class='ocr_line' id='line_1_8' title="bbox 169 634 803 684; baseline 0.002 -2"><span class='ocrx_word' id='word_1_37' title='bbox 169 646 295 683; x_wconf 93' lang='lat' dir='ltr'>erunt</span> <span class='ocrx_word' id='word_1_38' title='bbox 313 641 501 682; x_wconf 89' lang='lat' dir='ltr'>nominis</span> <span class='ocrx_word' id='word_1_39' title='bbox 520 642 584 684; x_wconf 91' lang='lat' dir='ltr'>tui</span> <span class='ocrx_word' id='word_1_40' title='bbox 603 634 803 683; x_wconf 83' lang='lat' dir='ltr'>Domine.</span> 
     </span>
    </p>
   </div>
   <div class='ocr_carea' id='block_1_3' title="bbox 167 713 1004 1104">
    <p class='ocr_par' dir='ltr' id='par_1_4' title="bbox 167 713 1004 1104">
     <span class='ocr_line' id='line_1_9' title="bbox 507 713 671 753; baseline 0 0"><span class='ocrx_word' id='word_1_41' title='bbox 507 713 671 753; x_wconf 79' lang='lat' dir='ltr'>Oratio.</span> 
     </span>
     <span class='ocr_line' id='line_1_10' title="bbox 171 763 1003 870; baseline 0.002 -62"><span class='ocrx_word' id='word_1_42' title='bbox 171 763 356 870; x_wconf 79' lang='lat' dir='ltr'>DeuS,</span> <span class='ocrx_word' id='word_1_43' title='bbox 377 768 451 820; x_wconf 91' lang='lat' dir='ltr'>qui</span> <span class='ocrx_word' id='word_1_44' title='bbox 470 767 730 810; x_wconf 89' lang='lat' dir='ltr'>hodiernam</span> <span class='ocrx_word' id='word_1_45' title='bbox 749 766 865 810; x_wconf 93' lang='lat' dir='ltr'>diem</span> <span class='ocrx_word' id='word_1_46' title='bbox 885 768 1003 821; x_wconf 91' lang='lat' dir='ltr'>Apo-</span> 
     </span>
     <span class='ocr_line' id='line_1_11' title="bbox 264 824 1004 867; baseline 0 -1"><span class='ocrx_word' id='word_1_47' title='bbox 264 824 480 866; x_wconf 91' lang='lat' dir='ltr'>stolorum</span> <span class='ocrx_word' id='word_1_48' title='bbox 495 827 673 866; x_wconf 91' lang='lat' dir='ltr'>tuorum</span> <span class='ocrx_word' id='word_1_49' title='bbox 685 825 806 866; x_wconf 92' lang='lat' dir='ltr'>Petri</span> <span class='ocrx_word' id='word_1_50' title='bbox 821 830 864 867; x_wconf 91' lang='lat' dir='ltr'>et</span> <span class='ocrx_word' id='word_1_51' title='bbox 879 825 1004 866; x_wconf 91' lang='lat' dir='ltr'>Pauli</span> 
     </span>
     <span class='ocr_line' id='line_1_12' title="bbox 167 881 1003 934; baseline 0 -12"><span class='ocrx_word' id='word_1_52' title='bbox 167 881 378 934; x_wconf 71' lang='lat' dir='ltr'>mart5⁷rio</span> <span class='ocrx_word' id='word_1_53' title='bbox 404 881 690 923; x_wconf 67' lang='lat' dir='ltr'>consecrasti:</span> <span class='ocrx_word' id='word_1_54' title='bbox 715 881 772 923; x_wconf 91' lang='lat' dir='ltr'>da</span> <span class='ocrx_word' id='word_1_55' title='bbox 791 881 1003 923; x_wconf 78' lang='lat' dir='ltr'>Ecclesiae</span> 
     </span>
     <span class='ocr_line' id='line_1_13' title="bbox 168 938 1002 991; baseline -0.001 -11"><span class='ocrx_word' id='word_1_56' title='bbox 168 944 269 988; x_wconf 89' lang='lat' dir='ltr'>tuae,</span> <span class='ocrx_word' id='word_1_57' title='bbox 287 940 441 980; x_wconf 91' lang='lat' dir='ltr'>eorum</span> <span class='ocrx_word' id='word_1_58' title='bbox 460 938 504 979; x_wconf 94' lang='lat' dir='ltr'>in</span> <span class='ocrx_word' id='word_1_59' title='bbox 524 938 727 980; x_wconf 91' lang='lat' dir='ltr'>omnibus</span> <span class='ocrx_word' id='word_1_60' title='bbox 748 939 873 991; x_wconf 92' lang='lat' dir='ltr'>sequi</span> <span class='ocrx_word' id='word_1_61' title='bbox 891 951 1002 991; x_wconf 90' lang='lat' dir='ltr'>prae-</span> 
     </span>
     <span class='ocr_line' id='line_1_14' title="bbox 169 995 1002 1048; baseline 0 -12"><span class='ocrx_word' id='word_1_62' title='bbox 169 997 362 1048; x_wconf 88' lang='lat' dir='ltr'>ceptum,</span> <span class='ocrx_word' id='word_1_63' title='bbox 395 1007 476 1048; x_wconf 92' lang='lat' dir='ltr'>per</span> <span class='ocrx_word' id='word_1_64' title='bbox 506 1007 618 1047; x_wconf 87' lang='lat' dir='ltr'>quos</span> <span class='ocrx_word' id='word_1_65' title='bbox 643 995 865 1047; x_wconf 87' lang='lat' dir='ltr'>religionis</span> <span class='ocrx_word' id='word_1_66' title='bbox 890 1009 1002 1036; x_wconf 90' lang='lat' dir='ltr'>sum-</span> 
     </span>
     <span class='ocr_line' id='line_1_15' title="bbox 167 1051 900 1104; baseline 0 -12"><span class='ocrx_word' id='word_1_67' title='bbox 167 1052 257 1104; x_wconf 87' lang='lat' dir='ltr'>psit</span> <span class='ocrx_word' id='word_1_68' title='bbox 277 1051 519 1093; x_wconf 88' lang='lat' dir='ltr'>exordium.</span> <span class='ocrx_word' id='word_1_69' title='bbox 547 1052 632 1093; x_wconf 91' lang='lat' dir='ltr'>Per</span> <span class='ocrx_word' id='word_1_70' title='bbox 651 1052 900 1094; x_wconf 85' lang='lat' dir='ltr'>Dominum.</span> 
     </span>
    </p>
   </div>
   <div class='ocr_carea' id='block_1_4' title="bbox 281 1129 947 1310">
    <p class='ocr_par' dir='ltr' id='par_1_5' title="bbox 281 1129 947 1310">
     <span class='ocr_line' id='line_1_16' title="bbox 452 1129 725 1189; baseline 0 -1"><span class='ocrx_word' id='word_1_71' title='bbox 452 1147 536 1189; x_wconf 71' lang='lat' dir='ltr'>Die</span> <span class='ocrx_word' id='word_1_72' title='bbox 555 1148 592 1188; x_wconf 88' lang='lat'>3.</span> <span class='ocrx_word' id='word_1_73' title='bbox 612 1129 725 1189; x_wconf 68' lang='lat' dir='ltr'>Julii.</span> 
     </span>
     <span class='ocr_line' id='line_1_17' title="bbox 281 1212 898 1260; baseline 0.01 -11"><span class='ocrx_word' id='word_1_74' title='bbox 281 1212 440 1260; x_wconf 77' lang='lat' dir='ltr'>Quinta</span> <span class='ocrx_word' id='word_1_75' title='bbox 462 1212 532 1254; x_wconf 80' lang='lat' dir='ltr'>die</span> <span class='ocrx_word' id='word_1_76' title='bbox 556 1213 664 1253; x_wconf 84' lang='lat' dir='ltr'>infra</span> <span class='ocrx_word' id='word_1_77' title='bbox 686 1214 898 1255; x_wconf 74' lang='lat' dir='ltr'>Octavam</span> 
     </span>
     <span class='ocr_line' id='line_1_18' title="bbox 347 1268 947 1310; baseline 0.002 -1"><span class='ocrx_word' id='word_1_78' title='bbox 347 1269 416 1310; x_wconf 84' lang='lat' dir='ltr'>Ss.</span> <span class='ocrx_word' id='word_1_79' title='bbox 441 1268 580 1309; x_wconf 78' lang='lat' dir='ltr'>Petri</span> <span class='ocrx_word' id='word_1_80' title='bbox 606 1276 649 1310; x_wconf 81' lang='lat' dir='ltr'>et</span> <span class='ocrx_word' id='word_1_81' title='bbox 673 1268 829 1310; x_wconf 76' lang='lat' dir='ltr'>Pauli.</span> <span class='ocrx_word' id='word_1_82' title='bbox 945 1271 947 1273; x_wconf 82' lang='grc'><strong>’</strong></span> 
     </span>
    </p>
   </div>
   <div class='ocr_carea' id='block_1_5' title="bbox 167 1334 1004 2788">
    <p class='ocr_par' dir='ltr' id='par_1_6' title="bbox 170 1334 1003 1485">
     <span class='ocr_line' id='line_1_19' title="bbox 223 1334 1003 1372; baseline 0.006 -5"><span class='ocrx_word' id='word_1_83' title='bbox 223 1334 262 1367; x_wconf 92' lang='lat' dir='ltr'>ln</span> <span class='ocrx_word' id='word_1_84' title='bbox 295 1334 319 1367; x_wconf 89' lang='lat' dir='ltr'>I.</span> <span class='ocrx_word' id='word_1_85' title='bbox 351 1334 551 1369; x_wconf 71' lang='lat' dir='ltr'>Nocturno</span> <span class='ocrx_word' id='word_1_86' title='bbox 589 1335 792 1371; x_wconf 79' lang='lat' dir='ltr'>Lectiones</span> <span class='ocrx_word' id='word_1_87' title='bbox 826 1338 872 1371; x_wconf 90' lang='lat' dir='ltr'>de</span> <span class='ocrx_word' id='word_1_88' title='bbox 905 1339 1003 1372; x_wconf 74' lang='lat' dir='ltr'>Scri-</span> 
     </span>
     <span class='ocr_line' id='line_1_20' title="bbox 170 1387 542 1425; baseline 0.005 -10"><span class='ocrx_word' id='word_1_89' title='bbox 170 1387 282 1425; x_wconf 79' lang='lat' dir='ltr'>ptura</span> <span class='ocrx_word' id='word_1_90' title='bbox 309 1388 542 1417; x_wconf 73' lang='lat' dir='ltr'>occurrente.</span> 
     </span>
     <span class='ocr_line' id='line_1_21' title="bbox 400 1444 775 1485; baseline 0.008 -3"><span class='ocrx_word' id='word_1_91' title='bbox 400 1444 448 1483; x_wconf 93' lang='lat' dir='ltr'>In</span> <span class='ocrx_word' id='word_1_92' title='bbox 474 1444 524 1483; x_wconf 89' lang='grc' dir='ltr'>ΙΙ.</span> <span class='ocrx_word' id='word_1_93' title='bbox 550 1445 775 1485; x_wconf 76' lang='lat' dir='ltr'>Nocturno.</span> 
     </span>
    </p>

    <p class='ocr_par' dir='ltr' id='par_1_7' title="bbox 172 1501 1002 1653">
     <span class='ocr_line' id='line_1_22' title="bbox 172 1501 1002 1554; baseline 0.001 -12"><span class='ocrx_word' id='word_1_94' title='bbox 172 1504 236 1543; x_wconf 89' lang='lat' dir='ltr'>De</span> <span class='ocrx_word' id='word_1_95' title='bbox 259 1501 471 1543; x_wconf 91' lang='lat' dir='ltr'>Sermone</span> <span class='ocrx_word' id='word_1_96' title='bbox 502 1501 644 1543; x_wconf 89' lang='lat' dir='ltr'>sancti</span> <span class='ocrx_word' id='word_1_97' title='bbox 667 1501 830 1543; x_wconf 91' lang='lat' dir='ltr'>Leonis</span> <span class='ocrx_word' id='word_1_98' title='bbox 855 1501 1002 1554; x_wconf 83' lang='lat' dir='ltr'>Papae.</span> 
     </span>
     <span class='ocr_line' id='line_1_23' title="bbox 219 1564 954 1612; baseline 0.007 -14"><span class='ocrx_word' id='word_1_99' title='bbox 219 1566 275 1599; x_wconf 76' lang='lat' dir='ltr'>Ex</span> <span class='ocrx_word' id='word_1_100' title='bbox 300 1564 417 1599; x_wconf 80' lang='lat' dir='ltr'>Serm.</span> <span class='ocrx_word' id='word_1_101' title='bbox 442 1566 497 1600; x_wconf 77' lang='lat'>82.</span> <span class='ocrx_word' id='word_1_102' title='bbox 523 1566 561 1600; x_wconf 89' lang='lat' dir='ltr'>in</span> <span class='ocrx_word' id='word_1_103' title='bbox 588 1567 709 1601; x_wconf 78' lang='lat' dir='ltr'>natali</span> <span class='ocrx_word' id='word_1_104' title='bbox 734 1567 791 1602; x_wconf 87' lang='lat' dir='ltr'>Ss.</span> <span class='ocrx_word' id='word_1_105' title='bbox 816 1568 954 1612; x_wconf 83' lang='lat' dir='ltr'>Apost.</span> 
     </span>
     <span class='ocr_line' id='line_1_24' title="bbox 346 1614 831 1653; baseline 0.008 -6"><span class='ocrx_word' id='word_1_106' title='bbox 346 1614 448 1648; x_wconf 72' lang='lat' dir='ltr'>l&#39;etri</span> <span class='ocrx_word' id='word_1_107' title='bbox 474 1620 509 1648; x_wconf 92' lang='lat' dir='ltr'>et</span> <span class='ocrx_word' id='word_1_108' title='bbox 535 1615 657 1653; x_wconf 75' lang='lat' dir='ltr'>Pauli,</span> <span class='ocrx_word' id='word_1_109' title='bbox 683 1616 722 1650; x_wconf 91' lang='lat' dir='ltr'>in</span> <span class='ocrx_word' id='word_1_110' title='bbox 747 1617 831 1651; x_wconf 86' lang='lat' dir='ltr'>fine.</span> 
     </span>
    </p>

    <p class='ocr_par' dir='ltr' id='par_1_8' title="bbox 475 1667 699 1708">
     <span class='ocr_line' id='line_1_25' title="bbox 475 1667 699 1708; baseline 0 0"><span class='ocrx_word' id='word_1_111' title='bbox 475 1667 626 1708; x_wconf 84' lang='lat' dir='ltr'>Lectio</span> <span class='ocrx_word' id='word_1_112' title='bbox 647 1669 699 1708; x_wconf 89' lang='lat' dir='ltr'>iv.</span> 
     </span>
    </p>

    <p class='ocr_par' dir='ltr' id='par_1_9' title="bbox 167 1723 1004 2788">
     <span class='ocr_line' id='line_1_26' title="bbox 172 1723 1001 1776; baseline 0 -12"><span class='ocrx_word' id='word_1_113' title='bbox 172 1739 179 1776; x_wconf 58' lang='grc' dir='ltr'>ξ</span> <span class='ocrx_word' id='word_1_114' title='bbox 206 1728 249 1774; x_wconf 56' lang='lat' dir='ltr'>(22.ss</span> <span class='ocrx_word' id='word_1_115' title='bbox 265 1723 447 1765; x_wconf 89' lang='lat' dir='ltr'>retiosa</span> <span class='ocrx_word' id='word_1_116' title='bbox 480 1728 547 1765; x_wconf 91' lang='lat' dir='ltr'>est</span> <span class='ocrx_word' id='word_1_117' title='bbox 572 1723 616 1764; x_wconf 90' lang='lat' dir='ltr'>in</span> <span class='ocrx_word' id='word_1_118' title='bbox 645 1725 886 1776; x_wconf 89' lang='lat' dir='ltr'>conspectu</span> <span class='ocrx_word' id='word_1_119' title='bbox 913 1723 1001 1765; x_wconf 90' lang='lat' dir='ltr'>Do-</span> 
     </span>
     <span class='ocr_line' id='line_1_27' title="bbox 176 1771 1002 1832; baseline 0 -11"><span class='ocrx_word' id='word_1_120' title='bbox 176 1798 184 1825; x_wconf 67' lang='lat'>:</span> <span class='ocrx_word' id='word_1_121' title='bbox 249 1771 277 1813; x_wconf 49' lang='grc' dir='ltr'>κί’</span> <span class='ocrx_word' id='word_1_122' title='bbox 298 1780 404 1821; x_wconf 92' lang='lat' dir='ltr'>mini</span> <span class='ocrx_word' id='word_1_123' title='bbox 445 1792 567 1822; x_wconf 91' lang='lat' dir='ltr'>mors</span> <span class='ocrx_word' id='word_1_124' title='bbox 605 1781 858 1821; x_wconf 89' lang='lat' dir='ltr'>sanctorum</span> <span class='ocrx_word' id='word_1_125' title='bbox 895 1780 1002 1832; x_wconf 91' lang='lat' dir='ltr'>ejus:</span> 
     </span>
     <span class='ocr_line' id='line_1_28' title="bbox 176 1810 1002 1888; baseline 0 -10"><span class='ocrx_word' id='word_1_126' title='bbox 176 1827 184 1836; x_wconf 47' lang='lat'>&#39;⁴</span> <span class='ocrx_word' id='word_1_127' title='bbox 212 1810 278 1859; x_wconf 38' lang='grc' dir='ltr'>ἐξ]</span> <span class='ocrx_word' id='word_1_128' title='bbox 299 1850 380 1879; x_wconf 93' lang='lat' dir='ltr'>nec</span> <span class='ocrx_word' id='word_1_129' title='bbox 411 1836 502 1878; x_wconf 94' lang='lat' dir='ltr'>ullo</span> <span class='ocrx_word' id='word_1_130' title='bbox 535 1836 809 1879; x_wconf 65' lang='lat' dir='ltr'>crudelitatis</span> <span class='ocrx_word' id='word_1_131' title='bbox 841 1838 1002 1888; x_wconf 84' lang='lat' dir='ltr'>genere</span> 
     </span>
     <span class='ocr_line' id='line_1_29' title="bbox 170 1893 1002 1947; baseline -0.001 -11"><span class='ocrx_word' id='word_1_132' title='bbox 170 1893 337 1936; x_wconf 82' lang='lat' dir='ltr'>destrui</span> <span class='ocrx_word' id='word_1_133' title='bbox 370 1899 520 1947; x_wconf 91' lang='lat' dir='ltr'>potest</span> <span class='ocrx_word' id='word_1_134' title='bbox 552 1895 827 1936; x_wconf 88' lang='lat' dir='ltr'>sacramento</span> <span class='ocrx_word' id='word_1_135' title='bbox 860 1894 1002 1936; x_wconf 88' lang='lat' dir='ltr'>crucis</span> 
     </span>
     <span class='ocr_line' id='line_1_30' title="bbox 170 1950 1001 2002; baseline 0 -10"><span class='ocrx_word' id='word_1_136' title='bbox 170 1950 332 1993; x_wconf 90' lang='lat' dir='ltr'>Christi</span> <span class='ocrx_word' id='word_1_137' title='bbox 364 1950 547 1993; x_wconf 88' lang='lat' dir='ltr'>fundata</span> <span class='ocrx_word' id='word_1_138' title='bbox 579 1950 744 2002; x_wconf 86' lang='lat' dir='ltr'>religio.</span> <span class='ocrx_word' id='word_1_139' title='bbox 791 1951 893 1993; x_wconf 93' lang='lat' dir='ltr'>Non</span> <span class='ocrx_word' id='word_1_140' title='bbox 926 1952 1001 1992; x_wconf 91' lang='lat' dir='ltr'>mi-</span> 
     </span>
     <span class='ocr_line' id='line_1_31' title="bbox 167 2007 1003 2061; baseline 0.002 -14"><span class='ocrx_word' id='word_1_141' title='bbox 167 2007 315 2048; x_wconf 84' lang='lat' dir='ltr'>nuitur</span> <span class='ocrx_word' id='word_1_142' title='bbox 362 2007 746 2061; x_wconf 84' lang='lat' dir='ltr'>persecutionibus</span> <span class='ocrx_word' id='word_1_143' title='bbox 792 2007 1003 2057; x_wconf 82' lang='lat' dir='ltr'>Ecclesia,</span> 
     </span>
     <span class='ocr_line' id='line_1_32' title="bbox 168 2063 1002 2118; baseline 0.001 -13"><span class='ocrx_word' id='word_1_144' title='bbox 168 2063 248 2105; x_wconf 90' lang='lat' dir='ltr'>sed</span> <span class='ocrx_word' id='word_1_145' title='bbox 268 2066 467 2115; x_wconf 86' lang='lat' dir='ltr'>augetur:</span> <span class='ocrx_word' id='word_1_146' title='bbox 487 2070 530 2107; x_wconf 93' lang='lat' dir='ltr'>et</span> <span class='ocrx_word' id='word_1_147' title='bbox 550 2078 725 2118; x_wconf 89' lang='lat' dir='ltr'>semper</span> <span class='ocrx_word' id='word_1_148' title='bbox 742 2065 1002 2107; x_wconf 91' lang='lat' dir='ltr'>Dominicus</span> 
     </span>
     <span class='ocr_line' id='line_1_33' title="bbox 168 2121 1003 2172; baseline 0.001 -11"><span class='ocrx_word' id='word_1_149' title='bbox 168 2133 273 2172; x_wconf 86' lang='lat' dir='ltr'>ager</span> <span class='ocrx_word' id='word_1_150' title='bbox 303 2123 452 2172; x_wconf 88' lang='lat' dir='ltr'>segete</span> <span class='ocrx_word' id='word_1_151' title='bbox 482 2121 631 2164; x_wconf 90' lang='lat' dir='ltr'>ditiori</span> <span class='ocrx_word' id='word_1_152' title='bbox 658 2124 863 2172; x_wconf 90' lang='lat' dir='ltr'>vestitur,</span> <span class='ocrx_word' id='word_1_153' title='bbox 897 2122 1003 2163; x_wconf 92' lang='lat' dir='ltr'>dum</span> 
     </span>
     <span class='ocr_line' id='line_1_34' title="bbox 167 2178 1001 2230; baseline 0.002 -12"><span class='ocrx_word' id='word_1_154' title='bbox 167 2190 319 2228; x_wconf 88' lang='lat' dir='ltr'>grana,</span> <span class='ocrx_word' id='word_1_155' title='bbox 347 2191 446 2230; x_wconf 88' lang='lat' dir='ltr'>quae</span> <span class='ocrx_word' id='word_1_156' title='bbox 467 2178 636 2230; x_wconf 87' lang='lat' dir='ltr'>singula</span> <span class='ocrx_word' id='word_1_157' title='bbox 656 2178 835 2228; x_wconf 90' lang='lat' dir='ltr'>eadunt,</span> <span class='ocrx_word' id='word_1_158' title='bbox 860 2179 1001 2220; x_wconf 92' lang='lat' dir='ltr'>multi-</span> 
     </span>
     <span class='ocr_line' id='line_1_35' title="bbox 169 2234 1003 2287; baseline 0.004 -12"><span class='ocrx_word' id='word_1_159' title='bbox 169 2234 333 2287; x_wconf 89' lang='lat' dir='ltr'>plicata</span> <span class='ocrx_word' id='word_1_160' title='bbox 357 2238 606 2278; x_wconf 79' lang='lat' dir='ltr'>nascuntur.</span> <span class='ocrx_word' id='word_1_161' title='bbox 643 2235 771 2278; x_wconf 88' lang='lat' dir='ltr'>Unde</span> <span class='ocrx_word' id='word_1_162' title='bbox 801 2234 890 2278; x_wconf 90' lang='lat' dir='ltr'>duo</span> <span class='ocrx_word' id='word_1_163' title='bbox 919 2236 1003 2278; x_wconf 89' lang='lat' dir='ltr'>ista</span> 
     </span>
     <span class='ocr_line' id='line_1_36' title="bbox 168 2291 1002 2344; baseline 0.004 -12"><span class='ocrx_word' id='word_1_164' title='bbox 168 2291 385 2344; x_wconf 79' lang='lat' dir='ltr'>praeclara</span> <span class='ocrx_word' id='word_1_165' title='bbox 423 2291 558 2334; x_wconf 87' lang='lat' dir='ltr'>divini</span> <span class='ocrx_word' id='word_1_166' title='bbox 596 2293 773 2334; x_wconf 90' lang='lat' dir='ltr'>seminis</span> <span class='ocrx_word' id='word_1_167' title='bbox 805 2294 1002 2344; x_wconf 84' lang='lat' dir='ltr'>germina</span> 
     </span>
     <span class='ocr_line' id='line_1_37' title="bbox 169 2348 1003 2401; baseline 0.002 -12"><span class='ocrx_word' id='word_1_168' title='bbox 169 2348 214 2389; x_wconf 87' lang='lat' dir='ltr'>in</span> <span class='ocrx_word' id='word_1_169' title='bbox 244 2353 454 2400; x_wconf 89' lang='lat' dir='ltr'>quantam</span> <span class='ocrx_word' id='word_1_170' title='bbox 480 2348 681 2390; x_wconf 91' lang='lat' dir='ltr'>sobolem</span> <span class='ocrx_word' id='word_1_171' title='bbox 706 2350 1003 2401; x_wconf 87' lang='lat' dir='ltr'>germinarint,</span> 
     </span>
     <span class='ocr_line' id='line_1_38' title="bbox 167 2403 1002 2459; baseline 0.001 -12"><span class='ocrx_word' id='word_1_172' title='bbox 167 2403 401 2447; x_wconf 90' lang='lat' dir='ltr'>beatorum</span> <span class='ocrx_word' id='word_1_173' title='bbox 427 2405 563 2447; x_wconf 86' lang='lat' dir='ltr'>millia</span> <span class='ocrx_word' id='word_1_174' title='bbox 583 2406 828 2458; x_wconf 91' lang='lat' dir='ltr'>Martyrum</span> <span class='ocrx_word' id='word_1_175' title='bbox 854 2411 1002 2459; x_wconf 85' lang='lat' dir='ltr'>prote-</span> 
     </span>
     <span class='ocr_line' id='line_1_39' title="bbox 169 2461 1003 2514; baseline 0.002 -12"><span class='ocrx_word' id='word_1_176' title='bbox 169 2463 357 2512; x_wconf 84' lang='lat' dir='ltr'>stantur,</span> <span class='ocrx_word' id='word_1_177' title='bbox 386 2461 461 2514; x_wconf 93' lang='lat' dir='ltr'>qui</span> <span class='ocrx_word' id='word_1_178' title='bbox 484 2463 831 2514; x_wconf 91' lang='lat' dir='ltr'>apostolicorum</span> <span class='ocrx_word' id='word_1_179' title='bbox 857 2463 1003 2504; x_wconf 78' lang='lat' dir='ltr'>aemuli</span> 
     </span>
     <span class='ocr_line' id='line_1_40' title="bbox 168 2517 1004 2572; baseline 0 -12"><span class='ocrx_word' id='word_1_180' title='bbox 168 2517 504 2571; x_wconf 86' lang='lat' dir='ltr'>triumphorum,</span> <span class='ocrx_word' id='word_1_181' title='bbox 519 2518 685 2561; x_wconf 91' lang='lat' dir='ltr'>Urbem</span> <span class='ocrx_word' id='word_1_182' title='bbox 699 2525 895 2561; x_wconf 85' lang='lat' dir='ltr'>nostram</span> <span class='ocrx_word' id='word_1_183' title='bbox 910 2533 1004 2572; x_wconf 90' lang='lat' dir='ltr'>pur-</span> 
     </span>
     <span class='ocr_line' id='line_1_41' title="bbox 169 2574 1002 2627; baseline 0.001 -11"><span class='ocrx_word' id='word_1_184' title='bbox 169 2575 339 2627; x_wconf 89' lang='lat' dir='ltr'>puratis</span> <span class='ocrx_word' id='word_1_185' title='bbox 364 2579 407 2617; x_wconf 94' lang='lat' dir='ltr'>et</span> <span class='ocrx_word' id='word_1_186' title='bbox 431 2574 563 2626; x_wconf 87' lang='lat' dir='ltr'>longe</span> <span class='ocrx_word' id='word_1_187' title='bbox 587 2574 764 2627; x_wconf 88' lang='lat' dir='ltr'>lateque</span> <span class='ocrx_word' id='word_1_188' title='bbox 789 2576 1002 2618; x_wconf 85' lang='lat' dir='ltr'>rutilanti-</span> 
     </span>
     <span class='ocr_line' id='line_1_42' title="bbox 169 2631 1003 2684; baseline 0.002 -12"><span class='ocrx_word' id='word_1_189' title='bbox 169 2631 252 2673; x_wconf 86' lang='lat' dir='ltr'>bus</span> <span class='ocrx_word' id='word_1_190' title='bbox 271 2631 450 2684; x_wconf 92' lang='lat' dir='ltr'>populis</span> <span class='ocrx_word' id='word_1_191' title='bbox 471 2631 728 2681; x_wconf 87' lang='lat' dir='ltr'>ambierunt,</span> <span class='ocrx_word' id='word_1_192' title='bbox 749 2637 792 2674; x_wconf 92' lang='lat' dir='ltr'>et</span> <span class='ocrx_word' id='word_1_193' title='bbox 809 2633 933 2684; x_wconf 89' lang='lat' dir='ltr'>quasi</span> <span class='ocrx_word' id='word_1_194' title='bbox 949 2645 1003 2675; x_wconf 90' lang='lat' dir='ltr'>ex</span> 
     </span>
     <span class='ocr_line' id='line_1_43' title="bbox 169 2687 1002 2739; baseline 0.001 -10"><span class='ocrx_word' id='word_1_195' title='bbox 169 2687 406 2730; x_wconf 90' lang='lat' dir='ltr'>multarum</span> <span class='ocrx_word' id='word_1_196' title='bbox 423 2687 592 2730; x_wconf 83' lang='lat' dir='ltr'>honore</span> <span class='ocrx_word' id='word_1_197' title='bbox 611 2691 885 2739; x_wconf 85' lang='lat' dir='ltr'>gemmarum</span> <span class='ocrx_word' id='word_1_198' title='bbox 904 2701 1002 2730; x_wconf 92' lang='lat' dir='ltr'>con-</span> 
     </span>
     <span class='ocr_line' id='line_1_44' title="bbox 171 2743 966 2788; baseline 0 -2"><span class='ocrx_word' id='word_1_199' title='bbox 171 2746 290 2787; x_wconf 90' lang='lat' dir='ltr'>serto</span> <span class='ocrx_word' id='word_1_200' title='bbox 309 2757 397 2787; x_wconf 89' lang='lat' dir='ltr'>uno</span> <span class='ocrx_word' id='word_1_201' title='bbox 418 2743 667 2787; x_wconf 89' lang='lat' dir='ltr'>diademate</span> <span class='ocrx_word' id='word_1_202' title='bbox 687 2747 966 2788; x_wconf 88' lang='lat' dir='ltr'>coronarunt.</span> 
     </span>
    </p>
   </div>
   <div class='ocr_carea' id='block_1_6' title="bbox 1054 301 1891 2789">
    <p class='ocr_par' dir='ltr' id='par_1_10' title="bbox 1057 301 1891 693">
     <span class='ocr_line' id='line_1_45' title="bbox 1113 301 1889 358; baseline 0.005 -16"><span class='ocrx_word' id='word_1_203' title='bbox 1113 307 1162 358; x_wconf 65' lang='lat' dir='ltr'>R&#39;·</span> <span class='ocrx_word' id='word_1_204' title='bbox 1179 301 1285 343; x_wconf 92' lang='lat' dir='ltr'>Vidi</span> <span class='ocrx_word' id='word_1_205' title='bbox 1305 302 1563 355; x_wconf 80' lang='lat' dir='ltr'>conjunctos</span> <span class='ocrx_word' id='word_1_206' title='bbox 1580 303 1710 352; x_wconf 89' lang='lat' dir='ltr'>viros,</span> <span class='ocrx_word' id='word_1_207' title='bbox 1729 303 1889 346; x_wconf 89' lang='lat' dir='ltr'>haben-</span> 
     </span>
     <span class='ocr_line' id='line_1_46' title="bbox 1057 357 1889 411; baseline 0.001 -10"><span class='ocrx_word' id='word_1_208' title='bbox 1057 364 1124 401; x_wconf 90' lang='lat' dir='ltr'>tes</span> <span class='ocrx_word' id='word_1_209' title='bbox 1150 357 1407 411; x_wconf 88' lang='lat' dir='ltr'>splendidas</span> <span class='ocrx_word' id='word_1_210' title='bbox 1432 363 1597 408; x_wconf 90' lang='lat' dir='ltr'>vestes,</span> <span class='ocrx_word' id='word_1_211' title='bbox 1625 365 1668 402; x_wconf 91' lang='lat' dir='ltr'>et</span> <span class='ocrx_word' id='word_1_212' title='bbox 1693 360 1889 411; x_wconf 84' lang='lat' dir='ltr'>Angelus</span> 
     </span>
     <span class='ocr_line' id='line_1_47' title="bbox 1057 415 1891 467; baseline 0.004 -11"><span class='ocrx_word' id='word_1_213' title='bbox 1057 415 1236 457; x_wconf 84' lang='lat' dir='ltr'>Domini</span> <span class='ocrx_word' id='word_1_214' title='bbox 1254 415 1430 457; x_wconf 75' lang='lat' dir='ltr'>locutus</span> <span class='ocrx_word' id='word_1_215' title='bbox 1454 420 1522 457; x_wconf 89' lang='lat' dir='ltr'>est</span> <span class='ocrx_word' id='word_1_216' title='bbox 1540 415 1597 457; x_wconf 92' lang='lat' dir='ltr'>ad</span> <span class='ocrx_word' id='word_1_217' title='bbox 1615 429 1701 467; x_wconf 91' lang='lat' dir='ltr'>me,</span> <span class='ocrx_word' id='word_1_218' title='bbox 1725 416 1891 459; x_wconf 90' lang='lat' dir='ltr'>dicens:</span> 
     </span>
     <span class='ocr_line' id='line_1_48' title="bbox 1060 472 1891 516; baseline 0.002 -3"><span class='ocrx_word' id='word_1_219' title='bbox 1060 472 1081 496; x_wconf 89' lang='lat'>*</span> <span class='ocrx_word' id='word_1_220' title='bbox 1109 472 1189 513; x_wconf 91' lang='lat' dir='ltr'>Isti</span> <span class='ocrx_word' id='word_1_221' title='bbox 1219 477 1319 513; x_wconf 91' lang='lat' dir='ltr'>sunt</span> <span class='ocrx_word' id='word_1_222' title='bbox 1346 472 1430 512; x_wconf 93' lang='lat' dir='ltr'>viri</span> <span class='ocrx_word' id='word_1_223' title='bbox 1461 473 1600 514; x_wconf 90' lang='lat' dir='ltr'>sancti</span> <span class='ocrx_word' id='word_1_224' title='bbox 1632 473 1736 515; x_wconf 86' lang='lat' dir='ltr'>facti</span> <span class='ocrx_word' id='word_1_225' title='bbox 1763 475 1891 516; x_wconf 90' lang='lat' dir='ltr'>amici</span> 
     </span>
     <span class='ocr_line' id='line_1_49' title="bbox 1057 526 1890 580; baseline 0.005 -10"><span class='ocrx_word' id='word_1_226' title='bbox 1057 529 1151 570; x_wconf 90' lang='lat' dir='ltr'>Dei.</span> <span class='ocrx_word' id='word_1_227' title='bbox 1179 526 1229 577; x_wconf 54' lang='lat' dir='ltr'>JV.</span> <span class='ocrx_word' id='word_1_228' title='bbox 1252 527 1358 570; x_wconf 88' lang='lat' dir='ltr'>Vidi</span> <span class='ocrx_word' id='word_1_229' title='bbox 1377 527 1599 580; x_wconf 88' lang='lat' dir='ltr'>Angelum</span> <span class='ocrx_word' id='word_1_230' title='bbox 1618 529 1701 571; x_wconf 92' lang='lat' dir='ltr'>Dei</span> <span class='ocrx_word' id='word_1_231' title='bbox 1720 530 1890 576; x_wconf 81' lang='lat' dir='ltr'>fortem,</span> 
     </span>
     <span class='ocr_line' id='line_1_50' title="bbox 1057 584 1890 637; baseline 0.001 -10"><span class='ocrx_word' id='word_1_232' title='bbox 1057 586 1282 627; x_wconf 89' lang='lat' dir='ltr'>volantem</span> <span class='ocrx_word' id='word_1_233' title='bbox 1296 597 1376 637; x_wconf 94' lang='lat' dir='ltr'>per</span> <span class='ocrx_word' id='word_1_234' title='bbox 1389 584 1583 626; x_wconf 85' lang='lat' dir='ltr'>medium</span> <span class='ocrx_word' id='word_1_235' title='bbox 1594 585 1765 635; x_wconf 79' lang='lat' dir='ltr'>coelum,</span> <span class='ocrx_word' id='word_1_236' title='bbox 1779 599 1890 629; x_wconf 92' lang='lat' dir='ltr'>voce</span> 
     </span>
     <span class='ocr_line' id='line_1_51' title="bbox 1057 641 1891 693; baseline 0.002 -10"><span class='ocrx_word' id='word_1_237' title='bbox 1057 655 1215 693; x_wconf 89' lang='lat' dir='ltr'>magna</span> <span class='ocrx_word' id='word_1_238' title='bbox 1227 642 1491 684; x_wconf 89' lang='lat' dir='ltr'>clamantem</span> <span class='ocrx_word' id='word_1_239' title='bbox 1502 646 1546 684; x_wconf 91' lang='lat' dir='ltr'>et</span> <span class='ocrx_word' id='word_1_240' title='bbox 1556 641 1786 684; x_wconf 86' lang='lat' dir='ltr'>dicentem.</span> <span class='ocrx_word' id='word_1_241' title='bbox 1801 643 1891 685; x_wconf 88' lang='lat' dir='ltr'>Isti.</span> 
     </span>
    </p>

    <p class='ocr_par' dir='ltr' id='par_1_11' title="bbox 1371 699 1579 740">
     <span class='ocr_line' id='line_1_52' title="bbox 1371 699 1579 740; baseline 0 -1"><span class='ocrx_word' id='word_1_242' title='bbox 1371 699 1522 740; x_wconf 78' lang='lat' dir='ltr'>Lectio</span> <span class='ocrx_word' id='word_1_243' title='bbox 1542 714 1579 739; x_wconf 92' lang='lat' dir='ltr'>v.</span> 
     </span>
    </p>

    <p class='ocr_par' dir='ltr' id='par_1_12' title="bbox 1152 755 1891 808">
     <span class='ocr_line' id='line_1_53' title="bbox 1152 755 1891 808; baseline 0.001 -11"><span class='ocrx_word' id='word_1_244' title='bbox 1152 769 1175 797; x_wconf 95' lang='lat' dir='ltr'>e</span> <span class='ocrx_word' id='word_1_245' title='bbox 1198 768 1385 808; x_wconf 90' lang='lat' dir='ltr'>quorum</span> <span class='ocrx_word' id='word_1_246' title='bbox 1409 755 1636 808; x_wconf 88' lang='lat' dir='ltr'>praesidio,</span> <span class='ocrx_word' id='word_1_247' title='bbox 1664 756 1891 798; x_wconf 85' lang='lat' dir='ltr'>dilectissi-</span> 
     </span>
    </p>

    <p class='ocr_par' dir='ltr' id='par_1_13' title="bbox 1055 812 1891 1832">
     <span class='ocr_line' id='line_1_54' title="bbox 1161 812 1890 863; baseline 0.001 -9"><span class='ocrx_word' id='word_1_248' title='bbox 1161 813 1235 861; x_wconf 89' lang='lat' dir='ltr'>mi,</span> <span class='ocrx_word' id='word_1_249' title='bbox 1272 812 1481 853; x_wconf 88' lang='lat' dir='ltr'>divinitus</span> <span class='ocrx_word' id='word_1_250' title='bbox 1511 812 1640 854; x_wconf 92' lang='lat' dir='ltr'>nobis</span> <span class='ocrx_word' id='word_1_251' title='bbox 1665 813 1722 855; x_wconf 90' lang='lat' dir='ltr'>ad</span> <span class='ocrx_word' id='word_1_252' title='bbox 1748 815 1890 863; x_wconf 43' lang='lat' dir='ltr'>exem,-</span> 
     </span>
     <span class='ocr_line' id='line_1_55' title="bbox 1056 869 1890 923; baseline 0.002 -13"><span class='ocrx_word' id='word_1_253' title='bbox 1056 869 1178 923; x_wconf 90' lang='lat' dir='ltr'>plum</span> <span class='ocrx_word' id='word_1_254' title='bbox 1199 869 1434 922; x_wconf 83' lang='lat' dir='ltr'>patientiae,</span> <span class='ocrx_word' id='word_1_255' title='bbox 1455 874 1498 911; x_wconf 92' lang='lat' dir='ltr'>et</span> <span class='ocrx_word' id='word_1_256' title='bbox 1513 870 1890 912; x_wconf 90' lang='lat' dir='ltr'>confirmationem</span> 
     </span>
     <span class='ocr_line' id='line_1_56' title="bbox 1057 925 1891 979; baseline 0.001 -12"><span class='ocrx_word' id='word_1_257' title='bbox 1057 925 1162 968; x_wconf 92' lang='lat' dir='ltr'>fidei</span> <span class='ocrx_word' id='word_1_258' title='bbox 1181 928 1452 979; x_wconf 83' lang='lat' dir='ltr'>praeparato,</span> <span class='ocrx_word' id='word_1_259' title='bbox 1476 926 1781 969; x_wconf 89' lang='lat' dir='ltr'>universaliter</span> <span class='ocrx_word' id='word_1_260' title='bbox 1801 927 1891 979; x_wconf 91' lang='lat' dir='ltr'>qui-</span> 
     </span>
     <span class='ocr_line' id='line_1_57' title="bbox 1059 982 1891 1035; baseline 0.004 -12"><span class='ocrx_word' id='word_1_261' title='bbox 1059 982 1160 1035; x_wconf 88' lang='lat' dir='ltr'>dem</span> <span class='ocrx_word' id='word_1_262' title='bbox 1191 984 1235 1023; x_wconf 91' lang='lat' dir='ltr'>in</span> <span class='ocrx_word' id='word_1_263' title='bbox 1265 983 1458 1024; x_wconf 91' lang='lat' dir='ltr'>omnium</span> <span class='ocrx_word' id='word_1_264' title='bbox 1485 983 1748 1025; x_wconf 91' lang='lat' dir='ltr'>Sanctorum</span> <span class='ocrx_word' id='word_1_265' title='bbox 1775 997 1891 1026; x_wconf 89' lang='lat' dir='ltr'>com-</span> 
     </span>
     <span class='ocr_line' id='line_1_58' title="bbox 1056 1040 1891 1083; baseline 0.004 -3"><span class='ocrx_word' id='word_1_266' title='bbox 1056 1040 1375 1082; x_wconf 82' lang='lat' dir='ltr'>memoratione</span> <span class='ocrx_word' id='word_1_267' title='bbox 1412 1040 1654 1082; x_wconf 89' lang='lat' dir='ltr'>laetandum</span> <span class='ocrx_word' id='word_1_268' title='bbox 1691 1046 1775 1083; x_wconf 91' lang='lat' dir='ltr'>est:</span> <span class='ocrx_word' id='word_1_269' title='bbox 1812 1040 1891 1083; x_wconf 93' lang='lat' dir='ltr'>sed</span> 
     </span>
     <span class='ocr_line' id='line_1_59' title="bbox 1056 1096 1890 1139; baseline 0.002 -2"><span class='ocrx_word' id='word_1_270' title='bbox 1056 1097 1099 1137; x_wconf 92' lang='lat' dir='ltr'>in</span> <span class='ocrx_word' id='word_1_271' title='bbox 1126 1096 1285 1139; x_wconf 90' lang='lat' dir='ltr'>horum</span> <span class='ocrx_word' id='word_1_272' title='bbox 1312 1097 1573 1138; x_wconf 83' lang='lat' dir='ltr'>excellentia</span> <span class='ocrx_word' id='word_1_273' title='bbox 1598 1097 1779 1139; x_wconf 88' lang='lat' dir='ltr'>Patrum</span> <span class='ocrx_word' id='word_1_274' title='bbox 1803 1100 1890 1139; x_wconf 89' lang='lat' dir='ltr'>me-</span> 
     </span>
     <span class='ocr_line' id='line_1_60' title="bbox 1057 1153 1890 1205; baseline 0.001 -11"><span class='ocrx_word' id='word_1_275' title='bbox 1057 1154 1142 1195; x_wconf 92' lang='lat' dir='ltr'>rito</span> <span class='ocrx_word' id='word_1_276' title='bbox 1180 1158 1247 1195; x_wconf 89' lang='lat' dir='ltr'>est</span> <span class='ocrx_word' id='word_1_277' title='bbox 1285 1153 1570 1195; x_wconf 89' lang='lat' dir='ltr'>excellentius</span> <span class='ocrx_word' id='word_1_278' title='bbox 1601 1154 1890 1205; x_wconf 85' lang='lat' dir='ltr'>gloriandum,</span> 
     </span>
     <span class='ocr_line' id='line_1_61' title="bbox 1058 1210 1889 1264; baseline 0.001 -13"><span class='ocrx_word' id='word_1_279' title='bbox 1058 1222 1171 1262; x_wconf 91' lang='lat' dir='ltr'>quos</span> <span class='ocrx_word' id='word_1_280' title='bbox 1195 1210 1335 1261; x_wconf 87' lang='lat' dir='ltr'>gratia</span> <span class='ocrx_word' id='word_1_281' title='bbox 1354 1210 1439 1251; x_wconf 94' lang='lat' dir='ltr'>Dei</span> <span class='ocrx_word' id='word_1_282' title='bbox 1460 1210 1505 1251; x_wconf 94' lang='lat' dir='ltr'>in</span> <span class='ocrx_word' id='word_1_283' title='bbox 1527 1216 1698 1252; x_wconf 89' lang='lat' dir='ltr'>tantum</span> <span class='ocrx_word' id='word_1_284' title='bbox 1718 1211 1889 1264; x_wconf 91' lang='lat' dir='ltr'>apicem</span> 
     </span>
     <span class='ocr_line' id='line_1_62' title="bbox 1056 1267 1888 1322; baseline 0.002 -15"><span class='ocrx_word' id='word_1_285' title='bbox 1056 1267 1170 1308; x_wconf 93' lang='lat' dir='ltr'>inter</span> <span class='ocrx_word' id='word_1_286' title='bbox 1190 1267 1337 1308; x_wconf 90' lang='lat' dir='ltr'>omnia</span> <span class='ocrx_word' id='word_1_287' title='bbox 1349 1267 1562 1309; x_wconf 81' lang='lat' dir='ltr'>Ecclesiae</span> <span class='ocrx_word' id='word_1_288' title='bbox 1578 1267 1776 1310; x_wconf 91' lang='lat' dir='ltr'>membra</span> <span class='ocrx_word' id='word_1_289' title='bbox 1790 1280 1888 1322; x_wconf 92' lang='lat' dir='ltr'>pro-</span> 
     </span>
     <span class='ocr_line' id='line_1_63' title="bbox 1056 1324 1890 1379; baseline 0.005 -15"><span class='ocrx_word' id='word_1_290' title='bbox 1056 1324 1191 1373; x_wconf 88' lang='lat' dir='ltr'>vexit,</span> <span class='ocrx_word' id='word_1_291' title='bbox 1211 1329 1259 1366; x_wconf 91' lang='lat' dir='ltr'>ut</span> <span class='ocrx_word' id='word_1_292' title='bbox 1278 1337 1355 1366; x_wconf 90' lang='lat' dir='ltr'>eos</span> <span class='ocrx_word' id='word_1_293' title='bbox 1374 1324 1418 1365; x_wconf 94' lang='lat' dir='ltr'>in</span> <span class='ocrx_word' id='word_1_294' title='bbox 1438 1326 1641 1378; x_wconf 89' lang='lat' dir='ltr'>corpore,</span> <span class='ocrx_word' id='word_1_295' title='bbox 1668 1325 1738 1366; x_wconf 92' lang='lat' dir='ltr'>cui</span> <span class='ocrx_word' id='word_1_296' title='bbox 1757 1331 1890 1379; x_wconf 89' lang='lat' dir='ltr'>caput</span> 
     </span>
     <span class='ocr_line' id='line_1_64' title="bbox 1057 1381 1889 1433; baseline 0.002 -11"><span class='ocrx_word' id='word_1_297' title='bbox 1057 1386 1125 1422; x_wconf 92' lang='lat' dir='ltr'>est</span> <span class='ocrx_word' id='word_1_298' title='bbox 1145 1381 1362 1431; x_wconf 90' lang='lat' dir='ltr'>Christus,</span> <span class='ocrx_word' id='word_1_299' title='bbox 1393 1382 1519 1433; x_wconf 90' lang='lat' dir='ltr'>quasi</span> <span class='ocrx_word' id='word_1_300' title='bbox 1542 1382 1763 1433; x_wconf 88' lang='lat' dir='ltr'>geminum</span> <span class='ocrx_word' id='word_1_301' title='bbox 1789 1395 1889 1424; x_wconf 91' lang='lat' dir='ltr'>con-</span> 
     </span>
     <span class='ocr_line' id='line_1_65' title="bbox 1056 1438 1888 1492; baseline 0.004 -14"><span class='ocrx_word' id='word_1_302' title='bbox 1056 1438 1259 1480; x_wconf 81' lang='lat' dir='ltr'>stitueret</span> <span class='ocrx_word' id='word_1_303' title='bbox 1275 1438 1422 1480; x_wconf 92' lang='lat' dir='ltr'>lumen</span> <span class='ocrx_word' id='word_1_304' title='bbox 1436 1439 1678 1481; x_wconf 88' lang='lat' dir='ltr'>oculorum.</span> <span class='ocrx_word' id='word_1_305' title='bbox 1698 1439 1767 1481; x_wconf 93' lang='lat' dir='ltr'>De</span> <span class='ocrx_word' id='word_1_306' title='bbox 1783 1452 1888 1492; x_wconf 92' lang='lat' dir='ltr'>quo-</span> 
     </span>
     <span class='ocr_line' id='line_1_66' title="bbox 1055 1495 1888 1550; baseline 0.002 -14"><span class='ocrx_word' id='word_1_307' title='bbox 1055 1509 1152 1537; x_wconf 91' lang='lat' dir='ltr'>rum</span> <span class='ocrx_word' id='word_1_308' title='bbox 1172 1496 1340 1537; x_wconf 90' lang='lat' dir='ltr'>meritis</span> <span class='ocrx_word' id='word_1_309' title='bbox 1359 1501 1492 1548; x_wconf 91' lang='lat' dir='ltr'>atque</span> <span class='ocrx_word' id='word_1_310' title='bbox 1511 1495 1763 1547; x_wconf 72' lang='lat' dir='ltr'>virtutibu8‚</span> <span class='ocrx_word' id='word_1_311' title='bbox 1789 1510 1888 1550; x_wconf 93' lang='lat' dir='ltr'>quae</span> 
     </span>
     <span class='ocr_line' id='line_1_67' title="bbox 1057 1552 1888 1606; baseline 0.002 -13"><span class='ocrx_word' id='word_1_312' title='bbox 1057 1564 1232 1594; x_wconf 90' lang='lat' dir='ltr'>omnem</span> <span class='ocrx_word' id='word_1_313' title='bbox 1251 1552 1461 1604; x_wconf 90' lang='lat' dir='ltr'>loquendi</span> <span class='ocrx_word' id='word_1_314' title='bbox 1481 1556 1691 1606; x_wconf 79' lang='lat' dir='ltr'>superant</span> <span class='ocrx_word' id='word_1_315' title='bbox 1710 1553 1888 1596; x_wconf 89' lang='lat' dir='ltr'>faculta-</span> 
     </span>
     <span class='ocr_line' id='line_1_68' title="bbox 1056 1608 1889 1660; baseline 0.004 -10"><span class='ocrx_word' id='word_1_316' title='bbox 1056 1614 1157 1658; x_wconf 92' lang='lat' dir='ltr'>tem,</span> <span class='ocrx_word' id='word_1_317' title='bbox 1175 1609 1282 1650; x_wconf 91' lang='lat' dir='ltr'>nihil</span> <span class='ocrx_word' id='word_1_318' title='bbox 1300 1608 1536 1660; x_wconf 88' lang='lat' dir='ltr'>diversum,</span> <span class='ocrx_word' id='word_1_319' title='bbox 1555 1609 1661 1651; x_wconf 89' lang='lat' dir='ltr'>nihil</span> <span class='ocrx_word' id='word_1_320' title='bbox 1676 1610 1889 1660; x_wconf 79' lang='lat' dir='ltr'>debemus</span> 
     </span>
     <span class='ocr_line' id='line_1_69' title="bbox 1056 1665 1890 1719; baseline 0.005 -13"><span class='ocrx_word' id='word_1_321' title='bbox 1056 1668 1221 1708; x_wconf 89' lang='lat' dir='ltr'>sentire</span> <span class='ocrx_word' id='word_1_322' title='bbox 1258 1665 1515 1708; x_wconf 91' lang='lat' dir='ltr'>discretum:</span> <span class='ocrx_word' id='word_1_323' title='bbox 1561 1667 1664 1719; x_wconf 92' lang='lat' dir='ltr'>quia</span> <span class='ocrx_word' id='word_1_324' title='bbox 1703 1666 1804 1709; x_wconf 90' lang='lat' dir='ltr'>illos</span> <span class='ocrx_word' id='word_1_325' title='bbox 1845 1671 1890 1710; x_wconf 89' lang='lat' dir='ltr'>et</span> 
     </span>
     <span class='ocr_line' id='line_1_70' title="bbox 1056 1722 1890 1776; baseline 0.002 -12"><span class='ocrx_word' id='word_1_326' title='bbox 1056 1722 1215 1765; x_wconf 90' lang='lat' dir='ltr'>electio</span> <span class='ocrx_word' id='word_1_327' title='bbox 1241 1736 1387 1776; x_wconf 82' lang='lat' dir='ltr'>pareS,</span> <span class='ocrx_word' id='word_1_328' title='bbox 1415 1728 1458 1765; x_wconf 90' lang='lat' dir='ltr'>et</span> <span class='ocrx_word' id='word_1_329' title='bbox 1483 1723 1611 1765; x_wconf 89' lang='lat' dir='ltr'>labor</span> <span class='ocrx_word' id='word_1_330' title='bbox 1636 1724 1820 1774; x_wconf 83' lang='lat' dir='ltr'>similes,</span> <span class='ocrx_word' id='word_1_331' title='bbox 1846 1731 1890 1766; x_wconf 92' lang='lat' dir='ltr'>et</span> 
     </span>
     <span class='ocr_line' id='line_1_71' title="bbox 1055 1779 1505 1832; baseline 0.002 -12"><span class='ocrx_word' id='word_1_332' title='bbox 1055 1779 1156 1821; x_wconf 89' lang='lat' dir='ltr'>finis</span> <span class='ocrx_word' id='word_1_333' title='bbox 1175 1780 1279 1822; x_wconf 87' lang='lat' dir='ltr'>fecit</span> <span class='ocrx_word' id='word_1_334' title='bbox 1298 1780 1505 1832; x_wconf 78' lang='lat' dir='ltr'>aequales.</span> 
     </span>
    </p>

    <p class='ocr_par' dir='ltr' id='par_1_14' title="bbox 1054 1837 1889 2448">
     <span class='ocr_line' id='line_1_72' title="bbox 1111 1837 1889 1891; baseline 0.003 -13"><span class='ocrx_word' id='word_1_335' title='bbox 1111 1839 1163 1891; x_wconf 68' lang='lat' dir='ltr'>R.</span> <span class='ocrx_word' id='word_1_336' title='bbox 1179 1837 1307 1878; x_wconf 80' lang='lat' dir='ltr'>Beati</span> <span class='ocrx_word' id='word_1_337' title='bbox 1327 1837 1443 1887; x_wconf 87' lang='lat' dir='ltr'>estis,</span> <span class='ocrx_word' id='word_1_338' title='bbox 1464 1850 1565 1878; x_wconf 91' lang='lat' dir='ltr'>cum</span> <span class='ocrx_word' id='word_1_339' title='bbox 1582 1837 1889 1880; x_wconf 80' lang='lat' dir='ltr'>maledixerint</span> 
     </span>
     <span class='ocr_line' id='line_1_73' title="bbox 1055 1893 1889 1947; baseline 0.002 -13"><span class='ocrx_word' id='word_1_340' title='bbox 1055 1893 1183 1935; x_wconf 89' lang='lat' dir='ltr'>vobis</span> <span class='ocrx_word' id='word_1_341' title='bbox 1215 1893 1432 1944; x_wconf 90' lang='lat' dir='ltr'>homines,</span> <span class='ocrx_word' id='word_1_342' title='bbox 1478 1899 1522 1936; x_wconf 93' lang='lat' dir='ltr'>et</span> <span class='ocrx_word' id='word_1_343' title='bbox 1552 1895 1777 1947; x_wconf 80' lang='lat' dir='ltr'>persecuti</span> <span class='ocrx_word' id='word_1_344' title='bbox 1807 1907 1889 1937; x_wconf 90' lang='lat' dir='ltr'>vos</span> 
     </span>
     <span class='ocr_line' id='line_1_74' title="bbox 1055 1950 1885 2000; baseline 0.004 -9"><span class='ocrx_word' id='word_1_345' title='bbox 1055 1950 1232 2000; x_wconf 80' lang='lat' dir='ltr'>fuerint,</span> <span class='ocrx_word' id='word_1_346' title='bbox 1265 1955 1309 1992; x_wconf 90' lang='lat' dir='ltr'>et</span> <span class='ocrx_word' id='word_1_347' title='bbox 1341 1950 1532 1992; x_wconf 87' lang='lat' dir='ltr'>dixerint</span> <span class='ocrx_word' id='word_1_348' title='bbox 1564 1963 1695 1993; x_wconf 88' lang='lat' dir='ltr'>omne</span> <span class='ocrx_word' id='word_1_349' title='bbox 1725 1951 1885 1994; x_wconf 87' lang='lat' dir='ltr'>malum</span> 
     </span>
     <span class='ocr_line' id='line_1_75' title="bbox 1056 2006 1889 2061; baseline 0.002 -13"><span class='ocrx_word' id='word_1_350' title='bbox 1056 2006 1291 2048; x_wconf 88' lang='lat' dir='ltr'>adversum</span> <span class='ocrx_word' id='word_1_351' title='bbox 1305 2019 1396 2057; x_wconf 89' lang='lat' dir='ltr'>vos,</span> <span class='ocrx_word' id='word_1_352' title='bbox 1412 2007 1686 2058; x_wconf 86' lang='lat' dir='ltr'>mentientes,</span> <span class='ocrx_word' id='word_1_353' title='bbox 1704 2013 1889 2061; x_wconf 89' lang='lat' dir='ltr'>propter</span> 
     </span>
     <span class='ocr_line' id='line_1_76' title="bbox 1056 2063 1888 2117; baseline 0.002 -13"><span class='ocrx_word' id='word_1_354' title='bbox 1056 2076 1141 2105; x_wconf 89' lang='lat' dir='ltr'>me:</span> <span class='ocrx_word' id='word_1_355' title='bbox 1172 2066 1194 2090; x_wconf 85' lang='lat'>*</span> <span class='ocrx_word' id='word_1_356' title='bbox 1215 2063 1418 2106; x_wconf 87' lang='lat' dir='ltr'>Gaudete</span> <span class='ocrx_word' id='word_1_357' title='bbox 1447 2069 1491 2106; x_wconf 90' lang='lat' dir='ltr'>et</span> <span class='ocrx_word' id='word_1_358' title='bbox 1518 2064 1754 2114; x_wconf 89' lang='lat' dir='ltr'>exsultate,</span> <span class='ocrx_word' id='word_1_359' title='bbox 1783 2067 1888 2117; x_wconf 92' lang='lat' dir='ltr'>quo-</span> 
     </span>
     <span class='ocr_line' id='line_1_77' title="bbox 1055 2121 1888 2174; baseline 0.002 -14"><span class='ocrx_word' id='word_1_360' title='bbox 1055 2121 1173 2161; x_wconf 87' lang='lat' dir='ltr'>niam</span> <span class='ocrx_word' id='word_1_361' title='bbox 1197 2133 1367 2162; x_wconf 88' lang='lat' dir='ltr'>merces</span> <span class='ocrx_word' id='word_1_362' title='bbox 1387 2126 1536 2163; x_wconf 87' lang='lat' dir='ltr'>vestra</span> <span class='ocrx_word' id='word_1_363' title='bbox 1555 2122 1740 2174; x_wconf 91' lang='lat' dir='ltr'>copiosa</span> <span class='ocrx_word' id='word_1_364' title='bbox 1760 2126 1827 2164; x_wconf 89' lang='lat' dir='ltr'>est</span> <span class='ocrx_word' id='word_1_365' title='bbox 1844 2122 1888 2163; x_wconf 92' lang='lat' dir='ltr'>in</span> 
     </span>
     <span class='ocr_line' id='line_1_78' title="bbox 1057 2174 1888 2228; baseline 0 -8"><span class='ocrx_word' id='word_1_366' title='bbox 1057 2177 1192 2220; x_wconf 88' lang='lat' dir='ltr'>coelis.</span> <span class='ocrx_word' id='word_1_367' title='bbox 1214 2174 1265 2226; x_wconf 68' lang='lat' dir='ltr'>V.</span> <span class='ocrx_word' id='word_1_368' title='bbox 1278 2177 1388 2219; x_wconf 90' lang='lat' dir='ltr'>Cum</span> <span class='ocrx_word' id='word_1_369' title='bbox 1399 2191 1479 2220; x_wconf 90' lang='lat' dir='ltr'>vos</span> <span class='ocrx_word' id='word_1_370' title='bbox 1494 2178 1668 2221; x_wconf 89' lang='lat' dir='ltr'>oderint</span> <span class='ocrx_word' id='word_1_371' title='bbox 1678 2178 1888 2228; x_wconf 90' lang='lat' dir='ltr'>homines,</span> 
     </span>
     <span class='ocr_line' id='line_1_79' title="bbox 1057 2236 1888 2289; baseline 0.002 -13"><span class='ocrx_word' id='word_1_372' title='bbox 1057 2240 1101 2277; x_wconf 91' lang='lat' dir='ltr'>et</span> <span class='ocrx_word' id='word_1_373' title='bbox 1121 2248 1220 2277; x_wconf 92' lang='lat' dir='ltr'>cum</span> <span class='ocrx_word' id='word_1_374' title='bbox 1239 2236 1542 2288; x_wconf 87' lang='lat' dir='ltr'>separaverint</span> <span class='ocrx_word' id='word_1_375' title='bbox 1559 2249 1651 2286; x_wconf 89' lang='lat' dir='ltr'>vos,</span> <span class='ocrx_word' id='word_1_376' title='bbox 1671 2241 1715 2278; x_wconf 93' lang='lat' dir='ltr'>et</span> <span class='ocrx_word' id='word_1_377' title='bbox 1733 2248 1888 2289; x_wconf 91' lang='lat' dir='ltr'>expro-</span> 
     </span>
     <span class='ocr_line' id='line_1_80' title="bbox 1054 2291 1888 2345; baseline 0 -10"><span class='ocrx_word' id='word_1_378' title='bbox 1054 2291 1296 2343; x_wconf 89' lang='lat' dir='ltr'>braverint,</span> <span class='ocrx_word' id='word_1_379' title='bbox 1326 2297 1370 2334; x_wconf 93' lang='lat' dir='ltr'>et</span> <span class='ocrx_word' id='word_1_380' title='bbox 1397 2293 1604 2345; x_wconf 86' lang='lat' dir='ltr'>ejecerint</span> <span class='ocrx_word' id='word_1_381' title='bbox 1630 2305 1790 2334; x_wconf 91' lang='lat' dir='ltr'>nomen</span> <span class='ocrx_word' id='word_1_382' title='bbox 1817 2305 1888 2335; x_wconf 88' lang='lat' dir='ltr'>ve-</span> 
     </span>
     <span class='ocr_line' id='line_1_81' title="bbox 1056 2349 1889 2402; baseline -0.001 -11"><span class='ocrx_word' id='word_1_383' title='bbox 1056 2355 1195 2391; x_wconf 91' lang='lat' dir='ltr'>strum</span> <span class='ocrx_word' id='word_1_384' title='bbox 1234 2354 1462 2401; x_wconf 90' lang='lat' dir='ltr'>tamquam</span> <span class='ocrx_word' id='word_1_385' title='bbox 1499 2349 1663 2391; x_wconf 88' lang='lat' dir='ltr'>malum</span> <span class='ocrx_word' id='word_1_386' title='bbox 1703 2354 1889 2402; x_wconf 86' lang='lat' dir='ltr'>propter</span> 
     </span>
     <span class='ocr_line' id='line_1_82' title="bbox 1055 2405 1680 2448; baseline 0 0"><span class='ocrx_word' id='word_1_387' title='bbox 1055 2406 1213 2448; x_wconf 91' lang='lat' dir='ltr'>Filium</span> <span class='ocrx_word' id='word_1_388' title='bbox 1232 2405 1433 2447; x_wconf 91' lang='lat' dir='ltr'>hominis.</span> <span class='ocrx_word' id='word_1_389' title='bbox 1467 2406 1680 2448; x_wconf 85' lang='lat' dir='ltr'>Gaudete.</span> 
     </span>
    </p>

    <p class='ocr_par' dir='ltr' id='par_1_15' title="bbox 1055 2464 1887 2789">
     <span class='ocr_line' id='line_1_83' title="bbox 1362 2464 1586 2505; baseline -0.004 -1"><span class='ocrx_word' id='word_1_390' title='bbox 1362 2464 1514 2505; x_wconf 88' lang='lat' dir='ltr'>Lectio</span> <span class='ocrx_word' id='word_1_391' title='bbox 1534 2464 1586 2504; x_wconf 92' lang='lat' dir='ltr'>vi.</span> 
     </span>
     <span class='ocr_line' id='line_1_84' title="bbox 1129 2519 1887 2572; baseline -0.003 -10"><span class='ocrx_word' id='word_1_392' title='bbox 1129 2520 1220 2562; x_wconf 93' lang='lat' dir='ltr'>icut</span> <span class='ocrx_word' id='word_1_393' title='bbox 1251 2524 1397 2561; x_wconf 90' lang='lat' dir='ltr'>autem</span> <span class='ocrx_word' id='word_1_394' title='bbox 1430 2524 1474 2561; x_wconf 93' lang='lat' dir='ltr'>et</span> <span class='ocrx_word' id='word_1_395' title='bbox 1504 2532 1586 2561; x_wconf 88' lang='lat' dir='ltr'>nos</span> <span class='ocrx_word' id='word_1_396' title='bbox 1619 2519 1788 2572; x_wconf 87' lang='lat' dir='ltr'>experti</span> <span class='ocrx_word' id='word_1_397' title='bbox 1819 2531 1887 2560; x_wconf 86' lang='lat' dir='ltr'>su·</span> 
     </span>
     <span class='ocr_line' id='line_1_85' title="bbox 1138 2575 1887 2629; baseline -0.003 -11"><span class='ocrx_word' id='word_1_398' title='bbox 1138 2590 1250 2627; x_wconf 90' lang='lat' dir='ltr'>mus,</span> <span class='ocrx_word' id='word_1_399' title='bbox 1271 2582 1314 2618; x_wconf 90' lang='lat' dir='ltr'>et</span> <span class='ocrx_word' id='word_1_400' title='bbox 1331 2577 1471 2619; x_wconf 90' lang='lat' dir='ltr'>nostri</span> <span class='ocrx_word' id='word_1_401' title='bbox 1489 2575 1738 2629; x_wconf 89' lang='lat' dir='ltr'>probavere</span> <span class='ocrx_word' id='word_1_402' title='bbox 1755 2575 1887 2627; x_wconf 87' lang='lat' dir='ltr'>majo-</span> 
     </span>
     <span class='ocr_line' id='line_1_86' title="bbox 1056 2631 1886 2685; baseline -0.004 -10"><span class='ocrx_word' id='word_1_403' title='bbox 1056 2646 1144 2684; x_wconf 86' lang='lat' dir='ltr'>res,</span> <span class='ocrx_word' id='word_1_404' title='bbox 1181 2633 1402 2675; x_wconf 88' lang='lat' dir='ltr'>credimus</span> <span class='ocrx_word' id='word_1_405' title='bbox 1439 2638 1572 2685; x_wconf 88' lang='lat' dir='ltr'>atque</span> <span class='ocrx_word' id='word_1_406' title='bbox 1609 2631 1886 2682; x_wconf 91' lang='lat' dir='ltr'>confidimus,</span> 
     </span>
     <span class='ocr_line' id='line_1_87' title="bbox 1055 2688 1887 2732; baseline 0 -2"><span class='ocrx_word' id='word_1_407' title='bbox 1055 2691 1169 2732; x_wconf 92' lang='lat' dir='ltr'>inter</span> <span class='ocrx_word' id='word_1_408' title='bbox 1189 2703 1342 2732; x_wconf 92' lang='lat' dir='ltr'>omnes</span> <span class='ocrx_word' id='word_1_409' title='bbox 1366 2689 1544 2731; x_wconf 90' lang='lat' dir='ltr'>labores</span> <span class='ocrx_word' id='word_1_410' title='bbox 1563 2689 1689 2730; x_wconf 87' lang='lat' dir='ltr'>istius</span> <span class='ocrx_word' id='word_1_411' title='bbox 1707 2688 1811 2730; x_wconf 87' lang='lat' dir='ltr'>vitae</span> <span class='ocrx_word' id='word_1_412' title='bbox 1830 2689 1887 2730; x_wconf 87' lang='lat' dir='ltr'>ad</span> 
     </span>
     <span class='ocr_line' id='line_1_88' title="bbox 1057 2743 1887 2789; baseline -0.001 -1"><span class='ocrx_word' id='word_1_413' title='bbox 1057 2745 1343 2789; x_wconf 86' lang='lat' dir='ltr'>obtinendam</span> <span class='ocrx_word' id='word_1_414' title='bbox 1399 2743 1748 2787; x_wconf 87' lang='lat' dir='ltr'>misericordiam</span> <span class='ocrx_word' id='word_1_415' title='bbox 1802 2745 1887 2788; x_wconf 92' lang='lat' dir='ltr'>Dei</span> 
     </span>
    </p>
   </div>
   <div class='ocr_carea' id='block_1_7' title="bbox 112 147 1951 2843">
    <p class='ocr_par' dir='ltr' id='par_1_16' title="bbox 112 147 1951 2843">
     <span class='ocr_line' id='line_1_89' title="bbox 112 147 1951 2843; baseline 0 0"><span class='ocrx_word' id='word_1_416' title='bbox 112 147 1951 2843; x_wconf 95' lang='lat' dir='ltr'> </span> 
     </span>
    </p>
   </div>
  </div>
 </body>
</html>
