2040 2976
607 201 678 235 Die
702 202 754 235 31.
779 201 883 235 Julii.
931 200 965 235 S.
990 201 1132 244 Ignatii
1158 201 1414 236 Confessoris.

150 302 327 342 tuorum
340 299 714 342 intercedentibus
728 300 908 348 meritis,
927 299 982 341 ab

152 356 354 398 omnibus
373 359 624 398 mereantur
643 356 982 398 adversitatibus

150 412 338 454 liberari.
375 413 459 455 Per
479 413 729 454 Dominum.

452 472 604 513 Lectio
626 473 679 512 iii.

155 531 249 580 Ι*
261 529 382 570 bdon
407 535 451 571 et
470 530 643 572 Sennen
662 531 822 579 Persae,
842 530 980 571 Decio

154 584 158 601 ³
174 585 253 623 *3324
286 586 554 638 imperatore
600 587 813 635 accusati,
859 585 980 637 quod

149 644 338 694 corpora
358 642 716 692 Christianorum,
742 655 841 695 quae
860 641 980 683 inhu-

147 701 265 740 mata
284 698 637 751 projiciebantur,
654 699 698 739 in
714 711 793 740 suo
809 697 980 751 praedio

148 755 420 807 sepelissent,
438 756 556 806 jussu
571 755 851 808 imperatoris
865 767 979 796 com-

147 810 489 863 prehenduntur,
515 816 559 853 et
583 810 665 853 diis
689 811 890 862 jubentur
914 824 978 852 sa-

148 867 357 908 crificare.
394 867 525 918 Quod
549 878 649 908 cum
675 868 821 909 facere
846 867 979 918 negli-

147 928 312 974 gerent,
342 929 386 965 et
411 924 436 964 J
438 937 561 965 esum
587 924 810 965 Christum
835 924 979 965 Deum

147 980 500 1021 constantissime
516 979 827 1033 praedicarent:
845 980 978 1021 tradi-

145 1041 217 1077 tos
241 1037 285 1077 in
311 1042 477 1079 arctam
503 1038 764 1086 custodiam,
789 1038 978 1078 Romam

145 1094 303 1145 postea
327 1092 502 1135 rediens
521 1094 685 1135 Decius
704 1095 876 1135 vinctos
901 1092 976 1135 du-

145 1149 210 1190 xit
232 1149 276 1189 in
293 1149 529 1202 triumpho.
566 1150 650 1201 Qui
673 1164 771 1192 cum
794 1151 838 1191 in
859 1150 977 1199 Urbe

146 1203 203 1246 ad
223 1205 455 1247 simulacra
472 1207 647 1248 attracti
662 1212 818 1258 essent,
839 1220 891 1248 ea
906 1207 977 1249 de-

145 1262 295 1303 testati
327 1261 635 1315 conspuerunt.
679 1263 977 1314 Quamobrem

144 1318 257 1358 ursis
273 1331 325 1359 ac
338 1318 540 1360 leonibus
556 1318 716 1371 objecti
730 1327 846 1360 sunt:
865 1332 976 1372 quos

144 1374 249 1415 ferae
274 1387 362 1415 non
386 1374 607 1416 audebant
630 1378 854 1426 attingere.
891 1376 975 1417 De-

144 1443 264 1471 mum
299 1430 457 1481 gladiis
494 1431 718 1481 trucidati,
757 1432 974 1482 colligatis

143 1486 332 1539 pedibus
363 1488 494 1530 tracti
521 1493 622 1529 sunt
654 1493 755 1530 ante
780 1488 894 1530 Solis
922 1488 975 1529 si-

143 1543 404 1585 mulacrum:
433 1557 621 1596 quorum
649 1547 837 1598 corpora
863 1545 976 1586 clam

143 1598 245 1641 inde
270 1603 508 1653 asportata,
533 1601 739 1651 Quirinus
764 1601 975 1642 diaconus

143 1656 346 1709 sepelivit
363 1657 408 1697 in
427 1657 517 1698 suis
536 1657 717 1700 aedibus.

196 1714 257 1754 Te
276 1713 420 1755 Deum
439 1713 680 1755 laudamus.
700 1715 757 1755 13.

197 1774 269 1816 Ad
288 1775 424 1816 Laud.
445 1775 545 1816 Ant.
572 1775 718 1817 Vestri
738 1775 886 1828 capilli
906 1778 973 1817 ca-

141 1828 245 1880 pitis
271 1841 423 1871 omnes
449 1831 667 1872 numerati
695 1837 811 1874 sunt:
839 1832 974 1874 nolite

139 1885 309 1927 timere:
327 1885 476 1928 multis
494 1887 750 1939 passeribus
768 1888 973 1930 meliores

142 1942 248 1983 estis
267 1955 360 1984 vos.

194 1997 245 2049 V.
267 2002 564 2045 Exsultabunt
588 2005 728 2046 sancti
752 2005 796 2045 in
822 2005 972 2055 gloria.

141 2058 193 2110 R.
210 2058 498 2101 Laetabuntur
516 2060 561 2100 in
580 2059 797 2102 cubilibus
817 2061 919 2102 suis.

407 2154 491 2196 Die
510 2155 568 2196 31.
587 2156 612 2196 J
614 2155 700 2196 ulii.

271 2222 314 2263 S.
342 2223 530 2273 Ignatii
552 2223 840 2264 Confessoris.

474 2282 638 2325 Duplex.

194 2337 330 2371 Omnia
350 2339 397 2373 de
415 2339 618 2373 Communi
636 2340 744 2375 Conf.
762 2350 839 2374 non
860 2340 967 2374 Pont.

141 2386 210 2431 [67]
230 2390 370 2428 praeter
388 2386 599 2429 sequentia.

472 2438 634 2479 Oratio.

139 2490 316 2596 DeuS,
342 2494 415 2545 qui
440 2494 496 2536 ad
519 2497 729 2548 majorem
752 2497 816 2538 tui
834 2497 968 2538 nomi-

249 2550 315 2590 nis
330 2550 514 2601 gloriam
529 2552 873 2604 propagandam,
893 2565 967 2593 no-

139 2619 196 2648 vo
222 2620 301 2659 per
325 2607 503 2648 beatum
528 2608 746 2659 Ignatium
773 2608 968 2650 subsidio

138 2663 396 2705 militantem
440 2664 683 2705 Ecclesiam
727 2664 968 2706 roborasti:

139 2719 349 2770 concede,
376 2725 424 2761 ut
451 2721 541 2772 ejus
568 2720 729 2762 auxilio
759 2726 802 2763 et
829 2721 966 2763 imita-

1035 300 1157 341 tione
1181 302 1399 341 certantes
1425 301 1468 340 in
1492 302 1636 351 terris,
1662 303 1866 343 coronari

1036 369 1137 396 cum
1161 356 1260 408 ipso
1280 359 1527 398 mereamur
1546 358 1590 398 in
1610 358 1744 400 coelis.
1781 359 1866 400 Per

1034 412 1272 453 Dominum
1291 418 1502 454 nostrum.

1088 468 1132 502 In
1163 468 1190 502 Ι.
1220 468 1421 504 Nocturno
1454 469 1658 505 Lectiones
1691 472 1738 505 de
1768 472 1865 506 Scri-

1036 521 1149 559 ptura
1176 522 1410 551 occurrente.

1270 577 1319 615 In
1339 579 1388 616 ΙΙ.
1410 578 1632 618 Nocturno.

1339 634 1520 675 Lectio
1511 649 1563 675 iv.

1104 694 1326 745 [ga-‘gnatius
1340 694 1517 736 natione
1532 695 1769 747 Hispanus,
1789 697 1862 737 no-

1037 718 1084 811 {Sl
1104 746 1148 809 ¹2«,
1169 750 1246 792 bili
1273 752 1449 801 genere,
1476 751 1658 803 Loyolae
1686 752 1730 792 in
1757 752 1863 793 Can-

1037 811 1067 829 Α
1090 829 1096 830 ’
1112 788 1148 831 ἕ
1167 807 1310 849 tabria
1329 812 1470 856 natus,
1493 808 1636 859 primo
1659 808 1864 850 catholici

1032 865 1148 915 regis
1168 864 1323 913 aulam,
1347 839 1506 906 deinde
1525 864 1723 906 militiam
1742 868 1863 906 secu-

1031 925 1102 962 tus
1122 926 1199 962 est.
1235 921 1287 961 In
1308 921 1661 973 propugnatione
1682 921 1862 974 Pampe-

1030 977 1201 1018 lonensi
1238 978 1423 1029 accepto
1457 977 1639 1018 vulnere
1673 978 1864 1028 graviter

1031 1032 1311 1083 decumbens,
1337 1045 1391 1074 ex
1417 1033 1597 1075 fortuita
1621 1034 1795 1086 piorum
1817 1034 1861 1074 li-

1030 1089 1211 1130 brorum
1226 1089 1427 1140 lectione,
1443 1089 1499 1130 ad
1514 1089 1676 1131 Christi
1690 1096 1862 1131 sancto-

1030 1148 1216 1197 rumque
1243 1146 1454 1187 sectanda
1479 1146 1666 1197 vestigia
1689 1146 1861 1187 mirabi-

1029 1202 1128 1243 liter
1144 1202 1318 1243 exarsit.
1340 1201 1413 1243 Ad
1427 1208 1622 1244 montem
1637 1203 1861 1244 Serratum

1029 1258 1264 1326 profectus,
1289 1263 1390 1300 ante
1411 1272 1530 1299 aram
1554 1259 1699 1300 beatae
1718 1260 1860 1310 Virgi-

1028 1314 1095 1355 nis
1120 1315 1345 1367 suspensis
1369 1316 1512 1364 armis,
1536 1320 1712 1357 noctem
1733 1317 1860 1357 excu-

1028 1371 1148 1420 bans,
1169 1384 1306 1412 sacrae
1325 1371 1492 1412 militiae
1506 1373 1768 1424 tyrocinium
1783 1375 1860 1424 po-

1029 1427 1125 1469 suit.
1167 1428 1292 1478 Inde,
1319 1434 1368 1470 ut
1393 1435 1486 1470 erat
1512 1429 1692 1470 indutus
1718 1442 1859 1478 sacco,

1027 1483 1201 1525 traditis
1239 1487 1368 1526 antea
1412 1485 1616 1526 mendico
1653 1485 1859 1537 pretiosis

1027 1539 1242 1590 vestibus,
1274 1541 1522 1582 Manresam
1555 1541 1753 1582 secessit:
1785 1541 1859 1583 ubi

1028 1596 1303 1639 emendicato
1323 1610 1437 1650 pane
1456 1603 1500 1639 et
1515 1610 1630 1649 aqua
1643 1598 1859 1647 victitans,

1027 1656 1314 1706 exceptisque
1344 1653 1499 1695 diebus
1527 1654 1772 1695 Dominicis
1804 1655 1858 1706 je-

1026 1709 1196 1760 junans,
1241 1712 1401 1763 aspera
1436 1712 1590 1751 catena
1627 1710 1858 1762 cilicioque

1027 1778 1202 1807 carnem
1228 1765 1430 1815 domans,
1458 1766 1577 1807 humi
1604 1766 1785 1816 cubans,
1815 1772 1858 1808 et
1906 1803 1907 1806 ,

1026 1821 1180 1863 ferreis
1208 1835 1255 1864 se
1284 1822 1468 1874 flagellis
1495 1824 1744 1872 cruentans,
1777 1836 1857 1875 per

1026 1890 1187 1919 annum
1197 1882 1495 1921 commoratus
1507 1884 1587 1920 est:
1603 1879 1731 1920 claris
1743 1879 1855 1920 adeo

1025 1933 1391 1976 illustrationibus
1424 1949 1449 1976 a
1485 1936 1582 1977 Deo
1621 1937 1856 1985 recreatus,

1025 1995 1073 2032 ut
1095 1992 1252 2042 postea
1277 1991 1423 2033 dicere
1447 1991 1602 2033 solitus
1627 1990 1697 2032 sit:
1722 1991 1767 2031 Si
1791 2004 1854 2032 sa-

1025 2058 1111 2087 crae
1135 2046 1317 2088 Litterae
1340 2050 1429 2088 hon
1455 2049 1694 2096 exstarent,
1722 2059 1769 2087 se
1793 2052 1854 2088 ta-

961 2125 966 2127 ·
1024 2114 1124 2142 men
1148 2115 1231 2155 pro
1256 2103 1344 2144 fide
1368 2103 1480 2144 mori
1498 2105 1704 2155 paratum
1728 2116 1782 2144 ex
1803 2103 1854 2143 iis

1024 2157 1182 2207 solum,
1212 2172 1310 2211 quae
1339 2159 1423 2201 sibi
1446 2159 1664 2200 Manresae
1691 2159 1854 2211 patefe-

1023 2220 1144 2255 cerat
1154 2215 1380 2256 Dominus.
1400 2216 1498 2266 Quo
1508 2217 1709 2268 tempore
1720 2215 1853 2256 homo

1021 2270 1266 2312 litterarum
1298 2272 1428 2324 plane
1461 2271 1585 2313 rudis
1622 2271 1853 2313 admirabi-

1021 2326 1109 2368 lem
1126 2326 1250 2368 illum
1268 2328 1517 2381 composuit
1532 2328 1853 2370 Exercitiorum

1021 2382 1197 2434 librum,
1230 2383 1357 2426 Sedis
1386 2385 1660 2437 Apostolicae
1692 2383 1851 2436 judicio

1022 2444 1066 2480 et
1086 2440 1280 2481 omnium
1296 2441 1484 2483 utilitate
1503 2440 1851 2493 comprobatum.

1075 2495 1124 2546 R.
1150 2497 1399 2539 Honestum
1426 2498 1529 2539 fecit
1555 2497 1677 2538 illum
1702 2496 1850 2537 Domi-

1020 2565 1113 2602 nus,
1140 2558 1183 2594 et
1203 2552 1442 2595 custodivit
1461 2566 1561 2595 eum
1582 2553 1636 2594 ab
1655 2551 1849 2600 inimicis,

1021 2613 1064 2650 et
1092 2622 1118 2650 a
1145 2608 1454 2651 seductoribus
1481 2609 1642 2651 tutavit
1668 2608 1804 2648 illum:
1826 2610 1847 2633 *

1019 2665 1076 2706 Et
1109 2665 1231 2707 dedit
1262 2666 1324 2706 illi
1357 2666 1602 2707 claritatem
1629 2666 1847 2705 aetemam.

1021 2709 1070 2759 W·
1103 2721 1275 2763 Justum
1307 2721 1491 2764 deduxit
1521 2720 1735 2762 Dominus
1767 2731 1847 2771 per
