2040 2976
510 240 582 274 Die
605 240 636 274 5.
658 239 763 274 Julii.
810 239 845 273 S.
870 238 1070 272 Michaelis
1097 238 1143 271 dc
1168 237 1319 271 Sanctis
1345 236 1453 271 Conf.

1754 237 1847 282 [321]

135 337 246 380 tulit.
280 338 332 379 In
356 337 440 379 hac
463 349 580 378 nova
603 337 814 388 regularis
841 335 967 378 disci-

134 394 269 447 plinae
300 393 509 447 palaestra
540 393 699 434 mirum
736 398 822 443 est,
861 397 969 446 quot

138 452 400 504 quantisque
435 449 648 492 virtutum
689 449 969 491 incrementis

136 507 267 550 etiam
302 507 416 549 inter
457 508 686 548 continuas
722 506 969 548 studiorum

137 564 476 606 exercitationes
504 565 719 605 anteactae
747 563 849 605 vitae
875 577 968 605 san-

136 621 335 664 ctitatem
358 619 656 663 cumulaverit.
688 620 832 662 Tanto
855 621 969 662 enim

136 677 284 720 studio
313 677 506 730 singulas
530 677 719 719 instituti
745 676 866 728 leges
893 677 967 719 ob-

136 735 353 786 servabat,
380 740 429 777 ut
451 734 616 776 nullam
636 747 691 776 ex
707 734 770 776 eis
789 739 968 787 praeter-

136 793 240 835 iisse
260 794 536 846 compertum
554 791 697 833 fuerit.
732 791 968 842 Virginita-

136 854 243 900 tem,
279 863 411 903 quam
444 848 737 902 quinquennis
766 848 864 890 Deo
895 851 969 890 vo-

137 912 271 958 verat,
289 920 379 949 non
396 906 532 948 modo
550 905 807 948 inviolatam
826 907 968 947 serva-

136 964 214 1013 vit,
259 977 413 1006 verum
450 963 583 1005 etiam
627 962 969 1016 praeclarissimo

137 1020 221 1062 Dei
245 1024 426 1062 munere
449 1032 689 1072 numquam
715 1019 856 1061 carnis
881 1018 969 1060 ille-

137 1077 280 1119 cebris
299 1077 483 1119 allectus
503 1081 581 1127 est,
600 1089 744 1129 neque
762 1076 807 1117 in
823 1080 970 1117 mente

138 1134 450 1185 cogitationem
486 1133 620 1175 ullam
659 1134 802 1175 minus
839 1132 970 1174 hone-

139 1196 253 1233 stam
276 1191 440 1233 habuit.
471 1191 734 1232 Aretissima
756 1189 971 1243 praeditus

137 1250 402 1301 paupertate
433 1261 514 1301 per
545 1248 696 1301 plures
729 1260 867 1289 annos
898 1260 970 1288 ne-

139 1318 224 1358 que
248 1304 498 1347 cubiculum
521 1304 684 1355 habuit,
709 1316 854 1356 neque
878 1304 971 1357 pul-

138 1364 262 1403 vinar
285 1361 362 1404 ubi
381 1366 514 1415 caput
532 1361 776 1404 reclinaret.
811 1361 973 1403 Christi

138 1419 474 1461 mansuetudine
497 1418 689 1469 indutus,
713 1432 813 1460 cum
837 1418 970 1459 emni-

138 1476 221 1518 bus
249 1477 423 1529 patiens
448 1476 529 1518 fuit
553 1480 598 1518 et
621 1476 890 1526 misericors3
918 1475 971 1515 iis

141 1533 216 1585 qui
241 1533 324 1575 sibi
348 1533 636 1575 contumelias
661 1538 736 1575 aut
765 1532 972 1575 damnum

139 1590 392 1641 intulerant,
425 1603 599 1643 semper
630 1603 713 1644 pro
746 1590 862 1632 malo
895 1589 971 1632 bo-

139 1661 244 1689 num
270 1647 474 1689 reddidit.
510 1649 682 1690 Invicta
705 1648 749 1688 in
773 1647 971 1688 adversis

141 1705 296 1747 enituit
309 1704 575 1747 fortitudine.
599 1704 972 1746 Prudentissimus

139 1761 184 1802 in
211 1761 396 1803 aliorum
423 1762 650 1813 regimine,
679 1761 763 1803 sibi
789 1774 837 1803 se
865 1761 970 1812 judi-

139 1830 236 1860 cem
258 1819 533 1869 acerrimum,
558 1818 738 1871 reliquis
764 1830 869 1859 vero
895 1817 970 1859 hu-

139 1876 440 1917 manissimum
459 1879 632 1928 patrem
651 1874 859 1916 exhibuit.

191 1934 244 1986 Βι.
270 1932 448 1974 Amavit
466 1945 567 1974 eum
584 1932 818 1981 Dominus,
839 1935 884 1972 et
903 1943 969 1972 or-

141 1988 262 2030 navit
294 2001 408 2030 eum:
448 1989 608 2030 stolam
641 1988 796 2040 gloriae
830 1987 971 2028 induit

141 2057 256 2094 eum,
278 2050 302 2077 *
327 2045 384 2087 Et
412 2044 470 2088 ad
497 2050 650 2099 portas
677 2043 871 2098 paradisi
899 2056 969 2085 co-

139 2102 313 2144 ronavit
345 2115 454 2144 eum.
496 2101 547 2153 V.
575 2102 724 2144 Induit
757 2113 858 2142 eum
882 2100 970 2141 Do-

139 2158 281 2200 minus
322 2158 504 2201 loricam
547 2159 667 2209 fidei,
714 2163 758 2200 et
799 2157 972 2198 ornavit

143 2227 254 2256 eum.
282 2215 340 2257 Et
359 2215 416 2258 ad
433 2221 599 2269 portas.

443 2274 595 2316 Lectio
616 2276 669 2316 vi.

143 2325 288 2433 Cum
316 2329 459 2371 Deum
488 2329 595 2371 totis
623 2328 789 2370 viribus
822 2326 972 2377 dilige-

244 2389 325 2434 ret,
352 2385 407 2427 ab
430 2386 530 2438 ipso
555 2384 759 2426 maximis
780 2383 972 2435 locuple-

141 2440 226 2481 tari
260 2441 421 2483 meruit
456 2440 806 2483 charismatibus.
858 2438 973 2479 Nam

143 2496 308 2538 crebris
335 2502 379 2539 et
401 2498 598 2540 mirificis
621 2495 876 2550 rapiebatur
902 2507 972 2535 ex-

142 2553 323 2604 tasibus‚
344 2554 502 2606 quibus
517 2554 588 2596 vel
606 2554 650 2599 in
669 2552 855 2594 sublime
874 2556 972 2592 toto

142 2610 400 2661 assurgebat
446 2614 651 2664 cerpore‚
696 2608 766 2650 vel
811 2607 973 2649 coelum

142 2666 380 2709 ascendere
404 2667 658 2716 videbatur,
687 2678 788 2706 cum
813 2668 889 2705 aut
917 2663 973 2704 de

141 2723 227 2764 Dei
243 2722 442 2765 bonitate
455 2723 721 2775 loqueretur,
737 2725 811 2762 aut
826 2719 972 2761 Sacris

143 2780 332 2832 eperans
352 2780 535 2821 calicem
554 2778 758 2820 elevaret.
786 2776 882 2817 Nec
897 2775 973 2816 mi-

298 2919 362 2943 Pars
378 2919 486 2943 AEstiva.

1019 336 1117 376 nori
1136 348 1239 387 erga
1253 336 1481 389 proximos
1497 336 1679 377 caritate
1695 335 1849 386 flagra-

1019 391 1112 442 bat,
1148 405 1259 445 quos
1292 397 1335 434 et
1363 392 1547 445 privatis
1580 391 1773 434 consiliis
1806 395 1850 432 et

1020 448 1209 501 publicis
1229 448 1515 491 concienibus
1531 453 1575 490 et
1594 447 1770 490 assidua
1786 460 1850 488 sa-

1021 506 1232 547 cramenti
1269 505 1540 558 poenitentiae
1578 505 1850 547 administra-

1021 563 1141 604 tione
1169 563 1318 614 juvare
1346 575 1585 615 numquam
1611 563 1851 615 praetermi-

1022 620 1089 661 sit.
1118 620 1228 661 Cum
1243 632 1348 661 vero
1364 620 1550 661 virtutes
1567 620 1658 671 ejus
1673 631 1762 660 non
1775 620 1851 672 po-

1021 676 1116 730 puli
1138 675 1291 726 modo,
1320 675 1399 718 sed
1424 675 1506 717 viri
1531 676 1753 729 principes
1779 673 1852 717 ad-

1022 733 1299 783 mirarentur,
1333 745 1385 774 ea
1414 737 1561 774 tamen
1595 738 1689 774 erat
1721 731 1854 773 animi

1023 789 1300 841 demissiene,
1320 795 1369 831 ut
1389 802 1436 830 se
1452 789 1726 831 daem6nibus
1746 789 1853 842 ipsis

1023 847 1289 889 deteriorem
1314 846 1563 888 affirmaret.
1597 846 1658 888 At
1676 845 1854 887 humani

1022 904 1195 955 generis
1228 903 1521 956 Redemptor,
1557 903 1626 944 eui
1659 902 1854 944 exaltare

1021 960 1210 1002 humiles
1238 961 1283 1001 in
1312 959 1480 1002 deliciis
1509 964 1593 1009 est,
1624 959 1739 1000 hunc
1767 972 1854 1001 ser-

1022 1032 1126 1059 vum
1146 1031 1272 1059 suum
1291 1017 1468 1059 fidelem
1486 1016 1698 1070 peculiari
1717 1016 1855 1057 voluit

1022 1075 1242 1117 illustrare
1261 1073 1477 1127 prodigio,
1499 1086 1586 1125 quo
1606 1073 1701 1126 ipse
1722 1071 1856 1114 divini

1024 1132 1090 1173 sui
1119 1131 1266 1173 cordis
1293 1130 1524 1183 mysticam
1551 1129 1854 1171 commutatio-

1023 1202 1124 1231 nem
1149 1202 1248 1230 cum
1271 1187 1406 1229 corde
1430 1187 1546 1228 illius
1572 1187 1680 1228 inire
1707 1186 1854 1237 digna-

1023 1251 1095 1287 tus
1129 1250 1205 1287 est.
1254 1244 1354 1286 Hoc
1387 1247 1537 1296 itaque
1570 1243 1764 1285 caritatis
1796 1243 1854 1283 in-

1025 1302 1181 1344 cendio
1211 1300 1497 1350 decumbens,
1530 1300 1730 1353 spiritum
1757 1300 1854 1341 Deo

1024 1357 1466 1401 reddiditVallisoleti
1478 1357 1549 1399 die
1561 1356 1730 1398 decima
1737 1356 1857 1409 Apri·

1024 1416 1077 1457 lis
1110 1428 1228 1457 -anno
1264 1415 1496 1456 millesimo
1535 1413 1854 1455 sexcentesimo

1024 1473 1237 1525 vigesimo
1263 1472 1426 1524 quinto,
1451 1471 1596 1513 aetatis
1616 1483 1707 1512 suae
1727 1470 1855 1521 trige-

1025 1530 1136 1571 simo
1162 1529 1304 1572 tertio.
1346 1529 1487 1579 Quem
1511 1527 1660 1569 multis
1685 1531 1786 1568 ante
1813 1532 1857 1568 et

1025 1592 1129 1640 post
1144 1586 1314 1628 obitum
1328 1584 1549 1626 miraculis
1565 1583 1729 1626 clarum
1742 1582 1858 1624 Sum-

1025 1657 1122 1685 mus
1154 1643 1357 1684 Pontifex
1388 1642 1491 1683 Pius
1525 1646 1675 1682 sextus
1707 1640 1855 1682 beato-

1026 1714 1123 1742 rum
1159 1700 1282 1742 fastis
1314 1698 1561 1751 adscripsit.
1615 1698 1718 1738 Pius
1750 1710 1856 1739 vero

1026 1770 1168 1799 nonus
1178 1756 1381 1798 Pontifex
1392 1755 1610 1796 Maximus
1626 1767 1753 1795 sacro
1766 1754 1858 1795 Car-

1027 1814 1239 1855 dinalium
1268 1813 1541 1864 aliorumque
1571 1812 1662 1852 fere
1691 1815 1856 1852 trecen—

1025 1873 1172 1912 torum
1183 1869 1451 1918 Antistitum,
1467 1867 1677 1909 Ecclesiae
1693 1872 1737 1908 et
1752 1879 1855 1919 apo-

1027 1928 1196 1969 stolicae
1225 1926 1350 1968 Sedis
1379 1927 1469 1978 jura
1498 1926 1674 1966 strenue
1704 1928 1857 1964 contra

1026 1984 1281 2025 insidiantes
1304 1982 1455 2024 hostes
1475 1979 1857 2033 propugnantium,

1026 2043 1182 2083 senatu
1236 2038 1551 2087 circumdatus,
1604 2037 1857 2078 recurrente

1026 2098 1183 2150 plausu
1206 2095 1338 2138 Urbis
1362 2100 1406 2136 et
1430 2093 1577 2143 Orbis,
1601 2105 1729 2134 sacro
1748 2092 1856 2134 Pen-

1025 2156 1220 2196 tecostes
1240 2152 1311 2194 die
1327 2153 1485 2193 octava
1498 2151 1523 2191 J
1524 2149 1625 2200 unii,
1645 2149 1747 2191 anni
1765 2149 1856 2190 mil-

1026 2210 1166 2252 lesimi
1203 2207 1552 2260 octingentesimi
1595 2205 1857 2257 sexagesimi

1027 2266 1219 2317 secundi,
1240 2266 1284 2307 in
1300 2265 1517 2307 Vaticana
1534 2262 1717 2306 basilica
1735 2262 1857 2302 illum

1025 2324 1152 2366 novis
1178 2322 1418 2373 fulgentem
1444 2320 1578 2372 signis
1606 2320 1857 2363 sanctorum

1027 2379 1229 2430 catalogo
1250 2378 1434 2422 solemni
1452 2377 1540 2419 ritu
1559 2374 1792 2418 accensuit.

1078 2442 1130 2493 R.
1145 2440 1236 2481 Iste
1254 2438 1400 2481 homo.
1428 2437 1508 2490 [72]

1074 2507 1118 2540 In
1139 2505 1203 2539 III.
1224 2504 1423 2538 Nocturno
1449 2500 1619 2536 Homilia
1644 2499 1681 2532 in
1705 2498 1850 2540 Evang.

1025 2552 1280 2597 Respondens
1291 2552 1314 2586 J
1317 2561 1418 2587 esus.
1431 2555 1471 2584 ut
1484 2550 1522 2584 in
1536 2549 1635 2583 festo
1649 2547 1684 2581 S.
1695 2545 1851 2589 Aloysii

1026 2604 1223 2644 Gonzagae
1241 2600 1349 2636 Conf.
1368 2599 1430 2634 die
1447 2598 1498 2632 21.
1514 2598 1602 2631 Jun.
1623 2596 1699 2631 344.

1075 2650 1123 2684 Et
1152 2651 1193 2684 fit
1223 2658 1418 2684 commem.
1450 2645 1607 2680 Octavae
1632 2644 1688 2678 Ss.
1713 2642 1850 2685 Apost.

1024 2699 1064 2732 in
1087 2698 1207 2733 Laud.
1229 2701 1309 2736 399.

1285 2761 1596 2788 >—‘-0-<1>-0-—

1612 2894 1647 2929 V
