2040 2976
732 219 905 252 Officium
932 219 971 252 13.
996 219 1127 252 Maria·
1154 220 1188 252 in
1215 219 1395 252 sabbato.

269 314 350 356 (tui
368 314 481 364 luna,
500 315 578 365 sol,
596 320 639 357 et
659 315 803 356 omnia

321 371 584 412 Deserviunt
602 384 682 423 per
699 373 908 424 tempora,

322 427 505 468 Perfusa
523 427 625 469 coeli
642 427 793 479 gratia,

322 483 508 526 Gestant
525 484 685 536 puellae
704 485 884 526 viscera.

276 557 409 600 Beata
427 558 568 601 Mater
585 562 776 609 munere,

322 614 452 667 Cujus
472 617 686 668 supernus
706 616 862 657 artifex

320 671 533 714 Mundum
551 672 716 725 pugillo
737 672 974 722 continens,

320 728 500 770 Ventris
520 728 601 770 sub
622 742 723 771 arca
742 728 915 770 clausus
937 732 1015 770 est.

270 804 407 847 Beata
425 806 525 847 coeli
543 806 708 857 nuntio,

319 861 544 904 Foecunda
563 868 714 905 sancto
733 862 907 915 Spiritu,

319 918 606 962 Desideratus
625 920 838 971 gentibus,

321 976 452 1027 Cujus
470 988 551 1028 per
570 976 716 1018 alvum
734 976 857 1017 fusus
876 980 953 1018 est.

271 1052 372 1096 Jesu
390 1054 470 1096 tibi
489 1054 546 1096 sit
563 1053 714 1105 gleria,

320 1111 404 1161 Qui
422 1116 549 1153 natus
570 1123 617 1152 es
637 1109 692 1152 de
710 1109 903 1161 Virgine,

319 1167 428 1208 Cum
445 1167 586 1217 Patre,
607 1172 650 1209 et
669 1166 783 1208 almo
800 1165 963 1219 Spiritu

318 1223 369 1264 In
387 1224 653 1276 sempiterna
671 1223 843 1265 saecula.

526 1280 679 1322 Amen.

267 1345 502 1380 Nsmtmwmm
528 1347 697 1380 Sublimi.
723 1353 762 1380 ut
786 1347 822 1380 in
847 1346 960 1380 I'sult.
985 1349 1039 1393 92,

215 1400 248 1426 ct
276 1394 310 1426 iu
336 1395 407 1427 tine

267 1443 314 1491 Y·
354 1447 526 1489 Diffusa
559 1452 627 1490 est
661 1447 803 1499 gratia
835 1448 879 1488 in
913 1447 1039 1490 labiis

213 1503 311 1545 tuis.
361 1504 409 1553 Rg.
447 1505 691 1558 Propterea
730 1503 954 1546 benedixit
994 1510 1039 1546 te

214 1560 335 1601 Deus
362 1560 406 1601 in
434 1563 656 1603 aeternum.

273 1616 400 1658 I'ater
427 1623 588 1660 noster.

503 1676 747 1717 Absolutio.

213 1728 469 1834 Precibus
486 1738 528 1775 et
546 1733 712 1775 meritis
730 1732 874 1775 beatae
888 1733 1038 1775 Mariae

317 1804 490 1844 semper
521 1790 734 1842 Virginis,
770 1794 814 1832 et
846 1790 1039 1832 emnium

213 1848 484 1898 Sanct6rum,
498 1847 713 1901 perducat
727 1859 809 1888 nos
822 1847 1039 1889 Deminus

215 1903 272 1946 ad
290 1901 424 1956 regna
443 1905 666 1946 coelorum.

269 1962 313 2012 Rg.
343 1961 497 2003 Amen.

267 2012 315 2063 Y.
342 2019 366 2059 J
368 2018 453 2060 ube
473 2018 633 2061 domne
652 2017 924 2060 benedicere.

267 2078 350 2116 l’ro
388 2078 409 2116 i.
447 2078 563 2118 Lect.
605 2077 760 2118 Bened.
807 2077 903 2120 Nos
938 2091 1038 2120 eum

214 2134 339 2187 prole
358 2135 431 2187 pia
449 2135 681 2177 benedicat
698 2135 837 2186 Virgo
855 2135 1004 2176 Maria.

269 2192 316 2243 Ιζ».
343 2191 495 2233 Amen.

268 2257 403 2290 I'rimae
430 2257 515 2291 duae
537 2258 634 2292 Lect.
660 2258 706 2292 de
727 2257 923 2301 Scriptura
948 2257 1036 2290 libri

214 2305 415 2339 currentis:
447 2306 571 2341 tertia.
602 2317 675 2340 una
706 2318 751 2340 ex
781 2306 940 2340 inferius
970 2315 1036 2349 po-

215 2352 298 2386 sitis
323 2363 391 2395 per
415 2353 596 2386 ordinem.

267 2402 315 2452 lx}-
344 2402 366 2440 i·
394 2403 553 2445 Sancta
581 2407 624 2444 et
650 2403 930 2446 immaculeta
954 2404 1035 2445 vir-

213 2460 389 2511 ginitas,
427 2459 585 2511 quibus
620 2464 664 2501 te
699 2459 902 2501 laudibus
937 2460 1035 2503 effe-

212 2529 325 2566 ram,
361 2516 526 2557 nescio:
565 2516 586 2537 *
623 2516 735 2566 Quia
771 2529 901 2568 quem
936 2517 1037 2559 coeli

213 2574 372 2626 capere
400 2584 488 2613 non
515 2573 737 2625 peterant,
766 2576 842 2613 tuo
870 2573 1036 2623 gremio

213 2628 446 2670 contulisti.
487 2624 532 2674 V.
559 2626 800 2669 Benedicta
817 2632 866 2668 tu
884 2628 927 2668 in
946 2642 1035 2670 mu-

212 2685 400 2735 lieribus,
420 2689 463 2727 et
481 2683 739 2726 benedictus
756 2684 921 2725 fruetus
934 2687 1034 2726 ‘ven-

212 2742 290 2783 tris
309 2742 382 2783 tui.
411 2741 534 2792 Quia.

1146 315 1230 353 Pro
1259 314 1297 352 ii.
1322 314 1439 355 Lect.
1465 313 1624 354 Bened.
1653 315 1758 366 Ipsa
1778 311 1918 364 Virgo

1095 369 1310 420 virginum
1335 368 1578 412 intercedat
1600 378 1682 421 pro
1704 368 1838 411 nobis
1861 368 1919 411 ad

1095 425 1342 467 Dominum.
1388 428 1437 478 Rg.
1471 426 1623 468 Amen.

1146 494 1192 543 lev·
1229 493 1267 531 ii.
1308 490 1433 532 Felix
1469 503 1657 543 namque
1691 503 1758 541 es,
1794 503 1919 532 sacra

1095 547 1233 598 Virgo
1248 547 1395 598 Maria,
1415 551 1459 589 et
1477 547 1596 589 omni
1612 546 1742 589 laude
1761 546 1918 598 dignis·

1095 603 1222 645 sima:
1253 604 1275 627 *
1309 604 1420 655 Quia
1448 616 1503 646 ex
1528 608 1574 646 te
1607 608 1729 646 ortus
1757 608 1824 646 est
1850 603 1919 645 sol

1094 660 1288 712 justitiae,
1319 661 1340 683 *
1379 660 1576 702 Christus
1604 660 1724 702 Deus
1756 665 1918 702 noster.

1092 711 1141 762 Χῖ.
1171 716 1260 758 Ora
1283 729 1365 769 pro
1389 716 1572 770 populo,
1599 716 1812 759 interveni
1834 729 1917 770 pro

1095 772 1229 824 clero,
1256 773 1479 816 intercede
1503 786 1585 827 pro
1612 773 1775 816 deveto
1799 773 1917 816 femi-

1093 842 1177 872 neo
1197 842 1319 872 sexu:
1341 831 1530 872 sentiant
1548 843 1700 872 omnes
1717 835 1842 872 tuum
1859 830 1917 882 ju-

1093 888 1259 936 vamen,
1276 887 1538 939 quicumque
1558 886 1779 929 celebrant
1797 891 1919 928 tuam

1093 947 1289 984 sanctam
1310 943 1781 985 commemorationem.
1807 943 1918 994 Quia

1093 1001 1149 1040 ex
1165 1004 1221 1041 te.
1247 998 1401 1042 Gleria
1417 1000 1548 1042 Patri.
1577 999 1785 1042 Christus.

1136 1064 1230 1105 ‘Pro
1260 1064 1314 1103 iii.
1334 1065 1450 1106 Lect.
1480 1065 1637 1106 Bened.
1673 1062 1756 1107 Per
1776 1065 1917 1117 Virgi-

1092 1133 1193 1163 nem
1204 1126 1389 1164 matrem
1404 1121 1618 1164 concedat
1631 1121 1759 1164 nobis
1769 1121 1917 1164 Domi-

1091 1191 1173 1219 nus
1193 1177 1378 1220 salutem
1396 1183 1441 1221 et
1458 1191 1622 1231 pacem.

1146 1237 1194 1288 Rg.
1222 1235 1374 1277 Amen.

1143 1298 1250 1338 Post
1270 1297 1323 1337 iii.
1342 1296 1459 1337 Lect.
1480 1296 1560 1338 dic.
1585 1296 1646 1339 Te
1664 1297 1819 1339 Deum.
1837 1297 1896 1338 13.

1354 1382 1433 1423 Ad
1459 1381 1654 1424 Laudes

1300 1442 1350 1471 et
1389 1447 1486 1480 per
1523 1436 1718 1471 Horas.

1146 1497 1281 1532 Omnia
1312 1502 1351 1532 ut
1382 1498 1420 1531 in
1450 1498 1575 1532 Festis
1606 1497 1646 1531 B.
1671 1497 1717 1531 M.
1743 1497 1785 1531 V.
1813 1498 1916 1543 [133],

1092 1550 1232 1588 practer
1256 1546 1465 1590 sequentia.

1144 1599 1243 1639 Ant.
1272 1600 1299 1638 1.
1328 1598 1446 1640 Dum
1472 1602 1588 1640 esset
1612 1598 1711 1640 Rex
1733 1598 1758 1624 *
1781 1598 1826 1640 in
1849 1611 1917 1641 ac-

1091 1653 1242 1696 cubitu
1262 1667 1354 1705 suo,
1373 1655 1536 1697 nardus
1554 1668 1652 1698 mea
1670 1654 1792 1698 dedit
1812 1654 1917 1698 odo-

1090 1723 1184 1752 rem
1205 1711 1444 1753 suavitatis.
1624 1732 1630 1741 ι

1143 1769 1210 1809 Ps.
1239 1768 1453 1810 Dominus
1471 1768 1678 1819 regnavit.
1695 1769 1756 1810 14.

1142 1830 1177 1869 2.
1205 1829 1339 1871 Laeva
1365 1830 1456 1882 ejus
1478 1829 1502 1855 *
1528 1829 1609 1872 sub
1637 1829 1781 1883 capite
1804 1842 1916 1880 meo,

1091 1890 1135 1927 et
1154 1885 1335 1928 dextera
1358 1886 1473 1927 illius
1497 1886 1817 1940 amplexabitur
1835 1899 1917 1929 me.

1143 1942 1178 1981 3.
1202 1942 1340 1995 Nigra
1365 1956 1471 1994 sum,
1489 1944 1514 1970 *
1538 1942 1618 1985 sed
1641 1943 1846 1994 formosa,
1869 1943 1917 1986 fi-

1090 1998 1161 2041 liae
1175 1999 1430 2042 Jerusalem:
1444 1999 1546 2043 ideo
1561 1999 1715 2042 dilexit
1727 2012 1798 2042 me
1808 2000 1916 2051 Rex,

1091 2060 1136 2098 et
1179 2055 1422 2106 introduxit
1466 2069 1536 2099 me
1579 2056 1625 2098 in
1669 2055 1918 2099 cubiculum

1094 2126 1230 2154 suum.

1143 2172 1180 2209 4.
1221 2170 1315 2212 Jam
1345 2170 1484 2212 hiems
1515 2170 1703 2220 transiit,
1729 2170 1754 2198 *
1776 2169 1916 2212 imber

1093 2225 1209 2278 abiit,
1231 2232 1275 2269 et
1294 2227 1488 2269 recessit:
1506 2239 1635 2279 surge
1652 2228 1790 2273 amica
1807 2238 1916 2277 mea,

1093 2287 1136 2325 et
1163 2283 1273 2326 veni.
1295 2307 1299 2311 ·

1143 2340 1180 2379 5.
1208 2339 1418 2394 Speciosa
1442 2342 1467 2368 *
1490 2340 1605 2382 facta
1628 2352 1676 2382 es
1700 2344 1744 2382 et
1768 2339 1915 2382 suevis

1089 2396 1133 2437 in
1165 2396 1332 2439 deliciis
1362 2397 1465 2448 tuiS,
1498 2402 1649 2440 sancta
1677 2396 1762 2439 Dei
1787 2396 1914 2438 Geni-

1090 2453 1186 2495 trix.

1171 2512 1426 2563 Capitulum.
1520 2531 1523 2534 ·
1575 2510 1703 2551 Eccli.
1718 2511 1783 2549 24.
1798 2509 1837 2550 b.
1912 2526 1914 2529 ’

1162 2574 1192 2616 b
1217 2575 1356 2624 initio,
1385 2580 1429 2617 et
1453 2580 1552 2617 ante
1581 2574 1742 2617 saecula
1769 2574 1915 2616 creata

1200 2644 1310 2682 sum,
1330 2637 1372 2674 et
1390 2644 1530 2684 usque
1549 2630 1606 2673 ad
1625 2631 1818 2673 futurum
1834 2630 1915 2671 sae4

1089 2687 1233 2728 culum
1258 2700 1346 2729 non
1372 2686 1584 2738 desinam,
1612 2692 1656 2729 et
1677 2687 1722 2727 in
1746 2685 1913 2727 habita-

1087 2742 1206 2785 tione
1221 2748 1371 2786 sancta
1385 2756 1537 2786 coram
1549 2743 1648 2797 ipso
1662 2741 1913 2784 ministravi.
