2040 2976
468 199 538 232 Dic
563 200 591 231 33.
620 199 716 240 Aug.

163 293 371 344 Martyris
424 293 732 343 gloriosissimi
776 293 997 346 Stephani,

165 349 221 391 ad
256 350 348 401 ejus
380 350 640 391 memoriam
672 349 878 391 veniebat
909 361 997 390 ma-

163 419 262 456 gnae
281 405 573 447 multitudinis
594 410 834 447 concursus
859 411 902 448 et
927 419 997 447 oc-

165 465 332 503 cursus.
360 462 427 504 Ibi
445 475 565 504 caeca
579 463 747 512 mulier,
766 468 815 504 ut
834 462 891 504 ad
910 465 998 515 epi-

166 531 351 571 scopum
378 522 631 572 portantem
658 522 845 572 pignora
874 532 999 560 sacra

166 574 415 626 duceretur,
441 576 599 617 oravit:
627 576 776 625 flores,
804 589 917 628 quos
941 576 999 617 fe-

165 632 302 682 rebat,
322 632 462 674 dedit:
488 633 667 685 recepit,
689 633 831 674 oculis
850 632 999 674 admo·

165 689 238 738 vit,
257 689 456 741 protinus
471 688 594 730 vidit.
621 689 910 741 Stupentibus
927 689 1001 741 qui

167 745 367 795 aderant,
395 745 586 798 praeibat
612 746 856 795 exsultans,
885 745 1001 786 viam

168 815 374 855 carpens,
417 807 461 843 et
500 802 585 843 viae
622 801 780 843 ducem
817 801 1001 842 ulterius

166 872 255 900 non
275 860 515 910 requirens.
550 858 784 899 Memorati
798 858 1001 898 memori-

167 929 239 956 am
257 915 476 968 Martyris,
502 928 601 967 quae
620 915 767 968 posita
786 919 853 956 est
871 915 915 954 in
934 927 1002 955 ca-

168 973 298 1014 ste'llo
324 972 551 1024 Syniconsi
578 971 698 1024 quod
722 971 1003 1023 Hipponensi

168 1029 354 1070 coloniae
374 1029 566 1070 vicinum
590 1033 672 1077 est,
699 1027 898 1080 ejusdem
915 1027 1004 1068 loci

168 1086 364 1127 Lucillus
381 1088 629 1138 episcopus,
648 1084 818 1137 populo
837 1096 1002 1136 praece-

169 1142 300 1184 dente
337 1148 471 1194 atque
507 1143 738 1193 sequente,
774 1140 1003 1193 portabat;

169 1199 334 1247 fistula,
367 1199 489 1251 cujus
516 1198 721 1239 molostia
749 1197 914 1249 jamdiu
945 1197 1004 1238 la-

169 1256 417 1306 boraverat,
436 1261 479 1297 et
494 1254 821 1296 familiarissimi
836 1253 903 1295 sui
917 1256 1004 1295 me-

171 1312 271 1362 dici,
299 1313 374 1364 qui
394 1325 492 1354 eam
511 1314 699 1360 secaret,
720 1310 1006 1365 operiebatur

168 1382 341 1419 manus,
366 1369 482 1410 illius
508 1369 595 1421 piae
615 1367 801 1408 sarcinae
826 1367 1006 1409 vectati-

171 1428 254 1467 one
274 1427 457 1478 repente
476 1428 630 1466 sanata
651 1430 728 1466 est.

222 1489 273 1539 R.
291 1487 422 1539 Impii
451 1499 584 1539 super
608 1488 769 1539 justum
794 1487 1007 1538 jacturam

171 1544 384 1594 fecerunt,
409 1549 458 1585 ut
485 1556 584 1584 eum
605 1543 740 1584 morti
765 1542 1007 1584 traderent:

172 1603 193 1625 *
215 1601 276 1642 At
298 1600 371 1641 ille
391 1599 589 1650 gaudens
609 1599 805 1651 suscepit
823 1598 1007 1651 lapides,

173 1662 222 1698 ut
260 1658 504 1698 mereretur
550 1658 753 1708 accipere
796 1657 1007 1696 coronam

172 1713 338 1764 gloriae.
373 1707 422 1759 V.
444 1712 766 1754 Continuerunt
785 1724 913 1753 aures
940 1725 1007 1752 su-

172 1783 236 1820 aS,
266 1774 309 1811 et
331 1771 544 1822 impetum
574 1769 773 1810 fecerunt
798 1769 1007 1810 unanimi-

172 1832 239 1868 ter
263 1826 307 1867 in
333 1838 443 1867 eum.
479 1826 539 1867 At
563 1825 637 1867 ille
658 1825 867 1876 gaudens.
905 1825 1007 1866 Glo-

172 1883 237 1924 ria
255 1883 385 1924 Patri.
414 1882 475 1923 At
493 1882 567 1923 ille
585 1881 795 1934 gaudens.

398 1962 446 1999 In
468 1961 539 1999 ΙΙΙ.
562 1961 786 1999 Nocturno.

178 2018 328 2060 Lectio
353 2019 493 2060 sancti
515 2018 743 2070 Evangelii
765 2017 1009 2059 secundum

454 2074 723 2117 Matthaeum.

243 2134 394 2174 Lectio
416 2135 483 2174 vii.
695 2134 798 2186 Cap.
820 2134 882 2174 23.
902 2133 941 2175 d.

174 2187 251 2294 In
288 2192 365 2234 illo
397 2194 616 2245 tempore:
660 2191 850 2234 Dicebat
884 2191 907 2231 J
910 2203 1011 2232 esus

251 2248 406 2290 scribis
435 2254 479 2290 et
503 2248 748 2301 pharisaeis:
784 2248 902 2289 Ecce
928 2260 1010 2298 ego

177 2306 305 2347 mitto
325 2304 383 2346 ad
403 2318 482 2346 vos
502 2304 757 2357 prophetas,
778 2309 822 2346 et
841 2304 1010 2356 sapien-

178 2368 256 2411 tes,
277 2366 321 2403 et
340 2361 522 2402 scribas:
549 2367 592 2403 et
612 2374 666 2402 ex
685 2361 769 2402 illis
790 2360 1012 2410 occidetis,

179 2423 223 2460 et
243 2418 520 2469 crucifigetis.
558 2418 616 2459 Et
635 2417 816 2469 reliqua.

179 2496 373 2538 Homilia
398 2496 438 2537 S.
463 2495 722 2547 Hieronymi
747 2494 1013 2546 Presbyteri.

239 2558 320 2591 Lib.
346 2558 375 2590 4.
402 2556 546 2590 Comm.
571 2556 606 2588 in
635 2566 716 2598 cap.
741 2556 792 2588 225.
820 2554 952 2588 Matth.

291 2614 297 2615 ⁷
315 2623 369 2651 oc
416 2608 537 2661 quod
585 2611 714 2650 antea
749 2607 1014 2649 dixeramus:

222 2659 273 2718 »ξ
300 2714 302 2732 Ι
340 2666 528 2719 Implete
555 2667 807 2707 mensuram
839 2669 1014 2716 patrum

340 2725 607 2772 vestrorum3
667 2720 725 2763 ad
776 2721 1015 2773 personam

765 197 805 230 In
832 197 1059 230 Inventione
1085 196 1119 229 S.
1146 194 1332 237 Stephani
1356 194 1584 227 Protomart.

1050 290 1230 331 Domini
1256 290 1497 342 pertinere,
1530 302 1583 332 eo
1617 289 1739 343 quod
1771 289 1883 331 occi-

1052 345 1223 388 dondus
1250 352 1368 388 esset
1393 347 1448 388 ab
1475 347 1553 388 eis:
1580 351 1732 400 potest
1758 351 1802 388 et
1827 345 1885 387 ad

1052 402 1295 456 discipulos
1324 405 1416 455 ejus
1442 403 1613 453 referri,
1642 403 1698 444 de
1725 403 1884 455 quibus

1052 473 1167 501 nunc
1188 459 1309 501 dicit:
1340 460 1458 502 Ecce
1478 472 1560 511 ego
1579 459 1708 501 mitto
1728 458 1785 500 ad
1805 471 1885 500 vos

1052 516 1304 568 prophetas,
1325 522 1369 558 et
1388 516 1623 569 sapientes,
1645 519 1688 557 et
1707 515 1886 557 scribas.

1054 572 1280 624 Simulque
1309 572 1515 622 observa,
1548 573 1667 623 iuxta
1695 571 1886 624 Aposto-

1054 629 1144 670 lum
1164 629 1429 670 scribentem
1449 628 1507 670 ad
1526 628 1795 677 Corinthios,
1813 629 1886 669 va-

1054 686 1118 726 ria
1151 698 1247 727 esse
1276 684 1393 727 dona
1422 685 1738 737 discipulorum
1768 683 1887 730 Chri-

1055 743 1125 783 sti:
1158 742 1268 783 alios
1302 742 1562 795 prophetas,
1595 741 1670 793 qui
1701 743 1888 783 ventura

1054 798 1314 851 praedicent:
1335 798 1445 840 alios
1466 798 1699 851 sapientes,
1721 797 1795 850 qui
1813 809 1888 838 no-

1056 857 1213 897 verunt
1251 854 1429 907 quando
1465 854 1657 896 debeant
1689 853 1890 906 proferre

1057 914 1321 953 sermonem:
1364 912 1474 953 alios
1511 911 1679 953 scribas
1713 911 1757 951 in
1791 909 1890 961 lege

1058 968 1357 1021 doctissimos,
1391 981 1446 1010 ex
1480 968 1638 1021 quibus
1667 966 1891 1020 lapidatus

1058 1031 1126 1067 est
1140 1025 1400 1078 Stephanus,
1415 1025 1578 1066 Paulus
1594 1026 1778 1074 occisus,
1797 1035 1891 1064 cru-

1060 1082 1215 1123 cifixus
1229 1083 1399 1132 Petrus,
1420 1081 1630 1133 flagellati
1645 1081 1689 1121 in
1704 1079 1892 1121 Actibus

1059 1138 1381 1191 Apostolorum
1400 1137 1617 1191 discipuli.

1112 1212 1163 1273 l}
1178 1207 1429 1260 Stephanus
1455 1220 1608 1248 servus
1633 1206 1734 1255 Dei,
1761 1218 1893 1258 quem

1058 1263 1317 1317 lapidabant
1327 1264 1352 1305 J
1353 1263 1482 1314 udaei,
1496 1262 1606 1305 vidit
1620 1262 1759 1304 coelos
1771 1264 1893 1315 aper·

1059 1326 1146 1363 tos:
1164 1320 1285 1370 vidit,
1306 1326 1350 1362 et
1364 1320 1575 1363 introivit:
1596 1322 1619 1348 *
1635 1319 1802 1361 Beatus
1818 1318 1892 1360 ho—

1058 1390 1132 1419 mo
1153 1378 1223 1419 cui
1243 1377 1344 1419 coeli
1360 1376 1583 1430 patebant.
1617 1371 1669 1424 V.
1690 1376 1800 1417 Cum
1817 1375 1893 1426 igi-

1058 1440 1130 1476 tur
1154 1436 1363 1476 saxorum
1387 1433 1696 1486 crepitantium
1721 1432 1895 1474 turbine

1062 1493 1332 1543 quateretur,
1372 1491 1485 1532 inter
1522 1489 1742 1531 aethereos
1782 1488 1894 1530 aulae

1060 1547 1255 1590 coelestis
1292 1548 1412 1588 sinus
1451 1545 1598 1588 divina
1640 1545 1680 1587 ei
1717 1545 1894 1587 claritas

1060 1605 1191 1646 fulsit.
1224 1605 1404 1646 Beatus.

1350 1695 1505 1737 Lectio
1525 1695 1610 1735 viii.

1067 1741 1374 1865 Quaerimus,
1404 1758 1502 1811 quis
1531 1759 1616 1800 iste
1643 1759 1702 1799 sit
1729 1757 1894 1800 Zacha-

1165 1819 1253 1858 rias
1273 1816 1388 1857 filius
1405 1815 1647 1865 Barachiae‚
1699 1815 1772 1856 uia
1789 1814 1896 1856 mul-

1062 1875 1134 1911 tos
1162 1869 1348 1920 legimus
1377 1868 1626 1910 Zacharias.
1714 1871 1733 1908 t
1763 1879 1819 1909 ne
1849 1867 1896 1908 li-

1061 1926 1169 1968 bera
1196 1926 1324 1967 nobis
1350 1924 1618 1967 tribueretur
1648 1923 1809 1966 erroris
1836 1923 1895 1965 fa-

1063 1983 1216 2032 cultas,
1237 1981 1436 2024 additum
1455 1986 1536 2023 est:
1573 1981 1715 2030 Quem
1736 1978 1896 2022 occidi-

1064 2040 1143 2081 stis
1174 2040 1288 2080 inter
1319 2038 1536 2090 templum
1569 2042 1626 2081 et,
1646 2037 1795 2078 altare.
1845 2037 1897 2077 In

1065 2095 1251 2138 diversis
1271 2095 1446 2137 diversa
1465 2094 1566 2145 legi:
1586 2098 1630 2135 et
1650 2092 1793 2135 debeo
1813 2092 1896 2134 sin-

1063 2152 1267 2203 gulorum
1304 2151 1538 2204 opiniones
1577 2152 1756 2202 ponere.
1809 2148 1898 2190 Alii

1064 2208 1326 2250 Zachariam
1341 2207 1480 2248 filium
1491 2205 1721 2248 Barachiae
1736 2204 1898 2254 dicunt,

1066 2265 1141 2317 qui
1158 2265 1202 2305 in
1220 2263 1456 2306 duodecim
1473 2263 1704 2316 prophetis
1723 2261 1897 2303 undeci-

1064 2335 1162 2363 mus
1196 2326 1277 2363 est:
1314 2323 1542 2374 patri-sque
1576 2320 1621 2360 in
1654 2331 1707 2360 eo
1737 2331 1899 2360 nomen

1065 2377 1300 2428 consentit3
1322 2376 1401 2419 sed
1420 2376 1496 2418 ubi
1516 2378 1690 2418 occisus
1711 2375 1768 2417 sit
1786 2375 1899 2416 inter

1064 2435 1280 2488 templum
1306 2439 1350 2475 et
1375 2434 1531 2483 altare,
1560 2433 1787 2485 Scriptura
1810 2443 1899 2472 non

1065 2491 1273 2543 loquitur:
1294 2491 1484 2531 maxime
1505 2502 1605 2531 cum
1623 2486 1899 2540 temporibus

1067 2550 1159 2599 ejus
1178 2547 1252 2588 vix
1272 2549 1410 2588 ruinae
1429 2546 1583 2599 templi
1603 2544 1772 2586 fuerint.
1814 2543 1899 2584 Alii

1066 2604 1326 2646 Zachariam
1340 2608 1512 2656 patrem
1522 2602 1545 2643 J
1549 2601 1702 2643 oannis
1718 2599 1899 2650 intelligi

1066 2661 1236 2711 volunt,
1261 2673 1316 2702 ex
1340 2658 1605 2712 quibusdam
1625 2654 1899 2709 apocrypho-

1066 2731 1163 2759 rum
1199 2716 1381 2758 somniis
1417 2714 1736 2768 approbantes,
1778 2711 1900 2764 quod
