2040 2976
818 243 874 278 Ss.
901 243 1041 278 Cordis
1067 243 1171 277 Jcsu.

190 336 251 378 Ut
290 336 366 378 det
400 336 485 377 illis
517 336 823 379 haereditatem
856 337 968 378 Gen-

139 392 263 433 tium:
291 394 316 419 *
344 394 480 444 opera
506 394 714 433 manuum
742 394 832 444 ejus
860 393 968 433 veri—

138 453 218 497 tas,
238 453 282 489 et
300 447 516 499 judicium.

190 503 358 545 Fidelia
372 504 518 544 omnia
527 504 736 545 mandata
747 505 852 556 ejus:
868 517 968 545 con-

139 560 313 601 firmata
331 560 375 600 in
399 559 608 600 saeculum
627 560 792 610 saeculi,
811 561 835 586 *
854 560 970 601 facta

139 616 183 656 in
202 616 387 657 veritate
407 620 451 656 et
470 616 690 667 aequitate.

192 671 561 724 Redemptionem
570 672 689 713 misit
698 672 864 724 populo
874 685 969 713 suo:

139 729 163 755 *
181 727 405 769 mandavit
428 728 473 768 in
497 729 711 769 aeternum
735 730 968 770 testamen-

138 787 231 824 tum
252 797 388 825 suum.

190 839 408 890 Sanctum,
424 845 468 882 et
481 840 677 882 terribile
691 853 852 881 nomen
864 841 968 891 ejus:

138 897 162 922 *
179 897 349 937 initium
374 897 602 949 sapientiae
626 897 759 938 timor
778 896 969 937 Domini.

190 952 445 994 Intellectus
484 952 628 994 bonus
671 953 874 994 omnibus
911 953 969 993 fa-

140 1008 355 1050 cientibus
375 1022 488 1050 eum:
507 1010 531 1035 *
550 1009 745 1051 laudatio
771 1010 862 1061 ejus
881 1022 969 1049 ma-

138 1070 212 1107 net
230 1065 275 1106 in
295 1065 506 1106 sa'eculum
525 1066 684 1107 saeculi.

191 1123 291 1163 Ant.
320 1122 551 1163 Miserator
566 1122 782 1163 Dominus
802 1121 969 1163 redem-

139 1178 336 1230 ptionem
354 1178 473 1219 misit
490 1178 660 1230 populo
681 1191 774 1219 suo.

191 1236 291 1275 Ant.
320 1234 455 1286 Apud
470 1234 710 1275 Dominum
726 1234 970 1275 misericor-

141 1287 223 1339 dia,
250 1294 294 1330 et
318 1290 502 1342 copiosa
528 1290 646 1342 apud
678 1302 777 1331 eum
803 1289 970 1331 redem-

139 1345 246 1397 ptio.

405 1401 604 1441 Psalmus
626 1401 711 1441 129.
946 1439 949 1443 .

231 1475 253 1504 e
276 1462 506 1515 profundis
531 1463 717 1505 clamavi
740 1463 798 1504 ad
819 1468 864 1504 te
884 1464 972 1504 Do-

253 1519 384 1560 mine:
399 1520 423 1546 *
438 1519 627 1560 Domine
643 1519 803 1560 exandi
817 1532 973 1560 vocem

141 1587 298 1616 meam:

193 1631 321 1672 Fiant
349 1643 477 1672 aures
504 1636 593 1672 tuae
620 1631 915 1680 intendentes,
949 1630 972 1655 *

140 1687 184 1728 in
204 1700 361 1728 vocem
381 1687 706 1740 deprecationis
725 1700 847 1729 meae.

192 1743 238 1784 Si
264 1743 520 1795 iniquitates
549 1743 857 1786 observaveris
884 1745 972 1786 Do-

140 1799 272 1840 mine:
290 1800 314 1825 *
333 1800 521 1841 Domine
542 1801 639 1852 quis
659 1800 916 1842 sustinebit?

195 1855 307 1905 Quia
334 1855 454 1907 apud
480 1861 524 1897 te
552 1856 808 1908 propitiatio
838 1861 924 1897 est:
950 1857 973 1881 *

144 1916 188 1952 et
210 1917 394 1963 propter
417 1911 561 1962 legem
585 1917 706 1954 tuam
725 1912 910 1953 sustinui
929 1916 973 1952 te

143 1967 343 2009 Domine.

195 2024 407 2065 Sustinuit
442 2024 586 2066 anima
621 2037 719 2066 mea
755 2024 799 2064 in
835 2024 972 2065 verbo

146 2081 252 2132 ejus:
274 2081 298 2106 *
317 2081 511 2133 speravit
535 2081 678 2122 anima
700 2094 798 2122 mea
822 2081 866 2120 in
884 2080 971 2121 Do-

144 2149 275 2178 mmo.

197 2193 238 2232 A
270 2192 472 2234 custodia
503 2195 715 2235 matutina
750 2205 890 2244 usque
918 2191 975 2233 ad

145 2252 337 2290 noctem:
377 2248 400 2274 *
438 2253 586 2300 speret
621 2249 761 2290 Israel
801 2249 845 2289 in
886 2248 972 2289 Do-

145 2305 275 2345 mino.

199 2360 310 2410 Quia
334 2360 452 2413 apud
471 2360 708 2402 Dominum
731 2360 973 2401 misericor-

148 2415 238 2458 dia:
266 2417 290 2442 *
319 2422 362 2457 et
390 2416 573 2469 copiosa
601 2416 720 2468 apud
749 2429 848 2457 eum
879 2415 974 2456 red-

149 2472 324 2524 emptio.

199 2528 257 2568 Et
282 2528 380 2580 ipse
406 2527 594 2569 redimet
620 2527 768 2577 Israel,
797 2528 821 2552 *
850 2539 904 2567 ex
932 2528 974 2567 o-

148 2583 320 2624 mnibus
338 2583 639 2634 iniquitatibus
659 2585 760 2634 ejus.

203 2638 300 2677 Ant.
329 2639 462 2690 Apud
480 2639 716 2680 Dominum
733 2637 975 2679 misericor-

152 2694 238 2743 dia,
264 2699 308 2735 et
334 2694 515 2746 copiosa
538 2695 657 2747 apud
683 2707 782 2735 eum
809 2691 976 2733 redem-

149 2750 255 2802 ptio.

1075 338 1174 379 Ant.
1203 340 1342 391 Super
1357 340 1659 382 misericordia
1672 345 1748 381 tua
1762 341 1851 381 Do-

1020 393 1137 434 mine
1157 395 1402 437 confitebor
1423 396 1504 437 tibi
1526 397 1570 437 in
1593 402 1689 438 toto
1716 396 1851 438 corde

1020 462 1133 490 meo.

1288 500 1486 542 Psalmus
1507 501 1591 541 137.
1750 533 1754 537 .

1024 550 1425 658 Confitebortibi
1457 559 1646 600 Domine
1678 561 1722 600 in
1754 565 1851 602 toto

1117 614 1252 655 corde
1275 627 1392 655 meo:
1415 616 1438 641 *
1459 616 1666 667 quoniam
1690 615 1852 657 audisti

1021 669 1158 711 verba
1178 670 1267 710 oris
1286 671 1382 711 mei.

1073 727 1124 767 In
1158 728 1399 778 conspectu
1432 727 1702 778 Angelorum
1738 727 1850 779 psal-

1021 782 1109 824 lam
1142 782 1236 823 tibi:
1265 784 1288 808 *
1316 782 1514 824 adorabo
1548 783 1605 825 ad
1637 783 1853 835 templum

1022 843 1223 879 sanctum
1252 843 1390 888 tuum,
1424 844 1468 880 et
1502 839 1747 880 confitebor
1778 841 1852 880 no-

1022 895 1128 935 mini
1146 899 1236 936 tuo.

1074 951 1216 1003 Super
1239 950 1543 992 misericordia
1567 956 1653 999 tua,
1678 956 1721 992 et
1744 952 1852 992 veri-

1022 1009 1113 1048 tate
1146 1012 1238 1048 tua:
1266 1007 1290 1032 *
1320 1007 1526 1059 quoniam
1562 1007 1854 1058 magnificasti

1024 1075 1156 1115 super
1177 1075 1316 1113 omne,
1331 1076 1491 1104 nomen
1507 1069 1706 1104 sanctum
1721 1068 1854 1104 tuum.

1074 1119 1125 1159 In
1141 1122 1418 1170 quacnmque
1432 1119 1502 1160 die
1517 1120 1783 1161 invocavero
1798 1125 1854 1169 te,

1024 1175 1184 1216 exaudi
1207 1188 1294 1216 me:
1318 1177 1342 1201 *
1365 1175 1678 1228 multiplicabis
1702 1176 1746 1216 in
1767 1177 1853 1216 ani-

1022 1245 1094 1272 ma
1112 1245 1211 1273 mea
1229 1232 1456 1285 virtatem„

1077 1288 1379 1329 Confiteantur
1398 1287 1479 1328 tibi
1494 1288 1681 1328 Domine
1702 1300 1854 1328 omnes

1024 1356 1151 1394 reges
1183 1348 1331 1384 terrae:
1359 1344 1383 1369 *
1413 1343 1514 1394 quia
1547 1343 1778 1385 audierunt
1811 1345 1854 1383 o-

1024 1400 1142 1445 mnia
1161 1400 1296 1441 verba
1315 1400 1405 1440 oris
1423 1400 1501 1441 tui:

1076 1456 1133 1497 Et
1153 1461 1328 1497 cantent
1345 1456 1389 1496 in
1408 1456 1490 1496 viis
1505 1456 1696 1497 Domini:
1711 1457 1734 1482 *
1751 1459 1855 1508 quo—

1025 1512 1143 1553 niam
1160 1525 1319 1562 magna
1339 1517 1405 1553 est
1424 1511 1565 1561 gloria
1584 1513 1774 1554 Domini.

1079 1569 1296 1618 Quoniam
1326 1568 1526 1609 excelsus
1555 1569 1784 1617 Dominus,
1814 1574 1858 1609 et

1026 1624 1208 1665 humilia
1230 1624 1424 1675 respicit:
1450 1626 1473 1651 *
1499 1629 1542 1665 et
1567 1624 1655 1665 alta
1679 1638 1704 1665 a
1728 1625 1857 1674 longe

1027 1681 1268 1731 cognoscit.

1078 1737 1123 1777 Si
1142 1737 1427 1778 ambulavero
1448 1738 1491 1777 in
1516 1736 1662 1777 medio
1681 1735 1858 1777 tribula-

1026 1792 1174 1841 tionis,
1206 1793 1450 1834 vivificabis
1484 1805 1568 1834 me:
1598 1794 1621 1818 *
1650 1797 1693 1833 et
1727 1804 1859 1843 super

1027 1848 1138 1903 iram
1155 1848 1432 1889 inimicorum
1451 1851 1647 1889 meorum
1665 1846 1857 1888 extendi-

1028 1904 1084 1945 sti
1099 1917 1277 1945 manum
1301 1910 1433 1953 tuam,
1458 1909 1502 1945 et
1521 1904 1690 1945 salvum
1708 1915 1778 1943 me
1798 1903 1856 1943 fe-

1029 1960 1087 2000 cit
1108 1959 1291 2001 dextera
1309 1965 1395 2001 tua.

1080 2016 1295 2057 Dominus
1333 2015 1546 2057 retribuet
1582 2028 1664 2067 pro
1704 2028 1792 2056 me:
1834 2017 1857 2041 *

1028 2072 1216 2113 Domine
1239 2071 1540 2113 misericordia
1559 2076 1635 2113 tua
1659 2072 1704 2111 in
1723 2073 1857 2112 sa'ecu-

1027 2128 1131 2168 lum:
1175 2130 1311 2180 opera
1347 2130 1554 2169 manuum
1591 2129 1767 2168 tuarum
1803 2139 1857 2167 ne

1028 2183 1259 2235 despicias.

1081 2243 1180 2282 Ant.
1199 2242 1341 2292 Super
1360 2239 1661 2281 misericordia
1679 2244 1755 2281 tua
1769 2239 1855 2280 Do-

1028 2295 1144 2336 mine
1168 2295 1414 2337 confitebor
1438 2295 1519 2337 tibi
1543 2296 1587 2336 in
1605 2299 1701 2336 toto
1722 2294 1857 2336 corde

1027 2364 1138 2392 meo.
1653 2357 1662 2365 ’

1082 2409 1182 2449 Ant.
1217 2408 1372 2448 Suavis
1391 2408 1607 2449 Dominus
1631 2405 1856 2453 universis,

1029 2469 1072 2504 et
1099 2463 1402 2505 miserationes
1431 2465 1520 2515 ejus
1549 2475 1680 2514 super
1712 2460 1858 2502 omnia

1024 2522 1165 2580 ⁴opera
1185 2520 1284 2571 ejus.

1290 2578 1489 2618 Psalmus
1509 2577 1595 2615 144.

1111 2635 1292 2676 xaltabo
1311 2640 1356 2675 te
1374 2636 1495 2676 Deus
1514 2646 1638 2674 meus
1656 2646 1749 2674 rex:
1770 2634 1793 2659 *
1813 2637 1858 2673 et

1139 2690 1398 2732 benedicam
1418 2689 1581 2731 nomini
1605 2694 1682 2730 tuo
1708 2688 1752 2728 in
1777 2690 1855 2728 sae-

1030 2747 1186 2797 culum,
1206 2752 1250 2788 et
1267 2747 1311 2786 in
1331 2745 1540 2787 saeculum
1558 2743 1718 2785 saeculi.
