2040 2976
825 233 881 268 Ss.
907 232 1047 266 Cordis
1071 232 1175 266 Jesu.

445 328 598 369 Lectio
618 329 672 368 ix.

1082 327 1118 366 5.
1146 325 1480 378 Beneplacitum
1511 330 1579 367 est
1609 326 1632 351 *
1664 326 1856 366 Domino

222 401 320 430 mor
344 387 506 429 Christi
531 391 652 428 totus
681 386 832 435 dulcis,
856 390 978 426 totus
1027 380 1072 420 in
1098 380 1265 432 populo
1301 393 1396 421 suo:
1429 386 1472 422 et
1500 381 1711 422 exaltabit
1737 394 1855 421 man-

268 443 556 486 delectabilis:
589 456 717 483 suum
748 443 977 494 possesso·
1028 437 1178 477 suetos
1196 436 1240 476 in
1258 436 1454 478 salutem.

147 513 240 541 rem
257 513 346 542 non
365 500 540 549 cruciat,
565 497 644 540 sed
664 498 869 539 delectat:
889 510 978 538 non

148 558 338 606 enervat,
359 554 439 597 sed
456 555 653 596 roborat:
669 558 826 595 cuncta
843 555 976 594 terre-

146 624 202 652 na
216 611 467 661 subsennat,
488 610 583 652 sola
596 609 795 652 coelestia
811 613 977 661 captat3

1136 508 1396 559 Capitulum.
1581 509 1701 549 Cant.
1717 509 1752 547 3.

1108 572 1349 623 gredimini‚
1378 579 1422 615 et
1447 574 1594 616 videte
1622 575 1724 615 filiae
1751 575 1856 616 Sion

1135 641 1283 678 regem
1315 630 1594 671 Salomonem
1630 631 1673 671 in
1710 630 1856 672 diade-

147 666 309 710 Christi
327 667 535 709 mandata
553 666 746 717 requirit,
762 670 805 706 et
825 677 876 706 ea
894 677 976 717 pro
1027 689 1159 734 mate,
1195 697 1282 736 quo
1312 687 1540 727 coronavit
1567 686 1689 727 inum
1716 691 1856 728 mater

146 725 312 767 Viribus
331 723 567 788 Opserffl'lre
593 721 833 778 0οΠῒὲῙῖᾶὶῗὲ
854 727 898 763 et
922 721 977 762 de
1028 753 1107 780 sua
1133 741 1178 780 in
1207 740 1277 782 die
1302 741 1654 794 desponsationis
1683 743 1773 794 ejus
1813 747 1857 783 et

146 780 456 822 observatione
475 781 803 832 praeceptorum
823 790 977 828 gressu
1026 795 1070 836 in
1089 796 1161 837 die
1180 796 1344 838 laetffiae
1363 797 1509 838 cordis
1531 799 1631 849 ejus·
1776 774 1784 792 ’

145 836 261 878 felici
280 835 539 889 provehitur
564 834 621 876 ad
645 835 977 887 perceptionem

145 892 415 943 gaudiorum,
426 896 475 933 ut
485 904 585 933 cum
598 890 673 932 illo
685 891 769 942 jam
779 890 977 943 perfecte

144 947 346 998 gaudeat,
365 960 447 1000 pro
463 948 583 999 cujus
599 946 820 988 desiderio
836 946 879 986 in
894 945 977 986 hac

144 1004 258 1045 valle
290 1004 570 1045 lacrimarum
600 1002 774 1055 positus
806 1007 897 1043 tam
935 1015 976 1042 a-

145 1062 266 1101 mare
284 1060 536 1111 frequenter
555 1057 817 1111 suspirabat.
848 1057 976 1099 Unde

145 1120 264 1157 recte
291 1116 504 1168 sequitur:
539 1114 651 1155 Haec
678 1114 852 1155 locutus
881 1127 977 1154 sum

145 1171 284 1222 vobis,
311 1176 361 1213 ut
384 1171 592 1222 gaudium
615 1183 762 1211 meum
786 1170 830 1209 in
849 1169 976 1210 vobis

147 1227 214 1277 sit,
229 1233 273 1269 et
287 1227 497 1278 gaudium
510 1231 707 1268 vestrum
726 1225 977 1277 impleatur3

147 1296 198 1324 ac
217 1283 255 1324 si
274 1283 454 1325 diceret:
481 1282 590 1324 Ideo
605 1282 819 1335 praecipio
839 1281 977 1330 vobis,

147 1343 191 1380 et
209 1341 369 1380 moneo
389 1352 470 1381 vos
488 1351 587 1380 rnea
609 1338 847 1380 observare
866 1350 976 1390 prae-

146 1396 285 1447 cepta,
302 1400 345 1436 et
363 1397 540 1436 manere
554 1394 598 1434 in
618 1394 854 1435 dilectione
868 1405 976 1443 mea,

145 1455 195 1491 ut
219 1450 428 1501 gaudium
452 1463 599 1491 meum
623 1450 667 1490 in
688 1449 815 1491 vobis
841 1449 907 1498 sit,
933 1453 978 1489 et

146 1505 353 1556 gaudium
376 1511 572 1548 vestrum
597 1506 652 1547 de
676 1518 747 1546 me
767 1505 976 1556 adimple-

147 1564 258 1603 atur:
282 1567 332 1604 ut
354 1562 542 1604 habeam
561 1562 617 1603 de
636 1562 764 1603 vobis
788 1574 869 1614 per
886 1563 977 1600 mu-

145 1622 266 1659 tuam
281 1619 519 1668 caritatem,
541 1631 672 1671 quam
690 1617 795 1658 mihi
813 1618 977 1669 impen-

147 1673 260 1723 ditis,
275 1674 391 1716 unde
405 1675 575 1726 possim
588 1673 796 1725 gaudere:
812 1679 856 1715 et
870 1674 978 1715 illud

146 1730 365 1780 gaudium,
377 1730 499 1782 quod
508 1731 552 1771 in
566 1729 856 1771 retributione
865 1743 975 1782 prae-

82 1835 84 1838 ‚
145 1786 334 1827 miorum
349 1786 477 1828 electi
488 1790 587 1827 sunt
601 1786 864 1838 percepturi,
880 1799 975 1838 per-

148 1843 294 1894 cipere
314 1846 358 1883 et
377 1842 606 1894 possidere
625 1841 817 1894 possitis.

200 1904 264 1944 Te
282 1901 427 1943 Deum
443 1901 685 1942 laudamus.
704 1902 763 1942 13.

411 1981 490 2022 Ad.
517 1981 712 2022 Laudes

354 2046 405 2077 et
441 2052 541 2086 per
579 2042 775 2076 Horas.

200 2101 300 2142 Ant.
320 2103 349 2141 1.
378 2099 545 2141 Discite
565 2112 591 2139 a
606 2111 678 2140 me
697 2100 720 2126 *
741 2099 843 2151 quia
861 2098 978 2139 mitis

149 2168 246 2195 sum
265 2159 309 2196 et
325 2154 501 2196 humilis
521 2153 667 2204 corde,
688 2159 731 2196 et
749 2154 978 2195 invenietis

149 2210 346 2262 requiem
365 2210 592 2252 animabus
610 2210 781 2252 vestris.

200 2272 268 2312 Ps.
297 2271 512 2313 Dominus
530 2271 739 2322 regnavit.
766 2271 825 2310 14.

200 2333 237 2371 2.
274 2331 429 2373 Suavis
457 2336 524 2372 est
553 2331 780 2379 Dominus,
807 2330 831 2355 *
860 2334 904 2370 et
935 2329 979 2370 in

151 2387 363 2427 aeternum
380 2386 685 2428 misericordia
703 2387 806 2437 ejus.

200 2450 237 2488 3.
265 2446 411 2488 Sitivit
425 2446 469 2486 in
482 2451 527 2487 te
542 2447 566 2473 *
582 2447 728 2487 anima
745 2458 857 2486 mea:
878 2445 980 2495 quia

150 2501 304 2542 melior
333 2507 400 2543 est
423 2502 727 2543 misericordia
748 2506 824 2543 tua
847 2512 980 2552 super

151 2558 275 2598 vitas.

202 2620 239 2657 4.
267 2618 416 2659 Sancti
440 2622 484 2658 et
506 2618 693 2659 humiles
712 2616 847 2658 corde
866 2615 889 2640 *
907 2615 979 2656 be-

152 2673 341 2714 nedicite
355 2673 562 2715 Domino:
579 2673 757 2714 laudate
772 2677 816 2713 et
831 2683 979 2722 super-

153 2728 343 2770 exaltate
364 2741 464 2769 eum
481 2728 525 2770 in
544 2729 717 2770 saecula.

1336 870 1548 919 Hymnus.

1149 935 1284 975 ummi
1303 935 1503 976 Parentis
1522 935 1644 984 Filio,

1179 991 1300 1032 Patri
1320 991 1454 1032 futuri
1474 992 1633 1041 saeculi,

1130 1046 1257 1087 Pacis
1276 1046 1421 1088 beatae
1442 1047 1645 1100 Principi,

1130 1102 1390 1144 Promamus
1411 1115 1487 1144 ore
1507 1104 1736 1144 canticum.

1084 1166 1165 1214 Qui
1182 1166 1436 1207 vulneratus
1456 1169 1637 1219 pectore

1131 1222 1308 1263 Amoris
1328 1223 1463 1264 ictum
1482 1223 1671 1275 pertulit,

1132 1277 1308 1319 Amoris
1328 1291 1460 1320 urens
1478 1279 1651 1330 ignibus

1131 1334 1284 1386 Ipsum
1306 1335 1380 1386 qui
1399 1337 1619 1378 amantem
1639 1335 1834 1385 diligunt.

1082 1397 1184 1449 Jesu
1203 1398 1370 1439 doloris
1390 1400 1577 1448 victima,

1133 1454 1240 1503 Quis
1260 1459 1303 1495 te
1322 1455 1601 1496 innocentem
1618 1456 1840 1508 compulit,

1132 1510 1253 1550 Dura
1272 1515 1320 1551 ut
1340 1512 1540 1562 apertum
1558 1511 1711 1552 lencea

1131 1566 1267 1607 Latus
1286 1568 1458 1618 pateret
1477 1565 1671 1607 vulneri?

1085 1630 1121 1670 O
1140 1630 1237 1670 fons
1258 1630 1419 1670 amoris
1439 1630 1616 1681 inclyte!

1134 1685 1171 1726 O
1191 1698 1303 1726 vena
1323 1688 1537 1737 aquarum
1556 1684 1754 1738 limpida!

1134 1741 1172 1782 O
1195 1742 1370 1782 flamma
1389 1741 1579 1782 adurens
1599 1741 1794 1782 crimina!

1134 1797 1172 1838 O
1194 1797 1351 1838 Cordis
1372 1797 1530 1838 ardens
1551 1797 1727 1838 caritas!

1083 1864 1135 1902 In
1156 1861 1300 1902 Corde
1320 1862 1345 1902 J
1348 1875 1425 1902 esu
1444 1862 1601 1913 jugiter

1132 1916 1344 1958 Reconde
1362 1930 1455 1966 nOS,
1474 1922 1522 1958 ut
1540 1916 1665 1958 uberi

1134 1973 1264 2013 Dono
1284 1973 1477 2013 fruamur
1496 1972 1662 2023 gratiae,

1134 2028 1334 2080 Coelique
1353 2027 1531 2070 tandem
1549 2027 1756 2080 praemiis.

1083 2092 1107 2131 J
1108 2104 1196 2141 esu,
1214 2091 1295 2133 tibi
1314 2092 1369 2133 sit
1387 2092 1536 2142 gloria,

1134 2148 1218 2198 Qui
1235 2153 1363 2189 natus
1383 2160 1430 2188 es
1450 2147 1505 2188 de
1524 2147 1716 2198 Virgine,

1135 2204 1245 2245 Cum
1262 2203 1406 2252 Patre,
1426 2208 1470 2244 et
1489 2203 1606 2244 almo
1626 2202 1791 2255 Spiritu

1133 2261 1184 2300 In
1203 2260 1472 2312 sempiterna
1490 2259 1663 2300 saecula.

1290 2317 1443 2357 Amen.
1657 2362 1667 2370 ,

1084 2376 1134 2427 V.
1160 2378 1464 2421 Misericordia
1498 2379 1677 2420 Domini
1712 2378 1766 2419 ab
1804 2390 1858 2418 ae-

1030 2437 1168 2476 terno.
1212 2437 1263 2488 R.
1292 2435 1349 2476 Et
1387 2447 1528 2486 usque
1566 2435 1611 2475 in
1647 2435 1859 2475 aeternum

1032 2503 1164 2543 super
1181 2491 1383 2533 timentes
1403 2504 1514 2532 eum.

1083 2555 1155 2596 Ad
1181 2556 1337 2597 Bened.
1363 2558 1459 2597 Ant.
1491 2558 1571 2596 Per
1593 2556 1762 2595 viscera
1782 2552 1856 2593 mi-

1033 2611 1287 2653 sericordiae
1306 2624 1398 2652 suae
1418 2610 1608 2651 visitavit
1626 2622 1707 2650 nos
1725 2609 1857 2657 Deus,

1034 2667 1208 2774 ἓῆἔιθίῧίἑ
1231 2666 1579 2718 redemptionem
1602 2664 1755 2716 populi
1780 2663 1858 2711 sui,
