2040 2976
548 198 618 232 Die
644 198 703 250 ll.¹
718 198 894 241 Augusti.
940 198 975 232 S.
999 198 1119 242 Xysti
1141 198 1187 232 II.
1212 198 1331 241 Papae
1356 202 1392 232 et
1416 198 1523 232 Mart.

181 306 310 346 quem
325 292 577 343 evangelica
592 292 667 333 lux
683 292 858 335 effulsit:
877 306 1007 346 quem

178 348 454 402 triumphans
470 349 644 401 excepit
663 349 783 390 curia
798 350 1007 402 coelestis;

178 405 266 446 illic
291 417 374 458 pro
402 404 531 446 nobis
559 405 833 447 intercedere
861 406 1007 458 digne-

178 468 259 511 tur,
278 467 327 503 ut
344 474 424 503 suo
440 464 687 503 mereamur
701 461 893 513 gaudere
908 476 1007 506 con-

113 520 114 523 ’
179 518 329 560 sortio.

518 570 681 611 Oratio.

268 639 365 676 eus,
412 626 487 678 qui
531 626 710 669 beatum
746 626 1008 680 Emygdium

299 683 539 735 Martyrem
562 688 686 725 tuum
710 689 843 736 atque
862 684 1008 726 Ponti-

179 740 307 781 ficem
338 739 559 781 idolorum
590 740 776 782 victoria
808 746 852 782 et
883 741 1007 782 mira-

179 796 378 838 culorum
395 796 536 848 gloria
555 795 790 839 decorasti:
814 796 1008 839 concede

177 853 411 906 propitius;
429 858 488 903 ut,
508 865 561 895 eo
576 853 902 904 interveniente,
921 867 1008 894 ma-

178 909 321 950 lorum
353 909 585 961 spirituum
616 909 791 951 fraudes
823 912 1008 960 vincere,

179 970 223 1007 et
245 969 478 1007 coruscare
497 966 732 1008 virtutibus
751 968 1009 1008 mereamur.

179 1022 263 1063 Per
282 1022 530 1064 Dominum.

233 1082 293 1115 Fit
324 1090 520 1115 commem.
551 1080 630 1114 Oct.
656 1080 859 1123 Transfig„
882 1079 1009 1123 Vigil„

183 1140 226 1164 ac
252 1131 286 1164 S.
312 1129 477 1163 Romani
501 1128 608 1162 Mart.

454 1189 532 1230 Ad.
554 1189 730 1231 Horas.

232 1248 320 1280 Ant.
347 1246 393 1280 dc
416 1246 533 1279 Laud.
562 1245 685 1288 Capit.
713 1251 749 1280 et
774 1245 854 1280 RB..
877 1246 932 1279 br.
963 1245 1009 1280 de

182 1294 386 1330 Communi
411 1294 525 1328 unius
551 1293 658 1328 Mart.

380 1354 441 1394 In
468 1354 530 1395 11.
556 1354 808 1404 vesperis.

233 1414 271 1448 Si
297 1412 473 1447 diccndae
499 1413 590 1455 sint,
619 1414 747 1447 omnia
774 1418 814 1446 ut
841 1413 879 1446 in
904 1413 946 1456 L,
974 1418 1010 1447 et

180 1462 267 1495 loco
296 1462 359 1495 ult.
390 1460 450 1494 Ps.
479 1460 619 1495 dicitur
647 1462 709 1495 Ps.
736 1462 806 1495 115.
838 1460 1007 1497 Credidi.

234 1510 419 1544 vanus.
445 1508 549 1552 Jesu,
573 1510 727 1544 corona.

230 1554 279 1605 V.
329 1556 497 1597 Meritis
543 1561 587 1598 et
633 1557 840 1610 precibus
889 1557 1009 1600 beati

178 1613 390 1666 Emygdii.
446 1615 498 1665 Rv.
531 1614 758 1667 Propitius
791 1620 887 1657 esto
920 1614 1007 1657 Do-

178 1670 293 1712 mine
322 1670 442 1712 clero
472 1676 516 1714 et
542 1671 710 1723 populo
738 1676 828 1713 tuo.

232 1724 303 1767 Ad
315 1726 488 1777 Magnis.
510 1727 609 1766 Ant.
628 1725 665 1766 O
680 1727 882 1780 Emygdi‚
896 1727 1007 1769 Mar-

179 1788 249 1835 tyr
266 1782 468 1834 gloriose,
489 1797 600 1837 quos
618 1784 662 1825 in
682 1784 858 1826 Christo
877 1796 1008 1835 genu-

180 1839 251 1881 isti
274 1839 405 1890 filios,
430 1845 474 1882 et
498 1853 615 1882 verae
640 1840 745 1883 fidei
768 1840 883 1882 lacte
908 1853 1008 1882 enu-

179 1896 305 1946 tristi,
327 1901 413 1947 tua,
438 1899 701 1950 quaesumus
726 1897 868 1940 oratio
893 1910 1008 1939 com-

180 1951 357 1994 mendet
375 1967 457 1995 nos
476 1953 773 1996 indesinenter
791 1954 901 1996 Deo.

411 2041 495 2083 Die
514 2043 565 2083 11.
584 2041 782 2092 Augusti.

224 2109 267 2149 S.
287 2109 438 2159 xysti
455 2110 516 2150 11.
537 2107 667 2158 Papae
689 2111 731 2146 et
750 2106 963 2157 Martyris.

510 2171 673 2214 Duplex,

234 2227 369 2261 Omnia
395 2227 441 2260 dc
467 2227 610 2261 Comm.
636 2228 750 2262 unius
768 2228 886 2265 Mart..
910 2239 1006 2271 prae-

181 2281 237 2309 tcr
261 2275 470 2318 sequentia.

233 2326 375 2361 Oratio.
403 2327 671 2362 Infirmitatem.

232 2381 275 2414 In
306 2380 332 2414 I.
363 2380 560 2413 Nocturno
596 2380 797 2415 Lectiones
834 2382 879 2415 de
910 2382 1007 2416 Scri-

181 2437 294 2471 ptura
320 2433 552 2462 oecurrente.

405 2490 454 2528 In
482 2490 531 2528 II.
561 2490 783 2530 Nocturno.

483 2550 634 2592 Lectio
656 2551 707 2590 iv.

190 2609 477 2675 Ἀζῖῖῑῇςγεῒυε
506 2603 742 2653 secunduS,
774 2605 1007 2647 Athenien-

196 2657 282 2723 533>
302 2662 342 2717 2125,
373 2661 443 2710 sis,
470 2674 523 2702 ex
549 2660 818 2714 philosopho
847 2657 1007 2704 Christi

194 2701 340 2743 2¹⁴³*ssss
375 2716 628 2770 discipulus,
644 2718 687 2758 in
701 2719 1008 2770 persecutione

1058 293 1283 337 Valeriani
1307 294 1539 334 accusatus
1566 291 1686 344 quod
1710 292 1886 346 publice

1060 351 1281 392 Christum
1304 348 1580 402 praedicaret,
1604 349 1887 402 comprehen-

1060 420 1133 448 sus
1168 406 1357 448 trahitur
1395 405 1439 446 in
1475 405 1689 458 templum
1724 405 1888 456 Martis,

1060 462 1290 516 proposita
1309 462 1349 503 ei
1368 461 1546 514 capitali
1563 475 1707 514 poena,
1725 462 1808 503 nisi
1826 462 1888 503 illi

1059 519 1295 561 simulacro
1315 518 1594 560 sacrificaret.
1623 519 1719 569 Qua
1737 519 1888 571 impie—

1059 578 1151 618 tate
1175 575 1529 618 constantissime
1552 577 1766 625 recusata,
1790 588 1889 616 cum

1060 631 1117 675 ad
1152 632 1410 685 martyrium
1447 631 1700 682 duceretur,
1720 630 1722 632 ’
1740 644 1889 674 occur-

1060 689 1173 731 renti
1191 693 1345 730 sancto
1361 688 1612 738 Laurentio,
1631 693 1675 730 et
1690 687 1890 730 dolenter

1059 746 1103 787 in
1122 745 1238 787 hunc
1262 744 1443 787 modum
1465 744 1768 796 interroganti:
1792 744 1890 795 Quo

1059 801 1343 856 progrederis
1372 801 1465 843 sine
1492 801 1584 842 filio
1617 799 1768 854 pater?
1802 813 1890 853 quo

1061 857 1270 901 sacerdos
1291 862 1442 900 sancte
1461 858 1555 899 sine
1572 857 1771 899 ministro
1789 859 1889 910 pro-

1060 914 1214 968 peras?
1241 913 1487 968 respondit:
1512 915 1615 956 Non
1641 927 1723 966 ego
1747 919 1791 956 te
1817 913 1888 956 de-

1062 984 1161 1014 sero
1198 971 1277 1012 fili:
1311 972 1477 1024 majora
1511 976 1557 1013 te
1593 975 1772 1012 manent
1807 983 1889 1023 pro

1062 1028 1223 1070 Christi
1258 1027 1346 1070 fide
1383 1028 1643 1070 certamina:
1679 1032 1784 1080 post
1819 1029 1891 1069 tri-

1061 1084 1196 1127 duum
1214 1097 1286 1126 me
1305 1084 1514 1137 sequeris,
1537 1083 1815 1126 sacerdotem
1832 1083 1890 1126 le-

1061 1144 1166 1183 vita:
1195 1141 1377 1191 interea,
1405 1141 1443 1182 si
1471 1139 1578 1193 quid
1603 1141 1648 1182 in
1672 1140 1890 1183 thesauris

1060 1197 1214 1248 habes,
1245 1197 1514 1251 pauperibus
1542 1196 1767 1239 distribue.
1806 1197 1890 1238 Eo-

1061 1254 1162 1296 dem
1185 1254 1316 1306 igitur
1341 1253 1411 1296 die
1436 1254 1692 1296 interfectus
1716 1259 1783 1296 est
1805 1266 1892 1295 una

1061 1323 1161 1352 cum
1188 1311 1461 1353 Felicissimo
1489 1316 1534 1353 et
1562 1310 1774 1364 Agapito,
1803 1309 1891 1353 dia-

1062 1368 1197 1417 conis,
1221 1368 1246 1409 J
1248 1368 1438 1418 anuario,
1460 1368 1633 1420 Magno,
1656 1367 1891 1410 Vincentio

1063 1429 1106 1466 et
1122 1424 1347 1478 Stephano
1367 1424 1661 1475 subdiaconis,
1680 1429 1725 1466 et
1741 1425 1786 1466 in
1805 1437 1891 1466 coe-

1060 1481 1244 1524 meterio
1283 1481 1452 1524 Callisti
1491 1481 1691 1535 sepultus
1731 1483 1891 1524 octavo

1061 1537 1167 1580 Idus
1196 1538 1401 1589 Augusti:
1435 1539 1569 1580 ceteri
1596 1550 1702 1580 vero
1734 1538 1779 1579 in
1805 1551 1890 1581 coe-

1060 1595 1244 1636 meterio
1269 1595 1538 1637 Praetextati.
1571 1595 1695 1637 Sedit
1717 1608 1892 1637 menses

1061 1651 1276 1702 undecim,
1292 1651 1387 1694 dies
1402 1651 1646 1694 duedecim.
1672 1652 1770 1703 Quo
1784 1653 1891 1694 tem-

1060 1721 1171 1761 pore
1202 1708 1355 1751 habuit
1387 1707 1709 1751 ordinationem
1741 1721 1892 1751 mense

1061 1765 1308 1815 Decembri,
1327 1766 1487 1807 creatis
1501 1765 1773 1818 presbyteris
1788 1767 1891 1817 qua-

1061 1826 1183 1921 duorb’
1218 1820 1416 1864 diaconis
1449 1827 1636 1875 septem,
1669 1821 1890 1875 episcopis

1094 1881 1152 1920 uo
1186 1891 1248 1920 us.

1116 1949 1165 1999 R.
1192 1948 1441 1991 Honestum
1464 1949 1567 1991 fecit
1589 1948 1711 1990 illum
1729 1947 1824 1989 Dfis
1848 1952 1892 1990 et

1063 2004 1301 2048 custodivit
1320 2019 1419 2048 eum
1438 2005 1493 2048 ab
1507 2005 1703 2055 inimicis,
1719 2010 1763 2046 et
1782 2017 1812 2046 a
1826 2018 1890 2048 se-

1063 2061 1320 2104 ductoribus
1336 2063 1496 2105 tutavit
1509 2062 1645 2104 illum:
1660 2063 1683 2087 *
1697 2062 1755 2104 Et
1770 2061 1891 2104 dedit

1062 2118 1124 2159 illi
1142 2118 1387 2162 claritatem
1400 2121 1620 2161 aeternam.
1644 2111 1695 2164 V.
1706 2120 1892 2161 Descen-

1063 2174 1215 2228 ditque
1247 2188 1347 2217 cum
1375 2175 1451 2218 illo
1478 2176 1523 2217 in
1550 2176 1742 2226 foveam,
1773 2180 1817 2218 et
1846 2175 1890 2216 in

1062 2231 1247 2274 vinculis
1266 2245 1354 2274 non
1374 2232 1610 2286 dereliquit
1628 2245 1738 2274 eum.
1765 2232 1834 2274 Et.

1116 2305 1216 2339 Lect.
1248 2315 1282 2338 v.
1315 2308 1351 2338 ct
1384 2304 1452 2346 vi.,
1487 2308 1527 2338 ut
1560 2314 1630 2347 pro
1665 2303 1701 2338 S.
1730 2303 1889 2339 Urbano

1062 2357 1221 2390 (mutato
1247 2352 1424 2394 nomine),
1446 2352 1501 2386 28.
1526 2352 1625 2394 Maii.
1647 2354 1691 2388 5*

1115 2410 1155 2442 ln
1182 2409 1244 2443 Ill.
1269 2408 1467 2442 Nocturno
1493 2408 1664 2442 Homilia
1690 2408 1727 2441 in
1746 2408 1889 2452 Evang.

1063 2457 1103 2494 Si
1127 2459 1215 2504 quis
1240 2459 1356 2495 venit.
1381 2457 1427 2490 dc
1452 2456 1587 2490 eodem
1609 2456 1713 2491 Com.
1742 2457 1767 2490 1.
1792 2457 1888 2491 loco.

1064 2506 1164 2540 Lcct.
1191 2506 1239 2539 ix.
1274 2505 1321 2539 de
1351 2505 1408 2540 Ss.
1438 2505 1615 2539 Tiburtio
1650 2510 1686 2539 et
1714 2505 1891 2540 Susanna

1063 2554 1171 2588 Mart.
1466 2597 1470 2602 ¹
1592 2563 1595 2566 ·
1742 2559 1746 2562 '
1819 2568 1828 2577 ·

1116 2611 1159 2644 In
1176 2611 1306 2653 Laud„
1332 2612 1490 2644 comem.
1515 2609 1595 2645 Oct.
1615 2610 1889 2653 Transfigurat.

1065 2663 1101 2693 ct
1126 2658 1161 2693 S.
1186 2659 1394 2701 Laurentii,
1419 2658 1558 2693 deinde
1583 2658 1640 2693 Ss.
1666 2658 1773 2692 Mart.

1397 2734 1554 2760 ψ
1579 2746 1629 2748 .-n
