2040 2976
730 224 937 258 Commune
962 233 1037 257 non
1062 223 1273 265 Virginum.

210 324 309 365 Ant.
331 321 483 374 Specie
501 325 575 362 tua
595 324 638 362 et
656 317 976 372 pulchritudine

156 382 231 419 tua
248 376 438 428 intende,
466 379 677 430 prospere
697 373 904 428 procede,
933 378 976 416 et

157 447 308 543 reinrit.
329 498 562 552 AdJuvebit
582 496 840 539 eam*Deus
854 495 975 537 vultu

159 567 253 596 suo:
271 555 391 597 Deus
410 557 454 597 in
472 554 616 597 medio
637 554 737 606 ejuS,
755 565 843 594 non
862 565 974 594 com-

158 611 414 655 movebitur.

422 694 617 735 Psalmus
644 695 710 734 45.

159 759 324 866 Deus
349 763 498 801 noster
518 757 742 809 refugium,
764 762 808 799 et
826 756 976 798 virtus:

279 817 302 843 *
339 815 509 868 adjutor
544 814 588 856 in
618 813 976 859 tribulationibus,

161 886 258 926 quae
283 873 539 914 invenerunt
565 884 645 913 nos
672 870 807 911 nimis

209 930 450 982 Propterea
480 940 568 970 non
600 926 846 969 timebimus
874 926 977 968 dum

159 985 403 1029 turbabitur
418 989 550 1026 terra:
566 984 590 1010 *
605 988 649 1025 et
666 982 976 1025 transferentur

159 1047 330 1085 montes
356 1042 400 1082 in
428 1053 503 1082 cor
529 1040 670 1081 maris.

212 1099 466 1147 Sonuerunt,
482 1102 526 1139 et
539 1096 726 1139 turbatae
743 1101 843 1138 sunt
852 1109 978 1149 aquae

162 1158 327 1197 eorum:
353 1154 376 1181 *
405 1153 651 1196 conturbati
683 1158 782 1195 sunt
808 1158 978 1195 montes

84 1253 86 1255 ,
159 1212 204 1253 in
230 1210 482 1253 fortitudine
510 1210 609 1261 ejus.

212 1267 420 1309 Fluminis
447 1268 634 1319 impetus
661 1266 853 1308 laetificat
881 1266 978 1307 civi-

161 1326 296 1366 tatem
328 1323 426 1365 Dei:
459 1322 482 1348 *
520 1322 805 1364 sanctificavit
839 1322 978 1364 taber-

161 1380 363 1422 naculum
390 1391 515 1421 suum
540 1378 798 1421 Altissimus.

212 1437 332 1478 Deus
363 1436 407 1477 in
433 1434 578 1476 medio
607 1436 712 1487 ejus,
745 1448 833 1476 non
867 1448 979 1476 com-

162 1492 421 1534 movebitur:
444 1492 468 1518 *
492 1490 712 1544 adjuvabit
739 1504 834 1533 eam
860 1491 980 1533 Deus

162 1561 289 1590 mane
317 1547 517 1590 diluculo.

216 1604 496 1647 Conturbatae
526 1608 626 1645 sunt
649 1603 823 1653 GenteS,
854 1608 898 1645 et
920 1603 979 1644 in-

164 1662 322 1704 clinata
348 1665 448 1702 sunt
474 1673 621 1711 regna:
638 1659 662 1686 *
681 1659 802 1701 dedit
828 1672 982 1702 vocem

163 1731 296 1768 suam,
322 1721 442 1759 mota
469 1721 535 1758 est
561 1721 688 1758 terra.

214 1774 426 1816 Dominus
455 1773 663 1815 virtutum
689 1772 931 1814 nobiscum:
957 1773 981 1799 *

164 1832 391 1884 susceptor
417 1834 566 1872 noster
592 1828 713 1871 Deus
739 1828 886 1870 Jacob.

214 1887 383 1936 Venite,
408 1891 451 1928 et
474 1885 619 1927 videte
643 1887 778 1938 opera
795 1885 981 1935 Domini,

166 1956 263 1996 quae
281 1941 428 1996 posuit
444 1941 645 1995 prodigia
663 1954 794 1994 super
807 1946 982 1983 terram:

164 2001 189 2027 *
215 1999 413 2041 auferens
446 1997 562 2040 bella
594 2010 732 2050 usque
764 1997 821 2039 ad
852 1997 983 2039 finem

80 2059 89 2066 '
164 2060 305 2098 terrae.

216 2113 381 2153 Arcum
417 2113 629 2161 conteret,
666 2115 710 2152 et
743 2111 983 2176 confringet

166 2181 300 2210 arma.
325 2168 348 2194 *
377 2173 420 2210 et
447 2172 570 2210 scuta
597 2166 824 2210 comburet
849 2167 947 2219 igni.

217 2224 401 2274 Vacate,
429 2229 472 2266 et
498 2223 643 2265 videte
673 2224 876 2276 quoniam
903 2236 983 2274 ego

167 2293 263 2322 sum
276 2280 411 2322 Deus.
424 2280 448 2307 *
463 2279 714 2322 exaltabor'
702 2293 746 2320 m
762 2280 984 2329 Gentibus,

168 2341 212 2379 et
238 2336 463 2378 exaltabor
489 2336 533 2377 in
559 2341 685 2378 terra.

219 2392 430 2434 Dominus
460 2392 668 2434 virtutum
694 2391 935 2433 nobiscum:
962 2392 985 2417 *

168 2449 395 2501 susceptor
421 2453 570 2490 noster
596 2447 716 2490 Deus
743 2447 890 2490 Jacob.

222 2512 320 2553 Ant.
348 2511 578 2564 Adiuvabit
606 2524 702 2554 eam
719 2512 839 2554 Deus
862 2512 985 2553 vultu

170 2582 264 2611 suo:
283 2569 403 2610 Deus
421 2568 465 2609 in
484 2568 627 2610 medio
648 2569 748 2620 ejus,
765 2580 854 2609 non
873 2580 986 2609 com-

169 2624 426 2667 movebitur.

219 2690 317 2730 Ant.
349 2690 487 2741 Aquae
512 2688 659 2731 multae
682 2690 706 2716 *
725 2702 812 2730 non
836 2691 985 2742 potue—

170 2751 269 2788 runt
288 2748 562 2797 exstinguere
582 2745 815 2787 caritatem.

1291 316 1488 357 Psalmus
1517 317 1579 355 47.

1130 384 1267 422 agnus
1291 371 1521 420 Dominus,
1549 374 1591 411 et
1617 367 1849 410 laudabilis

1148 428 1274 469 nimis
1292 427 1316 453 *
1335 428 1379 468 in
1406 427 1579 468 civitate
1598 426 1681 467 Dei
1700 424 1850 473 nostri,

1027 485 1071 526 in
1089 488 1237 526 monte
1258 487 1409 525 sancto
1429 484 1529 535 ejus.

1078 540 1304 583 Fundetur
1329 539 1616 582 exsultatione
1635 538 1850 579 universae

1028 603 1156 640 terrae
1190 609 1317 638 mons
1349 596 1469 646 Sion,
1496 596 1520 621 *
1547 595 1685 636 latera
1718 594 1850 646 Aqui-

1029 654 1152 704 lonis,
1181 653 1335 695 civitas
1353 652 1467 703 regis
1486 651 1640 702 magni.

1081 711 1202 752 Deus
1220 711 1263 751 in
1288 708 1490 751 domibus
1510 709 1599 760 ejus
1619 708 1851 758 cognosce-

1028 773 1109 817 tur,
1128 768 1152 795 *
1173 780 1273 809 cum
1292 765 1501 818 suscipiet
1520 777 1625 806 eam.

1085 824 1299 874 Quoniam
1327 835 1430 864 ecce
1457 834 1583 872 reges
1603 825 1731 862 terrae
1753 833 1852 862 con-

1030 881 1197 933 gregati
1243 884 1357 922 sunt:
1401 881 1425 906 *
1470 879 1766 920 convenerunt
1809 877 1852 917 in

1028 951 1173 979 unum.

1081 994 1172 1047 Ipsi
1198 993 1396 1034 videntes
1425 992 1487 1033 sic
1516 991 1717 1033 admirati
1744 994 1853 1039 sunt,

1032 1049 1281 1092 conturbati
1308 1053 1423 1098 sunt,
1455 1048 1662 1090 commoti
1690 1051 1802 1088 sunt:
1830 1047 1854 1073 *

1030 1112 1195 1149 tremor
1213 1104 1502 1159 apprehendit
1522 1117 1610 1146 eos.

1083 1163 1150 1206 Ibi
1178 1163 1353 1205 dolores
1380 1167 1428 1204 ut
1455 1161 1750 1215 parturientis.
1769 1160 1822 1187 *
1811 1174 1854 1200 1n
1898 1179 1899 1183 =

1033 1221 1189 1273 spiritu
1215 1219 1461 1262 vehementi
1495 1220 1694 1260 conteres
1722 1230 1855 1259 naves

1032 1277 1223 1319 Tharsis.

1084 1334 1203 1376 Sicut
1229 1332 1488 1382 audivimus,
1516 1331 1579 1373 sic
1600 1330 1787 1373 vidimus
1812 1331 1856 1371 in

1033 1391 1209 1441 civitate
1233 1389 1411 1431 Domini
1436 1389 1662 1438 virtutum,
1689 1387 1733 1429 in
1757 1387 1855 1429 civi-

1032 1449 1123 1489 tate
1154 1448 1238 1489 Dei
1269 1446 1425 1488 nostri:
1454 1446 1476 1471 *
1504 1446 1625 1487 Deus
1659 1444 1857 1486 fundavit

1034 1517 1130 1546 eam
1147 1504 1191 1545 in
1210 1505 1431 1545 aeternum.

1085 1560 1363 1613 Suscepimus
1378 1560 1498 1601 Deus
1512 1557 1857 1600 misericordiam

1033 1622 1162 1668 tuam,
1180 1618 1203 1645 *
1221 1617 1265 1658 in
1283 1615 1428 1657 medio
1448 1615 1602 1668 templi
1621 1615 1695 1656 tui.

1084 1673 1332 1715 Secundum
1368 1685 1527 1714 nomen
1568 1676 1691 1712 tuum
1725 1671 1857 1720 Deus,

1034 1730 1097 1772 sic
1134 1735 1177 1772 et
1211 1730 1307 1771 laus
1343 1734 1418 1772 tua
1450 1730 1494 1770 in
1525 1728 1634 1770 fines
1662 1733 1806 1770 terrae:
1834 1728 1858 1754 *

1033 1787 1194 1839 justitia
1210 1787 1341 1840 plena
1362 1791 1427 1828 est
1447 1785 1627 1827 dextera
1644 1790 1729 1826 tua.

1085 1844 1279 1885 Laetetur
1314 1855 1440 1884 mons
1475 1842 1599 1892 Sion,
1637 1846 1679 1883 et
1719 1840 1857 1882 exsul-

1034 1905 1127 1942 tent
1153 1900 1255 1941 filiae
1282 1899 1423 1949 Judae,
1446 1899 1470 1927 *
1491 1903 1673 1951 propter
1700 1896 1858 1949 judicia

1036 1961 1111 1998 tua
1129 1957 1328 1998 Domine.

1088 2012 1366 2054 Circumdate
1389 2012 1508 2061 Sion,
1541 2016 1584 2053 et
1608 2009 1858 2063 complecti-

1036 2070 1140 2111 mini
1176 2082 1286 2111 eam:
1317 2069 1341 2096 *
1376 2070 1550 2110 narrate
1584 2068 1629 2108 in
1664 2066 1857 2109 turribus

1037 2128 1138 2179 ejus.

1087 2182 1243 2224 Ponite
1276 2181 1410 2223 corda
1443 2186 1591 2223 vestra
1621 2181 1665 2221 in
1696 2180 1858 2222 virtute

1038 2239 1142 2291 ejus:
1168 2239 1192 2266 *
1221 2237 1466 2280 distribuite
1495 2237 1648 2279 domos
1678 2237 1783 2289 ejus,
1811 2241 1859 2277 ut

1038 2295 1247 2337 enarretis
1266 2295 1309 2335 in
1328 2294 1537 2347 progenie
1557 2294 1705 2336 altera.

1090 2351 1305 2401 Quoniam
1339 2350 1410 2392 hic
1451 2355 1517 2393 est
1552 2351 1693 2400 Deu's,
1738 2350 1858 2391 Deus

1037 2413 1187 2449 noster
1204 2408 1247 2448 in
1267 2409 1494 2458 aeternum,
1519 2412 1562 2449 et
1584 2407 1629 2448 in
1652 2406 1859 2448 saeculum

1039 2464 1201 2506 saeculi:
1219 2464 1243 2491 *
1261 2464 1355 2517 ipse
1378 2469 1500 2516 reget
1523 2477 1603 2505 nos
1626 2464 1670 2504 in
1688 2461 1859 2504 saecula.

1091 2519 1191 2560 Ant.
1228 2519 1367 2573 Aquae
1407 2520 1556 2562 multae
1588 2533 1676 2561 non
1707 2520 1858 2571 potue-

1038 2581 1139 2618 runt
1159 2579 1434 2628 exstinguere
1453 2577 1690 2618 caritatem.

1088 2628 1139 2679 V.
1178 2633 1416 2686 Adiuvabit
1451 2646 1547 2675 eam
1581 2633 1702 2674 Deus
1738 2629 1860 2671 vultu

1039 2701 1130 2731 suo.
1165 2689 1215 2742 R.
1244 2690 1365 2732 Deus
1392 2690 1435 2730 in
1463 2688 1608 2731 medio
1638 2689 1743 2739 ejus,
1770 2698 1858 2727 non

1040 2746 1395 2789 commovebitur.
