2040 2976
128 221 129 224 ,
176 193 275 238 [220]

576 197 753 230 Officium
777 196 951 230 votivum
977 196 1022 229 de
1047 196 1234 229 Passione
1260 195 1302 228 D.
1328 195 1372 229 N.
1394 195 1426 228 J.
1449 195 1487 229 C.

227 290 452 340 Dirigatur
467 289 609 330 oratio
623 302 722 331 mea
737 290 849 332 810111
862 291 1003 332 incen-

178 360 274 388 sum
300 346 344 387 in
377 347 619 398 conspectu
646 351 738 387 tuo:
766 346 790 372 *
817 347 1003 389 elevatio

176 405 383 444 manuum
414 404 611 444 mearum
645 402 907 444 sacrificium
933 416 1003 445 ve-

177 462 429 512 spertinum.

218 517 339 558 Pone
348 516 446 557 Dfie
458 515 704 558 custediam
719 516 785 558 ori
798 528 914 558 meo:
925 517 949 544 *
960 520 1003 557 et

176 573 337 614 ostium
364 573 705 614 circumstantiae
730 572 857 614 labiis
882 573 1002 614 meis.

226 629 328 671 Non
353 628 546 671 declines
572 642 648 671 cor
673 642 819 671 meum
843 630 888 670 in
911 642 1002 671 ver-

175 685 232 727 ba
250 686 440 736 malitiae,
459 687 483 711 *
503 685 561 728 ad
580 686 853 728 excusandas
877 698 1003 727 excu—

176 743 368 784 831101108
387 742 430 783 111
449 743 655 796 peccatis.

229 799 338 841 Cum
355 799 606 841 hominibus
626 798 912 852 operantibus
927 798 1003 839 ini-

177 856 406 909 quitatem:
433 857 457 882 *
485 861 529 898 01
555 869 644 898 11011
671 855 1003 898 communicabo

177 926 276 954 eum
295 912 445 955 electis
466 915 627 954 eorum.

228 969 447 1022 Corripiet
463 982 534 1011 me
552 970 688 1021 justus
702 969 747 1010 in
761 967 1004 1010 misericer-

177 1025 265 1076 dia,
291 1031 334 1068 et
352 1025 706 1078 increpabit-me:
725 1026 748 1052 *
769 1025 914 1067 eleum
933 1037 1003 1065 au-

176 1087 266 1124 tem
290 1083 538 1135 peccatoris
563 1095 651 1124 non
675 1082 917 1135 impinguet
937 1093 1004 1123 03-

176 1144 256 1191 put
274 1152 430 1180 meum.

226 1196 443 1246 Queniam
475 1195 619 1237 adhuc
653 1200 696 1237 et
733 1196 874 1237 oratio
906 1207 1005 1236 mea

176 1252 219 1292 in
247 1252 534 1305 beneplacitis
564 1254 730 1294 eorum:
756 1253 780 1278 *
806 1251 1005 1304 absorpti

177 1314 277 1350 sunt
295 1308 428 1361 juncti
446 1314 587 1361 petrae
606 1308 770 1360 judices
791 1310 952 1350 eerum.

228 1365 422 1407 Audierit
442 1365 577 1407 verba
593 1378 690 1407 mea
708 1366 914 1418 queniam
928 1378 1004 1418 po-

175 1424 366 1464 tuerunt:
397 1423 421 1448 *
453 1423 566 1464 810111
597 1422 842 1464 013881111ᾰο
874 1427 1005 1464 terrae

177 1482 334 1531 erupta
353 1483 420 1520 est
439 1492 572 1532 super
590 1484 764 1521 terram.

227 1536 453 1588 Dissipata
471 1541 571 1577 sunt
591 1549 692 1577 ossa
709 1541 861 1578 nostra
877 1548 1004 1577 secus

176 1592 406 1634 infernum:
435 1593 459 1618 *
493 1592 595 1645 quia
631 1592 688 1634 ad
723 1597 768 1635 te
803 1593 1003 1642 Demine,

176 1649 364 1690 Demine
393 1649 510 1690 001111
536 1649 637 1690 mei:
672 1649 716 1690 in
743 1655 788 1691 te
819 1650 1004 1703 speravi,

176 1717 265 1746 non
284 1705 456 1747 auferas
476 1705 663 1746 animam
681 1719 835 1748 meam.

229 1761 412 1803 Custedi
430 1774 500 1803 me
525 1774 550 1802 a
568 1761 744 1814 laqueo,
771 1775 902 1814 quem
920 1767 1004 1804 sta-

176 1820 353 1860 tuerunt
371 1818 491 1859 mihi:
510 1819 534 1844 *
555 1823 598 1860 et
617 1832 642 1860 a
665 1819 884 1861 scandalis
903 1832 1004 1872 ope-

176 1875 366 1916 rantium
384 1874 671 1926 iniquitatem.

228 1930 397 1972 Cadent
424 1931 467 1971 in
496 1931 708 1973 retiaculo
734 1932 824 1984 ejus
852 1945 1004 1985 pecca-

175 1988 310 2028 teres:
337 1988 360 2013 *
388 1987 665 2038 singulariter
693 2001 790 2029 sum
818 2001 900 2040 ego
929 1988 1004 2030 do-

176 2056 257 2084 nec
275 2045 505 2085 transeam.

233 2108 330 2146 Ant.
350 2108 534 2150 (Iustedi
551 2122 622 2151 me
642 2122 667 2150 a
683 2110 854 2162 laqueo,
875 2123 1005 2163 quem

176 2166 421 2206 statuerunt
434 2165 549 2216 mihi,
569 2171 612 2207 et
627 2179 652 2207 a
668 2166 885 2208 scandalis
902 2180 1003 2219 ope-

175 2221 365 2262 rantium
383 2221 666 2273 iniquitatem.

232 2287 330 2327 Ant.
359 2286 714 2329 Considerabam.

448 2373 644 2413 Psalmus
664 2374 743 2412 141.

179 2433 347 2540 Voce
366 2451 464 2480 mea
482 2438 539 2480 ad
553 2439 790 2481 Deminum
805 2440 1004 2482 clamavi:

279 2495 302 2521 *
322 2507 432 2536 voce
459 2508 558 2536 mea
584 2495 641 2537 ad
665 2496 903 2538 Deminum
931 2497 1002 2539 de-

175 2553 382 2604 precatus
401 2564 511 2592 sum:

226 2608 416 2650 Effundo
446 2608 489 2649 in
522 2610 762 2660 conspectu
791 2610 880 2660 ejus
909 2623 1002 2652 ora-

175 2664 342 2706 110110111
368 2677 527 2714 meam,
554 2665 578 2690 *
607 2669 651 2706 et
677 2665 1002 2708 tribulatienem

175 2733 318 2762 meam
337 2726 438 2762 ante
457 2721 601 2773 ipsum
619 2721 869 2773 promintio.

1107 292 1159 332 In
1195 291 1441 333 deficiendo
1479 303 1533 333 ex
1571 303 1642 332 me
1679 291 1882 343 spiritum

1055 360 1216 397 meum,
1239 348 1263 373 *
1288 352 1332 389 et
1357 352 1407 389 tu
1434 347 1679 399 cognovisti
1705 347 1882 389 semitas

1055 416 1187 445 meas.
1578 419 1585 423 ·

1107 461 1158 501 In
1190 460 1261 502 via
1292 460 1390 510 hac,
1424 472 1511 513 qua
1538 459 1840 510 ambulabam„
1859 460 1883 486 *

1055 515 1381 559 absconderunt
1398 516 1604 569 laqueum
1621 516 1736 558 mihi.

1109 572 1455 615 Considerabam
1481 572 1538 615 ad
1566 571 1809 623 dexteram,
1841 577 1885 615 et

1056 629 1276 672 videbam:
1295 632 1319 658 *
1338 635 1383 672 01
1405 642 1494 671 11011
1518 634 1612 672 0131
1631 630 1706 683 qui
1725 631 1883 681 cogne-

1056 692 1198 729 sceret
1215 701 1297 729 me.

1105 744 1239 786 Periit
1270 745 1373 796 fuga
1404 757 1430 786 a
1459 756 1546 794 me,
1570 745 1594 771 *
1619 748 1664 785 et
1697 755 1784 785 non
1817 747 1884 785 est

1058 800 1132 852 qui
1151 803 1346 853 requirat
1364 801 1554 843 animam
1571 812 1726 842 meam.

1110 857 1305 900 Clamavi
1339 857 1396 900 ad
1422 863 1467 900 te
1493 857 1700 907 DOmine,
1726 857 1750 883 *
1778 855 1885 899 dixi:

1057 913 1127 955 Tu
1145 927 1192 956 es
1212 927 1315 967 spes
1333 927 1442 965 mea,
1461 914 1608 968 portio
1627 925 1726 955 mea
1742 913 1787 954 in
1802 917 1884 955 ter-

1057 982 1106 1011 ra
1116 971 1374 1013 viventium.
1444 975 1447 978 '

1108 1026 1293 1070 Intende
1325 1026 1382 1070 ad
1415 1026 1771 1081 deprecatienem
1799 1039 1885 1068 me-

1057 1097 1141 1126 am:
1160 1085 1183 1110 *
1205 1085 1307 1137 quia
1323 1084 1575 1126 humiliatus
1594 1097 1691 1126 sum
1708 1084 1847 1125 nimis.

1109 1141 1269 1183 Libera
1286 1154 1356 1183 me
1376 1154 1402 1182 a
1419 1140 1786 1195 persequentibus
1801 1153 1886 1182 me:

1057 1198 1081 1224 *
1102 1198 1204 1251 quia
1222 1198 1458 1240 confortati
1476 1202 1578 1240 sunt
1595 1210 1728 1251 super
1746 1210 1828 1239 me.

1110 1253 1235 1296 Educ
1255 1254 1310 1297 de
1326 1253 1527 1296 custodia
1542 1254 1731 1295 animam
1745 1266 1888 1296 meam

1059 1310 1116 1353 ad
1140 1311 1437 1353 confitendum
1459 1311 1624 1353 nemini
1645 1316 1742 1353 tuo:
1769 1311 1793 1337 *
1817 1323 1888 1352 me

1059 1369 1317 1422 exspectant
1343 1368 1459 1421 iusti,
1496 1366 1638 1410 donec
1671 1367 1888 1409 retribuas

1046 1425 1174 1467 mihi.

1112 1488 1211 1527 Ant.
1252 1485 1598 1528 Considerabam
1638 1485 1696 1527 ad
1736 1485 1883 1527 dexte·
1944 1493 1951 1498 '

1059 1556 1168 1593 ram,
1197 1547 1241 1584 et
1264 1542 1485 1593 videbam,
1514 1548 1558 1585 et
1581 1555 1670 1585 non
1695 1547 1789 1584 erat
1814 1542 1889 1595 qui

1059 1602 1347 1651 cognosceret
1364 1612 1446 1641 me.

1138 1677 1396 1729 Capitulum.
1569 1676 1754 1728 Philipp.
1773 1677 1809 1716 2.

1148 1752 1300 1790 ratres:
1319 1748 1419 1790 Hoc
1441 1747 1556 1790 enim
1569 1749 1728 1790 sentite
1747 1747 1792 1789 in
1810 1760 1883 1790 vo-

1161 1804 1246 1854 bis,
1275 1803 1396 1856 quod
1425 1809 1468 1846 et
1494 1804 1539 1845 in
1567 1803 1740 1846 Christo
1767 1804 1792 1845 J
1795 1817 1888 1846 esu:

999 1912 1002 1914 q
1059 1861 1134 1914 qui
1163 1874 1263 1902 cum
1290 1861 1334 1902 in
1361 1861 1503 1902 forma
1526 1861 1612 1903 Dei
1638 1865 1770 1912 esset,
1799 1873 1888 1902 non

1058 1920 1256 1971 rapinam
1281 1917 1518 1959 arbitratus
1543 1922 1611 1960 est
1637 1930 1734 1959 esse
1759 1930 1807 1959 se
1832 1930 1886 1959 ae-

1059 1974 1233 2027 qualem
1251 1974 1365 2016 Deo:
1393 1973 1473 2015 sed
1494 1975 1779 2027 semetipsum
1802 1974 1886 2016 exi-

1058 2031 1234 2081 nanivit,
1253 2031 1439 2072 formam
1458 2031 1575 2072 servi
1594 2031 1826 2084 accipiens,
1843 2031 1887 2072 in

1057 2087 1385 2130 similitudinem
1409 2086 1636 2129 heminum
1659 2087 1817 2137 factus,
1844 2092 1887 2130 et

1055 2144 1210 2186 habitu
1226 2144 1428 2185 inventus
1444 2149 1492 2185 ut
1506 2143 1650 2186 homo.
1677 2143 1885 2185 Humilia-

1056 2202 1118 2243 vit
1154 2202 1457 2253 semetipsum,
1494 2200 1637 2242 factus
1674 2200 1886 2243 obediens

1056 2270 1195 2311 usque
1220 2257 1277 2299 ad
1299 2262 1503 2307 mortem,
1528 2261 1716 2299 mortem
1740 2262 1886 2300 autem

1056 2314 1209 2356 crucis.

1371 2369 1582 2419 Hymnus.

1186 2442 1377 2482 oerentes
1399 2440 1525 2491 001111,
1550 2440 1742 2493 spargite
1762 2440 1883 2482 lacri-
1910 2476 1914 2483 .

1132 2554 1191 2595 Et
1221 2553 1342 2594 luctu
1365 2509 1581 2651 {eesscinent
1594 2589 1597 2594 .
1610 2553 1764 2595 intima
1791 2554 1883 2602 001·-

1132 2666 1283 2708 Illatas
1304 2623 1644 2708 refei‘ldnllNlumini
1665 2665 1720 2707 ab
1739 2665 1883 2717 impiis

1210 2723 1382 2772 Poenas,
1402 2728 1445 2764 et
1463 2722 1555 2764 fera
1574 2722 1766 2764 vulnera.
