2040 2976
181 200 253 237 550
481 200 547 232 lm
573 201 624 232 ΒΗ.
655 201 749 240 Aug.
798 200 837 232 In
865 200 919 233 Dc

925 201 1131 233 collatione
1158 200 1191 233 S.
1217 200 1382 233 Joannis
1408 200 1607 243 Baptistae.

183 297 309 338 simul
330 296 668 339 discumbentes
706 291 753 341 δ”.
769 298 846 340 Ait
866 298 1014 351 puella

182 353 308 394 matri
341 365 448 394 suae:
481 352 596 403 Quid
627 353 800 406 petam?
847 355 909 397 At
939 354 1013 395 illa

182 409 257 449 ait:
284 408 413 449 Nihil.
452 408 604 451 Gloria
631 410 761 452 Patri.
797 410 866 452 Et.

415 486 463 524 In
483 485 533 523 ΙΙ.
555 485 778 524 Nocturno.

186 547 247 587 lix
266 546 378 588 libro
400 548 539 590 sancti
555 548 781 590 Ambrosii
799 550 1013 602 Episcopi

429 603 484 645 de
502 605 771 656 Virginibus.

382 664 409 697 l
415 664 461 696 ib.
511 673 614 706 Ῑ,Ἴος
598 668 632 696 st
659 663 818 697 initium.

486 680 518 759 l
523 720 636 760 ectio
658 721 709 759 ix.

191 784 210 805 τ’
513 779 633 821 beati
658 780 839 822 Joannis
863 781 1013 835 Bapti-

218 826 273 889 'ff
296 886 299 892 Α
331 841 411 877 stae
430 848 518 877 non
540 836 726 878 strictim
744 841 1013 890 praetereun-

186 888 267 916 ss
330 892 386 933 da
406 898 471 934 est
485 892 748 943 recordatio,
767 896 951 936 interest
965 900 1014 938 ut

183 949 291 1000 quis,
317 954 360 990 et
383 962 408 989 a
429 948 598 1000 quibus,
622 955 666 991 et
686 962 818 1001 quam
836 950 894 992 ob
915 964 1013 993 cau-

181 1018 285 1053 sam,
306 1018 393 1056 quo
411 1005 556 1055 modo,
576 1011 620 1047 et
635 1019 724 1058 quo
739 1008 940 1059 tempore
956 1008 1014 1050 sit

182 1064 368 1110 occisus,
397 1060 627 1104 advertere
653 1062 904 1105 debeamus.
941 1064 1012 1106 Ab

181 1117 391 1160 adulteris
411 1119 550 1170 justus
570 1119 797 1169 occiditur,
819 1125 863 1162 et
882 1134 906 1161 a
926 1121 1013 1163 reis

180 1174 223 1214 in
242 1174 430 1226 judicem
455 1176 656 1227 capitalis
676 1176 856 1221 sceleris
879 1191 1013 1229 poena

181 1232 461 1272 convertitur.
489 1232 661 1275 Deinde
679 1234 911 1285 praemium
931 1235 1011 1276 sal-

181 1287 364 1337 tatricis,
392 1301 512 1329 mors
540 1294 607 1330 est
631 1289 875 1342 prophetae.
930 1292 1010 1333 Po-

181 1346 343 1385 stremo
364 1343 500 1396 (quod
517 1345 649 1386 etiam
664 1358 817 1388 omnes
832 1346 1011 1389 barbari

179 1399 358 1442 horrere
375 1404 713 1454 consueverunt)
731 1403 843 1445 inter
859 1404 1012 1457 epulas

180 1461 313 1507 atque
328 1459 529 1499 convivia
545 1459 902 1502 consummandae
918 1474 1011 1503 cru·

181 1512 374 1554 delitatis
404 1515 625 1566 profertur
658 1515 868 1557 edictum:
905 1522 949 1559 et
987 1531 1013 1559 a

181 1570 384 1611 convivio
409 1570 466 1612 ad
492 1574 730 1614 carcerem:
755 1572 810 1615 de
836 1576 1011 1616 carcere

181 1625 237 1666 ad
274 1628 522 1668 convivium
557 1628 704 1670 feralis
741 1630 895 1680 flagitii
932 1631 1010 1672 cir—

181 1682 418 1724 cumfertur
447 1683 718 1736 obsequium.
764 1687 936 1736 Quanta
968 1688 1012 1728 in

181 1751 267 1779 uno
296 1739 490 1781 facinore
518 1746 619 1782 sunt
646 1742 842 1784 crimina!

236 1799 285 1849 R*-
312 1800 464 1841 Justus
495 1802 758 1852 germinabit
789 1803 901 1846 sicut
933 1804 1010 1845 lili-

181 1869 269 1896 um:
295 1856 315 1878 *
339 1856 395 1898 Et
415 1857 589 1917 florebit
613 1859 657 1899 in
676 1861 890 1901 aeternum
910 1866 1011 1903 ante

180 1912 427 1954 Dominum.
471 1912 521 1957 Y.
548 1914 776 1957 Plantatus
803 1916 847 1957 in
876 1917 1010 1959 domo

180 1967 367 2064 Ιέόιᾶιίιιί,
367 1970 430 2066 bin
451 1970 572 2012 atriis
590 1970 748 2013 domus
762 1972 847 2014 Dei
861 1974 1011 2016 nostri.

219 2029 237 2065 t
289 2027 364 2066 ore
398 2026 441 2068 it.

492 2093 525 2132 1
530 2094 642 2134 ectio
663 2108 698 2133 v.

185 2132 335 2255 Quis
354 2169 451 2206 non,
471 2171 570 2198 cum
589 2171 613 2199 e
629 2159 832 2201 convivio
848 2160 905 2202 ad
920 2163 1011 2202 car-

294 2224 438 2253 cerem
458 2215 622 2255 cursari
636 2214 816 2265 videret,
834 2219 1012 2269 putaret

181 2267 445 2319 prophetam
490 2271 654 2322 jussum
693 2285 789 2314 esse
827 2273 1010 2315 dimitti?

182 2323 301 2373 Quis,
328 2324 516 2376 inquam,
544 2340 643 2368 cum
670 2328 865 2370 audisset
890 2332 1010 2371 nata-

181 2379 268 2421 lem
292 2393 390 2422 esse
414 2382 619 2433 Herodis,
645 2384 840 2427 solemne
866 2389 1010 2428 convi-

181 2436 317 2487 vium,
361 2438 520 2490 puellae
562 2440 788 2491 optionem
824 2442 1011 2493 eligendi

182 2492 304 2544 quod
322 2493 454 2535 vellet
478 2493 637 2544 datam,
660 2496 842 2538 missum
861 2499 918 2540 ad
936 2500 960 2540 J
964 2512 1007 2542 o

182 2550 339 2590 annem
363 2549 422 2592 ob
442 2550 706 2592 solutionem
724 2566 812 2594 non
831 2554 1010 2597 arbitra-

181 2605 324 2647 retur?
365 2606 482 2656 Quid
505 2606 755 2650 crudelitati
782 2621 881 2651 cum
907 2610 1010 2653 deli-

182 2662 281 2703 ciis?
299 2661 404 2716 quid
419 2676 518 2705 cum
532 2664 755 2706 funeribus
771 2666 1010 2718 voluptati?

182 2720 370 2772 Rapitur
393 2720 451 2763 ad
473 2734 652 2774 poenam
672 2724 891 2776 propheta
911 2737 1011 2767 con-

1064 298 1198 339 vivali
1229 300 1448 351 tempore,
1482 300 1701 342 convivali
1733 303 1899 354 praece-

1064 359 1155 407 pto,
1182 367 1270 406 quo
1295 367 1383 396 non
1409 358 1591 408 cuperet
1616 357 1687 398 vel
1713 357 1899 399 absolvi:

1064 411 1294 463 perimitur
1316 410 1478 462 gladio,
1502 417 1636 465 caput
1660 414 1752 464 ejus
1775 413 1897 456 affer-

1064 472 1135 508 tur
1162 467 1205 507 in
1234 467 1370 509 disco.
1412 468 1514 510 Hoc
1542 469 1793 511 crudelitati
1817 470 1898 512 fer-

1065 523 1212 564 culum
1258 523 1522 574 debebitur,
1569 538 1657 578 quo
1693 525 1900 569 insatiata

1066 580 1207 632 epulis
1236 579 1386 621 feritas
1414 583 1680 623 vesceretur.

1124 646 1174 696 R.
1185 645 1276 686 Iste
1300 645 1509 695 cognovit
1531 646 1753 698 justitiam,
1776 651 1821 689 et
1839 647 1898 688 vi-

1066 699 1130 742 dit
1161 700 1377 743 mirabilia
1408 714 1584 752 magna,
1620 708 1666 744 et
1698 703 1900 745 exoravit

1065 756 1357 798 Altissimum:
1397 759 1420 783 ’⁸¹
1446 758 1503 800 Et
1529 758 1732 801 inventus
1760 763 1829 800 est
1854 759 1899 800 in

1063 816 1246 854 numero
1267 816 1530 856 sanctorum.
1558 808 1608 860 V.
1626 815 1716 857 Iste
1736 821 1804 857 est
1823 816 1899 868 qui

1065 870 1332 934 contempsit
1346 871 1481 912 vitam
1499 870 1663 920 mundi,
1683 877 1727 914 et
1746 874 1899 925 perve-

1064 925 1127 967 nit
1146 926 1204 968 ad
1223 926 1424 969 coelestia
1444 940 1590 994 regna.
1618 928 1687 970 Et.

1372 987 1526 1027 Lectio
1549 988 1600 1027 ιι.

1069 1039 1268 1143 Intuere
1291 1061 1370 1090 rex
1394 1049 1676 1092 acerbissime
1700 1055 1779 1092 tuo
1803 1063 1900 1103 spe-

1133 1104 1305 1147 ctacula
1325 1104 1457 1157 digna
1476 1107 1691 1148 convivio.
1717 1107 1900 1158 Porrige

1065 1161 1304 1211 dexteram,
1322 1174 1378 1203 ne
1399 1162 1505 1214 quid
1519 1163 1703 1204 saevitiae
1721 1168 1811 1205 tuae
1827 1163 1900 1205 de-

1065 1218 1131 1267 sit,
1154 1223 1203 1260 ut
1221 1218 1335 1259 inter
1359 1217 1522 1270 digitos
1541 1224 1643 1260 tuos
1662 1219 1745 1261 rivi
1765 1218 1900 1260 deflu-

1064 1279 1139 1316 ant
1159 1274 1273 1316 sacri
1292 1275 1474 1316 cruoris.
1506 1275 1564 1317 Et
1583 1276 1792 1328 quoniam
1811 1288 1901 1317 non

1063 1331 1308 1372 exsaturari
1342 1331 1485 1384 epulis
1519 1332 1676 1382 fames,
1710 1344 1801 1373 non
1833 1344 1898 1374 re-

1064 1387 1227 1438 stingui
1242 1387 1415 1440 poculis
1428 1389 1574 1441 potuit
1591 1388 1801 1430 inauditae
1821 1401 1899 1430 sae-

1064 1445 1182 1486 vitiae
1208 1445 1319 1487 sitis:
1346 1444 1450 1487 bibe
1478 1445 1735 1497 sanguinem
1758 1451 1900 1488 scatu-

1063 1501 1276 1543 rientibus
1309 1500 1455 1543 adhuc
1481 1503 1606 1543 venis
1635 1502 1804 1544 exsecti
1831 1503 1899 1546 ca-

1064 1558 1169 1610 pitis
1188 1558 1493 1610 profluentem.
1522 1559 1662 1600 Cerne
1683 1558 1837 1601 oculos
1855 1558 1900 1600 in

1064 1614 1162 1670 ipsa
1180 1619 1323 1656 morte
1339 1615 1518 1657 sceleris
1531 1616 1596 1657 tui
1609 1620 1758 1666 testes,
1778 1627 1899 1657 aver-

1065 1673 1213 1713 santes
1276 1674 1565 1724 conspectum
1631 1671 1900 1714 deliciarum.

1065 1727 1340 1769 Claudsmtur
1355 1728 1521 1769 lumina
1533 1741 1623 1769 non
1635 1732 1728 1769 tam
1742 1729 1900 1770 mortis

1063 1784 1347 1834 necessitate,
1388 1797 1520 1837 quam
1556 1784 1741 1827 horrore
1777 1784 1900 1826 luxu-

1063 1841 1151 1882 riae.
1203 1840 1265 1882 Os
1302 1844 1485 1883 aureum
1519 1840 1627 1882 illud
1666 1843 1900 1892 exsenqu

1064 1898 1186 1950 cujus
1202 1898 1466 1940 sententiam
1479 1897 1594 1940 ferre
1609 1910 1698 1939 non
1708 1900 1900 1950 poteraS,

1064 1954 1334 2004 conticescit,
1354 1959 1398 1996 et
1417 1953 1562 1996 adhuc
1579 1954 1770 1995 timetur.

1121 2017 1172 2056 lv.
1194 2015 1445 2056 Honestum
1470 2015 1574 2056 fecit
1600 2015 1724 2057 illum
1749 2015 1899 2056 Domi-

1063 2085 1159 2124 nus,
1187 2077 1230 2114 et
1249 2071 1488 2113 custodivit
1507 2084 1607 2113 eum
1626 2071 1714 2114 ab'
1702 2071 1901 2122 mimicis,

1064 2133 1109 2170 et
1137 2141 1163 2170 a
1192 2127 1501 2170 seductoribus
1527 2128 1689 2170 tutavit
1711 2127 1850 2170 illum:
1879 2131 1902 2156 *

1063 2184 1120 2226 Et
1153 2184 1275 2227 dedit
1306 2184 1368 2225 illi
1402 2184 1646 2226 claritatem
1678 2186 1899 2226 aeternam.

1066 2237 1116 2288 Y.
1153 2239 1484 2293 Descenditque
1517 2253 1617 2282 cum
1648 2241 1725 2283 illo
1761 2241 1807 2282 in
1837 2241 1898 2283 fo-

1064 2310 1203 2347 veam,
1223 2302 1267 2340 et
1285 2298 1329 2338 in
1348 2297 1533 2339 vinculis
1553 2309 1642 2339 non
1663 2297 1899 2350 dereliquit

1065 2366 1176 2396 eum.
1202 2354 1270 2396 Et.
1302 2354 1452 2396 Gloria
1471 2354 1603 2396 Patri.
1630 2354 1699 2396 Et.

1295 2432 1344 2470 In
1365 2432 1436 2470 III.
1457 2432 1682 2470 Nocturno.

1066 2493 1101 2533 L
1103 2494 1218 2535 ectio
1243 2493 1383 2534 sancti
1403 2492 1631 2543 Evangelii
1655 2493 1897 2535 secundum

1375 2549 1586 2591 Marcum.
1840 2578 1847 2586 .

1143 2610 1298 2649 Lectio
1320 2610 1386 2649 vii.
1606 2609 1709 2659 Cap.
1730 2609 1767 2648 6.
1788 2620 1821 2648 c.

1062 2665 1139 2771 In
1172 2670 1248 2712 illo
1280 2672 1496 2723 tempore:
1528 2670 1648 2712 Misit
1679 2669 1896 2719 Herodes,

1128 2739 1181 2768 ac
1198 2727 1339 2769 tenuit
1356 2727 1381 2768 J
1384 2729 1552 2779 oafiem,
1577 2731 1621 2769 et
1639 2726 1777 2768 vinxit
1796 2738 1896 2768 eum
