2040 2976
570 214 641 247 Die
668 214 719 247 18.
745 213 849 247 Julii.
897 212 931 246 S.
959 212 1112 246 Camilli
1139 212 1184 246 (lc
1211 212 1328 245 Lenis
1356 213 1463 247 Cons.

159 309 203 349 in
237 309 609 361 contemplatione
642 307 814 349 defixus
842 308 989 348 afflue-

159 365 245 414 bat,
265 371 424 417 sponte
445 365 619 407 dimisit.
651 365 867 405 Paternus
883 377 989 406 vero

157 421 273 461 illius
299 434 403 472 erga
430 424 617 463 miseros
636 433 759 462 amor
783 426 876 462 tum
901 423 990 461 ma·

158 477 275 518 xime
300 477 478 527 eflulsit,
505 478 610 519 dum
635 482 679 519 et
701 477 818 519 Urbs
843 482 989 518 conta-

157 533 283 584 gioso
311 533 465 575 morbo
493 534 698 586 primum,
732 533 891 575 deinde
920 545 990 573 ex·

157 592 297 631 trema
317 593 504 631 annonae
522 590 747 631 laboraret
765 589 925 641 inopia,
947 593 991 630 et

157 646 287 687 Nolae
301 646 345 686 in
358 647 599 698 Campania
614 645 710 687 dira
724 646 863 698 pestis
873 658 990 696 gras-

160 705 339 744 saretur.
385 703 528 744 Tanta
561 702 750 754 denique
777 702 822 742 in
846 702 991 743 Deum

159 764 202 800 et
233 760 483 811 proximum
514 759 697 800 caritate
730 758 909 807 exarsit,
942 763 991 799 ut

158 816 354 866 Angelus
378 815 631 868 nuncupari,
656 820 701 856 et
719 814 990 865 Angelorum

160 884 292 924 opem
310 872 355 912 in
374 872 498 913 vario
517 872 720 912 itinerum
741 870 990 912 discrimine

158 928 348 980 experiri
365 929 701 980 promereretur.
738 926 990 978 Prophetiae

158 984 294 1033 dono,
325 989 369 1025 et
397 984 539 1036 gratia
567 983 803 1025 sanitatum
833 983 990 1036 praedi-

157 1046 239 1090 tus,
260 1043 421 1081 arcana
441 1053 618 1092 quoque
635 1039 834 1082 cordium
848 1041 989 1092 inspe-

157 1098 235 1147 xit;
260 1098 440 1149 ejusque
463 1096 669 1150 precibus
695 1110 810 1138 nunc
828 1096 991 1137 cibaria

157 1153 447 1206 multiplicata
465 1159 575 1202 sunt,
599 1166 714 1194 nunc
734 1166 848 1204 aqua
867 1153 911 1193 in
930 1153 989 1193 vi-

157 1224 261 1251 num
280 1212 503 1251 conversa.
531 1210 731 1251 Tandem
747 1209 916 1260 vigiliis,
935 1210 990 1260 ie-

158 1267 300 1318 juniis,
334 1271 378 1308 et
409 1265 597 1307 assiduis
629 1268 804 1307 attritus
831 1265 989 1306 labori-

157 1323 256 1373 bus,
284 1336 384 1364 cum
407 1323 524 1375 pelle
549 1327 721 1364 tantum
748 1327 791 1363 et
817 1321 990 1363 ossibus

159 1382 363 1421 constare
382 1379 617 1428 videretur,
645 1379 838 1430 quinque
857 1378 989 1419 mole-

159 1436 238 1477 stis
264 1448 390 1487 aeque
410 1448 461 1476 ac
480 1435 658 1476 diutinis
677 1434 854 1483 morbis,
879 1447 990 1486 quos

158 1492 481 1533 misericordias
514 1491 691 1532 Domini
725 1490 990 1543 appellabat,

157 1549 329 1590 fortiter
351 1548 566 1597 toleratis,
591 1547 876 1588 sacramentis
899 1561 990 1588 mu·

157 1607 284 1655 nitus,
304 1606 462 1647 Romae
480 1605 594 1646 inter
613 1604 872 1644 suavissima
885 1604 910 1644 J
913 1616 990 1645 esu

159 1667 203 1704 et
213 1662 365 1703 Mariae
375 1662 563 1709 nomina,
578 1660 635 1702 ad
647 1673 698 1701 ea
708 1660 858 1702 verba:
870 1660 990 1701 Mitis

159 1723 291 1770 atque
335 1719 519 1759 festivus
565 1717 726 1758 Christi
763 1717 788 1757 J
790 1729 867 1758 esu
911 1716 991 1758 tibi

159 1776 364 1827 aspectus
378 1776 604 1826 appareat:
623 1785 708 1825 qua
723 1773 991 1825 praedixerat

158 1830 283 1880 hora,
309 1830 579 1872 obdormivit
602 1830 647 1870 in
671 1829 879 1878 Domino,
904 1831 989 1881 pri-

160 1885 230 1928 die
249 1887 356 1928 Idus
375 1887 400 1927 J
402 1886 489 1935 ulii,
511 1899 625 1927 anno
645 1885 798 1927 salutis
817 1885 988 1926 millesi-

157 1956 231 1984 mo
243 1943 562 1984 sexcentesimo
572 1941 744 1984 decimo
756 1946 925 1993 quarto,
935 1954 989 1982 ae-

158 1999 262 2041 tatis
278 2012 369 2040 suae
384 1999 657 2049 sexagesimo
675 1998 844 2050 quinto:
859 2010 990 2049 quem

158 2055 358 2108 pluribus
375 2055 591 2097 illustrem
609 2054 831 2095 miraculis
851 2054 990 2095 Bene-

160 2111 302 2153 dictus
313 2111 695 2163 decimusquartus
711 2109 895 2151 solemni
905 2109 991 2150 ritu

160 2169 412 2208 sanctorum
431 2167 554 2209 fastis
573 2166 819 2219 adscripsit.
947 2170 949 2172 '

212 2229 262 2280 R.
281 2228 372 2269 Iste
390 2227 535 2270 homo.
554 2227 635 2279 [72]

383 2313 433 2351 In
459 2313 531 2351 111.
556 2313 780 2352 Nocturno.

162 2378 313 2419 Lectio
338 2378 480 2419 sancti
498 2378 728 2429 Evangelii
748 2377 990 2418 secundum

461 2434 486 2474 J
489 2436 688 2475 oannem.

264 2498 416 2538 Lectio
437 2497 504 2536 vii.
653 2498 756 2549 Cap.
772 2499 831 2537 15.
847 2497 885 2537 b.

158 2555 235 2660 In
253 2560 328 2600 illo
347 2561 564 2610 tempore:
582 2559 705 2599 Dixit
719 2559 744 2599 J
747 2571 847 2599 esus
864 2558 989 2600 disci-

233 2615 349 2668 pulis
374 2615 478 2655 suis:
507 2615 607 2656 Hoc
631 2619 698 2656 est
717 2615 991 2666 praeceptum

159 2684 321 2720 meum,
349 2676 397 2712 ut
423 2670 616 2721 diligatis
643 2671 861 2720 invicem,
878 2671 991 2713 sicut

161 2726 294 2768 dilexi
313 2740 405 2768 vos.
432 2727 490 2768 Et
509 2727 689 2778 reliqua.

314 2867 377 2892 Pars
394 2868 502 2892 AEstiva.

1117 369 1320 403 Tractatus
1346 370 1400 403 853.
1428 371 1464 403 in
1490 371 1627 404 Joann.
1654 371 1799 412 Evang.

1299 423 1506 473 putamus
1555 421 1713 462 fratres
1765 420 1874 462 mei?

1051 483 1136 534 <ias-:⁵755
1157 500 1164 537 ἑ
1189 477 1506 529 numquidnam
1533 478 1676 518 solum
1703 479 1792 529 ejus
1819 477 1875 518 de

1147 532 1163 552 ‘'1'‘
1189 535 1274 575 ista
1285 533 1519 575 dilectione
1530 533 1786 575 mandatum
1797 539 1875 583 est,

1045 602 1132 641 qua
1151 590 1371 641 diligimus
1390 589 1600 631 invicem?
1630 590 1788 631 Nonne
1809 595 1876 632 est

1045 652 1088 688 et
1110 645 1229 687 aliud
1244 647 1383 698 majus
1398 651 1445 687 ut
1461 645 1692 696 diligamus
1707 645 1874 687 Deum?

1044 702 1135 744 Aut
1154 715 1260 744 vero
1286 702 1341 743 de
1368 702 1464 743 sola
1481 702 1603 743 Deus
1622 702 1750 743 nobis
1771 702 1874 743 dile-

1045 759 1189 800 ctione
1221 758 1463 807 mandavit,
1490 763 1539 799 ut
1573 758 1657 799 alia
1688 771 1777 799 non
1810 771 1874 799 re-
1920 806 1926 818 ν

1045 814 1290 867 quiramus?
1319 815 1424 856 Tria
1449 819 1568 856 certe
1596 815 1876 856 commendat

1043 872 1304 924 Apostolus,
1333 871 1498 913 dicens:
1527 871 1704 912 Manent
1729 876 1875 913 autem

1043 927 1166 978 fides,
1187 941 1301 980 spes,
1322 928 1493 976 caritas,
1508 927 1593 968 tria
1611 927 1719 977 haec,
1737 929 1876 979 major
1920 930 1926 960 ἰ

1043 990 1190 1026 autem
1204 985 1363 1026 horum
1378 985 1551 1025 caritas.
1578 985 1635 1025 Et
1654 984 1691 1024 si
1709 984 1753 1024 in
1769 986 1874 1026 cari-

1043 1044 1145 1091 tate,
1164 1041 1251 1082 hoc
1271 1046 1348 1091 est,
1368 1042 1413 1081 in
1435 1040 1682 1089 dilectione,
1702 1041 1875 1083 conclu-

1045 1098 1207 1139 dantur
1235 1098 1323 1139 duo
1355 1097 1429 1137 illa
1461 1098 1706 1149 praecepta,
1738 1098 1876 1148 major

1043 1160 1190 1195 tamen
1212 1153 1330 1195 dicta
1349 1159 1418 1195 est
1436 1166 1544 1203 esse,
1564 1166 1653 1195 non
1673 1154 1778 1195 sola.
1806 1155 1875 1195 De

1043 1210 1131 1252 fide
1151 1211 1283 1262 igitur
1300 1210 1429 1251 nobis
1451 1222 1582 1262 quam
1601 1210 1739 1252 multa
1757 1224 1874 1251 man·
1924 1226 1926 1228 ·

1044 1266 1149 1308 data
1187 1272 1303 1316 sunt,
1342 1279 1475 1318 quam
1510 1266 1648 1307 multa
1685 1266 1740 1308 de
1778 1266 1874 1319 spe!
1920 1232 1927 1291 1

1044 1323 1150 1373 Quis
1170 1328 1321 1375 potest
1345 1328 1502 1364 cuncta
1526 1323 1750 1373 colligere,
1777 1323 1874 1375 quis

1044 1379 1342 1434 enumerando
1358 1379 1581 1421 sufficere?
1607 1379 1695 1421 Sed
1709 1380 1874 1421 intuea-

1042 1449 1159 1485 mur,
1200 1435 1320 1488 quod
1357 1437 1418 1477 ait
1453 1436 1571 1477 idem
1608 1436 1874 1488 Apostolus:

1043 1492 1278 1534 Plenitudo
1298 1493 1408 1544 legis
1429 1493 1600 1534 caritas.

1095 1550 1145 1601 R.
1171 1549 1262 1590 Iste
1291 1554 1358 1591 est
1386 1549 1461 1600 qui
1489 1554 1590 1590 ante
1614 1549 1759 1590 Deum
1786 1562 1873 1590 ma-

1043 1618 1151 1655 gnas
1178 1605 1364 1647 virtutes
1393 1607 1604 1658 operatus
1636 1611 1718 1655 est,
1748 1611 1791 1647 et
1819 1606 1874 1647 de

1044 1661 1162 1703 omni
1173 1661 1309 1703 corde
1324 1674 1404 1703 suo
1416 1661 1613 1703 laudavit
1623 1662 1875 1703 Dominum:

1042 1718 1065 1742 *
1091 1719 1195 1770 Ipse
1223 1717 1467 1759 intercedat
1494 1730 1576 1770 pro
1605 1719 1801 1771 peccatis
1831 1720 1874 1759 o-

1042 1774 1207 1814 mniurn
1222 1774 1500 1826 populorum.
1532 1770 1582 1822 V.
1604 1775 1719 1815 Ecce
1739 1774 1874 1816 homo

1043 1830 1136 1871 sine
1158 1830 1347 1881 querela,
1360 1842 1491 1870 verus
1506 1830 1591 1870 Dei
1610 1830 1762 1878 cultor,
1779 1830 1874 1872 abs-

1042 1886 1186 1927 tinens
1216 1898 1264 1927 se
1289 1886 1344 1927 ab
1372 1885 1491 1927 omni
1516 1887 1651 1938 opere
1671 1886 1804 1936 malo,
1832 1891 1876 1927 et

1042 1943 1305 1994 permanens
1325 1942 1369 1982 in
1383 1942 1632 1983 innocentia
1651 1955 1740 1983 sua.
1759 1943 1874 1995 Ipse.
1922 1940 1924 1942 ’

1328 1999 1483 2038 Lectio
1504 1998 1587 2037 viii.
1922 1998 1923 2003 ’

1132 2054 1178 2096 bi
1210 2067 1316 2105 ergo
1349 2054 1508 2096 caritas
1541 2059 1623 2105 est,
1658 2053 1764 2106 quid
1797 2059 1874 2104 est,

1165 2111 1285 2163 quod
1307 2111 1451 2163 possit
1476 2110 1655 2152 deesse?
1687 2110 1775 2153 Ubi
1803 2124 1874 2152 au-

1043 2172 1133 2208 tem
1151 2180 1240 2208 non
1258 2173 1337 2216 est,
1357 2166 1464 2219 quid
1485 2171 1566 2217 est,
1591 2166 1712 2219 quod
1731 2167 1875 2219 possit

1042 2222 1283 2275 prodesse?
1303 2224 1493 2265 Daemon
1513 2222 1663 2274 credit,
1678 2236 1761 2266 nec
1781 2223 1872 2265 dili-

1042 2280 1124 2330 git:
1155 2293 1285 2321 nemo
1314 2279 1472 2331 diligit,
1506 2280 1581 2332 qui
1606 2293 1695 2321 non
1723 2280 1874 2322 credit.

1041 2336 1223 2377 Frustra
1244 2336 1438 2388 quidem,
1459 2335 1539 2377 sed
1555 2341 1705 2378 tamen
1723 2340 1873 2388 potest

1043 2394 1223 2444 sperare
1258 2393 1431 2433 veniam
1473 2392 1549 2443 qui
1587 2405 1677 2433 non
1714 2391 1873 2443 diligit:

1041 2461 1170 2489 nemo
1192 2453 1339 2490 autem
1357 2452 1508 2501 potest
1534 2448 1771 2500 desperare
1799 2447 1873 2499 qui

1043 2503 1194 2555 diligit.
1230 2505 1388 2556 Itaque
1406 2504 1482 2546 ubi
1501 2503 1680 2546 dilectio
1706 2507 1789 2554 est,
1812 2502 1874 2543 ibi
1899 2530 1906 2538 .

1041 2560 1291 2601 necessario
1324 2560 1452 2610 fides,
1490 2565 1534 2602 et
1568 2572 1686 2613 spes:
1723 2564 1767 2600 et
1797 2557 1873 2599 ubi

1043 2616 1221 2657 dilectio
1262 2617 1470 2668 proximi,
1512 2615 1574 2657 ibi
1620 2613 1871 2656 necessario

1042 2671 1174 2713 etiam
1194 2672 1372 2713 dilectio
1391 2672 1486 2713 Dei.
1532 2671 1617 2722 Qui
1641 2670 1757 2711 enirn
1783 2681 1872 2709 non

1043 2727 1183 2778 diligit
1198 2728 1353 2777 Deum,
1371 2725 1597 2779 quomodo
1614 2725 1753 2775 diligit
1771 2726 1870 2776 pro·
1919 2737 1921 2740 ⁴

1808 213 1875 247 429

1077 308 1265 349 Homilia
1295 308 1335 348 S.
1362 301 1849 361 Augustini'Episcopi.

1596 2855 1663 2889 28*
