2040 2976
672 180 785 215 Feria
810 181 980 215 secunda
1006 182 1054 215 ad
1078 182 1316 217 Matutinum.
1814 184 1857 218 41

195 276 410 318 Dominus
430 277 641 318 diluvium
655 275 901 317 inhabitare
914 276 972 316 fa-

143 332 220 373 cit:
247 333 272 358 *
300 338 344 374 et
378 333 549 375 sedebit
575 333 790 374 Dominus
823 344 903 373 rex
929 332 973 372 in

126 390 365 442 vaeternum.

191 448 406 490 Dominus
443 450 650 491 virtutem
685 449 852 502 populo
891 461 971 490 suo

142 502 281 546 dabit:
297 505 321 531 *
336 505 550 547 Dominus
561 505 793 548 benedicet
804 504 971 557 populo

141 572 221 601 suo
241 561 285 601 in
304 574 425 613 pace.

406 644 605 685 Psalmus
624 645 689 684 29.

134 708 399 814 Exaltabo
452 723 497 761 te
532 719 721 760 Domine
766 717 971 769 quoniam

244 776 477 828 suscepisti
494 788 584 817 me:
602 775 626 801 *
645 787 726 816 nec
741 772 972 814 delectasti

138 829 337 873 inimicos
355 845 479 874 meos
498 844 630 885 super
648 843 730 872 me.

190 890 379 933 Domine
403 892 524 934 Deus
549 904 672 933 meus
701 890 886 932 clamavi
913 889 971 931 ad

138 950 193 996 te,
212 947 236 972 *
257 952 302 989 et
321 949 485 990 sanasti
503 961 584 990 me.

189 1007 377 1050 Domine
402 1008 591 1050 eduxisti
615 1007 670 1050 ab
690 1008 860 1049 inferno
882 1008 969 1049 ani-

137 1075 254 1104 mam
263 1076 425 1105 meam:
439 1065 462 1090 *
478 1063 657 1106 salvasti
670 1077 740 1105 me
751 1077 777 1105 a
791 1063 968 1105 descen-

139 1117 342 1160 dentibus
360 1120 406 1160 in
423 1120 577 1162 lacum.

188 1179 368 1221 Psallite
387 1180 578 1222 Domino
599 1180 738 1221 sancti
757 1180 862 1231 ejus:
881 1180 904 1205 *
925 1184 969 1220 et

137 1235 404 1277 confitemini
453 1236 678 1278 memoriae
723 1235 967 1276 sanctitatis

137 1302 238 1341 ejus.

189 1352 405 1401 Quoniam
418 1353 484 1394 ira
496 1354 541 1394 in
553 1353 850 1405 indignatione
862 1352 951 1403 ejus
959 1357 970 1392 ε’

135 1405 159 1431 *
179 1411 224 1448 et
241 1408 332 1449 vita
349 1408 393 1449 in
411 1409 637 1452 voluntate
657 1411 758 1462 ejus.

188 1467 261 1509 Ad
268 1470 502 1521 vesperum
511 1469 810 1512 demorabitur
821 1471 965 1512 fletus:

134 1523 159 1549 *
179 1528 223 1565 et
240 1523 298 1565 ad
315 1527 576 1567 matutinum
593 1526 756 1568 laetitia.

186 1584 282 1635 Ego
318 1589 465 1627 autem
502 1585 592 1628 dixi
623 1587 667 1628 in
699 1587 966 1630 abundantia

133 1652 250 1681 mea:
274 1640 298 1666 *
321 1641 425 1683 Non
444 1642 659 1684 movebor
677 1643 722 1684 in
741 1646 964 1686 aeternum.

185 1699 374 1742 Domine
399 1702 444 1742 in
461 1702 687 1745 voluntate
706 1708 792 1755 tua,
810 1705 835 1731 *
853 1718 964 1758 prae-

135 1756 284 1798 stitisti
302 1756 453 1799 decori
470 1771 570 1800 meo
590 1759 808 1801 virtutem.

185 1815 399 1859 Avertisti
420 1818 577 1860 faciem
595 1824 716 1861 tuam
734 1834 760 1862 a
777 1834 858 1871 me,
877 1821 901 1847 *
921 1826 965 1863 et

132 1871 273 1914 factus
292 1885 389 1914 sum
409 1875 706 1917 conturbatus.

185 1932 259 1975 Ad
280 1938 324 1975 te
343 1933 532 1977 Domine
556 1935 774 1978 clamabo:
796 1937 820 1963 *
844 1942 888 1979 et
907 1938 964 1980 ad

132 1987 277 2030 Deum
294 2003 441 2031 meum
460 1990 745 2044 deprecabor.

185 2050 294 2099 Quae
316 2050 480 2092 utilitas
502 2051 547 2092 in
569 2053 779 2103 sanguine
801 2066 913 2103 meo,
938 2054 962 2079 *

133 2103 238 2145 dum
257 2104 478 2148 descendo
497 2107 542 2148 in
561 2108 912 2161 corruptionem?

184 2164 410 2218 Numquid
442 2168 721 2210 confitebitur
757 2169 838 2211 tibi
870 2170 963 2222 pul-

133 2219 218 2270 vis,
245 2221 276 2306 ²2
306 2227 381 2263 aut
422 2224 695 2266 annuntiabit
733 2226 964 2268 veritatem

132 2280 269 2317 tuam.

184 2336 366 2379 Audivit
401 2338 635 2390 Dominus,
676 2346 720 2383 et
759 2341 963 2384 misertus

134 2397 201 2434 est
222 2393 325 2434 mei:
347 2393 371 2419 *
394 2394 607 2437 Dominus
631 2396 771 2439 factus
798 2403 865 2440 est
890 2398 962 2441 ad-

133 2448 248 2499 jutor
266 2462 401 2490 meus.

187 2509 452 2551 Convertisti
484 2510 708 2562 planctum
741 2526 888 2555 meum
919 2514 963 2555 in

134 2564 341 2614 gaudium
373 2565 496 2606 mihi:
530 2567 554 2592 *
586 2568 839 2611 conscidisti
872 2583 962 2612 sac-

132 2632 233 2715 fum
263 2634 426 2671 meum,
459 2627 503 2664 et
536 2623 862 2667 circumdedisti
892 2640 962 2668 me

150 2676 300 2718 aetitia:

287 2818 351 2844 Pars
367 2819 474 2845 AEstiva.

1078 275 1138 316 Ut
1157 280 1304 317 cantet
1322 275 1402 317 tibi
1420 277 1560 327 gloria
1577 291 1686 327 mea,
1707 283 1751 320 et
1770 291 1858 320 non

1027 335 1314 384 compungar:
1333 332 1356 357 *
1375 332 1563 375 Domine
1588 334 1709 375 Deus
1735 347 1858 376 meus

1024 388 1070 428 in
1088 389 1300 429 aeternum
1320 388 1564 431 confitebor
1582 390 1672 432 tibi.

1075 454 1173 492 Ant.
1208 451 1405 494 Adorate
1427 452 1664 495 Dominum
1688 455 1732 495 in
1759 455 1858 496 aula

1025 512 1176 549 sancta
1196 508 1296 559 ejus.

1074 573 1171 613 Ant.
1207 574 1258 613 In
1276 577 1352 614 tua
1370 573 1542 624 justitia.

1290 659 1486 700 Psalmus
1506 661 1577 700 30.

1074 749 1103 776 n
1130 741 1174 778 te
1202 737 1390 779 Domine
1419 738 1611 790 speravi,
1639 751 1727 780 non
1756 753 1854 781 con-

1093 792 1250 834 fundar
1269 794 1313 834 in
1333 795 1561 835 aeternum:
1580 794 1604 820 *
1627 795 1671 835 in
1694 796 1855 847 justitia

1023 852 1099 889 tua
1117 848 1256 891 libera
1274 863 1356 891 me.

1075 909 1242 951 Inclina
1260 910 1317 951 ad
1335 923 1406 952 me
1426 923 1576 952 aurem
1595 915 1725 961 tuam,
1744 912 1768 937 *
1788 925 1854 953 ac-

1024 964 1167 1006 celera
1186 970 1234 1007 ut
1254 968 1380 1007 eruas
1400 980 1481 1008 me.

1075 1025 1183 1067 Esto
1198 1026 1304 1066 mihi
1322 1027 1366 1067 in
1380 1027 1524 1068 Deum
1537 1030 1854 1080 protectorem:

1023 1085 1067 1122 et
1093 1081 1137 1122 in
1164 1081 1343 1123 domum
1370 1083 1540 1134 refugii,
1565 1084 1588 1110 *
1612 1089 1660 1126 ut
1685 1084 1854 1126 salvum

1021 1149 1091 1178 me
1110 1137 1255 1179 facias.

1074 1198 1290 1247 Quoniam
1309 1198 1522 1241 fortitudo
1541 1213 1649 1249 mea,
1675 1206 1718 1242 et
1740 1202 1851 1242 refu-

1019 1252 1138 1302 gium
1171 1266 1318 1295 meum
1353 1267 1400 1295 es
1434 1260 1500 1296 tu:
1534 1256 1557 1281 *
1592 1262 1636 1298 et
1668 1262 1852 1309 propter

1019 1321 1179 1349 nomen
1202 1314 1325 1350 tuum
1349 1310 1542 1352 deduces
1569 1325 1656 1362 me,
1683 1318 1727 1354 et
1751 1317 1851 1354 enu-

1019 1364 1125 1405 tries
1143 1378 1225 1406 me.

1071 1424 1245 1466 Educes
1265 1439 1335 1467 me
1355 1426 1410 1467 de
1429 1426 1589 1479 laqueo
1607 1427 1702 1477 hoc,
1722 1442 1851 1480 quem

1019 1479 1344 1523 absconderunt
1370 1482 1494 1523 mihi:
1519 1484 1542 1509 *
1570 1485 1775 1535 quoniam
1803 1491 1851 1527 tu

1018 1548 1065 1576 es
1083 1538 1312 1588 protector
1329 1551 1464 1579 meus.

1069 1597 1120 1636 In
1143 1610 1296 1638 manus
1320 1603 1418 1639 tuas
1443 1600 1703 1641 commendo
1727 1601 1849 1653 spiri-

1016 1657 1110 1694 tum
1123 1666 1283 1694 meum:
1298 1654 1322 1680 *
1336 1654 1560 1697 redemisti
1575 1669 1645 1697 me
1660 1656 1848 1698 Domine

1016 1708 1137 1750 Deus
1156 1710 1365 1751 veritatis.

1070 1768 1214 1811 Odisti
1249 1770 1535 1813 observantes
1563 1772 1796 1823 vanitates,
1825 1774 1848 1799 *

1017 1827 1300 1877 supervacue.

1067 1885 1164 1936 Ego
1184 1891 1331 1928 autem
1349 1886 1393 1927 in
1407 1887 1598 1929 Domino
1618 1889 1809 1941 speravi:
1823 1889 1846 1915 *

1017 1941 1259 1991 exsultabo,
1280 1947 1323 1984 et
1341 1942 1528 1985 laetabor
1542 1944 1587 1984 in
1604 1945 1846 1986 misericor-

1016 1995 1089 2038 dia
1107 2002 1193 2039 tua.

1069 2058 1284 2107 Quoniam
1307 2060 1540 2112 respexisti
1558 2059 1846 2102 humilitatem

1015 2125 1169 2163 meam,
1188 2114 1212 2139 *
1231 2114 1411 2157 salvasti
1433 2115 1489 2157 de
1512 2116 1846 2159 necessitatibus

1016 2169 1205 2210 animam
1226 2183 1380 2212 meam.
1612 2210 1621 2218 ,

1065 2229 1161 2271 Nec
1193 2230 1446 2273 conclusisti
1476 2244 1546 2273 me
1573 2231 1618 2272 in
1644 2232 1845 2274 manibus

1014 2284 1191 2326 inimici:
1209 2286 1233 2312 *
1253 2287 1442 2329 statuisti
1464 2287 1509 2328 in
1527 2287 1627 2329 loco
1647 2289 1844 2341 spatioso

1014 2340 1152 2393 pedes
1170 2354 1305 2383 meos.

1066 2401 1276 2444 Miserere
1309 2402 1396 2445 mei
1422 2403 1610 2445 Domine
1640 2404 1844 2456 quoniam

1013 2456 1216 2498 tribulor:
1243 2458 1267 2484 *
1295 2459 1580 2501 conturbatus
1610 2465 1676 2501 est
1709 2460 1753 2501 in
1779 2460 1843 2500 ira

1014 2512 1166 2554 oculus
1194 2526 1328 2564 meus,
1357 2515 1500 2557 anima
1526 2528 1639 2565 mea,
1672 2520 1716 2557 et
1742 2528 1841 2556 ven-

1014 2572 1082 2609 ter
1100 2581 1240 2610 meus:

1066 2629 1282 2678 Quoniam
1309 2629 1469 2672 defecit
1500 2630 1543 2671 in
1572 2630 1725 2672 dolore
1753 2629 1842 2671 vita

1013 2696 1126 2725 mea:
1145 2685 1169 2711 *
1189 2690 1233 2727 et
1250 2686 1352 2727 anni
1369 2686 1456 2728 mei
1472 2686 1516 2727 in
1534 2685 1776 2737 gemitibus.
