2040 2976
734 217 943 249 Commune
972 216 1258 258 Apostolorum.

198 309 246 361 V.
257 311 309 351 In
324 322 497 351 omnem
512 313 676 350 terram
688 307 823 349 exivit
838 319 970 348 sonus

143 370 306 410 ectum.
343 369 392 420 R«.
417 366 474 407 Et
497 366 541 406 in
565 365 674 406 fines
695 363 816 405 orbis
840 368 970 405 terrae

142 424 277 466 verba
298 425 461 465 cerum.

196 484 326 523 Pater
345 484 506 521 noster.

196 539 440 580 Absolutio.
477 534 652 578 Exaudi
682 534 881 574 Demine.

197 594 245 644 V.
272 594 383 635 Jube
413 592 582 634 domne.

203 654 360 694 Bened.
392 648 703 693 Benedictiene
723 647 947 700 perpetua.

196 720 296 754 Lect.
310 719 356 753 de
368 718 503 762 Script.
519 719 659 762 positae
674 718 712 751 in
726 718 870 751 Comm.
883 717 973 751 San—

146 774 293 803 ctorum
305 768 494 810 leguntur,
513 767 669 810 quando
689 770 921 800 annotantur
939 765 973 799 in

146 816 309 859 Proprio
328 814 451 849 Sanct.
470 825 539 858 per
557 815 726 849 Annum.
758 819 793 848 ct
818 814 973 857 quando

146 863 333 906 contingit
358 863 438 897 fieri
466 863 570 898 Offic.
604 863 648 896 dc
676 863 806 906 aliquo
834 862 973 896 Sancto
1001 844 1005 899 i

146 913 221 946 illis
248 912 397 950 diebus,
424 912 460 945 in
488 912 628 955 quibus
656 912 692 945 in
719 910 824 945 Offic.
851 911 974 944 Fcriae
1002 919 1005 931 ¹

146 971 222 995 non
238 964 434 1003 ponuntur
450 959 550 994 Lect.
571 960 617 994 dc
635 959 782 1003 Sc1·ipt.,
809 959 877 993 sed
895 964 973 992 tau-

146 1014 225 1043 tum
242 1008 289 1042 de
306 1008 487 1050 Homssia,
509 1013 545 1042 et
559 1008 715 1051 quando
731 1007 891 1051 aliquod
906 1007 973 1041 Fe-

146 1061 246 1138 sturln
271 1056 493 1110 solemniter
518 1056 732 1090 celebratur
753 1056 789 1090 in
816 1055 973 1099 propria

146 1115 211 1139 ecc
230 1114 320 1138 esla.

183 1162 251 1202 De
277 1158 476 1212 Epistola
502 1158 645 1211 prima
671 1157 790 1199 beati
818 1156 941 1197 Pauli

275 1215 483 1269 Apestoli
502 1214 559 1256 ad
581 1213 845 1255 Corinthios.

252 1281 403 1322 Lectio
425 1282 447 1320 i.
712 1279 813 1329 Cap.
835 1279 870 1317 4.

153 1349 238 1391 (η
254 1334 294 1375 ic
308 1346 390 1374 nos
410 1333 629 1374 existimet
644 1332 776 1372 homo
793 1335 841 1372 ut
856 1331 976 1371 mini-

154 1393 236 1455 ὦ,
269 1395 384 1431 stros
396 1389 573 1430 Christi:
589 1394 633 1430 et
649 1388 977 1441 dispensateres

154 1452 212 1474 ’ΧΨ
245 1451 246 1468 ³
268 1446 579 1499 mysteriorum
619 1445 715 1486 Dei.
768 1444 853 1486 Hic
892 1445 977 1496 jam

149 1503 358 1555 quaeritur
389 1503 503 1544 inter
536 1501 885 1555 dispensato'res,
930 1505 978 1542 ut

147 1559 289 1601 fidelis
309 1560 405 1611 quis
423 1559 678 1601 inveniatur.
705 1558 812 1599 Mihi
831 1562 978 1599 autem

146 1629 229 1669 pro
254 1617 432 1658 minimo
453 1620 520 1658 est
539 1620 587 1657 ut
610 1628 635 1656 a
655 1614 781 1656 vobis
801 1614 976 1666 judicer,

148 1678 222 1715 aut
241 1673 296 1715 ab
315 1673 507 1714 humano
525 1672 609 1714 die:
630 1671 709 1713 sed
727 1684 870 1723 neque
889 1684 976 1712 me-

147 1732 291 1783 ipsum
305 1730 463 1782 judico.
490 1728 610 1770 Nihil
626 1729 742 1770 enim
756 1728 861 1769 mihi
877 1730 976 1769 enn-

148 1787 264 1828 scius
289 1800 399 1828 sum:
433 1785 512 1828 sed
535 1799 623 1827 non
647 1786 691 1826 in
717 1785 803 1826 hoc
827 1785 976 1837 justifi-

148 1846 272 1885 catus
297 1857 407 1885 sum:
442 1844 516 1896 qui
540 1848 687 1885 autem
710 1842 873 1895 judicat
896 1855 977 1892 me,

147 1901 364 1942 Dominus
395 1905 471 1942 est.
516 1901 672 1952 Itaque
707 1899 843 1940 nolite
877 1904 976 1940 ante

147 1962 322 2010 tempus
350 1957 560 2009 judicare,
599 1956 887 2009 quoadusque
907 1958 976 1998 ve-

149 2014 239 2055 niat
265 2014 496 2055 Deminus:
538 2013 612 2066 qui
643 2018 687 2054 et
718 2012 978 2054 illuminabit

149 2070 407 2112 abscendita
425 2069 716 2120 tenebrarum,
740 2074 784 2111 et
801 2069 977 2111 manife-

149 2126 283 2169 stabit
319 2127 501 2168 consilia
538 2126 755 2177 cerdium3
798 2131 841 2168 et
873 2131 977 2168 tunc

148 2183 242 2225 laus
263 2184 347 2225 erit
365 2184 600 2236 unicuique
617 2197 642 2224 a
659 2183 769 2224 Deo.

202 2244 252 2293 R.
268 2241 385 2282 Ecce
401 2253 482 2292 ego
496 2241 623 2282 mitto
639 2253 719 2282 vos
740 2240 853 2281 sicut
871 2252 977 2281 oves

148 2297 193 2337 in
211 2297 357 2339 medio
375 2297 595 2349 lup6rum,
624 2296 730 2338 dicit
751 2296 978 2337 Dominus:

152 2355 173 2378 ²⁸
192 2355 347 2395 Estote
367 2366 471 2404 ergo
495 2353 734 2406 prudentes
755 2353 867 2394 sicut
892 2365 977 2394 ser-

149 2411 315 2462 pentes,
326 2414 370 2451 et
384 2409 605 2462 simplices
622 2410 735 2451 sicut
749 2409 977 2451 columbae.

151 2461 201 2512 V.
227 2467 345 2507 Dum
367 2466 510 2507 lucem
534 2466 721 2515 habetis,
750 2465 915 2507 credite
934 2466 978 2506 in

149 2523 302 2572 lucem,
313 2527 361 2564 ut
372 2522 449 2563 filii
459 2522 568 2563 lucis
579 2523 684 2564 sitis.
694 2523 849 2563 Estcte
861 2534 978 2574 ergo.

208 2580 365 2620 Bened.
401 2579 651 2630 I‘nigenitus
669 2579 754 2620 Dei
772 2578 927 2630 Filius.{

463 2636 611 2677 Lectio
633 2636 671 2675 ii.

246 2705 310 2734 aec
322 2697 479 2742 autem,
491 2692 659 2742 fratres,
669 2692 978 2743 transfiguravi

266 2749 311 2790 in
330 2761 400 2790 me
420 2753 464 2790 et
482 2748 655 2802 Apollo,
680 2753 863 2802 propter
883 2761 978 2790 vos:

1807 203 1854 248 [7]

1023 310 1071 347 ut
1089 306 1134 346 in
1148 305 1276 347 nobis
1293 305 1483 355 discatis,
1503 318 1558 346 ne
1574 317 1708 357 supra
1725 316 1856 356 quam

1024 362 1237 414 scriptum
1266 367 1342 412 est,
1370 375 1482 403 unus
1511 362 1723 403 adversus
1753 360 1856 401 alte-

1023 433 1121 460 rum
1140 419 1315 460 infletur
1337 431 1419 471 pro
1436 418 1532 459 alio.
1561 419 1667 468 Quis
1684 418 1799 459 enim
1813 421 1857 458 te

1025 473 1256 517 discernit?
1274 475 1391 525 Quid
1407 480 1555 517 autem
1570 474 1718 525 habes,
1737 473 1858 526 quod

1024 546 1113 574 non
1139 531 1370 584 accepisti?
1399 533 1445 573 Si
1469 537 1615 573 autem
1637 530 1858 583 accepisti,

1026 589 1134 642 quid
1149 589 1351 640 gloriaris
1365 590 1489 641 quasi
1505 601 1595 630 non
1610 586 1857 640 acceperis?

1025 647 1049 687 J
1051 660 1121 687 am
1138 647 1322 688 saturati
1339 647 1453 697 estis,
1471 647 1556 697 jam
1576 645 1734 687 divites
1755 644 1859 685 facti

1026 704 1145 745 estis:
1162 703 1254 744 sine
1270 703 1398 745 nobis
1414 702 1623 753 regnatis:
1635 707 1678 743 et
1693 701 1860 742 utinam

1026 761 1229 811 regnetis,
1245 765 1294 802 ut
1311 765 1355 802 et
1370 773 1449 801 nos
1466 759 1695 801 vobiscum
1710 760 1860 809 regne-

1026 830 1134 858 mus.
1179 818 1292 858 Puto
1327 817 1440 859 enim
1475 816 1596 869 quod
1623 816 1746 856 Deus
1778 827 1859 856 nos

1027 874 1269 926 Apcstolos
1331 874 1594 915 novissimos
1658 871 1860 920 ostendit,

1027 936 1251 983 tamquam
1287 931 1419 972 morti
1455 930 1715 972 destinatos:
1760 929 1862 981 quia

1028 988 1331 1040 spectaculum
1363 988 1468 1029 facti
1501 1000 1651 1028 sumus
1684 985 1860 1035 mundo,

1029 1050 1072 1086 et
1092 1045 1282 1096 Angelis,
1313 1050 1356 1086 et
1374 1043 1635 1085 hominibus.

1088 1108 1133 1157 R„
1170 1101 1332 1143 Tollite
1369 1102 1517 1154 jugum
1550 1113 1696 1142 meum
1729 1113 1861 1152 super

1028 1172 1119 1214 VOS,
1141 1158 1246 1200 dicit
1261 1159 1488 1207 Deminus,
1510 1162 1552 1199 et
1569 1157 1724 1199 discite
1741 1169 1765 1197 a
1780 1170 1861 1205 me,

1031 1216 1132 1268 quia
1154 1216 1271 1257 mitis
1296 1229 1392 1257 sum
1413 1221 1456 1257 et
1475 1214 1649 1256 humilis
1669 1213 1818 1255 corde:
1842 1221 1859 1241 *

1029 1273 1187 1324 Jugum
1216 1273 1331 1314 enim
1359 1286 1506 1314 meum
1534 1274 1669 1312 suave
1699 1276 1782 1320 est,
1819 1276 1862 1312 et

1030 1343 1139 1370 onus
1163 1343 1310 1371 meum
1335 1329 1443 1371 leve.
1482 1327 1531 1377 V.
1556 1329 1613 1369 Et
1633 1328 1861 1369 invenietis

1030 1387 1226 1438 requiem
1246 1386 1475 1427 animabus
1495 1385 1666 1427 vestris.
1692 1385 1716 1425 J
1718 1397 1861 1435 ugum.

1087 1445 1243 1486 Bened.
1271 1444 1459 1496 Spiritus
1480 1442 1621 1484 sancti
1639 1442 1792 1493 gratia.

1330 1502 1480 1542 Lectio
1508 1502 1560 1542 iii.

1030 1555 1176 1661 Nos
1194 1557 1316 1598 stulti
1331 1561 1514 1610 propter
1530 1555 1761 1605 Christum,
1781 1569 1861 1597 vos

1151 1618 1298 1655 autem
1327 1613 1570 1666 prudentes
1598 1613 1642 1653 in
1668 1612 1861 1654 Christo:

1030 1683 1110 1712 nos
1134 1671 1306 1721 infirmi,
1335 1684 1415 1712 vos
1436 1675 1582 1711 autem
1602 1670 1752 1711 fortes:
1780 1682 1861 1711 vos

1029 1727 1211 1778 nebiles,
1223 1741 1304 1769 nos
1316 1732 1462 1769 autem
1473 1726 1700 1778 igncbiles.
1711 1727 1861 1779 Usque

1029 1786 1073 1825 in
1092 1784 1205 1826 hanc
1224 1785 1379 1826 horam
1400 1789 1444 1826 et
1463 1786 1689 1833 esurimus,
1710 1788 1753 1825 et
1774 1784 1861 1825 siti-

1029 1855 1143 1891 muS,
1182 1847 1225 1884 et
1252 1841 1358 1883 nudi
1387 1854 1554 1890 sumus,
1592 1845 1635 1882 et
1664 1840 1862 1893 cclaphis

1030 1900 1256 1949 caedimur,
1291 1903 1335 1940 et
1363 1898 1592 1939 instabiles
1621 1910 1786 1947 SumUS,
1819 1902 1863 1939 et

1029 1956 1281 1998 laboramus
1302 1957 1540 2008 operantes
1565 1954 1767 1995 manibus
1787 1967 1861 1996 no-

1031 2014 1146 2054 stris:
1161 2012 1473 2061 maledieimur,
1488 2016 1531 2052 et
1545 2010 1862 2053 benedicimus:

1030 2070 1384 2123 persecuticnem
1416 2069 1625 2121 patimur,
1664 2073 1708 2110 et
1735 2068 1861 2109 susti-

1030 2128 1198 2167 nemus:
1217 2125 1585 2178 blasphemamur,
1601 2130 1644 2166 et
1659 2124 1861 2166 obsecra-

1029 2196 1141 2224 mus:
1169 2188 1394 2235 tamquam
1420 2183 1711 2235 purgamenta
1736 2181 1862 2234 hujus

1031 2239 1183 2281 mundi
1211 2240 1316 2281 facti
1344 2252 1510 2289 sumus,
1545 2239 1739 2280 emnium
1766 2251 1861 2291 per-

1030 2297 1198 2348 ipsema
1216 2309 1356 2348 usque
1381 2295 1535 2337 adhuc.
1572 2295 1673 2338 Non
1693 2300 1741 2336 ut
1762 2308 1862 2336 con-

1030 2352 1210 2394 fundam
1229 2365 1320 2402 vos,
1348 2352 1445 2394 haec
1464 2351 1621 2402 scribo,
1638 2347 1729 2394 'sed
1747 2356 1796 2393 ut
1815 2351 1861 2392 fi-

1030 2409 1112 2451 lios
1131 2422 1256 2451 meos
1277 2410 1528 2451 carissimos
1547 2411 1719 2450 meneo.
1746 2408 1861 2450 Nam

1031 2466 1067 2507 si
1088 2466 1242 2507 decem
1266 2466 1399 2507 millia
1422 2465 1769 2519 paedagogerum
1788 2465 1861 2505 ha-

1029 2522 1170 2564 beatis
1195 2523 1240 2564 in
1266 2523 1456 2564 Christo:
1484 2522 1564 2564 sed
1588 2535 1676 2563 non
1699 2521 1861 2562 multos

1030 2584 1189 2632 patres.
1230 2579 1345 2620 Nam
1372 2580 1417 2620 in
1446 2579 1620 2620 Christo
1648 2579 1753 2620 Jesu
1781 2590 1860 2629 per

1030 2636 1316 2688 Evangelium
1337 2649 1419 2687 ego
1439 2649 1518 2677 vos
1539 2635 1679 2686 genui.

1093 2696 1137 2746 [ἐς.
1160 2693 1277 2734 Dum
1306 2693 1513 2734 steteritis
1539 2696 1640 2733 ante
1664 2703 1789 2740 reges
1818 2694 1862 2731 et

1030 2749 1254 2802 praesides,
1274 2749 1410 2791 nolite
1425 2749 1618 2800 cogitare
1635 2745 1859 2799 quemodo
