2040 2976
742 227 952 260 Commune
979 235 1054 258 non
1082 223 1294 265 virginum.

156 322 239 364 iter
262 326 462 363 nostrum
487 321 612 373 quasi
631 320 810 372 quidam
827 320 990 362 latrun-

158 377 244 419 culi
263 377 478 419 obsident.
508 376 771 429 Depraedari
792 389 897 427 ergo
918 376 990 418 de-

157 433 333 483 siderat,
350 433 423 485 qui
438 433 693 474 thesaurum
708 432 884 485 publice
899 445 991 485 por-

157 494 222 532 tat
240 490 284 530 in
303 490 384 531 via.
415 490 515 531 Hoc
535 494 681 530 autem
701 488 816 538 dico,
835 502 924 530 non
943 493 991 530 ut

157 546 347 599 preximi
368 548 504 598 epera
522 550 675 586 nostra
692 544 810 587 bona
827 558 916 586 non
930 547 990 585 vi-

158 602 306 652 deant,
339 615 438 643 cum
464 602 677 654 scriptum
700 602 770 643 sit:
797 601 990 643 Videant

158 661 296 711 opera
323 662 471 700 vestra
500 657 634 707 bona,
673 662 717 699 et
743 657 991 709 glorificent

156 716 335 756 Patrem
353 719 566 763 vestrum,
593 714 667 766 qui
690 714 734 754 in
759 713 883 755 coelis
909 719 990 755 est:

158 770 238 812 sed
256 775 305 813 ut
322 783 403 823 per
421 769 522 820 hoc,
549 769 669 822 quod
690 770 873 821 agimus,
901 769 989 811 lau-

158 826 236 869 des
270 827 463 869 exterius
495 839 584 868 non
618 828 878 879 quaeramus.
919 826 992 867 Sic

157 887 304 925 autem
330 883 385 923 sit
411 895 523 935 opus
548 883 592 923 in
611 882 810 935 publico,
841 884 990 934 quate-

155 952 238 981 nus
256 939 440 981 intentio
460 941 637 980 maneat
659 939 703 980 in
728 938 918 981 occulto:
942 943 991 981 ut

157 1000 202 1038 et
235 995 290 1038 de
322 995 442 1037 bono
476 997 610 1048 Opere
637 995 851 1048 proximis
879 1008 990 1048 prae-

155 1051 339 1094 beamus
368 1051 634 1104 exemplum,
665 1056 708 1092 et
734 1056 883 1093 tamen
910 1064 990 1104 per

155 1108 457 1158 intentionem,
482 1121 568 1160 qua
586 1108 684 1149 Deo
709 1107 791 1149 soli
815 1108 990 1160 placere

157 1164 407 1217 quaerimus,
453 1177 628 1217 semper
674 1166 879 1217 optemus
927 1177 991 1206 se—

156 1222 335 1262 cretum.

212 1277 261 1328 R.
294 1277 498 1328 Regnum
530 1276 698 1326 mundi,
737 1282 782 1318 et
815 1290 991 1318 omnem

158 1335 361 1375 ornatum
398 1333 549 1374 saeculi
588 1333 850 1385 contempsi,
892 1346 990 1385 pro-

156 1394 257 1442 pter
298 1390 494 1430 amerem
534 1389 714 1430 Demini
758 1390 846 1431 mei
887 1390 911 1430 J
914 1403 992 1431 esu

159 1445 335 1487 Christi.
353 1446 376 1470 *
396 1446 538 1495 Quem
556 1445 657 1495 vidi,
686 1458 817 1498 quem
837 1446 992 1495 amavi,

157 1502 201 1542 in
253 1514 384 1553 quem
429 1501 614 1551 credidi,
671 1515 801 1554 quem
849 1502 992 1543 dilexi.

158 1552 208 1604 V.
244 1557 474 1599 Eructavit
511 1570 589 1599 cor
625 1571 772 1599 meum
808 1558 993 1600 verbum

158 1613 338 1656 bonum:
367 1614 468 1656 dico
493 1627 576 1665 ego
604 1617 740 1667 opera
765 1628 864 1656 mea
890 1616 993 1666 regi.

161 1670 312 1720 Quem.
348 1670 499 1711 Gloria
521 1671 651 1712 Patri.
685 1671 836 1720 Quem.

208 1726 371 1767 Bened.
403 1726 474 1768 Ad
500 1727 771 1769 societatem.

460 1783 613 1825 Lectio
634 1785 689 1824 ix.

236 1840 451 1882 hesaurus
471 1846 618 1883 autem
637 1842 819 1884 coeleste
839 1846 907 1883 est
922 1841 993 1883 de-

243 1896 466 1939 siderium:
486 1911 590 1949 ager
604 1911 722 1947 vero,
737 1899 781 1939 in
798 1911 886 1950 quo
901 1897 993 1939 the-

162 1956 318 1994 saurus
338 1953 634 2004 absconditur,
655 1954 886 2006 disciplina
906 1958 994 1995 stu-

163 2008 223 2050 dii
238 2009 443 2051 coelestis.
467 2011 608 2060 Quem
622 2010 823 2063 profecto
841 2023 995 2061 agrum

163 2065 351 2107 venditis
389 2065 591 2108 Omnibus
634 2069 877 2119 cemparat,
922 2068 995 2119 qui

162 2121 463 2174 voluptatibus
475 2123 617 2164 carnis
627 2123 894 2172 renuntians,
903 2136 997 2164 cun-

163 2182 235 2220 cta
254 2191 334 2219 sua
349 2180 524 2220 terrena
539 2178 757 2220 desideria
773 2192 853 2232 per
869 2179 994 2221 disci-

161 2234 295 2287 plinae
329 2234 524 2276 coelestis
559 2235 817 2277 custodiam
838 2235 996 2277 calcat:

162 2295 212 2332 ut
229 2290 336 2331 nihil
359 2291 460 2342 jam,
490 2291 610 2343 quod
634 2304 737 2333 caro
762 2291 995 2342 blanditur,

163 2345 313 2396 libeat3
339 2346 446 2387 nihil
472 2347 592 2400 quod
616 2348 838 2389 carnalem
861 2349 997 2390 vitam

163 2402 367 2451 trucidat,
387 2403 567 2455 spiritus
586 2403 909 2456 perhorrescat.

218 2461 281 2501 Te
300 2459 444 2500 Deum
462 2458 704 2501 laudamus.
724 2461 783 2502 13.

429 2522 509 2563 Ad
534 2523 732 2563 Laudes

368 2584 387 2608 e
404 2579 418 2608 t
457 2585 482 2618 p
501 2585 520 2609 e
538 2586 556 2608 r
593 2575 630 2609 H
647 2585 669 2610 0
687 2587 706 2610 r
722 2587 744 2610 a
761 2587 789 2610 s.

212 2628 313 2668 Ant.
338 2628 366 2667 1.
405 2626 523 2667 Dum
548 2632 665 2669 esset
689 2628 787 2669 Rex
811 2629 834 2654 *
858 2628 903 2668 in
929 2641 997 2670 ac-

166 2682 318 2724 cubitu
337 2695 428 2732 suo,
448 2682 612 2725 nardus
632 2697 731 2726 mea
750 2684 872 2726 dedit
891 2684 995 2727 ode-

166 2751 260 2781 rem
279 2739 518 2781 suavitatis.

1104 322 1260 360 psalm.
1293 320 1504 361 Dominus
1533 318 1742 370 regnavit.
1781 332 1879 359 cum

1050 377 1237 427 reliquis.
1251 378 1310 417 14.

1099 435 1134 473 2.
1180 434 1225 473 In
1267 432 1452 474 oderem
1490 433 1514 458 *
1552 433 1877 482 unguenterum

1043 491 1221 531 tuorum
1262 489 1494 538 currimus,
1536 487 1877 530 adolescentulae

1044 546 1291 588 dilexerunt
1314 550 1358 586 te
1381 545 1520 586 nimis.

1101 606 1135 643 3.
1170 603 1262 643 Jam
1295 601 1435 643 hiems
1468 602 1656 650 transiit,
1686 602 1709 626 *
1737 600 1878 642 imber
1929 620 1931 622 ·

1044 658 1162 707 abiit,
1183 663 1227 700 et
1245 659 1442 700 recessit:
1462 671 1591 708 surge
1610 660 1751 699 amica
1768 670 1877 707 mea,

1045 719 1088 756 et
1105 715 1214 756 veni.

1101 775 1137 811 4.
1169 771 1277 813 Veni
1304 770 1444 812 electa
1472 783 1586 820 mea,
1605 771 1629 796 *
1649 776 1692 812 et
1715 783 1878 823 ponam

1043 828 1087 868 in
1105 833 1149 869 te
1169 827 1378 869 thronum
1396 840 1554 876 meum,
1574 827 1756 878 alleluja.

1098 888 1134 924 ἴ).
1168 887 1253 925 lsta
1277 888 1343 925 est
1368 884 1571 936 speciosa
1590 884 1613 909 *
1633 883 1746 925 inter
1765 883 1878 924 filias

1044 940 1299 982 Jerusalem.

1215 1003 1296 1041 l'ro
1323 1002 1513 1052 Martyre
1544 1008 1723 1041 tautum.

1153 1062 1410 1113 Capitulum.
1571 1062 1697 1101 lssccli.
1717 1063 1775 1101 51.

1045 1119 1339 1227 Confitebor
1367 1124 1447 1165 tibi
1473 1124 1662 1165 Demine
1689 1124 1802 1173 Rex,
1837 1129 1881 1165 et

1139 1180 1400 1222 collaudabo
1434 1186 1478 1222 te
1510 1181 1655 1222 Deum
1683 1180 1879 1221 Salvato-

1044 1250 1138 1278 rem
1156 1250 1312 1278 meum.
1333 1237 1591 1278 Confitebor
1608 1237 1775 1277 nomini
1789 1241 1880 1278 tuo:

1047 1294 1254 1346 quoniam
1289 1293 1463 1345 adintor
1493 1299 1536 1335 et
1564 1295 1793 1346 protector
1821 1293 1879 1334 fa-

1046 1355 1142 1391 ctus
1172 1363 1219 1391 es
1253 1350 1375 1399 mihi,
1410 1355 1454 1391 et
1486 1350 1684 1392 liberasti
1718 1362 1880 1402 corpus

1045 1419 1192 1448 meum
1212 1419 1237 1447 a
1255 1406 1514 1458 perditione.

1088 1468 1175 1506 Pro
1205 1480 1284 1506 nec
1314 1467 1493 1515 Virgine
1525 1480 1604 1507 nec
1633 1468 1836 1518 Martyre.

1152 1527 1412 1579 Capitulum.
1514 1529 1641 1567 l'rov.
1662 1530 1719 1567 3³1.
1736 1528 1774 1568 b.

1046 1578 1333 1683 Mulierem
1360 1585 1519 1626 fortem
1545 1585 1642 1637 quis
1667 1584 1880 1626 inveniet?

1168 1641 1341 1694 procul,
1369 1646 1413 1683 et
1442 1641 1497 1682 de
1526 1641 1691 1682 ultimis
1719 1641 1881 1682 finibus

1045 1698 1236 1750 pretium
1269 1699 1372 1750 ejus.
1418 1697 1612 1739 Confidit
1644 1698 1687 1738 in
1721 1711 1773 1739 ea
1805 1711 1882 1739 cor

1046 1755 1127 1795 viri
1146 1754 1227 1803 sui,
1249 1759 1292 1795 et
1311 1754 1464 1806 spoliis
1484 1767 1572 1795 non
1592 1754 1814 1805 indigebit.

1356 1822 1568 1872 HJmnus.

1179 1876 1321 1913 ortem
1340 1865 1453 1912 virili
1473 1874 1656 1924 pectore

1195 1927 1447 1969 Laudemus
1466 1940 1620 1969 omnes
1640 1928 1857 1977 feminam,

1152 1986 1262 2034 Quae
1282 1984 1527 2025 sanctitatis
1547 1984 1688 2034 gloria

1152 2039 1327 2093 Ubique
1346 2041 1484 2091 fulget
1502 2040 1677 2093 inclyta.

1101 2108 1211 2148 Haec
1232 2110 1385 2147 sancto
1406 2109 1557 2148 amere
1577 2106 1736 2156 saucia,

1152 2163 1271 2203 Dum
1291 2162 1443 2204 mundi
1462 2165 1659 2204 amorem
1677 2164 1856 2205 nexium

1153 2219 1396 2268 Horrescit,
1418 2219 1474 2260 ad
1494 2219 1694 2261 coelestia

1152 2276 1242 2317 Iter
1261 2275 1432 2328 peregit
1452 2275 1649 2317 arduum.

1098 2341 1286 2381 Carnem
1305 2339 1491 2381 domans
1510 2341 1689 2393 jejuniis,

1153 2396 1372 2449 Dulcique
1391 2402 1585 2439 mentem
1604 2397 1769 2450 pabulo

1154 2452 1377 2494 Orationis
1397 2454 1605 2504 nutriens,

1154 2509 1266 2551 Coeli
1284 2512 1452 2562 potitur
1471 2510 1653 2561 gaudiis.

1104 2576 1197 2615 Rex
1217 2573 1388 2616 Christe
1407 2575 1546 2616 virtus
1566 2574 1755 2622 fortium,

1154 2631 1239 2680 Qui
1257 2643 1416 2681 magna
1439 2631 1559 2672 solus
1579 2630 1727 2678 efficis,

1153 2687 1294 2738 Hujus
1313 2689 1511 2739 precatu,
1532 2688 1794 2738 quaesumus,

1154 2743 1274 2785 Audi
1291 2743 1506 2795 benignus
1526 2742 1759 2796 supplices,
