2040 2976
645 184 748 219 Infra
772 185 1070 219 Hebdomadam
1095 186 1143 220 iv.
1167 186 1345 228 Augusti.

144 282 324 324 festines
362 281 407 323 in
441 283 642 334 tempore
682 280 973 323 obductienis.

144 338 320 380 sustine
357 337 698 379 sustentationes
734 337 833 379 Dei:
872 349 971 378 con-

144 396 320 448 jungere
339 394 448 444 Deo,
475 399 519 436 et
538 394 714 445 sustine,
736 399 785 436 ut
804 398 973 436 crescat

143 451 188 492 in
206 451 447 493 novissimo
466 450 557 492 vita
575 455 661 492 tua.

197 512 248 562 R.
273 507 429 550 Praebe
446 507 520 548 fili.
541 508 635 548 238.

452 567 605 608 Lectio
627 567 666 606 ii.

225 633 343 671 mne,
372 619 492 673 quod
517 619 598 662 tibi
626 620 884 673 applicitum
910 621 971 663 fu-

246 677 345 728 erit,
368 676 535 729 accipe:
566 682 609 718 et
632 677 676 718 in
702 675 857 719 dolere
883 681 973 718 sus-

144 734 252 784 tine,
285 739 330 776 et
361 734 406 775 in
433 733 678 776 humilitate
705 739 782 776 tua
807 734 973 786 patien-

144 791 251 832 tiam
277 790 405 832 habe:
440 790 646 843 quoniam
673 791 717 831 in
745 791 844 841 igne
873 803 972 843 pro-

144 847 274 890 batur
291 860 445 889 aurum
459 852 503 889 et
517 849 756 898 argentum,
774 846 974 889 hemines

144 916 250 945 vero
278 903 560 957 receptibiles
582 904 627 945 in
646 905 817 945 camino
837 903 972 945 humi-

143 960 345 1002 liationis.
381 959 522 1003 Crede
539 961 654 1011 Deo,
681 965 724 1002 et
743 963 972 1013 recupera-

142 1016 208 1060 bit
225 1022 284 1059 te:
307 1022 350 1060 et
370 1017 508 1069 dirige
528 1018 645 1059 viam
662 1023 793 1067 tuam,
814 1023 857 1058 et
877 1031 972 1070 spe-

143 1086 192 1115 ra
216 1074 261 1115 in
285 1074 418 1116 illum.
458 1075 594 1116 Serva
618 1074 823 1116 timorem
847 1073 973 1125 illius,

145 1135 188 1172 et
206 1130 250 1171 in
267 1130 343 1172 illo
364 1133 601 1173 veterasce.

196 1191 247 1242 R.
271 1188 449 1230 Initium
467 1188 706 1241 sapientiae.
725 1189 820 1231 253.

446 1245 598 1287 Lectio
619 1246 674 1286 iii.

143 1298 452 1404 Metuentes
488 1301 726 1343 Deminum
762 1303 973 1345 sustinete

273 1358 619 1400 misericordiam
656 1359 762 1410 ejus:
806 1364 850 1401 et
885 1372 974 1401 non

144 1415 392 1457 deflectatis
415 1415 471 1456 ab
494 1414 569 1456 illo
593 1427 648 1456 ne
673 1415 854 1458 cadatis.
891 1417 974 1467 Qui

143 1471 307 1514 timetis
334 1471 591 1521 DOminum,
625 1471 791 1514 credite
819 1472 896 1514 illi:
930 1477 974 1514 et

143 1541 232 1570 non
277 1527 563 1570 evaeuAbitur
606 1541 776 1570 merces
816 1534 974 1571 vestra.

143 1585 227 1635 Qui
252 1585 416 1627 timetis
442 1585 697 1635 Deminum‚
728 1588 906 1638 sperate
930 1587 974 1627 in

142 1641 280 1683 illum:
313 1646 357 1683 et
384 1642 429 1682 in
458 1641 799 1684 oblectatienem
827 1643 974 1685 veniet

142 1698 270 1741 vobis
313 1698 627 1741 misericordia.
682 1699 766 1750 Qui
810 1700 973 1742 timetis

142 1755 388 1805 D6minum,
409 1755 577 1807 diligite
595 1756 728 1807 illum,
757 1761 800 1798 et
820 1757 972 1798 illumi-

142 1811 363 1854 nabuntur
388 1812 525 1854 corda
552 1817 710 1855 vestra.
746 1813 972 1866 Respicite

142 1867 220 1909 filii
245 1868 445 1910 natienes
470 1869 712 1920 h6minum,
744 1875 788 1912 et
813 1871 972 1912 scitote

143 1925 244 1977 quia
262 1925 405 1967 nullus
425 1927 620 1979 speravit
638 1927 682 1967 in
701 1927 904 1978 Domino,
928 1932 972 1969 et

143 1982 350 2023 confusus
365 1988 442 2024 est.
470 1983 577 2033 Quis
597 1984 711 2024 enim
729 1984 973 2036 permansit

142 2038 186 2079 in
204 2038 421 2081 mandatis
442 2041 543 2093 ejus,
564 2045 608 2082 et
628 2040 864 2083 derelictus
883 2040 971 2082 est?

143 2100 218 2137 aut
238 2095 334 2148 quis
359 2096 582 2138 invocavit
607 2109 724 2147 eum,
749 2102 793 2139 et
819 2096 972 2150 despe-

143 2152 207 2194 xit
226 2150 370 2194 illum?

195 2212 245 2263 R.
271 2209 470 2251 Verbum
488 2210 695 2263 iniquum.
713 2211 808 2251 254.

374 2322 517 2360 Feria
541 2324 741 2370 Quarta.

284 2378 353 2417 De
380 2374 493 2416 libro
522 2375 833 2418 Ecclesiastici.

220 2436 371 2477 Lectio
392 2437 417 2476 i.
731 2437 835 2487 Cap.
854 2437 891 2476 3.

144 2491 293 2595 .ilii
329 2491 573 2544 sapientiae,
616 2492 802 2534 ecclesia
838 2494 969 2544 justo-

248 2561 359 2589 rum:
379 2553 423 2590 et
437 2548 558 2590 natio
572 2548 756 2598 illorum,
775 2548 972 2591 obedien-

67 2620 69 2622 ·
143 2603 204 2645 tia
223 2609 267 2646 et
287 2604 474 2646 dilectio.
501 2604 527 2645 J
527 2603 721 2646 udicium
738 2605 878 2658 patris
898 2618 969 2647 au-

145 2658 234 2703 dite
254 2660 344 2711 filii,
364 2666 408 2703 et
427 2661 490 2702 sic
508 2660 649 2711 facite,
668 2666 716 2702 ut
736 2660 845 2702 salvi
865 2661 970 2703 sitis.

144 2716 265 2759 Deus
298 2717 414 2759 enim
449 2717 681 2759 honoravit
717 2723 890 2771 patrem
925 2719 970 2759 in

1026 279 1141 320 filiis:
1161 284 1205 321 et
1224 279 1430 332 judicium
1443 282 1594 323 matris
1609 285 1854 335 exquirens,

1026 336 1217 377 firmavit
1234 336 1279 377 in
1294 336 1419 378 filios.
1447 339 1531 388 Qui
1547 339 1687 390 diligit
1700 340 1854 391 Deum,

1027 392 1228 434 exorabit
1251 405 1334 445 pro
1359 395 1572 445 peccatis,
1600 401 1644 437 et
1662 397 1853 438 contine·

1025 449 1091 491 bit
1115 462 1163 490 se
1188 448 1243 491 ab
1269 449 1371 500 illis,
1406 455 1450 492 et
1475 451 1519 491 in
1544 453 1741 494 oratic'me
1767 453 1852 494 die-

1027 519 1125 548 rum
1143 507 1411 549 exaudietur.

1080 567 1130 618 R.
1156 563 1346 605 Domine
1363 569 1500 616 pater.
1518 565 1609 605 237.

1336 624 1487 665 Lectio
1511 625 1547 664 ii.

1106 681 1125 718 t
1157 677 1269 719 sicut
1304 678 1378 730 qui
1408 678 1691 730 thesaurizat,
1724 682 1785 723 ita
1813 688 1856 724 et

1129 734 1204 786 qui
1228 734 1490 776 honorificat
1513 741 1697 778 matrem
1722 751 1855 779 suam.

1029 791 1114 840 Qui
1137 791 1326 833 honorat
1350 797 1523 844 patrem
1541 805 1683 843 suum,
1711 795 1854 845 jucun-

1029 847 1206 889 dabitur
1224 848 1268 889 in
1287 848 1405 899 filiis,
1430 854 1473 890 et
1492 850 1534 890 in
1555 848 1625 891 die
1647 851 1855 892 oratienis

1029 917 1120 945 suae
1147 903 1415 946 exaudietur.
1454 906 1537 956 Qui
1565 905 1754 948 honorat
1782 920 1854 960 pa-

1027 965 1140 1002 trem
1159 974 1300 1012 suum,
1327 962 1417 1003 vita
1436 962 1554 1004 vivet
1572 962 1786 1014 longiore:
1814 969 1856 1005 et

1028 1017 1102 1070 qui
1131 1016 1283 1059 obedit
1307 1019 1440 1070 patri,
1470 1019 1743 1070 refrigerabit
1769 1034 1854 1061 ma-

1027 1080 1150 1116 trem.
1189 1075 1274 1126 Qui
1297 1076 1422 1117 timet
1441 1075 1694 1126 Deminum‚
1722 1076 1855 1118 hono-

1026 1137 1094 1173 rat
1112 1134 1335 1184 parentes,
1357 1137 1400 1174 et
1420 1133 1544 1185 quasi
1564 1132 1751 1174 dominis
1770 1135 1854 1175 ser-

1027 1188 1117 1230 viet
1135 1188 1214 1238 1115,
1237 1189 1311 1241 qui
1329 1201 1376 1230 se
1396 1191 1648 1240 genuerunt.

1079 1249 1129 1300 lx‘g.
1154 1245 1314 1297 Magna
1333 1246 1456 1287 enim.
1475 1246 1567 1286 237.

1332 1305 1484 1345 Lectio
1507 1306 1559 1344 iii.

1072 1373 1102 1400 n
1123 1361 1258 1412 epere
1279 1364 1323 1401 et
1342 1362 1561 1409 sermene,
1581 1364 1624 1401 et
1644 1360 1761 1401 omni
1780 1373 1853 1413 pa-

1086 1416 1238 1458 tientia
1258 1416 1428 1458 honera
1451 1421 1622 1469 patrem
1641 1421 1780 1466 tuum,
1808 1422 1855 1459 ut

1026 1473 1307 1526 superveniat
1329 1473 1409 1515 tibi
1432 1473 1682 1515 benedictio
1708 1473 1762 1514 ab
1790 1486 1854 1523 eo,

1026 1535 1070 1572 et
1105 1529 1355 1572 benedictio
1394 1530 1508 1571 illius
1540 1530 1583 1570 in
1615 1531 1867 1572 novissimo

1025 1589 1212 1629 maneat.
1256 1586 1516 1628 Benedictio
1545 1587 1682 1639 patris
1712 1587 1855 1628 firmat

1027 1642 1184 1685 domos
1203 1643 1407 1684 fili6rum:
1432 1643 1683 1685 maledictio
1710 1648 1856 1685 autem

1026 1700 1179 1741 matris
1212 1699 1406 1742 eradicat
1437 1699 1730 1741 fundamenta.
1787 1700 1855 1741 Ne

1025 1756 1226 1807 glorieris
1254 1757 1297 1797 in
1326 1756 1589 1798 contumelia
1614 1757 1751 1810 patris
1776 1757 1855 1798 tui:

1024 1826 1113 1854 non
1133 1813 1249 1855 enim
1269 1818 1336 1855 est
1355 1813 1435 1854 tibi
1455 1813 1611 1864 gleria,
1639 1814 1728 1864 ejus
1755 1826 1854 1854 con-

1026 1869 1151 1910 fusio.
1186 1870 1340 1911 Gloria
1366 1869 1479 1910 enim
1499 1869 1686 1911 heminis
1706 1883 1760 1911 ex
1778 1869 1853 1911 ho-

1026 1928 1134 1967 nere
1154 1927 1292 1978 patris
1312 1926 1389 1975 sui,
1410 1930 1454 1967 et
1473 1925 1665 1967 dedecus
1685 1926 1762 1967 filii
1780 1939 1852 1979 pa—

1025 1987 1092 2024 ter
1111 1983 1204 2024 sine
1224 1983 1402 2024 honere.

1078 2044 1129 2096 R.
1152 2039 1261 2089 Quae
1284 2043 1394 2080 sunt.
1418 2039 1510 2079 237.

1259 2152 1405 2188 Feria
1431 2152 1623 2199 Quinta.

1168 2207 1235 2246 De
1262 2203 1374 2246 libro
1403 2204 1714 2246 Ecclesiastici.

1103 2267 1254 2307 Lectio
1276 2267 1298 2306 i.
1570 2268 1673 2319 Cap.
1688 2270 1723 2307 3.
1740 2282 1772 2309 c.

1032 2332 1113 2368 w
1132 2322 1262 2364 ltiora
1287 2327 1331 2364 te
1354 2334 1409 2364 ne
1435 2321 1677 2374 quaesieris,
1704 2325 1748 2362 et
1766 2320 1849 2361 for-

1032 2359 1122 2417 se&
1159 2379 1273 2420 tiora
1300 2383 1345 2420 te
1372 2391 1426 2420 ne
1455 2380 1673 2420 scrutatus
1702 2376 1851 2418 fueris:

1023 2436 1102 2477 sed
1132 2448 1230 2488 quae
1258 2435 1474 2489 praecepit
1501 2434 1581 2476 tibi
1607 2435 1745 2482 Deus,
1777 2432 1850 2472 illa

1023 2492 1168 2543 cogita
1187 2505 1376 2545 semper,
1405 2496 1449 2533 et
1466 2491 1510 2532 in
1528 2489 1727 2544 pluribus
1747 2490 1848 2540 ope-

1022 2549 1143 2591 ribus
1163 2550 1253 2601 ejus
1276 2562 1331 2590 ne
1354 2548 1487 2590 fueris
1508 2547 1716 2590 curiosus.
1747 2544 1789 2585 N
1792 2556 1847 2585 on

1023 2611 1090 2647 est
1110 2606 1225 2647 enim
1244 2605 1324 2647 tibi
1342 2605 1636 2647 necessarium
1655 2615 1721 2650 ea,
1748 2612 1846 2652 quae

1022 2661 1283 2704 abscondita
1301 2666 1413 2711 sunt,
1431 2660 1581 2702 videre
1599 2658 1735 2700 oeulis
1749 2657 1846 2698 tuis.

1020 2719 1072 2760 In
1095 2718 1381 2771 supervacuis
1400 2717 1532 2759 rebus
1550 2715 1641 2757 noli
1660 2712 1844 2755 scrutari
