2040 2976
778 229 986 261 Commune
1015 228 1126 261 unius
1154 228 1341 270 Martyris.

206 325 431 366 cutionum
459 326 677 366 tormenta
705 327 932 367 sustineat:
961 326 1035 378 qui

206 380 312 420 nihil
352 381 566 433 rapsterst,
613 381 780 422 nullum
816 382 1034 423 violentus

206 437 488 489 oppresserit,
518 437 677 478 nullius
697 438 953 489 sanguinem
972 438 1033 479 fu-

206 492 329 542 derit,
349 493 508 534 nullius
527 498 673 534 torum
694 495 917 546 putaverit
937 507 1034 535 esse

205 548 475 590 violandum:
518 550 591 602 qui
622 550 729 590 nihil
760 550 929 602 legibus
963 551 1034 592 de-

204 604 323 654 beat,
359 611 403 647 et
429 607 632 657 graviora
659 606 880 648 latronum
909 607 1033 648 susti-

205 663 308 703 nere
327 663 512 713 cogatur
532 662 761 715 supplicia:
791 663 865 715 qui
884 663 1034 716 loqua-

204 722 275 758 tur
294 718 417 769 juste,
447 723 490 759 et
515 731 604 760 non
629 718 846 760 audiatur:
876 720 949 772 qui
974 720 1033 760 lo-

206 776 364 826 quatur
387 774 517 826 plena
541 774 709 826 salinis,
744 780 787 816 et
809 775 1034 828 impugne-

205 835 290 870 tur:
318 835 367 871 ut
389 831 532 883 possit
556 830 719 881 dicere,
752 831 861 872 Cum
885 831 1034 884 loque-

205 885 285 927 bar
310 886 410 936 illis,
446 887 762 940 impugnabant
790 900 860 929 me
886 889 1034 939 gratis.

205 942 354 984 Gratis
382 943 513 993 igitur
539 944 894 996 persecutionem
922 945 1034 997 pati-

204 1003 285 1048 tur,
315 1000 390 1050 qui
413 999 694 1052 impugnatur
719 1000 811 1041 sine
836 1001 1034 1042 crimine:

206 1054 487 1107 impugnatur
510 1061 559 1096 ut
582 1056 755 1106 noxius,
784 1069 883 1097 cum
909 1057 966 1098 sit
990 1058 1034 1097 in

206 1111 284 1152 tali
312 1111 586 1153 confessione
615 1111 865 1154 laudabilis:
897 1114 1034 1166 impu-

205 1169 362 1218 gnatur
388 1168 511 1220 quasi
535 1167 766 1218 veneficus,
795 1170 870 1221 qui
892 1170 937 1210 in
960 1171 1035 1210 no-

205 1223 320 1264 mine
338 1224 517 1264 Domini
535 1224 759 1275 gloriatur,
779 1237 878 1266 cum
892 1228 1036 1279 pietas

206 1279 415 1321 virtl'itum
462 1280 656 1321 omnium
702 1280 1035 1324 fundamentum

205 1335 273 1377 sit.

260 1415 309 1465 Ra
340 1414 588 1455 Honestum
611 1414 715 1455 fecit
742 1414 865 1456 illum
884 1415 1034 1457 Domi-

204 1483 296 1519 nus,
321 1475 365 1511 et
383 1469 624 1512 custodivit
643 1483 743 1512 eum
763 1470 818 1513 ab
838 1472 1035 1523 inimicis,

206 1530 249 1567 et
274 1539 299 1567 a
326 1526 635 1568 seductoribus
662 1527 822 1568 tutavit
848 1527 985 1569 ilium:
1011 1532 1033 1557 *

205 1582 262 1623 Et
290 1581 411 1624 dedit
442 1582 505 1622 illi
537 1582 782 1624 claritatem
814 1586 1035 1626 aeternam.

208 1633 256 1683 Y.
291 1638 621 1690 Descenditque
653 1651 753 1680 cum
789 1639 866 1681 illo
898 1641 942 1681 in
973 1642 1034 1683 fo-

205 1706 341 1743 veam,
365 1699 408 1736 et
426 1695 469 1735 in
489 1694 672 1735 vinculis
692 1707 781 1736 non
801 1695 1035 1750 dereliquit

205 1763 315 1791 eum.
359 1751 416 1792 Et
444 1750 566 1792 dedit
590 1750 662 1792 illi.

519 1861 668 1901 Lectio
687 1875 721 1899 v.

206 1940 369 2045 Vere
406 1951 569 1993 frustra
611 1953 911 2006 impugnatur,
961 1955 1035 2006 qui

322 2007 441 2059 apud
458 2009 617 2061 impios
638 2015 681 2050 et
700 2009 861 2051 infidos
884 2010 1034 2063 impie-

206 2061 311 2102 tatis
336 2065 587 2115 arcessitur,
615 2078 714 2107 cum
738 2066 843 2107 fidei
867 2067 924 2108 sit
947 2080 1034 2108 ma-

204 2119 351 2167 gister.
378 2119 544 2161 Verum
560 2122 634 2173 qui
653 2123 789 2173 gratis
807 2123 1034 2175 impugna-

206 2178 292 2223 tur,
320 2174 446 2216 fortis
471 2175 603 2218 debet
628 2190 724 2219 esse
751 2183 795 2220 et
814 2185 1034 2221 constans.

207 2229 441 2279 Quomodo
479 2245 583 2284 ergo
627 2234 870 2276 subtexuit:
915 2236 973 2277 Et
1009 2249 1034 2277 a

207 2284 353 2326 verbis
380 2287 467 2327 tuis
496 2289 735 2341 trepidavit
763 2304 839 2332 cor
864 2292 1033 2334 meum?

207 2340 451 2394 Trepidare
469 2343 732 2387 infirmitatis
752 2353 834 2398 est,
862 2349 1034 2390 timoris

207 2401 339 2449 atque
357 2397 611 2441 formidinis.
641 2402 727 2444 Sed
743 2409 810 2445 est
824 2404 957 2446 etiam
972 2405 1033 2446 in-

206 2452 391 2494 firmitas
419 2453 476 2495 ad
504 2456 704 2508 saltitem,
741 2465 808 2501 est
827 2461 959 2501 etiam
983 2462 1033 2502 ti-

206 2521 303 2550 mor
318 2512 582 2552 sanctorum.
601 2513 771 2556 Timete
786 2516 1034 2567 Dominum,

207 2577 360 2606 omnes
383 2567 524 2607 sancti
547 2569 653 2619 ejus:
682 2575 739 2619 et,
768 2571 933 2613 Beatus
957 2574 1034 2623 vir,

209 2621 283 2672 qui
307 2622 432 2663 timet
455 2622 705 2666 Dominum.
743 2627 839 2676 Qua
866 2628 1034 2670 ratione

206 2675 387 2718 beatus?
423 2679 534 2729 Quia
552 2680 595 2720 in
616 2681 834 2723 mandatis
854 2684 944 2734 ejus
965 2697 1034 2725 cu-

207 2733 273 2783 pit
295 2733 434 2775 nimis.

1147 328 1194 378 R.
1228 325 1510 368 Desiderium
1538 326 1696 367 animae
1724 327 1817 378 ejus
1844 327 1918 368 tri-

1088 381 1221 423 buisti
1254 382 1293 423 ei
1324 382 1532 432 Domine,
1561 384 1584 409 *
1607 382 1666 424 Et
1690 383 1919 424 voluntate

1087 437 1304 479 labiorum
1332 439 1422 490 ejus
1450 451 1538 480 non
1565 438 1780 480 fraudasti
1807 452 1919 480 eum.

1092 491 1138 541 X.
1158 495 1377 544 Quoniam
1395 495 1652 547 praevenisti
1666 507 1767 536 eum
1783 495 1828 536 in
1846 494 1918 537 be-

1088 550 1413 592 nedictionibus
1438 550 1698 592 dulcedinis:
1730 551 1920 604 posuisti

1088 607 1132 647 in
1161 607 1303 659 capite
1333 608 1424 659 ejus
1449 609 1661 649 coronam
1689 607 1745 649 de
1771 606 1920 660 lapide

1087 664 1296 715 pretioso.
1323 664 1391 705 Et.

1391 742 1541 782 Lectio
1565 743 1615 781 vi.

1090 800 1254 905 Pone
1280 823 1384 862 ergo
1409 811 1649 863 Martyrem
1672 811 1785 853 inter
1809 813 1920 864 peri-

1193 867 1289 908 cula
1326 868 1631 921 constitutum,
1677 881 1778 909 cum
1817 866 1921 909 inde

1087 923 1336 964 immanitas
1360 923 1603 965 bestiarum
1627 923 1685 966 ad
1710 924 1921 965 incutien-

1088 978 1194 1020 dum
1229 982 1446 1022 terrorem
1481 981 1700 1031 infremat,
1745 979 1921 1022 aliunde

1089 1035 1251 1077 stridor
1270 1036 1552 1078 candentium
1572 1037 1849 1087 laminarum,
1878 1041 1923 1078 et

1088 1092 1265 1133 flamma
1279 1093 1472 1134 fornacis
1488 1093 1682 1135 ardentis
1695 1095 1921 1143 exaestuet,

1089 1161 1144 1189 ex
1158 1153 1284 1200 parte
1299 1149 1384 1190 alia
1397 1151 1638 1202 personent
1651 1154 1820 1191 tractus
1834 1151 1923 1201 gra-

1088 1205 1207 1245 vium
1223 1208 1486 1256 catenarum,
1508 1206 1611 1247 hinc
1626 1206 1821 1248 carnifex
1836 1218 1923 1247 cru-

1089 1262 1216 1302 entus
1236 1263 1428 1303 assistat:
1458 1275 1592 1315 pone,
1619 1262 1814 1314 inquam,
1843 1262 1922 1303 cir-

1089 1320 1464 1370 cumspectantem
1492 1319 1639 1360 omnia
1665 1318 1797 1371 plena
1821 1331 1921 1371 sup-

1088 1373 1243 1426 pliciis,
1257 1374 1416 1416 deinde
1432 1375 1701 1427 cogitantem
1714 1374 1922 1416 mandata

1089 1429 1255 1480 divina,
1301 1431 1424 1472 illum
1460 1431 1607 1483 ignem
1647 1432 1922 1484 perpetuum,

1088 1486 1197 1528 illud
1227 1487 1320 1528 sine
1346 1487 1433 1529 fine
1457 1487 1709 1529 incendium
1731 1487 1922 1540 perfido-

1088 1555 1202 1593 rum,
1238 1543 1359 1584 illam
1390 1557 1537 1596 poenae
1570 1543 1922 1586 recrudescentis

1089 1602 1346 1640 aerumnam:
1391 1600 1619 1653 trepidare
1661 1600 1816 1651 corde,
1856 1613 1922 1651 ne,

1090 1655 1196 1696 dum
1214 1656 1508 1708 praesentibus
1529 1656 1668 1706 cedat,
1696 1656 1923 1710 perpetuis

1089 1724 1136 1752 se
1157 1711 1291 1753 dedat
1309 1712 1467 1753 exitiis:
1494 1713 1745 1765 perturbari
1764 1713 1922 1763 animo,

1089 1767 1195 1808 dum
1222 1768 1355 1809 futuri
1380 1768 1527 1821 judicii
1550 1769 1855 1822 rhomphaem
1874 1769 1921 1811 il-

1088 1823 1176 1864 lam
1193 1824 1435 1866 terribilem
1452 1824 1643 1877 quadam
1657 1827 1922 1879 conspectus

1090 1881 1236 1932 specie
1265 1883 1507 1923 contuetur.
1542 1881 1701 1924 Nonne
1726 1881 1784 1924 ad
1809 1882 1923 1924 hanc

1087 1936 1428 1989 trepidationem
1441 1937 1616 1980 fiduciae
1632 1938 1714 1980 viri
1729 1940 1924 1981 constan·

1087 1992 1158 2042 tis,
1187 1993 1371 2045 aequalis
1398 1994 1442 2034 in
1471 1994 1676 2036 eumdem
1701 1995 1923 2037 conctirrit

1088 2048 1292 2091 effectum
1320 2049 1586 2092 confidentia
1617 2051 1833 2104 cupientis
1865 2064 1921 2093 ae-

1087 2106 1221 2155 terna,
1250 2111 1294 2148 et
1314 2106 1462 2148 divina
1480 2105 1765 2160 trepidantis?

1140 2171 1190 2222 R.
1216 2170 1338 2212 Stola
1357 2171 1650 2222 jucunditatis.
1679 2172 1760 2225 [27]

1301 2256 1349 2294 In
1377 2256 1448 2295 III.
1477 2257 1701 2298 Nocturno.

1086 2326 1240 2368 Lectio
1267 2327 1406 2369 sancti
1425 2327 1651 2379 Evangelii
1679 2327 1920 2371 secundum

1368 2384 1638 2426 Matthaeum.

1190 2450 1341 2491 Lectio
1363 2452 1430 2491 vii.
1579 2454 1682 2504 Cap.
1697 2454 1757 2493 16.
1773 2452 1812 2494 d.

1085 2514 1162 2620 In
1187 2519 1262 2587 illo
1290 2523 1508 2586 tempore:
1536 2523 1674 2588 ‘Dixit
1699 2524 1829 2566 Jesus
1857 2526 1918 2568 di-

1158 2576 1336 2628 scipulis
1362 2591 1466 2619 suis:
1502 2579 1547 2620 S1
1574 2593 1671 2632 quls
1694 2580 1791 2622 vult
1814 2585 1919 2634 post

1086 2644 1156 2673 me
1171 2635 1330 2682 venire,
1348 2634 1537 2686 abneget
1557 2639 1853 2689 semetipsum,
1873 2643 1918 2679 et

1086 2687 1212 2730 tollat
1245 2702 1419 2731 crucem
1454 2704 1597 2742 suam,
1638 2698 1682 2734 et
1708 2696 1918 2746 sequatur

1086 2756 1167 2784 me.
1194 2745 1251 2786 Et
1269 2746 1448 2798 reliqua.
