2040 2976
527 192 629 224 Infra
654 192 949 225 Hebdomadam
974 202 1008 224 x.
1034 196 1123 233 post
1149 191 1228 223 Oct.
1253 191 1510 224 Pentecoste-S.

1799 191 1866 226 227

464 286 616 327 Lectio
638 286 677 325 ii.

236 346 255 383 t
282 342 355 383 ait:
385 342 512 383 Tolle
537 344 731 393 sagittas.
772 343 855 392 Qui
884 355 980 383 cum

255 397 447 447 tulisset,
467 411 640 440 rursum
665 397 776 439 dixit
795 399 849 439 ei:
880 399 980 439 Per-

152 457 253 494 cute
279 453 422 505 jaculo
450 458 624 495 terram.
673 454 730 494 Et
758 466 857 494 cum
883 466 980 505 per-

152 511 362 550 cussisset
388 509 528 550 tribus
554 509 740 555 vicibus,
770 514 814 550 et
841 512 982 550 stetis—

151 569 235 614 set,
260 564 398 606 iratus
423 570 491 607 est
509 565 576 606 vir
595 565 679 606 Dei
698 570 852 606 contra
871 577 982 614 eum,

151 624 195 661 et
227 620 301 661 ait:
335 620 380 661 Si
412 622 707 672 percussisses
740 621 982 672 quinquies,

151 681 226 717 aut
245 676 398 726 sexies,
423 677 516 717 sive
541 676 717 728 septies,
742 679 981 728 percussis-

151 743 223 772 ses
246 731 416 783 Syriam
437 745 578 784 usque
602 731 659 773 ad
685 732 981 784 consumptio-

150 799 268 828 nem:
312 800 427 829 nunc
459 793 607 829 autem
637 787 780 829 tribus
812 787 982 829 vicibus

149 842 371 894 percuties
400 856 508 884 eam.
548 844 751 885 Mortuus
781 848 847 885 est
875 856 980 894 ergo

150 897 340 950 Eliseus‚
375 905 418 941 et
448 899 717 952 sepelierunt
750 912 860 940 eum.
900 900 981 940 La-

149 955 340 995 trunculi
365 960 511 997 autem
536 955 592 997 de
611 954 745 996 Moab
770 957 982 997 venerunt

149 1009 195 1050 in
213 1014 377 1051 terram
394 1011 439 1051 in
457 1012 556 1064 ipso
577 1024 703 1052 anno.

209 1067 260 1118 R.
279 1066 511 1108 Exaudisti
529 1067 729 1108 Domine.
748 1068 843 1108 180.

460 1128 612 1169 Lectio
633 1129 687 1167 iii.

235 1181 384 1223 uidam
422 1187 571 1224 autem
610 1182 874 1235 sepelientes
904 1182 981 1223 ho-

255 1238 432 1288 minem,
463 1238 669 1280 viderunt
699 1239 982 1288 latrunculos,

152 1298 196 1335 et
227 1295 506 1346 projecerunt
542 1294 732 1336 cadaver
763 1295 807 1335 in
839 1295 981 1347 sepul-

152 1349 260 1390 chro
288 1349 434 1390 Elisei.
476 1350 607 1400 Quod
640 1363 739 1391 cum
765 1350 983 1401 tetigisset

154 1418 255 1446 ossa
272 1405 419 1455 Elisei,
444 1407 602 1448 revixit
620 1406 765 1456 homo,
793 1411 837 1448 et
861 1407 983 1448 stetit

154 1474 286 1513 super
301 1461 440 1514 pedes
458 1474 575 1503 suos.
603 1463 805 1504 Mortuus
825 1467 892 1503 est
911 1475 982 1503 au-

151 1521 243 1558 tem
260 1518 439 1568 HazaeL
458 1531 537 1559 rex
555 1517 703 1569 Syriae,
724 1522 768 1559 et
786 1518 985 1568 regnavit

153 1572 366 1615 Benadad
384 1574 501 1615 filius
526 1574 618 1625 ejus
637 1586 720 1626 pro
741 1584 807 1614 eo.
842 1574 983 1614 Porro

153 1629 259 1670 Jioas
284 1628 400 1671 filius
424 1630 618 1671 Joachaz
642 1629 744 1671 tulit
767 1629 902 1671 urbes
929 1628 984 1670 de

153 1697 285 1726 manu
310 1685 523 1727 Benadad
550 1686 629 1726 filii
655 1685 840 1736 Hazaffl,
876 1698 984 1737 quas

153 1740 315 1782 tulerat
334 1740 389 1782 de
407 1754 539 1782 manu
553 1742 576 1782 J
579 1741 745 1782 oachaz
763 1741 903 1793 patris
919 1741 987 1781 sui

154 1796 245 1860 jure
267 1797 427 1849 praelii,
454 1796 596 1838 tribus
616 1797 785 1839 vicibus
808 1799 985 1849 percus-

155 1907 304 1949 Israel.

211 1963 263 2013 Rz.
286 1963 405 2005 Audi
423 1965 624 2006 Domine.
643 1966 738 2005 180.

339 2066 530 2103 Feria
565 2066 811 2113 Quinta.

287 2119 355 2159 De
373 2118 486 2161 libro
507 2123 665 2170 quarto
685 2119 867 2169 Regum.

238 2178 389 2219 Lectio
414 2174 439 2218 i.
728 2177 832 2229 Cap.
852 2177 909 2217 17.

169 2247 203 2295 γ
267 2251 353 2280 nno
383 2244 529 2280 autem
556 2251 674 2280 nono
704 2237 835 2285 Osee,
869 2236 988 2288 cepit

165 2295 182 2329 Ἀ
200 2317 203 2320 -
281 2306 358 2335 rex
373 2295 657 2347 Assyriorum
672 2294 924 2341 Samariam,
945 2297 989 2332 et

102 2351 106 2377 ἲ
157 2349 379 2391 transtulit
410 2351 547 2391 Israel
579 2351 623 2391 in
656 2348 880 2400 Assyrios:
911 2360 988 2399 po-

159 2407 334 2457 suitque
360 2418 437 2447 eos
463 2406 507 2446 in
533 2406 664 2454 Haila,
698 2410 741 2446 et
766 2405 810 2444 in
833 2403 988 2444 Habor

158 2461 278 2511 juxta
296 2461 477 2502 fluvium
492 2461 657 2510 Gozan‚
676 2461 721 2500 in
737 2458 987 2501 civitatibus

158 2515 399 2558 Medorum.
434 2517 619 2557 Factum
643 2521 710 2557 est
734 2515 864 2563 enim,
890 2526 989 2554 cum

158 2574 420 2623 peccassent
439 2572 517 2612 filii
531 2571 668 2612 Israel
682 2570 875 2611 Domino
890 2569 988 2609 Deo

161 2639 257 2677 suo,
301 2628 375 2679 qui
416 2626 630 2668 eduxerat
666 2638 743 2666 eos
782 2624 837 2665 de
873 2628 990 2664 terra

160 2682 360 2735 AEgypti,
388 2682 443 2724 de
467 2695 599 2722 manu
618 2679 858 2721 Pharaonis
875 2680 990 2729 regis

1034 286 1236 338 AEgypti‚
1274 286 1501 327 coluerunt
1539 288 1648 328 deos
1685 287 1863 327 alienos.

1035 342 1092 382 Et
1111 341 1443 382 ambulaverunt
1462 343 1580 392 juxta
1601 343 1731 383 ritum
1751 342 1864 382 Gen-

1035 397 1156 445 tium,
1177 409 1286 448 quas
1301 400 1635 449 consumpserat
1649 397 1865 438 Dominus

1034 452 1079 492 in
1099 454 1341 504 conspectu
1360 452 1548 493 filiorum
1567 453 1720 501 Israel,
1740 457 1784 493 et
1802 466 1866 494 re-

1035 521 1139 559 gum
1153 509 1304 549 Israel:
1327 510 1429 561 quia
1448 508 1646 550 similiter
1661 510 1865 550 fecerant.

1035 563 1093 605 Et
1126 563 1403 606 offenderunt
1441 565 1517 605 fssii
1549 566 1686 606 Israel
1718 565 1865 606 verbis

1035 632 1124 660 non
1148 621 1280 661 rectis
1303 621 1540 662 Dominum
1560 621 1702 662 Deum
1726 635 1866 662 suum:

1036 681 1079 717 et
1117 676 1448 718 aedificaverunt
1486 676 1570 717 sibi
1610 677 1783 718 excelsa
1823 677 1866 717 in

1037 733 1206 773 cunctis
1226 733 1409 774 urbibus
1430 733 1532 774 suis.

1092 793 1142 843 R.
1166 790 1434 841 Praeparate.
1453 790 1545 829 223.

1349 847 1501 887 Lectio
1522 847 1561 885 ii.

1121 905 1139 941 t
1171 901 1433 942 testificatus
1473 905 1541 941 est
1571 901 1787 941 Dominus
1824 902 1868 941 in

1130 957 1268 997 Israel
1299 962 1343 997 et
1370 958 1414 997 in
1441 956 1555 997 Juda
1583 969 1663 1008 per
1690 969 1867 997 manum

1037 1013 1230 1054 omnium
1267 1013 1591 1065 Prophetarum
1631 1017 1674 1053 et
1705 1013 1866 1054 Viden-

1036 1069 1163 1117 tium,
1195 1068 1360 1109 dicens:
1400 1068 1689 1109 Revertimini
1726 1081 1751 1108 a
1784 1069 1867 1109 viis

1036 1124 1196 1164 vestris
1215 1124 1435 1175 pessimis,
1455 1129 1499 1165 et
1518 1123 1737 1173 custodite
1758 1137 1867 1175 prae-

1037 1181 1167 1231 cepta
1198 1192 1312 1229 mea,
1353 1184 1397 1220 et
1429 1179 1716 1220 caeremonias
1748 1181 1867 1231 juxta

1037 1247 1212 1275 omnem
1234 1235 1395 1285 legem,
1425 1248 1556 1287 quam
1579 1236 1775 1287 praecepi
1793 1238 1868 1287 pa-

1035 1290 1177 1331 tribus
1196 1291 1368 1332 vestris:
1395 1295 1439 1332 et
1463 1292 1575 1332 sicut
1593 1292 1693 1332 misi
1712 1291 1768 1331 ad
1787 1303 1868 1332 vos

1036 1346 1080 1386 in
1110 1359 1242 1386 manu
1274 1348 1503 1387 serverum
1534 1349 1733 1387 meorum
1762 1347 1866 1386 Pro-

1035 1400 1282 1453 phetarum.
1311 1402 1396 1452 Qui
1415 1414 1503 1442 non
1523 1402 1769 1450 audierunt,
1790 1401 1869 1443 sed

1036 1456 1350 1498 induraverunt
1369 1459 1585 1498 cervicem
1605 1470 1729 1498 suam
1749 1459 1868 1509 juxta

1038 1515 1256 1553 cervicem
1274 1518 1450 1564 patrum
1475 1515 1671 1562 suorum,
1701 1513 1775 1564 qui
1794 1526 1867 1554 no-

1036 1567 1211 1609 luerunt
1238 1568 1421 1609 obedire
1440 1569 1633 1609 Domino
1653 1569 1751 1609 Deo
1778 1581 1869 1609 suo.

1038 1623 1094 1665 Et
1113 1623 1366 1674 abjecerunt
1384 1624 1580 1674 legitima
1601 1625 1707 1675 ejus,
1733 1629 1775 1665 et
1795 1637 1868 1676 pa-

1041 1684 1176 1728 ctum,
1206 1679 1326 1731 quod
1351 1680 1521 1732 pepigit
1547 1693 1646 1721 cum
1669 1679 1869 1731 patribus

1039 1737 1209 1785 eorum,
1244 1741 1287 1777 et
1318 1736 1669 1785 testificationes,
1712 1735 1869 1787 quibus

1040 1793 1313 1832 contestatus
1370 1795 1437 1832 est
1487 1804 1581 1832 eos:
1642 1794 1869 1842 secutique

1039 1852 1140 1888 sunt
1158 1847 1387 1896 vanitates,
1409 1852 1451 1888 et
1470 1860 1581 1888 vane
1602 1849 1797 1897 egerunt.

1095 1901 1147 1951 Ιζι.
1170 1902 1292 1943 Deus
1313 1903 1517 1943 omnium.
1535 1904 1628 1943 223.

1341 1955 1494 1995 Lectio
1513 1955 1568 1994 iii.

1088 2017 1298 2065 ratusque
1320 2018 1387 2055 est
1406 2014 1622 2055 Dominus
1642 2013 1870 2055 vehemen-

1099 2075 1166 2111 ter
1181 2069 1345 2119 Israeli,
1366 2075 1410 2110 et
1430 2069 1611 2111 abstulit
1630 2083 1708 2111 eos
1728 2083 1753 2111 a
1772 2083 1870 2111 con—

1042 2127 1198 2177 spectu
1226 2138 1321 2174 suo,
1355 2130 1399 2166 et
1431 2138 1519 2166 non
1553 2126 1761 2166 remansit
1788 2126 1869 2166 nisi

1040 2181 1180 2221 tribus
1199 2181 1224 2221 J
1226 2180 1313 2222 uda
1331 2171 1666 2222 tantummodo.
1684 2181 1771 2222 Sed
1790 2193 1870 2221 nec

1041 2237 1137 2288 ipse
1156 2237 1180 2277 J
1182 2236 1271 2277 uda
1295 2236 1534 2278 custodivit
1556 2237 1763 2278 mandata
1782 2237 1868 2277 Do-

1040 2292 1145 2332 mini
1164 2292 1249 2333 Dei
1275 2293 1355 2332 sui:
1383 2305 1537 2333 verum
1562 2292 1802 2333 ambulavit
1827 2292 1870 2331 in

1042 2347 1266 2388 erroribus
1304 2348 1460 2394 Israel,
1507 2360 1619 2399 quos
1661 2349 1869 2399 operatus

1041 2403 1193 2444 fuerat.
1211 2404 1491 2455 Proiecitque
1506 2403 1721 2444 Dominus
1741 2414 1868 2443 omne

1042 2471 1191 2499 semen
1209 2459 1359 2508 Israel,
1380 2464 1423 2501 et
1442 2459 1596 2499 afflixit
1616 2471 1704 2507 eOS,
1724 2463 1767 2499 et
1784 2459 1868 2498 tra-

1042 2513 1153 2555 didit
1169 2527 1246 2555 eos
1262 2515 1305 2554 in
1319 2527 1450 2555 manu
1466 2514 1771 2566 diripientium,
1793 2512 1867 2552 do-

1040 2582 1122 2610 nec
1147 2571 1383 2622 projiceret
1408 2582 1484 2611 eos
1509 2582 1535 2610 a
1558 2569 1668 2609 facie
1694 2580 1786 2608 sua:
1815 2579 1868 2607 ex

1042 2638 1095 2666 eo
1125 2626 1209 2676 jam
1237 2627 1456 2678 tempore,
1490 2637 1578 2676 quo
1611 2625 1773 2664 scissus
1802 2627 1868 2662 est

1041 2681 1180 2721 Israel
1212 2694 1237 2721 a
1270 2680 1405 2722 domo
1435 2679 1596 2728 David,
1637 2683 1680 2719 et
1711 2677 1866 2718 consti-
