2040 2976
224 209 291 244 140

276 301 320 351 δ”.
349 299 610 343 Benedictus
634 310 680 339 es
699 295 886 337 Domine
906 293 948 333 in
969 291 1037 332 fir-

223 360 437 401 mamento
458 355 568 397 coeli.
602 355 651 406 R.
673 353 729 394 Et
747 349 976 393 laudabilis
996 353 1038 389 et

223 415 436 467 gloriosus
452 412 495 473 in
516 409 687 452 saecula.

497 485 564 522 Ad
589 484 773 521 Sextam.

276 545 309 583 Λ
318 550 371 582 nt.
402 542 552 584 Gloria
571 540 722 583 laudis.

315 602 570 654 Capitulum.
675 602 710 640 2.
727 599 894 639 Cor.13.
911 596 949 637 d.

226 659 418 768 Gratia
436 662 612 704 Domini
634 660 771 702 nostri
794 660 818 700 J
821 672 898 700 esu
923 657 1039 699 Chri-

336 720 401 768 sti,
427 724 470 761 et
494 718 650 760 caritas
675 717 768 766 Dei,
790 721 832 757 et
851 726 1039 756 commu-

224 776 382 818 nicatio
410 775 547 816 sancti
571 773 758 826 Spiritus
787 772 843 813 sit
870 783 969 813 cum
997 771 1039 810 ό-

225 832 396 874 mnibus
414 831 550 873 vobis.
579 831 729 871 Amffl1.

279 892 327 942 K.
354 890 412 930 br.
448 887 710 929 Benedictus
735 898 781 927 es
804 884 992 925 Domine
1020 883 1040 906 *

227 946 278 986 In
312 944 582 985 firmamento
619 942 728 997 coeli.
768 939 1041 982 Benedictus.

231 1003 276 1051 V.
303 1002 360 1042 Et
376 999 605 1042 laudabilis
623 1004 667 1040 et
683 997 900 1049 glori6sus
916 997 960 1037 in
973 997 1043 1036 sae-

229 1057 335 1099 cula.
363 1057 414 1097 In
433 1056 715 1097 firmamento.
743 1053 896 1094 Gloria
914 1052 1043 1093 Patri.

229 1113 501 1156 Benedictus.

281 1167 331 1219 V.
366 1168 514 1211 Verbo
550 1167 725 1208 Domini
756 1166 856 1208 coeli
887 1165 1046 1206 firmati

230 1230 339 1267 sunt.
372 1230 420 1279 Ιζι.
442 1225 498 1266 Et
517 1224 678 1277 Spiritu
698 1223 785 1265 oris
800 1223 890 1275 ejus
908 1221 1046 1263 omnis

231 1282 365 1323 virtus
385 1283 545 1322 eorum.

503 1353 570 1390 Ad
594 1355 775 1390 Nonam.

284 1411 379 1450 Ant.
412 1410 473 1448 Ex
493 1420 579 1459 quo
600 1407 752 1448 Omnia.

310 1472 564 1523 Capitulum.
672 1470 700 1507 1.
717 1469 864 1507 Joarm.
882 1468 916 1505 Γ).
933 1466 970 1506 b.

233 1529 383 1633 Tres
407 1534 515 1578 sunt,
541 1529 613 1581 qui
630 1528 925 1570 testimenium
947 1529 1050 1571 dant

348 1586 391 1626 in
425 1586 553 1627 coelo:
596 1586 741 1634 Pater,
767 1585 981 1635 Verbum,
1007 1591 1050 1627 et
1111 1610 1115 1614 ‹
1158 1633 1160 1636 ¹

235 1642 418 1695 Spiritus
446 1646 636 1683 sanctus:
663 1647 706 1683 et
732 1642 777 1684 hi
802 1647 892 1683 tres
918 1655 1050 1683 unum
1140 1635 1207 1692 {L}

236 1703 345 1740 sunt.

290 1757 335 1806 Rv.
363 1755 421 1796 br.
451 1755 600 1797 Verbo
619 1753 832 1796 Domini*
855 1755 964 1797 Coeli
983 1755 1050 1795 fir-

235 1812 342 1853 mati
374 1817 483 1853 sunt.
523 1811 684 1854 Verbo.
726 1808 775 1858 V.
804 1812 860 1854 Et
890 1812 1051 1864 Spiritu

238 1868 326 1909 oris
342 1869 440 1919 ejus,
452 1868 590 1909 omnis
605 1868 740 1910 virtus
757 1870 917 1910 eorum.
933 1868 1052 1909 Coeli.

238 1924 388 1986 Gloria
404 1925 533 1967 Patri.
560 1925 721 1966 Verbo.

208 1993 213 1999 ·
291 1980 339 2025 V.
379 1981 442 2022 Sit
477 1994 634 2022 nomen
670 1981 844 2023 Domini
878 1981 1051 2024 benedi-

239 2042 365 2078 ctum.
393 2037 441 2088 Ru
467 2038 534 2078 Ex
553 2037 636 2079 hoc
654 2051 777 2087 nunc,
793 2043 835 2079 et
854 2051 990 2091 usque
1010 2038 1052 2078 in

240 2093 456 2134 saeculum.
785 2091 788 2093 ’

437 2166 498 2206 In
523 2167 584 2207 11.
607 2167 853 2216 Vesperis.

292 2229 377 2261 Ant.
404 2228 449 2261 de
474 2226 679 2260 Laudibus.
708 2229 780 2264 139,
824 2226 883 2260 I's.
909 2227 955 2260 de
980 2226 1054 2260 Do-

241 2276 388 2309 minica.
416 2275 493 2310 106.

295 2327 416 2370 Capit.
442 2332 477 2360 et
502 2326 637 2368 Hymn.
664 2331 702 2358 ut
728 2325 764 2358 in
790 2326 815 2359 Ι,
838 2326 951 2369 Yesp.
977 2329 1055 2364 130.

293 2374 342 2425 Y.
370 2378 630 2420 Benedictus
655 2391 702 2420 es
721 2379 905 2421 Domine
928 2380 970 2420 in
989 2380 1056 2420 fir—

243 2437 459 2476 mamento
479 2434 588 2476 coeli.
619 2434 667 2485 Rg.
691 2435 747 2476 Et
767 2435 996 2477 laudabilis
1016 2442 1058 2478 et

243 2491 458 2543 gloriosus
477 2491 519 2531 in
539 2491 709 2532 saecula.

299 2545 367 2587 Ad
395 2545 562 2593 Magnis.
591 2545 686 2586 Ant.
723 2546 787 2588 Te
814 2547 955 2588 Deum
982 2548 1059 2588 Pa-

244 2609 355 2645 trem
372 2603 617 2654 ingenitum,
638 2609 681 2645 te
700 2603 855 2644 Filium
873 2604 1059 2654 unigeni·

245 2666 348 2709 tum,
373 2666 415 2701 te
435 2659 641 2712 Spiritum
661 2665 855 2700 sanctum
875 2659 1059 2700 Paracli-

246 2722 352 2766 tum,
372 2721 563 2758 sanctam
584 2722 626 2757 et
644 2715 908 2757 individuam
926 2716 964 2756 T
967 2716 1060 2756 rini-

583 204 681 237 Ini'ra
711 199 998 234 llebdonwdam
1024 197 1047 230 I.
1074 202 1161 239 post
1183 196 1260 227 Oct.
1286 193 1543 226 Pentecoste—s.

1089 291 1239 337 tatem,
1270 292 1367 328 toto
1400 283 1534 327 corde
1561 288 1605 326 et
1633 295 1708 324 ore
1736 280 1911 323 confite-

1090 357 1195 394 mur,
1206 343 1444 391 laudamus,
1460 346 1591 392 atque
1601 337 1912 381 benedicimus:

1090 401 1170 444 tibi
1188 399 1327 451 gloria
1345 398 1389 439 in
1408 396 1579 439 saecula.

1143 463 1214 496 l'ro
1241 469 1436 494 commem.
1461 456 1684 492 Dominicae.

1148 515 1245 554 Ant.
1280 511 1426 553 Nolite
1450 508 1652 562 judicare,
1675 513 1724 550 ut
1744 521 1832 550 non
1856 508 1913 559 ju-

1093 568 1307 612 dicemini:
1327 568 1370 608 in
1393 579 1479 619 quo
1499 566 1613 607 enim
1631 564 1790 617 judicio
1809 563 1914 617 judi-

1093 625 1311 674 caveritis,
1347 621 1653 677 iudicabimini‚
1686 620 1792 663 dicit
1827 620 1915 661 Do-

1093 694 1244 724 mmus.

1146 732 1195 783 V.
1214 737 1438 788 Dirigatur
1451 734 1638 775 Domine
1654 733 1794 775 oratio
1809 744 1917 774 mea.

1096 796 1144 846 K.
1184 795 1304 836 Sicut
1339 793 1564 833 incensum
1598 790 1642 831 in
1677 790 1918 842 conspectu

1095 857 1183 894 tuo.

1149 906 1311 947 Oratim
1339 904 1458 946 Deus
1477 903 1520 944 in
1543 908 1599 945 te.
1625 903 1713 944 139.

1268 1010 1436 1048 Feria
1471 1007 1748 1046 Secunda.

1150 1066 1285 1101 Omnia
1308 1066 1486 1099 dicuntur
1507 1068 1547 1098 ut
1571 1063 1608 1096 in
1626 1061 1815 1096 psalterio
1836 1070 1921 1095 cum

1099 1116 1279 1151 Oratione
1296 1111 1551 1157 praecedentis
1567 1110 1791 1145 Dominicae.
1812 1108 1918 1144 Deus

1098 1165 1138 1199 in
1161 1168 1208 1199 te.
1233 1167 1274 1196 ut
1298 1172 1423 1205 supra.
1447 1161 1521 1196 139.

1151 1212 1233 1245 Hac
1251 1214 1361 1244 nocte
1378 1212 1572 1252 ponuntur
1590 1207 1679 1241 libri
1698 1206 1856 1247 Regum,
1874 1204 1921 1239 de

1101 1260 1240 1303 quibus
1259 1258 1398 1300 legitur
1418 1267 1540 1300 usque
1565 1255 1613 1290 ad
1632 1254 1874 1289 Dominicam
1895 1252 1922 1286 Ι.

1095 1307 1282 1350 Augusti:
1317 1306 1349 1340 si
1384 1305 1479 1349 quid
1510 1314 1603 1338 vero
1637 1303 1683 1337 de
1719 1302 1781 1336 his
1811 1300 1922 1335 libris

1103 1355 1269 1399 supersit
1310 1354 1536 1388 adveniente
1576 1352 1677 1386 dicta
1709 1349 1923 1391 Dominica‚

1104 1404 1298 1437 omittitur.

1180 1470 1335 1523 Incipit
1354 1469 1464 1510 liber
1482 1468 1649 1522 primus
1668 1466 1851 1517 Regum.

1206 1529 1358 1571 Lectio
1380 1529 1403 1567 i.
1671 1524 1774 1575 Cap.
1793 1524 1822 1563 1.

1142 1622 1151 1638 f
1211 1587 1280 1632 uit
1315 1586 1381 1628 vir
1412 1598 1523 1626 unus
1557 1582 1612 1626 de
1649 1580 1927 1624 Ramathaim

1243 1643 1435 1696 Sophim‚
1459 1641 1514 1683 de
1538 1645 1686 1682 monte
1706 1637 1928 1692 Ephraim,

1107 1699 1199 1724 ’99-’4
1245 1706 1288 1743 et
1312 1711 1471 1741 nomen
1497 1698 1587 1750 eius
1611 1696 1786 1750 Elcana,
1814 1693 1928 1736 filius

1104 1759 1318 1807 Jeroham,
1337 1756 1415 1797 filii
1431 1754 1542 1805 Eliu,
1561 1753 1639 1795 filii
1657 1751 1827 1802 Thohu,
1850 1750 1929 1792 filii

1104 1816 1235 1869 Suph,
1253 1811 1562 1868 Ephratha'eus:
1588 1815 1631 1852 et
1649 1808 1801 1851 heibuit
1820 1807 1929 1850 duas

1105 1875 1277 1921 uxorea,
1295 1882 1456 1912 nomen
1469 1868 1543 1910 uni
1557 1867 1694 1917 Anna,
1710 1870 1754 1908 et
1770 1876 1929 1906 nomen

1106 1927 1310 1971 secundae
1352 1926 1598 1967 Phenenna.
1647 1923 1929 1973 Fueruntque

1107 1986 1353 2027 Phenennae
1381 1981 1470 2023 filii:
1508 1982 1646 2022 Annae
1670 1983 1815 2037 autem
1841 1989 1929 2018 non

1107 2046 1229 2084 erant
1247 2039 1383 2082 liberi.
1409 2039 1467 2080 Et
1486 2035 1749 2079 ascendebat
1771 2034 1838 2075 vir
1857 2033 1929 2075 ille

1107 2097 1161 2140 de
1187 2097 1361 2140 civitate
1386 2107 1464 2136 sua
1490 2092 1663 2136 statutis
1689 2090 1854 2140 diebuS,
1882 2094 1930 2132 ut

1107 2154 1324 2202 adoraret,
1361 2157 1404 2194 et
1440 2149 1705 2192 sacrificaret
1740 2147 1930 2188 Domino

1108 2212 1375 2252 exercituum
1405 2207 1449 2248 in
1477 2206 1579 2247 Silo.
1618 2205 1753 2246 Erant
1786 2208 1930 2245 autem

1108 2267 1167 2309 ibi
1186 2266 1273 2308 duo
1294 2265 1369 2306 fssii
1383 2263 1495 2313 Heli,
1511 2261 1657 2315 Ophni
1677 2266 1721 2302 et
1734 2260 1931 2309 Phinees,

1110 2322 1361 2365 sacerdotes
1380 2319 1567 2362 D6mini.

1163 2379 1213 2430 K.
1236 2379 1487 2430 Praeparate
1514 2374 1650 2417 corda
1672 2378 1819 2415 vestra
1843 2372 1931 2413 Βό-

1109 2436 1236 2483 mino,
1261 2439 1304 2476 et
1329 2435 1487 2475 servite
1512 2432 1573 2473 illi
1593 2431 1687 2473 soli:
1710 2430 1733 2454 ¹⁰¹
1753 2430 1810 2471 Et
1829 2428 1931 2480 libe-

1110 2492 1223 2533 rabit
1250 2504 1330 2533 vos
1357 2489 1411 2532 de
1436 2488 1637 2530 manibus
1661 2486 1933 2528 inimicorum

1111 2550 1366 2589 vestrorum.
1384 2539 1434 2590 V.
1445 2543 1755 2587 Convertimini
1768 2541 1823 2584 ad
1835 2554 1933 2583 eum

1112 2604 1153 2644 in
1188 2610 1283 2646 toto
1321 2602 1454 2645 corde
1489 2607 1654 2650 vestro,
1692 2605 1734 2641 et
1767 2598 1932 2640 auferte

1113 2660 1219 2700 deos
1248 2660 1413 2710 alienos
1442 2659 1497 2700 de
1524 2656 1669 2699 medio
1698 2655 1842 2697 vestri.
1877 2654 1934 2695 Et

1112 2715 1324 2757 liberabit.
