<?xml version="1.0" encoding="UTF-8"?>
<!DOCTYPE html PUBLIC "-//W3C//DTD XHTML 1.0 Transitional//EN"
    "http://www.w3.org/TR/xhtml1/DTD/xhtml1-transitional.dtd">
<html xmlns="http://www.w3.org/1999/xhtml" xml:lang="en" lang="en">
 <head>
  <title>
</title>
<meta http-equiv="Content-Type" content="text/html;charset=utf-8" />
  <meta name='ocr-system' content='tesseract 3.04.00' />
  <meta name='ocr-capabilities' content='ocr_page ocr_carea ocr_par ocr_line ocrx_word'/>
</head>
<body>
  <div class='ocr_page' id='page_1' title='image "./p3breviariumroma00cathuoft_0961.png"; bbox 0 0 2040 2976; ppageno 0'>
   <div class='ocr_carea' id='block_1_1' title="bbox 664 244 1314 287">
    <p class='ocr_par' dir='ltr' id='par_1_1' title="bbox 664 244 1314 287">
     <span class='ocr_line' id='line_1_1' title="bbox 664 244 1314 287; baseline 0 -9"><span class='ocrx_word' id='word_1_1' title='bbox 664 244 884 279; x_wconf 76' lang='lat' dir='ltr'>Gratiarum</span> <span class='ocrx_word' id='word_1_2' title='bbox 909 245 1008 278; x_wconf 79' lang='lat' dir='ltr'>actio</span> <span class='ocrx_word' id='word_1_3' title='bbox 1034 251 1122 287; x_wconf 83' lang='lat' dir='ltr'>post</span> <span class='ocrx_word' id='word_1_4' title='bbox 1146 245 1314 279; x_wconf 75' lang='lat' dir='ltr'>Missam.</span> 
     </span>
    </p>
   </div>
   <div class='ocr_carea' id='block_1_2' title="bbox 131 346 964 802">
    <p class='ocr_par' dir='ltr' id='par_1_2' title="bbox 131 346 962 540">
     <span class='ocr_line' id='line_1_2' title="bbox 131 346 962 388; baseline -0.004 0"><span class='ocrx_word' id='word_1_5' title='bbox 131 346 394 388; x_wconf 75' lang='lat' dir='ltr'>Protestatio</span> <span class='ocrx_word' id='word_1_6' title='bbox 426 346 618 386; x_wconf 86' lang='lat' dir='ltr'>facienda</span> <span class='ocrx_word' id='word_1_7' title='bbox 650 346 749 386; x_wconf 73' lang='lat' dir='ltr'>ante</span> <span class='ocrx_word' id='word_1_8' title='bbox 779 346 962 385; x_wconf 83' lang='lat' dir='ltr'><strong>Missam.</strong></span> 
     </span>
     <span class='ocr_line' id='line_1_3' title="bbox 232 414 866 449; baseline -0.003 -7"><span class='ocrx_word' id='word_1_9' title='bbox 232 415 340 449; x_wconf 77' lang='lat' dir='ltr'>Indulg.</span> <span class='ocrx_word' id='word_1_10' title='bbox 355 416 389 441; x_wconf 74' lang='lat'>50</span> <span class='ocrx_word' id='word_1_11' title='bbox 403 415 519 441; x_wconf 84' lang='lat' dir='ltr'>dierum.</span> <span class='ocrx_word' id='word_1_12' title='bbox 549 414 701 447; x_wconf 76' lang='lat' dir='ltr'>Gregorius</span> <span class='ocrx_word' id='word_1_13' title='bbox 718 415 771 440; x_wconf 87' lang='lat' dir='ltr'>l&#39;P.</span> <span class='ocrx_word' id='word_1_14' title='bbox 788 415 866 440; x_wconf 85' lang='lat' dir='ltr'>XIII.</span> 
     </span>
     <span class='ocr_line' id='line_1_4' title="bbox 134 458 962 540; baseline -0.005 -44"><span class='ocrx_word' id='word_1_15' title='bbox 134 464 235 540; x_wconf 81' lang='lat' dir='ltr'>Ego</span> <span class='ocrx_word' id='word_1_16' title='bbox 258 460 350 496; x_wconf 88' lang='lat' dir='ltr'>volo</span> <span class='ocrx_word' id='word_1_17' title='bbox 374 459 569 494; x_wconf 64' lang='lat' dir='ltr'>celebrare</span> <span class='ocrx_word' id='word_1_18' title='bbox 585 458 761 502; x_wconf 83' lang='lat' dir='ltr'>Missam,</span> <span class='ocrx_word' id='word_1_19' title='bbox 786 462 823 493; x_wconf 90' lang='lat' dir='ltr'>et</span> <span class='ocrx_word' id='word_1_20' title='bbox 845 458 962 493; x_wconf 82' lang='lat' dir='ltr'>confi-</span> 
     </span>
    </p>

    <p class='ocr_par' dir='ltr' id='par_1_3' title="bbox 131 508 964 802">
     <span class='ocr_line' id='line_1_5' title="bbox 218 508 964 554; baseline -0.003 -9"><span class='ocrx_word' id='word_1_21' title='bbox 218 520 303 545; x_wconf 89' lang='lat' dir='ltr'><strong>cere</strong></span> <span class='ocrx_word' id='word_1_22' title='bbox 321 509 474 554; x_wconf 89' lang='lat' dir='ltr'>Corpus</span> <span class='ocrx_word' id='word_1_23' title='bbox 498 513 535 544; x_wconf 93' lang='lat' dir='ltr'>et</span> <span class='ocrx_word' id='word_1_24' title='bbox 551 508 786 552; x_wconf 70' lang='lat' dir='ltr'>Sanguinem</span> <span class='ocrx_word' id='word_1_25' title='bbox 806 509 964 544; x_wconf 76' lang='lat' dir='ltr'>Demini</span> 
     </span>
     <span class='ocr_line' id='line_1_6' title="bbox 131 558 964 602; baseline -0.004 -7"><span class='ocrx_word' id='word_1_26' title='bbox 131 560 257 595; x_wconf 68' lang='lat' dir='ltr'>nostri</span> <span class='ocrx_word' id='word_1_27' title='bbox 272 559 298 594; x_wconf 86' lang='lat' dir='ltr'><strong>J</strong></span> <span class='ocrx_word' id='word_1_28' title='bbox 299 569 368 594; x_wconf 90' lang='lat' dir='ltr'>esu</span> <span class='ocrx_word' id='word_1_29' title='bbox 385 558 546 602; x_wconf 85' lang='lat' dir='ltr'>Christi,</span> <span class='ocrx_word' id='word_1_30' title='bbox 562 559 670 602; x_wconf 81' lang='lat' dir='ltr'>juxta</span> <span class='ocrx_word' id='word_1_31' title='bbox 685 558 801 592; x_wconf 90' lang='lat' dir='ltr'>ritum</span> <span class='ocrx_word' id='word_1_32' title='bbox 818 562 964 592; x_wconf 89' lang='lat' dir='ltr'>sanctae</span> 
     </span>
     <span class='ocr_line' id='line_1_7' title="bbox 132 607 964 652; baseline -0.002 -7"><span class='ocrx_word' id='word_1_33' title='bbox 132 610 318 645; x_wconf 73' lang='lat' dir='ltr'>Romanae</span> <span class='ocrx_word' id='word_1_34' title='bbox 333 609 530 652; x_wconf 75' lang='lat' dir='ltr'>Ecclesiae,</span> <span class='ocrx_word' id='word_1_35' title='bbox 552 608 602 642; x_wconf 86' lang='lat' dir='ltr'>ad</span> <span class='ocrx_word' id='word_1_36' title='bbox 617 607 772 642; x_wconf 86' lang='lat' dir='ltr'>laudem</span> <span class='ocrx_word' id='word_1_37' title='bbox 790 608 964 652; x_wconf 93' lang='lat' dir='ltr'>omnipo-</span> 
     </span>
     <span class='ocr_line' id='line_1_8' title="bbox 132 657 964 702; baseline -0.005 -7"><span class='ocrx_word' id='word_1_38' title='bbox 132 659 248 695; x_wconf 90' lang='lat' dir='ltr'>tentis</span> <span class='ocrx_word' id='word_1_39' title='bbox 263 659 352 702; x_wconf 91' lang='lat' dir='ltr'>Dei,</span> <span class='ocrx_word' id='word_1_40' title='bbox 374 658 571 702; x_wconf 75' lang='lat' dir='ltr'>totiusque</span> <span class='ocrx_word' id='word_1_41' title='bbox 593 657 711 692; x_wconf 82' lang='lat' dir='ltr'>curiae</span> <span class='ocrx_word' id='word_1_42' title='bbox 727 657 964 701; x_wconf 66' lang='lat' dir='ltr'>triumphen-</span> 
     </span>
     <span class='ocr_line' id='line_1_9' title="bbox 133 707 964 753; baseline -0.005 -8"><span class='ocrx_word' id='word_1_43' title='bbox 133 710 200 753; x_wconf 87' lang='lat' dir='ltr'>tis‚</span> <span class='ocrx_word' id='word_1_44' title='bbox 227 709 277 744; x_wconf 90' lang='lat' dir='ltr'>ad</span> <span class='ocrx_word' id='word_1_45' title='bbox 297 709 502 744; x_wconf 67' lang='lat' dir='ltr'>utilitatem</span> <span class='ocrx_word' id='word_1_46' title='bbox 520 718 662 750; x_wconf 85' lang='lat' dir='ltr'>meam,</span> <span class='ocrx_word' id='word_1_47' title='bbox 687 707 884 751; x_wconf 76' lang='lat' dir='ltr'>totiusque</span> <span class='ocrx_word' id='word_1_48' title='bbox 902 709 964 742; x_wconf 76' lang='lat' dir='ltr'>cii-</span> 
     </span>
     <span class='ocr_line' id='line_1_10' title="bbox 132 757 964 802; baseline -0.002 -8"><span class='ocrx_word' id='word_1_49' title='bbox 132 760 203 795; x_wconf 89' lang='lat' dir='ltr'>riae</span> <span class='ocrx_word' id='word_1_50' title='bbox 233 759 452 802; x_wconf 63' lang='lat' dir='ltr'>militantis,</span> <span class='ocrx_word' id='word_1_51' title='bbox 487 769 558 802; x_wconf 93' lang='lat' dir='ltr'>pro</span> <span class='ocrx_word' id='word_1_52' title='bbox 590 758 786 801; x_wconf 71' lang='lat' dir='ltr'>Omnibus,</span> <span class='ocrx_word' id='word_1_53' title='bbox 822 757 889 801; x_wconf 93' lang='lat' dir='ltr'>qui</span> <span class='ocrx_word' id='word_1_54' title='bbox 923 768 964 792; x_wconf 92' lang='lat' dir='ltr'>se</span> 
     </span>
    </p>
   </div>
   <div class='ocr_carea' id='block_1_3' title="bbox 1017 345 1843 480">
    <p class='ocr_par' dir='ltr' id='par_1_4' title="bbox 1017 345 1843 480">
     <span class='ocr_line' id='line_1_11' title="bbox 1017 345 1843 381; baseline -0.001 -2"><span class='ocrx_word' id='word_1_55' title='bbox 1017 346 1381 381; x_wconf 82' lang='lat' dir='ltr'>commendaverunt</span> <span class='ocrx_word' id='word_1_56' title='bbox 1408 346 1649 381; x_wconf 75' lang='lat' dir='ltr'>oratienibus</span> <span class='ocrx_word' id='word_1_57' title='bbox 1676 345 1773 380; x_wconf 92' lang='lat' dir='ltr'>meis</span> <span class='ocrx_word' id='word_1_58' title='bbox 1803 345 1843 378; x_wconf 93' lang='lat' dir='ltr'>in</span> 
     </span>
     <span class='ocr_line' id='line_1_12' title="bbox 1017 395 1843 439; baseline -0.001 -10"><span class='ocrx_word' id='word_1_59' title='bbox 1017 396 1154 438; x_wconf 87' lang='lat' dir='ltr'>genere</span> <span class='ocrx_word' id='word_1_60' title='bbox 1179 399 1215 430; x_wconf 93' lang='lat' dir='ltr'>et</span> <span class='ocrx_word' id='word_1_61' title='bbox 1238 395 1279 429; x_wconf 90' lang='lat' dir='ltr'>in</span> <span class='ocrx_word' id='word_1_62' title='bbox 1302 395 1445 439; x_wconf 89' lang='lat' dir='ltr'>specie,</span> <span class='ocrx_word' id='word_1_63' title='bbox 1471 399 1508 430; x_wconf 92' lang='lat' dir='ltr'>et</span> <span class='ocrx_word' id='word_1_64' title='bbox 1530 405 1602 438; x_wconf 93' lang='lat' dir='ltr'>pro</span> <span class='ocrx_word' id='word_1_65' title='bbox 1621 395 1723 430; x_wconf 89' lang='lat' dir='ltr'>felici</span> <span class='ocrx_word' id='word_1_66' title='bbox 1741 398 1843 429; x_wconf 85' lang='lat' dir='ltr'>statu</span> 
     </span>
     <span class='ocr_line' id='line_1_13' title="bbox 1017 445 1757 480; baseline 0 -2"><span class='ocrx_word' id='word_1_67' title='bbox 1017 448 1162 479; x_wconf 84' lang='lat' dir='ltr'>sanctae</span> <span class='ocrx_word' id='word_1_68' title='bbox 1184 445 1369 479; x_wconf 77' lang='lat' dir='ltr'>Romanae</span> <span class='ocrx_word' id='word_1_69' title='bbox 1392 445 1587 480; x_wconf 87' lang='lat' dir='ltr'>Ecclesiae.</span> <span class='ocrx_word' id='word_1_70' title='bbox 1623 445 1757 479; x_wconf 90' lang='lat' dir='ltr'>Amen.</span> 
     </span>
    </p>
   </div>
   <div class='ocr_carea' id='block_1_4' title="bbox 1017 508 1844 792">
    <p class='ocr_par' dir='ltr' id='par_1_5' title="bbox 1017 508 1844 792">
     <span class='ocr_line' id='line_1_14' title="bbox 1025 508 1843 588; baseline -0.001 -45"><span class='ocrx_word' id='word_1_71' title='bbox 1025 509 1229 588; x_wconf 81' lang='lat' dir='ltr'>Gaudium</span> <span class='ocrx_word' id='word_1_72' title='bbox 1265 519 1350 544; x_wconf 91' lang='lat' dir='ltr'>cum</span> <span class='ocrx_word' id='word_1_73' title='bbox 1383 519 1497 553; x_wconf 86' lang='lat' dir='ltr'>pace,</span> <span class='ocrx_word' id='word_1_74' title='bbox 1537 508 1843 543; x_wconf 69' lang='lat' dir='ltr'>emendationem</span> 
     </span>
     <span class='ocr_line' id='line_1_15' title="bbox 1103 557 1843 602; baseline -0.001 -10"><span class='ocrx_word' id='word_1_75' title='bbox 1103 558 1211 600; x_wconf 85' lang='lat' dir='ltr'>vitae,</span> <span class='ocrx_word' id='word_1_76' title='bbox 1247 559 1415 602; x_wconf 69' lang='lat' dir='ltr'>spatium</span> <span class='ocrx_word' id='word_1_77' title='bbox 1448 569 1554 593; x_wconf 79' lang='lat' dir='ltr'>verae</span> <span class='ocrx_word' id='word_1_78' title='bbox 1587 557 1843 602; x_wconf 88' lang='lat' dir='ltr'>poenitentiae,</span> 
     </span>
     <span class='ocr_line' id='line_1_16' title="bbox 1018 606 1844 651; baseline -0.002 -9"><span class='ocrx_word' id='word_1_79' title='bbox 1018 607 1181 651; x_wconf 73' lang='lat' dir='ltr'>gratiam</span> <span class='ocrx_word' id='word_1_80' title='bbox 1203 612 1239 642; x_wconf 92' lang='lat' dir='ltr'>et</span> <span class='ocrx_word' id='word_1_81' title='bbox 1259 608 1563 642; x_wconf 76' lang='lat' dir='ltr'>consolatienem</span> <span class='ocrx_word' id='word_1_82' title='bbox 1585 607 1709 642; x_wconf 87' lang='lat' dir='ltr'>sancti</span> <span class='ocrx_word' id='word_1_83' title='bbox 1727 606 1844 650; x_wconf 87' lang='lat' dir='ltr'>Spiri-</span> 
     </span>
     <span class='ocr_line' id='line_1_17' title="bbox 1017 657 1842 701; baseline -0.002 -9"><span class='ocrx_word' id='word_1_84' title='bbox 1017 661 1094 701; x_wconf 91' lang='lat' dir='ltr'>tus,</span> <span class='ocrx_word' id='word_1_85' title='bbox 1119 658 1446 701; x_wconf 67' lang='lat' dir='ltr'>perseverantiam</span> <span class='ocrx_word' id='word_1_86' title='bbox 1462 658 1501 692; x_wconf 90' lang='lat' dir='ltr'>in</span> <span class='ocrx_word' id='word_1_87' title='bbox 1516 657 1631 692; x_wconf 92' lang='lat' dir='ltr'>bonis</span> <span class='ocrx_word' id='word_1_88' title='bbox 1649 657 1842 700; x_wconf 77' lang='lat' dir='ltr'>operibus,</span> 
     </span>
     <span class='ocr_line' id='line_1_18' title="bbox 1017 706 1844 751; baseline -0.002 -10"><span class='ocrx_word' id='word_1_89' title='bbox 1017 708 1160 742; x_wconf 90' lang='lat' dir='ltr'>tribuat</span> <span class='ocrx_word' id='word_1_90' title='bbox 1179 707 1293 742; x_wconf 89' lang='lat' dir='ltr'>nobis</span> <span class='ocrx_word' id='word_1_91' title='bbox 1311 708 1553 751; x_wconf 91' lang='lat' dir='ltr'>omnipotens</span> <span class='ocrx_word' id='word_1_92' title='bbox 1570 711 1607 741; x_wconf 88' lang='lat' dir='ltr'>et</span> <span class='ocrx_word' id='word_1_93' title='bbox 1623 706 1844 740; x_wconf 74' lang='lat' dir='ltr'>misericors</span> 
     </span>
     <span class='ocr_line' id='line_1_19' title="bbox 1017 757 1388 792; baseline -0.003 0"><span class='ocrx_word' id='word_1_94' title='bbox 1017 757 1217 792; x_wconf 76' lang='lat' dir='ltr'>Deminus.</span> <span class='ocrx_word' id='word_1_95' title='bbox 1254 757 1388 791; x_wconf 89' lang='lat' dir='ltr'>Amen.</span> 
     </span>
    </p>
   </div>
   <div class='ocr_carea' id='block_1_5' title="bbox 874 862 1247 878">
    <p class='ocr_par' dir='ltr' id='par_1_6' title="bbox 874 862 1247 878">
     <span class='ocr_line' id='line_1_20' title="bbox 874 862 1247 878; baseline -0.005 -1"><span class='ocrx_word' id='word_1_96' title='bbox 874 862 1208 878; x_wconf 47' lang='lat' dir='ltr'>Dfi-&amp;QQ—QCI-—ae</span> <span class='ocrx_word' id='word_1_97' title='bbox 1229 869 1247 871; x_wconf 41' lang='lat' dir='ltr'>n-</span> 
     </span>
    </p>
   </div>
   <div class='ocr_carea' id='block_1_6' title="bbox 417 949 1561 1000">
    <p class='ocr_par' dir='ltr' id='par_1_7' title="bbox 417 949 1561 1000">
     <span class='ocr_line' id='line_1_21' title="bbox 417 949 1561 1000; baseline 0 -1"><span class='ocrx_word' id='word_1_98' title='bbox 417 949 827 999; x_wconf 83' lang='lat' dir='ltr'><strong>GRATIARUM</strong></span> <span class='ocrx_word' id='word_1_99' title='bbox 858 951 1057 1000; x_wconf 86' lang='lat' dir='ltr'>ACTIO</span> <span class='ocrx_word' id='word_1_100' title='bbox 1091 950 1259 999; x_wconf 83' lang='lat' dir='ltr'>POST</span> <span class='ocrx_word' id='word_1_101' title='bbox 1288 950 1561 999; x_wconf 83' lang='lat' dir='ltr'><strong>MISSAM.</strong></span> 
     </span>
    </p>
   </div>
   <div class='ocr_carea' id='block_1_7' title="bbox 134 1108 970 2806">
    <p class='ocr_par' dir='ltr' id='par_1_8' title="bbox 135 1108 966 1295">
     <span class='ocr_line' id='line_1_22' title="bbox 135 1108 965 1194; baseline -0.006 -48"><span class='ocrx_word' id='word_1_102' title='bbox 135 1111 382 1194; x_wconf 77' lang='lat' dir='ltr'>Antiphona.</span> <span class='ocrx_word' id='word_1_103' title='bbox 425 1109 559 1143; x_wconf 88' lang='lat' dir='ltr'>Trium</span> <span class='ocrx_word' id='word_1_104' title='bbox 579 1109 788 1152; x_wconf 75' lang='lat' dir='ltr'>puererum</span> <span class='ocrx_word' id='word_1_105' title='bbox 803 1108 824 1132; x_wconf 58' lang='lat'>’¹³</span> <span class='ocrx_word' id='word_1_106' title='bbox 841 1108 965 1142; x_wconf 83' lang='lat' dir='ltr'>cante-</span> 
     </span>
     <span class='ocr_line' id='line_1_23' title="bbox 205 1158 966 1204; baseline -0.004 -10"><span class='ocrx_word' id='word_1_107' title='bbox 205 1170 291 1194; x_wconf 90' lang='lat' dir='ltr'>mus</span> <span class='ocrx_word' id='word_1_108' title='bbox 306 1159 507 1204; x_wconf 82' lang='lat' dir='ltr'>hymnum:</span> <span class='ocrx_word' id='word_1_109' title='bbox 526 1168 640 1202; x_wconf 89' lang='lat' dir='ltr'>quem</span> <span class='ocrx_word' id='word_1_110' title='bbox 657 1158 864 1192; x_wconf 63' lang='lat' dir='ltr'>cantabant</span> <span class='ocrx_word' id='word_1_111' title='bbox 881 1168 966 1192; x_wconf 87' lang='lat' dir='ltr'>san-</span> 
     </span>
     <span class='ocr_line' id='line_1_24' title="bbox 137 1208 966 1253; baseline -0.004 -8"><span class='ocrx_word' id='word_1_112' title='bbox 137 1210 188 1245; x_wconf 94' lang='lat' dir='ltr'>cti</span> <span class='ocrx_word' id='word_1_113' title='bbox 211 1210 251 1244; x_wconf 91' lang='lat' dir='ltr'>in</span> <span class='ocrx_word' id='word_1_114' title='bbox 275 1210 424 1245; x_wconf 89' lang='lat' dir='ltr'>camino</span> <span class='ocrx_word' id='word_1_115' title='bbox 449 1209 566 1253; x_wconf 84' lang='lat' dir='ltr'>ignis,</span> <span class='ocrx_word' id='word_1_116' title='bbox 595 1208 868 1243; x_wconf 74' lang='lat' dir='ltr'>benedicentes</span> <span class='ocrx_word' id='word_1_117' title='bbox 891 1208 966 1242; x_wconf 72' lang='lat' dir='ltr'>De-</span> 
     </span>
     <span class='ocr_line' id='line_1_25' title="bbox 136 1260 292 1295; baseline 0.006 -1"><span class='ocrx_word' id='word_1_118' title='bbox 136 1260 292 1295; x_wconf 87' lang='lat' dir='ltr'>minum.</span> 
     </span>
    </p>

    <p class='ocr_par' dir='ltr' id='par_1_9' title="bbox 134 1311 966 1452">
     <span class='ocr_line' id='line_1_26' title="bbox 189 1311 966 1354; baseline -0.001 -9"><span class='ocrx_word' id='word_1_119' title='bbox 189 1311 283 1352; x_wconf 84' lang='lat' dir='ltr'>Quae</span> <span class='ocrx_word' id='word_1_120' title='bbox 312 1311 539 1354; x_wconf 80' lang='lat' dir='ltr'>Antiphona</span> <span class='ocrx_word' id='word_1_121' title='bbox 570 1311 606 1344; x_wconf 91' lang='lat' dir='ltr'>in</span> <span class='ocrx_word' id='word_1_122' title='bbox 639 1311 764 1345; x_wconf 81' lang='lat' dir='ltr'>Festis</span> <span class='ocrx_word' id='word_1_123' title='bbox 796 1311 966 1353; x_wconf 83' lang='lat' dir='ltr'>Duplici-</span> 
     </span>
     <span class='ocr_line' id='line_1_27' title="bbox 134 1360 965 1403; baseline -0.004 -7"><span class='ocrx_word' id='word_1_124' title='bbox 134 1362 208 1396; x_wconf 91' lang='lat' dir='ltr'>bus</span> <span class='ocrx_word' id='word_1_125' title='bbox 224 1366 371 1395; x_wconf 79' lang='lat' dir='ltr'>tantum</span> <span class='ocrx_word' id='word_1_126' title='bbox 390 1360 624 1403; x_wconf 73' lang='lat' dir='ltr'>duplicatur,</span> <span class='ocrx_word' id='word_1_127' title='bbox 650 1366 686 1394; x_wconf 90' lang='lat' dir='ltr'>et</span> <span class='ocrx_word' id='word_1_128' title='bbox 707 1365 878 1403; x_wconf 80' lang='lat' dir='ltr'>tempore</span> <span class='ocrx_word' id='word_1_129' title='bbox 896 1361 965 1394; x_wconf 75' lang='lat' dir='ltr'>l&#39;a—</span> 
     </span>
     <span class='ocr_line' id='line_1_28' title="bbox 137 1408 804 1452; baseline -0.003 -7"><span class='ocrx_word' id='word_1_130' title='bbox 137 1411 261 1445; x_wconf 83' lang='lat' dir='ltr'>schali</span> <span class='ocrx_word' id='word_1_131' title='bbox 286 1410 441 1444; x_wconf 80' lang='lat' dir='ltr'>additur</span> <span class='ocrx_word' id='word_1_132' title='bbox 465 1410 503 1443; x_wconf 90' lang='lat' dir='ltr'>in</span> <span class='ocrx_word' id='word_1_133' title='bbox 528 1410 602 1444; x_wconf 91' lang='lat' dir='ltr'>fine</span> <span class='ocrx_word' id='word_1_134' title='bbox 625 1408 804 1452; x_wconf 75' lang='lat' dir='ltr'>Alleluja.</span> 
     </span>
    </p>

    <p class='ocr_par' dir='ltr' id='par_1_10' title="bbox 135 1469 966 1606">
     <span class='ocr_line' id='line_1_29' title="bbox 184 1469 917 1512; baseline -0.001 -9"><span class='ocrx_word' id='word_1_135' title='bbox 184 1469 386 1504; x_wconf 84' lang='lat' dir='ltr'>Canticum</span> <span class='ocrx_word' id='word_1_136' title='bbox 402 1469 517 1503; x_wconf 91' lang='lat' dir='ltr'>trium</span> <span class='ocrx_word' id='word_1_137' title='bbox 533 1479 751 1512; x_wconf 87' lang='lat' dir='ltr'>puerorum.</span> <span class='ocrx_word' id='word_1_138' title='bbox 775 1469 870 1503; x_wconf 76' lang='lat' dir='ltr'>Dan.</span> <span class='ocrx_word' id='word_1_139' title='bbox 887 1470 917 1502; x_wconf 94' lang='lat'>3.</span> 
     </span>
     <span class='ocr_line' id='line_1_30' title="bbox 135 1520 966 1606; baseline -0.005 -48"><span class='ocrx_word' id='word_1_140' title='bbox 135 1523 380 1606; x_wconf 86' lang='lat' dir='ltr'>Benedicite</span> <span class='ocrx_word' id='word_1_141' title='bbox 411 1523 541 1558; x_wconf 75' lang='lat' dir='ltr'>emnia</span> <span class='ocrx_word' id='word_1_142' title='bbox 570 1524 689 1567; x_wconf 72' lang='lat' dir='ltr'>&lt;Spera</span> <span class='ocrx_word' id='word_1_143' title='bbox 712 1521 869 1556; x_wconf 76' lang='lat' dir='ltr'>Demini</span> <span class='ocrx_word' id='word_1_144' title='bbox 891 1520 966 1555; x_wconf 78' lang='grc' dir='ltr'>Βό-</span> 
     </span>
    </p>

    <p class='ocr_par' dir='ltr' id='par_1_11' title="bbox 138 1571 965 1658">
     <span class='ocr_line' id='line_1_31' title="bbox 220 1571 965 1616; baseline -0.003 -9"><span class='ocrx_word' id='word_1_145' title='bbox 220 1573 344 1607; x_wconf 91' lang='lat' dir='ltr'>mino:</span> <span class='ocrx_word' id='word_1_146' title='bbox 375 1573 397 1597; x_wconf 78' lang='lat'><strong>*</strong></span> <span class='ocrx_word' id='word_1_147' title='bbox 426 1573 582 1607; x_wconf 64' lang='lat' dir='ltr'>laudete</span> <span class='ocrx_word' id='word_1_148' title='bbox 613 1577 651 1607; x_wconf 90' lang='lat' dir='ltr'>et</span> <span class='ocrx_word' id='word_1_149' title='bbox 681 1571 965 1616; x_wconf 77' lang='lat' dir='ltr'>superexaltate</span> 
     </span>
     <span class='ocr_line' id='line_1_32' title="bbox 138 1622 466 1658; baseline 0.003 -1"><span class='ocrx_word' id='word_1_150' title='bbox 138 1632 225 1657; x_wconf 90' lang='lat' dir='ltr'>eum</span> <span class='ocrx_word' id='word_1_151' title='bbox 247 1622 289 1657; x_wconf 90' lang='lat' dir='ltr'>in</span> <span class='ocrx_word' id='word_1_152' title='bbox 312 1623 466 1658; x_wconf 73' lang='lat' dir='ltr'>saecula.</span> 
     </span>
    </p>

    <p class='ocr_par' dir='ltr' id='par_1_12' title="bbox 136 1671 965 1757">
     <span class='ocr_line' id='line_1_33' title="bbox 189 1671 965 1717; baseline -0.003 -10"><span class='ocrx_word' id='word_1_153' title='bbox 189 1672 412 1708; x_wconf 88' lang='lat' dir='ltr'>Benedicite</span> <span class='ocrx_word' id='word_1_154' title='bbox 435 1673 578 1717; x_wconf 84' lang='lat' dir='ltr'>Angeli</span> <span class='ocrx_word' id='word_1_155' title='bbox 600 1672 759 1707; x_wconf 76' lang='lat' dir='ltr'>Demini</span> <span class='ocrx_word' id='word_1_156' title='bbox 781 1671 965 1706; x_wconf 73' lang='lat' dir='ltr'>Domino:</span> 
     </span>
     <span class='ocr_line' id='line_1_34' title="bbox 136 1722 710 1757; baseline -0.002 0"><span class='ocrx_word' id='word_1_157' title='bbox 136 1722 158 1747; x_wconf 79' lang='lat'><strong>*</strong></span> <span class='ocrx_word' id='word_1_158' title='bbox 180 1722 397 1757; x_wconf 88' lang='lat' dir='ltr'>benedicite</span> <span class='ocrx_word' id='word_1_159' title='bbox 422 1722 513 1757; x_wconf 87' lang='lat' dir='ltr'>coeli</span> <span class='ocrx_word' id='word_1_160' title='bbox 532 1722 710 1757; x_wconf 75' lang='lat' dir='ltr'>Demino.</span> 
     </span>
    </p>

    <p class='ocr_par' dir='ltr' id='par_1_13' title="bbox 136 1772 968 1909">
     <span class='ocr_line' id='line_1_35' title="bbox 188 1772 968 1816; baseline -0.004 -8"><span class='ocrx_word' id='word_1_161' title='bbox 188 1772 411 1808; x_wconf 88' lang='lat' dir='ltr'>Benedicite</span> <span class='ocrx_word' id='word_1_162' title='bbox 435 1782 548 1816; x_wconf 87' lang='lat' dir='ltr'>aquae</span> <span class='ocrx_word' id='word_1_163' title='bbox 569 1782 718 1816; x_wconf 92' lang='lat' dir='ltr'>omnes,</span> <span class='ocrx_word' id='word_1_164' title='bbox 743 1782 831 1816; x_wconf 90' lang='lat' dir='ltr'>quae</span> <span class='ocrx_word' id='word_1_165' title='bbox 851 1781 968 1815; x_wconf 89' lang='lat' dir='ltr'>super</span> 
     </span>
     <span class='ocr_line' id='line_1_36' title="bbox 138 1822 967 1866; baseline -0.002 -8"><span class='ocrx_word' id='word_1_166' title='bbox 138 1823 260 1858; x_wconf 87' lang='lat' dir='ltr'>coelos</span> <span class='ocrx_word' id='word_1_167' title='bbox 284 1827 388 1866; x_wconf 85' lang='lat' dir='ltr'>sunt,</span> <span class='ocrx_word' id='word_1_168' title='bbox 413 1822 518 1858; x_wconf 79' lang='lat' dir='ltr'>Dfio:</span> <span class='ocrx_word' id='word_1_169' title='bbox 547 1822 569 1847; x_wconf 61' lang='lat'>&#39;³‘</span> <span class='ocrx_word' id='word_1_170' title='bbox 591 1823 808 1858; x_wconf 83' lang='lat' dir='ltr'>benedicite</span> <span class='ocrx_word' id='word_1_171' title='bbox 833 1831 967 1857; x_wconf 91' lang='lat' dir='ltr'>omnes</span> 
     </span>
     <span class='ocr_line' id='line_1_37' title="bbox 136 1873 680 1909; baseline 0 -1"><span class='ocrx_word' id='word_1_172' title='bbox 136 1873 299 1909; x_wconf 79' lang='lat' dir='ltr'>virtutes</span> <span class='ocrx_word' id='word_1_173' title='bbox 322 1873 480 1909; x_wconf 74' lang='lat' dir='ltr'>Demini</span> <span class='ocrx_word' id='word_1_174' title='bbox 501 1873 680 1908; x_wconf 73' lang='lat' dir='ltr'>Demino.</span> 
     </span>
    </p>

    <p class='ocr_par' dir='ltr' id='par_1_14' title="bbox 137 1922 967 2008">
     <span class='ocr_line' id='line_1_38' title="bbox 189 1922 967 1958; baseline -0.003 0"><span class='ocrx_word' id='word_1_175' title='bbox 189 1922 412 1958; x_wconf 88' lang='lat' dir='ltr'>Benedicite</span> <span class='ocrx_word' id='word_1_176' title='bbox 445 1923 507 1958; x_wconf 92' lang='lat' dir='ltr'>sol</span> <span class='ocrx_word' id='word_1_177' title='bbox 537 1927 575 1958; x_wconf 91' lang='lat' dir='ltr'>et</span> <span class='ocrx_word' id='word_1_178' title='bbox 604 1923 696 1958; x_wconf 87' lang='lat' dir='ltr'>luna</span> <span class='ocrx_word' id='word_1_179' title='bbox 728 1922 911 1957; x_wconf 68' lang='lat' dir='ltr'>Domino:</span> <span class='ocrx_word' id='word_1_180' title='bbox 946 1922 967 1946; x_wconf 69' lang='lat'>&#39;¹‘</span> 
     </span>
     <span class='ocr_line' id='line_1_39' title="bbox 137 1972 815 2008; baseline -0.003 0"><span class='ocrx_word' id='word_1_181' title='bbox 137 1973 352 2008; x_wconf 77' lang='lat' dir='ltr'>benedicite</span> <span class='ocrx_word' id='word_1_182' title='bbox 377 1973 501 2008; x_wconf 89' lang='lat' dir='ltr'>stellae</span> <span class='ocrx_word' id='word_1_183' title='bbox 524 1973 614 2008; x_wconf 90' lang='lat' dir='ltr'>coeli</span> <span class='ocrx_word' id='word_1_184' title='bbox 637 1972 815 2007; x_wconf 76' lang='lat' dir='ltr'>Demino.</span> 
     </span>
    </p>

    <p class='ocr_par' dir='ltr' id='par_1_15' title="bbox 137 2022 967 2159">
     <span class='ocr_line' id='line_1_40' title="bbox 190 2022 967 2060; baseline -0.003 -2"><span class='ocrx_word' id='word_1_185' title='bbox 190 2023 412 2060; x_wconf 90' lang='lat' dir='ltr'>Benedicite</span> <span class='ocrx_word' id='word_1_186' title='bbox 437 2025 563 2059; x_wconf 91' lang='lat' dir='ltr'>omnis</span> <span class='ocrx_word' id='word_1_187' title='bbox 592 2024 716 2058; x_wconf 88' lang='lat' dir='ltr'>imber</span> <span class='ocrx_word' id='word_1_188' title='bbox 744 2027 781 2058; x_wconf 91' lang='lat' dir='ltr'>et</span> <span class='ocrx_word' id='word_1_189' title='bbox 803 2033 868 2057; x_wconf 89' lang='lat' dir='ltr'>ros</span> <span class='ocrx_word' id='word_1_190' title='bbox 892 2022 967 2057; x_wconf 73' lang='lat' dir='ltr'>De-</span> 
     </span>
     <span class='ocr_line' id='line_1_41' title="bbox 137 2071 967 2117; baseline -0.004 -8"><span class='ocrx_word' id='word_1_191' title='bbox 137 2074 258 2109; x_wconf 91' lang='lat' dir='ltr'>mino:</span> <span class='ocrx_word' id='word_1_192' title='bbox 282 2074 304 2098; x_wconf 72' lang='lat'>&#39;⁸¹</span> <span class='ocrx_word' id='word_1_193' title='bbox 323 2074 540 2109; x_wconf 82' lang='lat' dir='ltr'>benedicite</span> <span class='ocrx_word' id='word_1_194' title='bbox 558 2083 691 2109; x_wconf 89' lang='lat' dir='ltr'>omnes</span> <span class='ocrx_word' id='word_1_195' title='bbox 715 2073 873 2117; x_wconf 86' lang='lat' dir='ltr'>spiritus</span> <span class='ocrx_word' id='word_1_196' title='bbox 893 2071 967 2106; x_wconf 91' lang='lat' dir='ltr'>Dei</span> 
     </span>
     <span class='ocr_line' id='line_1_42' title="bbox 137 2123 315 2159; baseline 0 -1"><span class='ocrx_word' id='word_1_197' title='bbox 137 2123 315 2159; x_wconf 75' lang='lat' dir='ltr'>Demino.</span> 
     </span>
    </p>

    <p class='ocr_par' dir='ltr' id='par_1_16' title="bbox 138 2170 967 2267">
     <span class='ocr_line' id='line_1_43' title="bbox 189 2170 967 2217; baseline -0.005 -9"><span class='ocrx_word' id='word_1_198' title='bbox 189 2172 413 2208; x_wconf 90' lang='lat' dir='ltr'>Benedicite</span> <span class='ocrx_word' id='word_1_199' title='bbox 442 2173 545 2217; x_wconf 88' lang='lat' dir='ltr'>ignis</span> <span class='ocrx_word' id='word_1_200' title='bbox 575 2177 613 2208; x_wconf 92' lang='lat' dir='ltr'>et</span> <span class='ocrx_word' id='word_1_201' title='bbox 642 2176 761 2207; x_wconf 89' lang='lat' dir='ltr'>aestus</span> <span class='ocrx_word' id='word_1_202' title='bbox 784 2170 967 2205; x_wconf 74' lang='lat' dir='ltr'>Demino:</span> 
     </span>
     <span class='ocr_line' id='line_1_44' title="bbox 138 2220 946 2267; baseline -0.005 -9"><span class='ocrx_word' id='word_1_203' title='bbox 138 2222 159 2247; x_wconf 65' lang='lat'>²*</span> <span class='ocrx_word' id='word_1_204' title='bbox 181 2223 398 2258; x_wconf 86' lang='lat' dir='ltr'>benedicite</span> <span class='ocrx_word' id='word_1_205' title='bbox 422 2223 545 2267; x_wconf 85' lang='lat' dir='ltr'>frigus</span> <span class='ocrx_word' id='word_1_206' title='bbox 569 2226 606 2257; x_wconf 92' lang='lat' dir='ltr'>et</span> <span class='ocrx_word' id='word_1_207' title='bbox 628 2226 747 2257; x_wconf 86' lang='lat' dir='ltr'>aestus</span> <span class='ocrx_word' id='word_1_208' title='bbox 768 2220 946 2255; x_wconf 76' lang='lat' dir='ltr'>Demino.</span> 
     </span>
    </p>

    <p class='ocr_par' dir='ltr' id='par_1_17' title="bbox 138 2270 968 2367">
     <span class='ocr_line' id='line_1_45' title="bbox 192 2270 968 2316; baseline -0.006 -8"><span class='ocrx_word' id='word_1_209' title='bbox 192 2272 415 2308; x_wconf 89' lang='lat' dir='ltr'>Benedicite</span> <span class='ocrx_word' id='word_1_210' title='bbox 438 2283 547 2308; x_wconf 90' lang='lat' dir='ltr'>rores</span> <span class='ocrx_word' id='word_1_211' title='bbox 572 2276 609 2307; x_wconf 92' lang='lat' dir='ltr'>et</span> <span class='ocrx_word' id='word_1_212' title='bbox 631 2272 770 2316; x_wconf 87' lang='lat' dir='ltr'>pruina</span> <span class='ocrx_word' id='word_1_213' title='bbox 785 2270 968 2305; x_wconf 76' lang='lat' dir='ltr'>Demino:</span> 
     </span>
     <span class='ocr_line' id='line_1_46' title="bbox 138 2320 920 2367; baseline -0.006 -9"><span class='ocrx_word' id='word_1_214' title='bbox 138 2323 160 2348; x_wconf 69' lang='lat'>²³³</span> <span class='ocrx_word' id='word_1_215' title='bbox 182 2323 398 2358; x_wconf 84' lang='lat' dir='ltr'>benedicite</span> <span class='ocrx_word' id='word_1_216' title='bbox 423 2324 512 2367; x_wconf 88' lang='lat' dir='ltr'>gelu</span> <span class='ocrx_word' id='word_1_217' title='bbox 536 2327 573 2358; x_wconf 91' lang='lat' dir='ltr'>et</span> <span class='ocrx_word' id='word_1_218' title='bbox 596 2322 718 2366; x_wconf 87' lang='lat' dir='ltr'>frigus</span> <span class='ocrx_word' id='word_1_219' title='bbox 742 2320 920 2355; x_wconf 76' lang='lat' dir='ltr'>Demino.</span> 
     </span>
    </p>

    <p class='ocr_par' dir='ltr' id='par_1_18' title="bbox 139 2369 967 2458">
     <span class='ocr_line' id='line_1_47' title="bbox 190 2369 967 2417; baseline -0.008 -9"><span class='ocrx_word' id='word_1_220' title='bbox 190 2373 413 2408; x_wconf 89' lang='lat' dir='ltr'>Benedicite</span> <span class='ocrx_word' id='word_1_221' title='bbox 438 2373 583 2417; x_wconf 69' lang='lat' dir='ltr'>glacies</span> <span class='ocrx_word' id='word_1_222' title='bbox 605 2376 642 2407; x_wconf 93' lang='lat' dir='ltr'>et</span> <span class='ocrx_word' id='word_1_223' title='bbox 658 2371 769 2406; x_wconf 87' lang='lat' dir='ltr'>nives</span> <span class='ocrx_word' id='word_1_224' title='bbox 785 2369 967 2404; x_wconf 76' lang='lat' dir='ltr'>Demino:</span> 
     </span>
     <span class='ocr_line' id='line_1_48' title="bbox 139 2419 929 2458; baseline -0.008 0"><span class='ocrx_word' id='word_1_225' title='bbox 139 2422 160 2447; x_wconf 77' lang='lat'><em>*</em></span> <span class='ocrx_word' id='word_1_226' title='bbox 181 2423 398 2458; x_wconf 90' lang='lat' dir='ltr'>benedicite</span> <span class='ocrx_word' id='word_1_227' title='bbox 422 2427 556 2458; x_wconf 89' lang='lat' dir='ltr'>noctes</span> <span class='ocrx_word' id='word_1_228' title='bbox 581 2426 619 2456; x_wconf 85' lang='lat' dir='ltr'>et</span> <span class='ocrx_word' id='word_1_229' title='bbox 645 2421 728 2455; x_wconf 90' lang='lat' dir='ltr'>dies</span> <span class='ocrx_word' id='word_1_230' title='bbox 752 2419 929 2454; x_wconf 76' lang='lat' dir='ltr'>Demino.</span> 
     </span>
    </p>

    <p class='ocr_par' dir='ltr' id='par_1_19' title="bbox 139 2468 968 2565">
     <span class='ocr_line' id='line_1_49' title="bbox 193 2468 968 2507; baseline -0.006 0"><span class='ocrx_word' id='word_1_231' title='bbox 193 2471 417 2507; x_wconf 88' lang='lat' dir='ltr'>Benedicite</span> <span class='ocrx_word' id='word_1_232' title='bbox 440 2472 510 2506; x_wconf 81' lang='lat' dir='ltr'>lux</span> <span class='ocrx_word' id='word_1_233' title='bbox 533 2475 570 2506; x_wconf 93' lang='lat' dir='ltr'>et</span> <span class='ocrx_word' id='word_1_234' title='bbox 592 2471 761 2506; x_wconf 87' lang='lat' dir='ltr'>tenebrae</span> <span class='ocrx_word' id='word_1_235' title='bbox 784 2468 968 2503; x_wconf 80' lang='lat' dir='ltr'>D6mino:</span> 
     </span>
     <span class='ocr_line' id='line_1_50' title="bbox 139 2518 968 2565; baseline -0.007 -8"><span class='ocrx_word' id='word_1_236' title='bbox 139 2522 392 2557; x_wconf 82' lang='lat' dir='ltr'>*benedicite</span> <span class='ocrx_word' id='word_1_237' title='bbox 416 2522 570 2565; x_wconf 76' lang='lat' dir='ltr'>fulgura</span> <span class='ocrx_word' id='word_1_238' title='bbox 593 2525 630 2556; x_wconf 93' lang='lat' dir='ltr'>et</span> <span class='ocrx_word' id='word_1_239' title='bbox 652 2520 775 2555; x_wconf 89' lang='lat' dir='ltr'>nubes</span> <span class='ocrx_word' id='word_1_240' title='bbox 791 2518 968 2553; x_wconf 77' lang='lat' dir='ltr'>Demino.</span> 
     </span>
    </p>

    <p class='ocr_par' dir='ltr' id='par_1_20' title="bbox 141 2567 970 2665">
     <span class='ocr_line' id='line_1_51' title="bbox 192 2567 970 2606; baseline -0.006 0"><span class='ocrx_word' id='word_1_241' title='bbox 192 2571 403 2606; x_wconf 85' lang='lat' dir='ltr'>Benedicat</span> <span class='ocrx_word' id='word_1_242' title='bbox 425 2576 527 2606; x_wconf 84' lang='lat' dir='ltr'>terra</span> <span class='ocrx_word' id='word_1_243' title='bbox 550 2570 771 2605; x_wconf 77' lang='lat' dir='ltr'>Deminum:</span> <span class='ocrx_word' id='word_1_244' title='bbox 796 2569 817 2593; x_wconf 68' lang='lat'>²³²</span> <span class='ocrx_word' id='word_1_245' title='bbox 837 2567 970 2602; x_wconf 87' lang='lat' dir='ltr'>laudet</span> 
     </span>
     <span class='ocr_line' id='line_1_52' title="bbox 141 2618 816 2665; baseline -0.006 -9"><span class='ocrx_word' id='word_1_246' title='bbox 141 2625 179 2655; x_wconf 86' lang='lat' dir='ltr'>et</span> <span class='ocrx_word' id='word_1_247' title='bbox 202 2621 464 2665; x_wconf 74' lang='lat' dir='ltr'>superexaltet</span> <span class='ocrx_word' id='word_1_248' title='bbox 488 2631 575 2656; x_wconf 91' lang='lat' dir='ltr'>eum</span> <span class='ocrx_word' id='word_1_249' title='bbox 598 2620 638 2654; x_wconf 93' lang='lat' dir='ltr'>in</span> <span class='ocrx_word' id='word_1_250' title='bbox 662 2618 816 2654; x_wconf 70' lang='lat' dir='ltr'>saecula.</span> 
     </span>
    </p>

    <p class='ocr_par' dir='ltr' id='par_1_21' title="bbox 141 2666 970 2806">
     <span class='ocr_line' id='line_1_53' title="bbox 193 2666 968 2706; baseline -0.009 0"><span class='ocrx_word' id='word_1_251' title='bbox 193 2670 416 2706; x_wconf 89' lang='lat' dir='ltr'>Benedicite</span> <span class='ocrx_word' id='word_1_252' title='bbox 432 2675 583 2706; x_wconf 88' lang='lat' dir='ltr'>montes</span> <span class='ocrx_word' id='word_1_253' title='bbox 601 2674 638 2704; x_wconf 92' lang='lat' dir='ltr'>et</span> <span class='ocrx_word' id='word_1_254' title='bbox 654 2669 773 2704; x_wconf 90' lang='lat' dir='ltr'>colles</span> <span class='ocrx_word' id='word_1_255' title='bbox 786 2666 968 2701; x_wconf 76' lang='lat' dir='ltr'>Demino:</span> 
     </span>
     <span class='ocr_line' id='line_1_54' title="bbox 141 2716 970 2763; baseline -0.007 -7"><span class='ocrx_word' id='word_1_256' title='bbox 141 2721 162 2745; x_wconf 67' lang='lat'>²¹³</span> <span class='ocrx_word' id='word_1_257' title='bbox 190 2721 407 2756; x_wconf 86' lang='lat' dir='ltr'>benedicite</span> <span class='ocrx_word' id='word_1_258' title='bbox 435 2722 618 2756; x_wconf 84' lang='lat' dir='ltr'>universa</span> <span class='ocrx_word' id='word_1_259' title='bbox 647 2717 901 2763; x_wconf 67' lang='lat' dir='ltr'>germinantia</span> <span class='ocrx_word' id='word_1_260' title='bbox 929 2716 970 2750; x_wconf 92' lang='lat' dir='ltr'>in</span> 
     </span>
     <span class='ocr_line' id='line_1_55' title="bbox 141 2770 444 2806; baseline 0.003 -1"><span class='ocrx_word' id='word_1_261' title='bbox 141 2774 244 2806; x_wconf 86' lang='lat' dir='ltr'>terra</span> <span class='ocrx_word' id='word_1_262' title='bbox 265 2770 444 2806; x_wconf 77' lang='lat' dir='ltr'>Demino.</span> 
     </span>
    </p>
   </div>
   <div class='ocr_carea' id='block_1_8' title="bbox 1019 1104 1847 2300">
    <p class='ocr_par' dir='ltr' id='par_1_22' title="bbox 1021 1104 1847 1191">
     <span class='ocr_line' id='line_1_56' title="bbox 1071 1104 1847 1141; baseline -0.004 0"><span class='ocrx_word' id='word_1_263' title='bbox 1071 1106 1293 1141; x_wconf 90' lang='lat' dir='ltr'>Benedicite</span> <span class='ocrx_word' id='word_1_264' title='bbox 1322 1106 1449 1140; x_wconf 85' lang='lat' dir='ltr'>fontes</span> <span class='ocrx_word' id='word_1_265' title='bbox 1478 1104 1660 1139; x_wconf 76' lang='lat' dir='ltr'>Deminoz</span> <span class='ocrx_word' id='word_1_266' title='bbox 1689 1104 1710 1128; x_wconf 81' lang='lat'><em>*</em></span> <span class='ocrx_word' id='word_1_267' title='bbox 1733 1104 1847 1138; x_wconf 92' lang='lat' dir='ltr'>bene-</span> 
     </span>
     <span class='ocr_line' id='line_1_57' title="bbox 1021 1154 1719 1191; baseline -0.006 0"><span class='ocrx_word' id='word_1_268' title='bbox 1021 1156 1134 1191; x_wconf 87' lang='lat' dir='ltr'>dicite</span> <span class='ocrx_word' id='word_1_269' title='bbox 1157 1156 1278 1190; x_wconf 70' lang='lat' dir='ltr'>maria</span> <span class='ocrx_word' id='word_1_270' title='bbox 1302 1160 1339 1190; x_wconf 90' lang='lat' dir='ltr'>et</span> <span class='ocrx_word' id='word_1_271' title='bbox 1362 1155 1519 1190; x_wconf 82' lang='lat' dir='ltr'>flumina</span> <span class='ocrx_word' id='word_1_272' title='bbox 1542 1154 1719 1188; x_wconf 71' lang='lat' dir='ltr'>Demino.</span> 
     </span>
    </p>

    <p class='ocr_par' dir='ltr' id='par_1_23' title="bbox 1019 1204 1846 1341">
     <span class='ocr_line' id='line_1_58' title="bbox 1072 1204 1846 1247; baseline -0.005 -7"><span class='ocrx_word' id='word_1_273' title='bbox 1072 1206 1294 1240; x_wconf 89' lang='lat' dir='ltr'>Benedicite</span> <span class='ocrx_word' id='word_1_274' title='bbox 1312 1210 1408 1247; x_wconf 90' lang='lat' dir='ltr'>cete,</span> <span class='ocrx_word' id='word_1_275' title='bbox 1433 1209 1470 1239; x_wconf 90' lang='lat' dir='ltr'>et</span> <span class='ocrx_word' id='word_1_276' title='bbox 1487 1204 1630 1246; x_wconf 79' lang='lat' dir='ltr'>emnia,</span> <span class='ocrx_word' id='word_1_277' title='bbox 1657 1213 1743 1247; x_wconf 88' lang='lat' dir='ltr'>quae</span> <span class='ocrx_word' id='word_1_278' title='bbox 1767 1212 1846 1237; x_wconf 92' lang='lat' dir='ltr'>mo-</span> 
     </span>
     <span class='ocr_line' id='line_1_59' title="bbox 1019 1253 1845 1299; baseline -0.006 -8"><span class='ocrx_word' id='word_1_279' title='bbox 1019 1258 1156 1291; x_wconf 89' lang='lat' dir='ltr'>ventur</span> <span class='ocrx_word' id='word_1_280' title='bbox 1179 1256 1220 1290; x_wconf 93' lang='lat' dir='ltr'>in</span> <span class='ocrx_word' id='word_1_281' title='bbox 1244 1255 1366 1299; x_wconf 83' lang='lat' dir='ltr'>aquis,</span> <span class='ocrx_word' id='word_1_282' title='bbox 1382 1254 1564 1289; x_wconf 76' lang='lat' dir='ltr'>Demino:</span> <span class='ocrx_word' id='word_1_283' title='bbox 1589 1254 1610 1278; x_wconf 68' lang='lat'>&#39;¹‘</span> <span class='ocrx_word' id='word_1_284' title='bbox 1630 1253 1845 1288; x_wconf 86' lang='lat' dir='ltr'>benedicite</span> 
     </span>
     <span class='ocr_line' id='line_1_60' title="bbox 1021 1304 1668 1341; baseline -0.005 0"><span class='ocrx_word' id='word_1_285' title='bbox 1021 1317 1153 1341; x_wconf 90' lang='lat' dir='ltr'>omnes</span> <span class='ocrx_word' id='word_1_286' title='bbox 1176 1306 1356 1341; x_wconf 76' lang='lat' dir='ltr'>velucres</span> <span class='ocrx_word' id='word_1_287' title='bbox 1380 1305 1470 1339; x_wconf 88' lang='lat' dir='ltr'>coeli</span> <span class='ocrx_word' id='word_1_288' title='bbox 1491 1304 1668 1339; x_wconf 74' lang='lat' dir='ltr'>Demino.</span> 
     </span>
    </p>

    <p class='ocr_par' dir='ltr' id='par_1_24' title="bbox 1019 1353 1846 1492">
     <span class='ocr_line' id='line_1_61' title="bbox 1071 1353 1845 1396; baseline -0.008 -5"><span class='ocrx_word' id='word_1_289' title='bbox 1071 1356 1293 1391; x_wconf 90' lang='lat' dir='ltr'>Benedicite</span> <span class='ocrx_word' id='word_1_290' title='bbox 1323 1365 1456 1390; x_wconf 88' lang='lat' dir='ltr'>omnes</span> <span class='ocrx_word' id='word_1_291' title='bbox 1484 1354 1620 1389; x_wconf 88' lang='lat' dir='ltr'>bestiae</span> <span class='ocrx_word' id='word_1_292' title='bbox 1645 1357 1682 1387; x_wconf 88' lang='lat' dir='ltr'>et</span> <span class='ocrx_word' id='word_1_293' title='bbox 1704 1353 1845 1396; x_wconf 84' lang='lat' dir='ltr'>pecora</span> 
     </span>
     <span class='ocr_line' id='line_1_62' title="bbox 1019 1402 1846 1441; baseline -0.007 0"><span class='ocrx_word' id='word_1_294' title='bbox 1019 1407 1202 1441; x_wconf 77' lang='lat' dir='ltr'>Demino:</span> <span class='ocrx_word' id='word_1_295' title='bbox 1237 1406 1257 1430; x_wconf 71' lang='lat'>’¹‘</span> <span class='ocrx_word' id='word_1_296' title='bbox 1291 1405 1507 1440; x_wconf 90' lang='lat' dir='ltr'>benedicite</span> <span class='ocrx_word' id='word_1_297' title='bbox 1542 1404 1614 1438; x_wconf 86' lang='lat' dir='ltr'>filii</span> <span class='ocrx_word' id='word_1_298' title='bbox 1648 1402 1846 1437; x_wconf 75' lang='lat' dir='ltr'>heminum</span> 
     </span>
     <span class='ocr_line' id='line_1_63' title="bbox 1019 1457 1197 1492; baseline 0 -1"><span class='ocrx_word' id='word_1_299' title='bbox 1019 1457 1197 1492; x_wconf 73' lang='lat' dir='ltr'>Demino.</span> 
     </span>
    </p>

    <p class='ocr_par' dir='ltr' id='par_1_25' title="bbox 1021 1500 1846 1600">
     <span class='ocr_line' id='line_1_64' title="bbox 1072 1500 1846 1542; baseline -0.01 0"><span class='ocrx_word' id='word_1_300' title='bbox 1072 1506 1282 1542; x_wconf 85' lang='lat' dir='ltr'>Benedicat</span> <span class='ocrx_word' id='word_1_301' title='bbox 1296 1505 1417 1539; x_wconf 74' lang='lat' dir='ltr'>Israel</span> <span class='ocrx_word' id='word_1_302' title='bbox 1431 1503 1654 1539; x_wconf 74' lang='lat' dir='ltr'>Deminum:</span> <span class='ocrx_word' id='word_1_303' title='bbox 1678 1501 1699 1526; x_wconf 71' lang='lat'><em>*</em></span> <span class='ocrx_word' id='word_1_304' title='bbox 1714 1500 1846 1535; x_wconf 87' lang='lat' dir='ltr'>laudet</span> 
     </span>
     <span class='ocr_line' id='line_1_65' title="bbox 1021 1552 1693 1600; baseline -0.01 -8"><span class='ocrx_word' id='word_1_305' title='bbox 1021 1562 1058 1592; x_wconf 91' lang='lat' dir='ltr'>et</span> <span class='ocrx_word' id='word_1_306' title='bbox 1082 1556 1342 1600; x_wconf 66' lang='lat' dir='ltr'>superexaltet</span> <span class='ocrx_word' id='word_1_307' title='bbox 1366 1565 1452 1589; x_wconf 91' lang='lat' dir='ltr'>eum</span> <span class='ocrx_word' id='word_1_308' title='bbox 1477 1554 1517 1587; x_wconf 90' lang='lat' dir='ltr'>in</span> <span class='ocrx_word' id='word_1_309' title='bbox 1541 1552 1693 1587; x_wconf 73' lang='lat' dir='ltr'>saecula.</span> 
     </span>
    </p>

    <p class='ocr_par' dir='ltr' id='par_1_26' title="bbox 1020 1599 1846 1692">
     <span class='ocr_line' id='line_1_66' title="bbox 1072 1599 1846 1642; baseline -0.012 0"><span class='ocrx_word' id='word_1_310' title='bbox 1072 1607 1293 1642; x_wconf 88' lang='lat' dir='ltr'>Benedicite</span> <span class='ocrx_word' id='word_1_311' title='bbox 1330 1604 1551 1640; x_wconf 76' lang='lat' dir='ltr'>sacerdetes</span> <span class='ocrx_word' id='word_1_312' title='bbox 1583 1600 1739 1636; x_wconf 75' lang='lat' dir='ltr'>Demini</span> <span class='ocrx_word' id='word_1_313' title='bbox 1770 1599 1846 1634; x_wconf 86' lang='lat' dir='ltr'>D6-</span> 
     </span>
     <span class='ocr_line' id='line_1_67' title="bbox 1020 1649 1845 1692; baseline -0.013 1"><span class='ocrx_word' id='word_1_314' title='bbox 1020 1658 1142 1692; x_wconf 89' lang='lat' dir='ltr'>mino:</span> <span class='ocrx_word' id='word_1_315' title='bbox 1164 1658 1185 1682; x_wconf 66' lang='lat'>²¹&lt;</span> <span class='ocrx_word' id='word_1_316' title='bbox 1206 1655 1422 1691; x_wconf 89' lang='lat' dir='ltr'>benedicite</span> <span class='ocrx_word' id='word_1_317' title='bbox 1447 1653 1549 1688; x_wconf 88' lang='lat' dir='ltr'>servi</span> <span class='ocrx_word' id='word_1_318' title='bbox 1569 1650 1725 1686; x_wconf 76' lang='lat' dir='ltr'>Demini</span> <span class='ocrx_word' id='word_1_319' title='bbox 1747 1649 1845 1683; x_wconf 77' lang='lat' dir='ltr'>Dno.</span> 
     </span>
    </p>

    <p class='ocr_par' dir='ltr' id='par_1_27' title="bbox 1020 1699 1846 1842">
     <span class='ocr_line' id='line_1_68' title="bbox 1072 1699 1846 1749; baseline -0.013 -7"><span class='ocrx_word' id='word_1_320' title='bbox 1072 1706 1295 1742; x_wconf 88' lang='lat' dir='ltr'>Benedicite</span> <span class='ocrx_word' id='word_1_321' title='bbox 1313 1705 1485 1749; x_wconf 88' lang='lat' dir='ltr'>spiritus,</span> <span class='ocrx_word' id='word_1_322' title='bbox 1509 1707 1546 1737; x_wconf 89' lang='lat' dir='ltr'>et</span> <span class='ocrx_word' id='word_1_323' title='bbox 1570 1701 1708 1736; x_wconf 76' lang='lat' dir='ltr'>animae</span> <span class='ocrx_word' id='word_1_324' title='bbox 1730 1699 1846 1743; x_wconf 75' lang='lat' dir='ltr'>juste-</span> 
     </span>
     <span class='ocr_line' id='line_1_69' title="bbox 1020 1749 1846 1792; baseline -0.012 0"><span class='ocrx_word' id='word_1_325' title='bbox 1020 1768 1104 1792; x_wconf 91' lang='lat' dir='ltr'>rum</span> <span class='ocrx_word' id='word_1_326' title='bbox 1134 1757 1317 1791; x_wconf 75' lang='lat' dir='ltr'>Deminoz</span> <span class='ocrx_word' id='word_1_327' title='bbox 1351 1755 1372 1779; x_wconf 69' lang='lat'>‘³‘</span> <span class='ocrx_word' id='word_1_328' title='bbox 1406 1751 1621 1788; x_wconf 89' lang='lat' dir='ltr'>benedicite</span> <span class='ocrx_word' id='word_1_329' title='bbox 1653 1749 1775 1785; x_wconf 86' lang='lat' dir='ltr'>sancti</span> <span class='ocrx_word' id='word_1_330' title='bbox 1809 1752 1846 1782; x_wconf 90' lang='lat' dir='ltr'>et</span> 
     </span>
     <span class='ocr_line' id='line_1_70' title="bbox 1020 1804 1528 1842; baseline -0.01 0"><span class='ocrx_word' id='word_1_331' title='bbox 1020 1807 1187 1842; x_wconf 78' lang='lat' dir='ltr'>humiles</span> <span class='ocrx_word' id='word_1_332' title='bbox 1212 1805 1328 1841; x_wconf 91' lang='lat' dir='ltr'>corde</span> <span class='ocrx_word' id='word_1_333' title='bbox 1351 1804 1528 1839; x_wconf 68' lang='lat' dir='ltr'>Domino.</span> 
     </span>
    </p>

    <p class='ocr_par' dir='ltr' id='par_1_28' title="bbox 1020 1847 1847 1991">
     <span class='ocr_line' id='line_1_71' title="bbox 1072 1847 1847 1895; baseline -0.014 -4"><span class='ocrx_word' id='word_1_334' title='bbox 1072 1855 1294 1891; x_wconf 87' lang='lat' dir='ltr'>Benedicite</span> <span class='ocrx_word' id='word_1_335' title='bbox 1323 1854 1491 1895; x_wconf 85' lang='lat' dir='ltr'>Anania,</span> <span class='ocrx_word' id='word_1_336' title='bbox 1520 1850 1677 1892; x_wconf 85' lang='lat' dir='ltr'>Azaria‚</span> <span class='ocrx_word' id='word_1_337' title='bbox 1711 1847 1847 1882; x_wconf 84' lang='lat' dir='ltr'>Misa‘el</span> 
     </span>
     <span class='ocr_line' id='line_1_72' title="bbox 1020 1897 1845 1943; baseline -0.013 -2"><span class='ocrx_word' id='word_1_338' title='bbox 1020 1906 1204 1941; x_wconf 73' lang='lat' dir='ltr'>Demino:</span> <span class='ocrx_word' id='word_1_339' title='bbox 1239 1905 1260 1929; x_wconf 64' lang='lat'>²¹²</span> <span class='ocrx_word' id='word_1_340' title='bbox 1296 1903 1450 1938; x_wconf 72' lang='lat' dir='ltr'>laudate</span> <span class='ocrx_word' id='word_1_341' title='bbox 1487 1905 1523 1936; x_wconf 92' lang='lat' dir='ltr'>et</span> <span class='ocrx_word' id='word_1_342' title='bbox 1562 1897 1845 1943; x_wconf 68' lang='lat' dir='ltr'>superexaltate</span> 
     </span>
     <span class='ocr_line' id='line_1_73' title="bbox 1022 1954 1349 1991; baseline -0.012 0"><span class='ocrx_word' id='word_1_343' title='bbox 1022 1966 1109 1991; x_wconf 91' lang='lat' dir='ltr'>eum</span> <span class='ocrx_word' id='word_1_344' title='bbox 1132 1955 1172 1989; x_wconf 92' lang='lat' dir='ltr'>in</span> <span class='ocrx_word' id='word_1_345' title='bbox 1196 1954 1349 1988; x_wconf 76' lang='lat' dir='ltr'>saecula.</span> 
     </span>
    </p>

    <p class='ocr_par' dir='ltr' id='par_1_29' title="bbox 1022 1997 1847 2141">
     <span class='ocr_line' id='line_1_74' title="bbox 1073 1997 1847 2044; baseline -0.017 -3"><span class='ocrx_word' id='word_1_346' title='bbox 1073 2005 1354 2040; x_wconf 67' lang='lat' dir='ltr'>Benedicamus</span> <span class='ocrx_word' id='word_1_347' title='bbox 1371 2002 1534 2044; x_wconf 87' lang='lat' dir='ltr'>Patrem,</span> <span class='ocrx_word' id='word_1_348' title='bbox 1553 2003 1589 2034; x_wconf 92' lang='lat' dir='ltr'>et</span> <span class='ocrx_word' id='word_1_349' title='bbox 1604 1997 1744 2032; x_wconf 87' lang='lat' dir='ltr'>Filium</span> <span class='ocrx_word' id='word_1_350' title='bbox 1761 2005 1847 2030; x_wconf 86' lang='lat' dir='ltr'>cum</span> 
     </span>
     <span class='ocr_line' id='line_1_75' title="bbox 1022 2051 1846 2098; baseline -0.016 -7"><span class='ocrx_word' id='word_1_351' title='bbox 1022 2060 1156 2091; x_wconf 85' lang='lat' dir='ltr'>sancto</span> <span class='ocrx_word' id='word_1_352' title='bbox 1173 2054 1333 2098; x_wconf 88' lang='lat' dir='ltr'>Spiritu:</span> <span class='ocrx_word' id='word_1_353' title='bbox 1355 2052 1376 2076; x_wconf 65' lang='lat'>&#39;⁸‘</span> <span class='ocrx_word' id='word_1_354' title='bbox 1396 2051 1596 2086; x_wconf 86' lang='lat' dir='ltr'>laudemus</span> <span class='ocrx_word' id='word_1_355' title='bbox 1613 2052 1650 2083; x_wconf 91' lang='lat' dir='ltr'>et</span> <span class='ocrx_word' id='word_1_356' title='bbox 1666 2055 1846 2090; x_wconf 85' lang='lat' dir='ltr'>superex-</span> 
     </span>
     <span class='ocr_line' id='line_1_76' title="bbox 1022 2100 1534 2141; baseline -0.014 0"><span class='ocrx_word' id='word_1_357' title='bbox 1022 2107 1183 2141; x_wconf 88' lang='lat' dir='ltr'>altemus</span> <span class='ocrx_word' id='word_1_358' title='bbox 1207 2114 1295 2139; x_wconf 92' lang='lat' dir='ltr'>eum</span> <span class='ocrx_word' id='word_1_359' title='bbox 1317 2103 1358 2137; x_wconf 91' lang='lat' dir='ltr'>in</span> <span class='ocrx_word' id='word_1_360' title='bbox 1381 2100 1534 2136; x_wconf 72' lang='lat' dir='ltr'>saecula.</span> 
     </span>
    </p>

    <p class='ocr_par' dir='ltr' id='par_1_30' title="bbox 1021 2145 1847 2300">
     <span class='ocr_line' id='line_1_77' title="bbox 1073 2145 1845 2190; baseline -0.018 1"><span class='ocrx_word' id='word_1_361' title='bbox 1073 2154 1304 2190; x_wconf 88' lang='lat' dir='ltr'>Benedictus</span> <span class='ocrx_word' id='word_1_362' title='bbox 1321 2163 1362 2187; x_wconf 92' lang='lat' dir='ltr'>es</span> <span class='ocrx_word' id='word_1_363' title='bbox 1374 2150 1538 2186; x_wconf 77' lang='lat' dir='ltr'>Demine</span> <span class='ocrx_word' id='word_1_364' title='bbox 1555 2148 1595 2182; x_wconf 89' lang='lat' dir='ltr'>in</span> <span class='ocrx_word' id='word_1_365' title='bbox 1608 2145 1845 2181; x_wconf 88' lang='lat' dir='ltr'>firmamento</span> 
     </span>
     <span class='ocr_line' id='line_1_78' title="bbox 1022 2196 1847 2243; baseline -0.017 -2"><span class='ocrx_word' id='word_1_366' title='bbox 1022 2206 1126 2241; x_wconf 89' lang='lat' dir='ltr'>coeli:</span> <span class='ocrx_word' id='word_1_367' title='bbox 1150 2205 1171 2229; x_wconf 53' lang='lat'>²*</span> <span class='ocrx_word' id='word_1_368' title='bbox 1195 2208 1232 2238; x_wconf 94' lang='lat' dir='ltr'>et</span> <span class='ocrx_word' id='word_1_369' title='bbox 1254 2201 1481 2243; x_wconf 65' lang='lat' dir='ltr'>laudabilis,</span> <span class='ocrx_word' id='word_1_370' title='bbox 1510 2202 1547 2233; x_wconf 93' lang='lat' dir='ltr'>et</span> <span class='ocrx_word' id='word_1_371' title='bbox 1570 2196 1780 2241; x_wconf 76' lang='lat' dir='ltr'>gloriesus,</span> <span class='ocrx_word' id='word_1_372' title='bbox 1810 2196 1847 2227; x_wconf 93' lang='lat' dir='ltr'>et</span> 
     </span>
     <span class='ocr_line' id='line_1_79' title="bbox 1021 2248 1571 2300; baseline -0.016 -9"><span class='ocrx_word' id='word_1_373' title='bbox 1021 2253 1330 2300; x_wconf 65' lang='lat' dir='ltr'>superexaltetus</span> <span class='ocrx_word' id='word_1_374' title='bbox 1354 2251 1395 2285; x_wconf 94' lang='lat' dir='ltr'>in</span> <span class='ocrx_word' id='word_1_375' title='bbox 1417 2248 1571 2284; x_wconf 68' lang='lat' dir='ltr'>saecula.</span> 
     </span>
    </p>
   </div>
   <div class='ocr_carea' id='block_1_9' title="bbox 1020 2311 1845 2800">
    <p class='ocr_par' dir='ltr' id='par_1_31' title="bbox 1295 2311 1578 2345">
     <span class='ocr_line' id='line_1_80' title="bbox 1295 2311 1578 2345; baseline -0.004 0"><span class='ocrx_word' id='word_1_376' title='bbox 1295 2312 1472 2345; x_wconf 85' lang='lat' dir='ltr'>Psalmus</span> <span class='ocrx_word' id='word_1_377' title='bbox 1500 2311 1578 2345; x_wconf 87' lang='lat'>150.</span> 
     </span>
    </p>

    <p class='ocr_par' dir='ltr' id='par_1_32' title="bbox 1024 2353 1845 2450">
     <span class='ocr_line' id='line_1_81' title="bbox 1066 2353 1845 2401; baseline -0.022 1"><span class='ocrx_word' id='word_1_378' title='bbox 1066 2366 1204 2401; x_wconf 73' lang='lat' dir='ltr'>audate</span> <span class='ocrx_word' id='word_1_379' title='bbox 1227 2365 1330 2399; x_wconf 79' lang='lat' dir='ltr'>Dfim</span> <span class='ocrx_word' id='word_1_380' title='bbox 1359 2363 1399 2397; x_wconf 92' lang='lat' dir='ltr'>in</span> <span class='ocrx_word' id='word_1_381' title='bbox 1427 2359 1572 2396; x_wconf 87' lang='lat' dir='ltr'>sanctis</span> <span class='ocrx_word' id='word_1_382' title='bbox 1596 2354 1696 2400; x_wconf 76' lang='lat' dir='ltr'>ejus:</span> <span class='ocrx_word' id='word_1_383' title='bbox 1722 2354 1743 2378; x_wconf 72' lang='lat'>¹⁸²</span> <span class='ocrx_word' id='word_1_384' title='bbox 1766 2353 1845 2387; x_wconf 85' lang='lat' dir='ltr'>lau-</span> 
     </span>
     <span class='ocr_line' id='line_1_82' title="bbox 1024 2376 1844 2450; baseline -0.022 2"><span class='ocrx_word' id='word_1_385' title='bbox 1024 2376 1070 2449; x_wconf 85' lang='lat' dir='ltr'>L</span> <span class='ocrx_word' id='word_1_386' title='bbox 1087 2416 1174 2450; x_wconf 77' lang='lat' dir='ltr'>date</span> <span class='ocrx_word' id='word_1_387' title='bbox 1186 2425 1273 2450; x_wconf 89' lang='lat' dir='ltr'>eum</span> <span class='ocrx_word' id='word_1_388' title='bbox 1286 2414 1326 2448; x_wconf 91' lang='lat' dir='ltr'>in</span> <span class='ocrx_word' id='word_1_389' title='bbox 1337 2411 1575 2447; x_wconf 86' lang='lat' dir='ltr'>firmamento</span> <span class='ocrx_word' id='word_1_390' title='bbox 1586 2403 1739 2442; x_wconf 79' lang='lat' dir='ltr'>virtutis</span> <span class='ocrx_word' id='word_1_391' title='bbox 1753 2403 1844 2445; x_wconf 90' lang='lat' dir='ltr'>ejus.</span> 
     </span>
    </p>

    <p class='ocr_par' dir='ltr' id='par_1_33' title="bbox 1020 2451 1845 2608">
     <span class='ocr_line' id='line_1_83' title="bbox 1072 2451 1845 2509; baseline -0.021 -9"><span class='ocrx_word' id='word_1_392' title='bbox 1072 2465 1244 2499; x_wconf 63' lang='lat' dir='ltr'>Laudate</span> <span class='ocrx_word' id='word_1_393' title='bbox 1274 2473 1362 2498; x_wconf 92' lang='lat' dir='ltr'>eum</span> <span class='ocrx_word' id='word_1_394' title='bbox 1390 2462 1430 2496; x_wconf 91' lang='lat' dir='ltr'>in</span> <span class='ocrx_word' id='word_1_395' title='bbox 1457 2457 1664 2495; x_wconf 76' lang='lat' dir='ltr'>virtutibus</span> <span class='ocrx_word' id='word_1_396' title='bbox 1695 2453 1792 2509; x_wconf 73' lang='lat' dir='ltr'>eius:</span> <span class='ocrx_word' id='word_1_397' title='bbox 1824 2451 1845 2475; x_wconf 77' lang='lat'><strong>*</strong></span> 
     </span>
     <span class='ocr_line' id='line_1_84' title="bbox 1020 2502 1845 2549; baseline -0.019 1"><span class='ocrx_word' id='word_1_398' title='bbox 1020 2515 1175 2549; x_wconf 75' lang='lat' dir='ltr'>laudate</span> <span class='ocrx_word' id='word_1_399' title='bbox 1205 2524 1292 2548; x_wconf 92' lang='lat' dir='ltr'>eum</span> <span class='ocrx_word' id='word_1_400' title='bbox 1323 2510 1535 2547; x_wconf 74' lang='lat' dir='ltr'>secundum</span> <span class='ocrx_word' id='word_1_401' title='bbox 1562 2502 1845 2541; x_wconf 77' lang='lat' dir='ltr'>multitudinem</span> 
     </span>
     <span class='ocr_line' id='line_1_85' title="bbox 1020 2563 1415 2608; baseline -0.01 -9"><span class='ocrx_word' id='word_1_402' title='bbox 1020 2563 1299 2608; x_wconf 75' lang='lat' dir='ltr'>magnitudinis</span> <span class='ocrx_word' id='word_1_403' title='bbox 1322 2563 1415 2606; x_wconf 89' lang='lat' dir='ltr'>ejus.</span> 
     </span>
    </p>

    <p class='ocr_par' dir='ltr' id='par_1_34' title="bbox 1022 2600 1844 2706">
     <span class='ocr_line' id='line_1_86' title="bbox 1073 2600 1844 2649; baseline -0.022 1"><span class='ocrx_word' id='word_1_404' title='bbox 1073 2614 1246 2649; x_wconf 67' lang='lat' dir='ltr'>Laudate</span> <span class='ocrx_word' id='word_1_405' title='bbox 1270 2623 1357 2648; x_wconf 93' lang='lat' dir='ltr'>eum</span> <span class='ocrx_word' id='word_1_406' title='bbox 1382 2609 1422 2645; x_wconf 74' lang='lat'>1⁶11</span> <span class='ocrx_word' id='word_1_407' title='bbox 1446 2617 1542 2643; x_wconf 92' lang='lat' dir='ltr'>sono</span> <span class='ocrx_word' id='word_1_408' title='bbox 1570 2604 1688 2640; x_wconf 86' lang='lat' dir='ltr'>tubae:</span> <span class='ocrx_word' id='word_1_409' title='bbox 1716 2601 1738 2625; x_wconf 84' lang='lat'>*</span> <span class='ocrx_word' id='word_1_410' title='bbox 1764 2600 1844 2634; x_wconf 89' lang='lat' dir='ltr'>lau-</span> 
     </span>
     <span class='ocr_line' id='line_1_87' title="bbox 1022 2653 1741 2706; baseline -0.021 -6"><span class='ocrx_word' id='word_1_411' title='bbox 1022 2664 1110 2699; x_wconf 65' lang='lat' dir='ltr'>dete</span> <span class='ocrx_word' id='word_1_412' title='bbox 1134 2674 1221 2698; x_wconf 89' lang='lat' dir='ltr'>eum</span> <span class='ocrx_word' id='word_1_413' title='bbox 1244 2663 1285 2697; x_wconf 90' lang='lat' dir='ltr'>in</span> <span class='ocrx_word' id='word_1_414' title='bbox 1306 2658 1502 2706; x_wconf 87' lang='lat' dir='ltr'>psalterio,</span> <span class='ocrx_word' id='word_1_415' title='bbox 1526 2660 1563 2691; x_wconf 92' lang='lat' dir='ltr'>et</span> <span class='ocrx_word' id='word_1_416' title='bbox 1586 2653 1741 2689; x_wconf 87' lang='lat' dir='ltr'>cithara.</span> 
     </span>
    </p>

    <p class='ocr_par' dir='ltr' id='par_1_35' title="bbox 1020 2700 1844 2800">
     <span class='ocr_line' id='line_1_88' title="bbox 1074 2700 1844 2753; baseline -0.023 -3"><span class='ocrx_word' id='word_1_417' title='bbox 1074 2714 1246 2749; x_wconf 72' lang='lat' dir='ltr'>Laudate</span> <span class='ocrx_word' id='word_1_418' title='bbox 1269 2721 1355 2747; x_wconf 90' lang='lat' dir='ltr'>eum</span> <span class='ocrx_word' id='word_1_419' title='bbox 1374 2710 1414 2744; x_wconf 86' lang='lat' dir='ltr'>in</span> <span class='ocrx_word' id='word_1_420' title='bbox 1431 2710 1632 2753; x_wconf 68' lang='lat' dir='ltr'>tympano,</span> <span class='ocrx_word' id='word_1_421' title='bbox 1656 2705 1693 2737; x_wconf 92' lang='lat' dir='ltr'>et</span> <span class='ocrx_word' id='word_1_422' title='bbox 1709 2700 1844 2735; x_wconf 91' lang='lat' dir='ltr'>choro:</span> 
     </span>
     <span class='ocr_line' id='line_1_89' title="bbox 1020 2752 1822 2800; baseline -0.024 2"><span class='ocrx_word' id='word_1_423' title='bbox 1020 2765 1041 2790; x_wconf 62' lang='lat'>²*</span> <span class='ocrx_word' id='word_1_424' title='bbox 1065 2764 1220 2800; x_wconf 74' lang='lat' dir='ltr'>laudate</span> <span class='ocrx_word' id='word_1_425' title='bbox 1244 2771 1331 2798; x_wconf 88' lang='lat' dir='ltr'>eum</span> <span class='ocrx_word' id='word_1_426' title='bbox 1353 2760 1393 2794; x_wconf 90' lang='lat' dir='ltr'>in</span> <span class='ocrx_word' id='word_1_427' title='bbox 1416 2755 1583 2798; x_wconf 87' lang='lat' dir='ltr'>chordis,</span> <span class='ocrx_word' id='word_1_428' title='bbox 1607 2756 1644 2788; x_wconf 90' lang='lat' dir='ltr'>et</span> <span class='ocrx_word' id='word_1_429' title='bbox 1667 2752 1822 2794; x_wconf 78' lang='lat' dir='ltr'>ergano.</span> 
     </span>
    </p>
   </div>
   <div class='ocr_carea' id='block_1_10' title="bbox 65 189 1912 2861">
    <p class='ocr_par' dir='ltr' id='par_1_36' title="bbox 65 189 1912 2861">
     <span class='ocr_line' id='line_1_90' title="bbox 65 189 1912 2861; baseline 0 0"><span class='ocrx_word' id='word_1_430' title='bbox 65 189 1912 2861; x_wconf 95' lang='lat' dir='ltr'> </span> 
     </span>
    </p>
   </div>
  </div>
 </body>
</html>
