2040 2976
747 206 958 241 Commune
983 206 1273 250 Apostolorum.

205 299 307 341 Ant.
330 298 420 343 Vos
441 302 571 343 amici
589 302 676 344 mei
698 301 816 352 estis,
830 301 854 328 *
870 301 908 342 si
926 301 984 343 fe-

155 358 302 400 ceritis
331 370 430 411 quae
457 358 673 411 praecipio
702 358 844 408 vobis,
877 358 985 400 dicit

157 415 382 457 Dominus.

419 476 617 517 Psalmus
646 477 718 516 111.

153 541 363 648 Beatus
383 546 462 596 vir,
492 546 567 598 qui
588 546 714 587 timet
731 545 984 586 Dominum:

254 603 278 630 *
296 603 341 644 in
359 602 578 644 mandatis
598 603 689 655 ejus
708 601 827 644 volet
846 602 984 643 nimis.

206 660 370 702 Potens
393 660 439 701 in
463 664 582 701 terra
601 659 684 701 erit
708 671 858 700 semen
877 660 984 711 ejus:

155 717 179 743 *
197 716 424 768 generatio
444 718 669 758 rectorum
686 715 983 758 benedicetur.

207 773 369 824 Gloria,
397 777 441 815 et
468 772 632 815 divitiae
655 773 701 814 in
724 772 856 814 domo
878 773 983 825 ejus:

151 831 175 858 *
191 835 235 872 et
252 830 416 883 justitia
435 831 532 883 ejus.
544 835 694 872 manet
712 830 756 871 in
773 829 983 872 saeculum

154 887 315 929 saeculi.

204 945 421 986 Exortum
448 948 517 986 est
544 944 588 985 in
616 943 811 987 tenebris
834 944 982 986 lumen

152 1001 300 1043 rectis:
327 1001 352 1028 *
378 1001 641 1051 misericors,
670 1006 715 1043 et
737 1001 982 1051 miserator,

152 1062 196 1101 et
212 1059 362 1110 justus.

205 1115 230 1156 J
231 1114 433 1157 ucundus
447 1115 581 1157 homo
599 1115 674 1168 qui
692 1115 925 1157 miseretur
941 1119 984 1157 et

154 1171 416 1223 commodat,
425 1172 631 1226 disponet
639 1174 867 1214 sermones
878 1185 983 1213 suos

152 1229 198 1270 in
223 1228 398 1282 judicio:
422 1229 447 1256 *
473 1230 576 1282 quia
596 1229 641 1270 in
662 1231 876 1271 aeternum
894 1242 983 1270 non

155 1285 515 1329 commovebitur.

205 1344 258 1384 In
276 1343 489 1385 memoria
508 1345 674 1385 aeterna
693 1343 775 1385 erit
793 1344 946 1395 justus:
960 1343 983 1369 *

154 1399 209 1442 ab
230 1399 454 1442 auditione
472 1400 587 1442 mala
605 1413 694 1442 non
712 1400 894 1442 timebit.

205 1457 414 1498 Paratum
430 1470 507 1499 cor
527 1458 617 1509 ejus
637 1459 818 1510 sperare
837 1458 882 1499 in
895 1458 983 1499 Do-

154 1514 284 1564 mino,
312 1513 619 1556 confirmatum
644 1518 711 1556 est
735 1527 812 1556 cor
836 1515 941 1567 ejus:
960 1515 984 1540 *

154 1583 243 1612 non
253 1570 604 1613 commovebitur
616 1571 756 1613 donec
768 1571 985 1624 despiciat

153 1627 353 1669 inimicos
374 1640 490 1669 suos.

205 1684 440 1738 Dispersit‚
470 1684 592 1727 dedit
614 1685 898 1739 pauperibus:
926 1686 984 1738 ju-

155 1741 273 1783 stitia
283 1742 373 1794 ejus
383 1746 531 1784 manet
539 1742 583 1783 in
597 1742 807 1784 saeculum
823 1742 984 1792 saeculi,

154 1798 178 1825 *
199 1810 336 1840 cornu
354 1799 445 1850 ejus
465 1798 728 1842 exaltabitur
746 1800 790 1840 in
809 1799 959 1850 gloria.

208 1855 424 1897 Peccator
457 1855 643 1906 videbit,
685 1861 730 1898 et
760 1857 985 1906 irascetur,

158 1911 360 1954 dentibus
381 1912 471 1954 suis
489 1912 648 1955 fremet
666 1918 711 1955 et
729 1913 942 1956 tabescet:
962 1914 986 1939 *

158 1967 426 2011 desiderium
443 1971 730 2022 peccatorum
747 1970 921 2023 peribit.

210 2034 309 2076 Ant.
332 2033 423 2076 Vos
442 2035 571 2076 amici
587 2035 675 2077 mei
689 2035 804 2085 estis,
824 2036 862 2076 si
875 2035 986 2078 fece-

159 2091 253 2156 ritis
272 2103 372 2143 quae
389 2091 602 2144 praecipio
621 2091 759 2147 vobis,
780 2092 886 2134 dicit
899 2093 987 2134 Do-

159 2161 312 2189 minus.

211 2214 311 2255 Ant.
326 2213 455 2255 Beati
467 2214 680 2267 pacifici,*
690 2214 810 2256 beati
822 2215 989 2256 mundo

160 2269 314 2368 ἔοι-εἶα
352 2270 558 2323 quoniam
589 2270 675 2324 ipsi
701 2272 845 2314 Deum
872 2271 988 2314 vide-

192 2340 249 2367 ΠΗ
272 2358 280 2367 ⁶
426 2372 629 2425 Psalmus‘
649 2385 726 2425 112.

214 2457 374 2500 audate
406 2458 534 2510 pueri
568 2459 824 2502 Dominum:
850 2459 874 2486 *
901 2460 989 2501 lau-

266 2514 369 2557 date
387 2527 549 2556 nomen
567 2515 756 2558 Domini.

213 2571 278 2613 Sit
295 2584 454 2613 nomen
470 2572 650 2614 Domini
666 2573 990 2624 benedictum,*

163 2641 218 2670 ex
235 2628 320 2670 hoc
338 2641 463 2679 nunc,
486 2633 530 2671 et
546 2642 686 2682 usque
704 2630 749 2671 in
769 2630 990 2673 saeculum.

215 2686 256 2726 A
280 2685 385 2727 solis
409 2690 509 2727 ortu
533 2698 673 2739 usque
697 2686 754 2728 ad
773 2689 990 2739 occasum,

163 2741 422 2785 *laudabile
440 2755 600 2785 nomen
620 2743 809 2785 Domini.

1089 298 1304 340 Excelsus
1341 310 1475 351 super
1512 311 1666 340 omnes
1703 297 1870 339 Gentes

1036 355 1265 406 Dominus,
1285 356 1309 384 *
1337 359 1381 397 et
1409 367 1541 407 super
1563 357 1702 399 coelos
1730 354 1870 405 gloria

1038 413 1141 466 ejus.

1090 470 1197 521 Quis
1213 470 1326 511 sicut
1341 469 1558 512 Dominus
1572 471 1696 514 Deus
1709 475 1871 521 noster,

1039 527 1115 581 qui
1141 526 1185 568 in
1214 526 1313 568 altis
1340 525 1528 578 habitat,
1555 528 1579 556 *
1615 533 1659 570 et
1691 528 1872 570 humilia

1037 584 1218 638 respicit
1235 583 1279 624 in
1298 582 1413 625 coelo
1436 587 1479 625 et
1497 584 1540 625 in
1559 585 1701 627 terra?

1089 641 1316 683 Suscitans
1337 652 1362 681 a
1376 644 1494 682 terra
1508 643 1698 695 inopem,
1713 643 1737 671 *
1753 647 1796 684 et
1816 642 1870 684 de

1037 700 1232 741 stercore
1250 697 1422 748 erigens
1441 701 1697 751 paliperem:

1088 756 1149 798 Ut
1181 754 1370 797 collocet
1403 767 1503 796 eum
1536 768 1635 797 cum
1666 757 1871 810 principi-

1036 813 1134 863 bus,
1153 814 1177 840 *
1205 825 1305 854 cum
1324 811 1597 864 principibus
1620 813 1775 866 populi
1795 814 1871 855 sui.

1089 870 1174 920 Qui
1208 868 1408 910 habitare
1451 869 1556 911 facit
1597 870 1791 912 sterilem
1828 870 1872 911 in

1021 948 1024 952 ·
1038 927 1183 977 domo,
1194 927 1218 954 *
1232 930 1419 967 matrem
1431 925 1622 968 filiorum
1636 927 1871 969 laetantem.

1091 992 1190 1031 Ant.
1215 987 1342 1028 Beati
1362 987 1545 1040 pacifici,
1565 987 1685 1030 beati
1705 989 1871 1031 mundo

1035 1044 1188 1144 {pladez
1227 1044 1435 1097 quoniam
1468 1044 1554 1097 ipsi
1581 1045 1726 1087 Deum
1754 1046 1871 1088 vide-

1092 1165 1191 1205 Ant.
1221 1164 1272 1204 In
1291 1162 1501 1216 patientia
1520 1168 1667 1205 vestra
1686 1164 1711 1191 *
1730 1164 1870 1217 possi-

1038 1218 1198 1261 debitis
1219 1220 1385 1261 animas
1403 1224 1585 1262 vestras.

1301 1300 1501 1343 psalmus
1532 1303 1609 1341 1145.

1039 1360 1251 1467 Eudate
1265 1365 1506 1406 Dominum
1521 1377 1674 1407 omnes
1691 1366 1872 1408 Gentes:

1101 1431 1106 1435 ’
1142 1422 1165 1447 *
1183 1421 1362 1464 laudate
1382 1435 1482 1463 eum
1502 1435 1655 1464 omnes
1676 1423 1845 1476 populi:

1091 1479 1308 1530 Quoniam
1343 1479 1603 1521 confirmata
1636 1484 1704 1521 est
1740 1493 1872 1533 super
1922 1510 1923 1513 η

1038 1549 1120 1577 nos
1139 1535 1444 1577 misericordia
1463 1537 1570 1588 ejus:
1594 1537 1618 1562 *
1647 1541 1691 1578 et
1709 1537 1872 1579 veritas

1037 1592 1217 1634 Domini
1235 1597 1382 1634 manet
1399 1593 1444 1633 in
1463 1594 1688 1634 aeternum.

1092 1654 1193 1694 Ant.
1220 1654 1270 1693 In
1285 1653 1498 1706 patientia
1512 1659 1660 1696 vestra
1675 1654 1872 1708 posside-

1038 1710 1140 1752 bitis
1161 1710 1330 1752 animas
1348 1715 1531 1752 vestras.

1119 1780 1379 1832 Capitulum.
1529 1779 1687 1831 Ephes.
1703 1780 1738 1819 2.
1756 1779 1793 1819 d.

1040 1837 1280 1943 Fratres:
1307 1847 1405 1889 Jam
1427 1860 1515 1889 non
1542 1848 1648 1889 estis
1663 1847 1872 1900 hospites,

1140 1909 1184 1946 et
1202 1904 1401 1947 advenae:
1422 1904 1502 1946 sed
1517 1905 1622 1946 estis
1638 1905 1756 1946 cives
1776 1917 1871 1945 san-

1040 1963 1227 2012 ctorum,
1261 1966 1307 2003 et
1334 1961 1565 2003 domestici
1591 1961 1689 2003 Dei:
1722 1974 1872 2014 super-

1041 2018 1248 2060 aedificati
1263 2031 1396 2072 super
1410 2018 1743 2060 fundamentum
1753 2018 1872 2070 Apo-

1041 2075 1276 2127 stolorum,
1318 2079 1363 2117 et
1390 2075 1734 2129 Prophetarum,
1775 2075 1872 2127 ipso

1041 2137 1168 2174 sumo
1188 2131 1386 2184 angulari
1404 2132 1552 2185 lapide
1568 2132 1742 2174 Christo
1757 2131 1782 2173 J
1785 2144 1872 2173 esu.

1094 2188 1144 2239 R».
1171 2189 1269 2230 Deo
1289 2189 1467 2240 gratias.

1354 2261 1565 2312 Hymnus.

1150 2327 1316 2370 xsultet
1334 2328 1454 2371 orbis
1473 2327 1660 2380 gaudiis:

1173 2384 1344 2427 Coelum
1361 2385 1545 2428 resultet
1562 2385 1783 2428 laadibus:

1120 2442 1441 2496 Apostolorum
1459 2442 1646 2495 gloriam

1120 2499 1271 2542 Tellus
1292 2503 1336 2542 et
1353 2504 1472 2542 astra
1492 2500 1737 2542 concinunt.

1078 2571 1174 2626 Vos.
1186 2574 1450 2616 saeculorum
1469 2574 1646 2628 judices,

1121 2631 1178 2673 Et
1197 2644 1302 2673 vera
1320 2631 1473 2674 mundi
1491 2631 1669 2673 lumina:

1120 2689 1251 2731 Votis
1270 2691 1503 2742 precamur
1522 2687 1731 2737 cordium,

1122 2745 1285 2787 Audite
1304 2758 1438 2788 voces
1458 2745 1718 2798 supplicum.
