2040 2976
215 211 239 243 8
792 207 989 239 Dominien
1017 207 1065 239 ud
1092 207 1326 239 Matutinum.

217 306 300 347 illic
320 305 643 358 trepidaverunt
662 305 834 353 timOre‚
854 303 926 345 ubi
946 317 1029 345 non

215 368 306 403 erat
326 362 464 402 timor.

267 418 476 468 Quoniam
496 418 708 458 Dominus
731 418 772 457 in
792 417 1029 467 generatio-

214 487 267 515 ne
286 474 394 524 justa
414 479 498 522 est,
527 474 751 514 consilium
771 473 911 525 inopis
932 486 1029 514 con-

215 529 397 570 fudistis:
417 531 438 554 *
466 530 669 582 quoniam
692 530 904 570 Dominus
929 542 1029 582 spes

214 586 302 636 ejus
322 591 397 627 est.

264 642 368 691 Quis
397 641 517 683 dabit
544 655 597 683 ex
625 642 725 683 Sion
753 642 941 683 salutare
969 643 1028 682 Is-

213 696 324 738 rael?
345 699 367 723 *
391 711 488 739 cum
508 698 712 739 averterit
731 699 942 739 Deminus
962 711 1028 739 ca-

212 754 454 805 ptivitatem
487 754 626 807 plebis
654 767 762 803 suae,
795 754 1028 796 exsultabit

211 809 234 849 J
237 809 358 853 acob.
378 816 420 851 et
438 810 655 852 laetebitur
674 811 818 852 Israel.

485 872 675 912 l'sulmus
708 875 760 912 14.

213 925 440 1029 Domine
453 931 546 983 quis
558 931 768 973 habitabit
778 933 818 972 in
830 932 1026 973 taberna-

322 986 417 1027 culo
433 986 531 1028 tuo?
547 988 569 1012 *
585 993 658 1029 aut
674 988 768 1040 q'uis
784 989 1027 1041 requiescet

211 1042 253 1082 in
272 1048 418 1084 monte
438 1049 587 1084 sancto
607 1043 704 1085 tuo?

263 1099 343 1148 Qui
364 1099 600 1150 ingreditur
620 1100 710 1142 sine
729 1101 913 1151 macula,
935 1102 958 1126 *
983 1106 1025 1142 et

211 1157 417 1207 operatur
436 1156 652 1207 justitiam:

261 1211 341 1261 Qui
366 1211 556 1264 lequitur
575 1213 801 1255 veritatem
825 1214 866 1254 in
891 1213 1024 1256 corde

210 1279 306 1315 su0,
334 1269 356 1293 *
386 1269 457 1320 qui
485 1281 569 1310 non
596 1270 683 1320 egit
708 1269 855 1312 dolum
882 1271 924 1311 in
950 1271 1023 1311 lin-

208 1336 291 1373 gua
312 1337 402 1364 sua:

259 1379 351 1420 Nec
371 1380 470 1422 fecit
488 1382 687 1433 proximo
708 1396 786 1424 suo
806 1383 981 1433 malum,
1000 1385 1023 1410 *

160 1435 162 1437 ’
209 1440 251 1476 et
275 1436 557 1488 opprobrium
582 1451 666 1479 non
687 1440 854 1492 accepit
874 1439 1023 1481 adver-

208 1505 280 1532 sus
301 1493 523 1543 proximos
543 1507 654 1535 suos.

260 1547 330 1588 Ad
349 1548 526 1590 nihilum
546 1550 759 1592 deductus
779 1557 845 1593 est
864 1552 905 1592 in
927 1565 1023 1593 con-

209 1605 360 1655 spectu
389 1605 477 1655 ejus
506 1607 736 1656 malignus:
767 1609 790 1633 *
823 1609 1023 1650 timentes

209 1664 351 1700 autem
371 1661 604 1703 Deminum
624 1663 854 1713 glorificat:

260 1716 341 1765 Qui
370 1717 478 1766 iurat
505 1719 704 1770 preximo
734 1733 832 1769 suo,
864 1726 908 1762 et
937 1734 1023 1762 non

210 1770 384 1823 decipit,
409 1774 431 1798 *
461 1775 532 1831 qui
551 1776 777 1827 pecliniam
798 1790 918 1818 suam
938 1791 1023 1819 non

210 1826 330 1869 dedit
349 1828 403 1869 ad
424 1833 611 1880 usuram,
635 1837 677 1873 et
696 1835 874 1874 munera
893 1847 1024 1886 super

210 1883 480 1926 innocentem
501 1899 584 1927 non
605 1889 782 1941 accepit.

261 1940 342 1989 Qui
362 1940 462 1982 facit
481 1941 593 1992 haec,
621 1945 643 1969 *
671 1958 756 1985 non
781 1946 1024 1988 movebitur

210 1995 251 2035 in
271 1998 489 2038 aeternum.

262 2051 340 2091 Per
378 2053 559 2094 Annum.
599 2055 695 2096 Ant.
733 2058 804 2098 Tu
840 2059 1024 2101 Demine

211 2108 404 2167 servabis
423 2123 516 2150 nos:
536 2116 578 2152 et
597 2113 817 2155 custodies
837 2128 927 2156 nos.

262 2163 307 2208 Y.
338 2165 503 2206 Memor
527 2167 582 2208 fui
608 2175 735 2211 nocte
758 2171 943 2212 nominis
963 2173 1024 2213 tui

210 2219 404 2262 Domine.
449 2223 493 2273 Ιζν.
544 2224 598 2265 Et
634 2226 850 2267 custodivi
884 2228 1024 2278 legem

210 2280 337 2316 tuam.
380 2326 386 2334 ³

259 2330 347 2363 Post
368 2331 407 2370 Y.
429 2334 630 2373 cujuslibet
647 2336 831 2370 Nocturni
851 2338 990 2372 dieitur

265 2379 386 2438 {fater
406 2387 563 2423 noster.
588 2391 768 2424 secreto.

261 2435 304 2479 Y.
328 2436 383 2478 Et
402 2451 454 2478 ne
474 2451 554 2479 nos
572 2439 752 2482 inducas
768 2441 809 2482 in
825 2444 1023 2485 tentatio-

208 2503 315 2531 nem.
347 2493 391 2543 leg.
422 2494 509 2535 Sed
528 2495 663 2537 libera
681 2509 761 2538 nos
780 2511 805 2538 a
823 2499 950 2540 malo.

495 2550 733 2592 Absolutis»

205 2596 414 2701 Exaudi
430 2606 615 2649 Demine
630 2608 654 2649 J
657 2622 733 2650 esu
744 2610 912 2653 Christe
928 2626 1022 2665 pre-

300 2672 372 2700 ces
392 2664 615 2704 servorum
635 2667 819 2716 tu6rum,
839 2674 882 2709 et
900 2670 1022 2711 mise-

208 2715 301 2756 rere
325 2716 468 2765 nobis,
498 2719 569 2770 qui
594 2733 691 2761 cum
714 2723 842 2765 Patre
866 2730 909 2766 et
931 2726 1022 2778 Spi-

1084 304 1168 344 ritu
1195 308 1346 344 sancto
1373 303 1482 343 vivis
1507 307 1551 344 et
1577 315 1734 353 regnas
1762 303 1805 343 in
1833 305 1911 345 see-

1084 360 1180 401 cula
1200 359 1470 414 saeculorum.
1500 362 1549 413 Rv.
1568 359 1720 400 Amen.

1141 413 1187 464 Υ.
1212 417 1235 456 J
1239 415 1322 457 ube
1343 415 1502 457 domne
1521 414 1793 458 benedicere.

1138 474 1403 514 Benedictio.
1424 471 1736 514 Benedictione
1755 475 1909 526 perpe-

1082 534 1155 570 tua
1174 528 1406 570 benedicat
1423 541 1505 569 nos
1524 529 1654 570 Pater
1673 531 1874 572 aeternus.

1141 589 1185 640 Ιᾷ.
1210 585 1363 626 Amen.

1135 649 1282 683 Deinde
1307 651 1484 691 leguntur
1511 649 1610 683 Lect.
1636 658 1721 682 cum
1746 648 1841 693 RB..
1870 655 1911 685 ut

1085 697 1118 729 in
1139 697 1300 740 From-{0
1328 699 1373 732 de
1392 698 1581 739 Tempore
1609 696 1866 739 assignantur.

1309 755 1389 793 Pro
1411 754 1447 792 ii.
1469 753 1686 793 Lectione.

1138 813 1293 854 Bened.
1318 814 1567 865 Issnigenitus
1582 814 1665 855 Dei
1676 814 1811 856 Fssius
1825 828 1908 857 nos

1079 869 1337 911 benedicere
1357 876 1400 912 et
1419 869 1624 922 adjuvare
1643 870 1856 923 dignetur.

1138 931 1182 981 ler.
1209 927 1360 968 Amen.

1296 995 1377 1033 l'ro
1400 994 1451 1033 iii.
1472 994 1692 1034 Lectione.

1136 1054 1352 1095 Benedicti
1359 1068 1394 1094 ω.
1414 1054 1600 1106 Spiritus
1616 1056 1755 1098 sancti
1765 1057 1907 1107 gratia

1077 1109 1288 1151 illuminet
1307 1123 1459 1152 sensus
1479 1115 1522 1152 et
1541 1111 1678 1154 corda
1695 1118 1858 1155 nostra.

1135 1171 1179 1209 Rv.
1207 1167 1359 1208 Amen.

1304 1260 1352 1298 In
1379 1260 1429 1299 II.
1458 1261 1682 1301 Nocturno.

1132 1323 1210 1363 l'er
1231 1325 1412 1364 Annum.
1442 1326 1541 1366 Ant.
1574 1326 1797 1368 Bonorum
1816 1340 1903 1369 me-

1077 1381 1211 1420 erum.

1354 1435 1548 1475 l’salmus
1571 1435 1627 1475 15.

1080 1491 1373 1546 *swonserva
1392 1503 1462 1531 me
1477 1491 1676 1542 DOmine,
1698 1492 1904 1545 queniam

1080 1559 1082 1567 ·
1100 1541 1186 1615 Q]
1208 1547 1381 1597 speravi
1400 1547 1443 1587 in
1462 1552 1517 1589 te.
1536 1548 1560 1574 ¹⁸¹
1579 1548 1682 1590 Dixi
1696 1549 1903 1591 Demino:

1137 1587 1186 1628 μ’
1208 1601 1328 1643 Deus
1360 1616 1483 1644 meus
1516 1618 1564 1646 es
1594 1610 1662 1656 tu,
1696 1606 1904 1659 quoniam

1075 1654 1291 1699 bonorum
1310 1662 1507 1702 meorum
1525 1675 1614 1703 non
1634 1675 1748 1714 eges.

1126 1714 1310 1764 Sanctis,
1337 1717 1409 1769 qui
1429 1723 1529 1759 sunt
1551 1719 1594 1760 in
1613 1724 1730 1761 terra
1749 1720 1856 1772 ejus,
1879 1720 1903 1746 *

1076 1770 1320 1835 mirificavit
1344 1786 1495 1816 omnes
1515 1775 1764 1819 voluntates
1781 1789 1904 1819 meas

1076 1839 1119 1866 1n
1139 1839 1212 1868 eis.

1127 1883 1424 1937 Multiplicetae
1475 1894 1576 1931 sunt
1627 1890 1904 1932 infirmitates

1077 1941 1242 1981 eorum:
1261 1943 1284 1967 *
1303 1945 1459 1994 postea
1478 1946 1843 1989 acceleraverunt.

1126 1996 1226 2038 Non
1273 2001 1550 2051 congregabo
1599 2003 1903 2046 conventicula

1077 2054 1226 2094 eorum
1252 2054 1306 2097 de
1336 2059 1632 2110 sanguinibus,
1656 2061 1680 2086 *
1705 2074 1787 2103 nec
1815 2074 1902 2103 me-

1076 2122 1171 2150 mor
1204 2124 1279 2152 ero
1308 2115 1530 2157 nominum
1555 2119 1708 2159 eorum
1735 2131 1816 2171 per
1842 2117 1901 2159 la-

1076 2164 1146 2206 bia
1165 2180 1272 2209 mea.

1128 2223 1340 2266 Dominus
1363 2240 1466 2279 pars
1489 2228 1760 2272 haereditetis
1778 2244 1901 2281 meze,

1076 2283 1118 2319 et
1137 2280 1283 2322 calicis
1303 2284 1401 2324 mei:
1419 2285 1443 2309 *
1462 2290 1509 2326 tu
1530 2300 1587 2337 es,
1607 2287 1681 2340 qui
1696 2290 1902 2330 restitues

1076 2334 1376 2380 haereditatem
1395 2354 1537 2383 meam
1555 2343 1671 2385 mihi.

1126 2392 1268 2435 Funes
1283 2396 1534 2440 ceciderunt
1547 2400 1651 2441 mihi
1666 2401 1709 2442 in
1718 2400 1900 2454 praeclai—

1075 2447 1148 2488 ris:
1171 2450 1194 2474 *
1220 2452 1378 2493 etenim
1409 2453 1643 2498 haereditas
1667 2471 1766 2499 mea
1788 2470 1899 2511 prae-

1075 2503 1191 2546 clara
1211 2513 1277 2549 est
1295 2509 1410 2550 mihi.

1126 2561 1388 2606 Benedicam
1423 2567 1679 2620 Deminum‚
1718 2571 1791 2624 qui
1827 2572 1899 2612 tri-

1072 2615 1165 2659 buit
1184 2620 1286 2661 mihi
1310 2622 1591 2666 intellectum:
1611 2627 1634 2651 *
1653 2629 1832 2680 insuper
1856 2632 1900 2668 et

1074 2686 1210 2726 usque
1230 2676 1477 2742 ad'noctem
1500 2681 1811 2735 increpuerunt
1827 2696 1898 2725 me

1072 2742 1197 2772 renes
1216 2746 1311 2774 me1.
