2040 2976
865 212 920 247 Ss.
947 213 1087 247 Cordis
1112 213 1216 247 Jcsu.

186 309 344 348 norum
380 305 633 348 dedicatum
669 307 822 356 saeris,
857 309 1015 361 insigni

187 362 588 414 archiepiscopatu,
624 368 668 404 et
702 363 1015 407 honestissimo

187 419 498 460 canonicorum
527 424 570 460 et
599 418 859 470 dignitatum
887 421 1015 463 colle-

186 475 275 525 gio,
303 474 423 525 regia
450 479 494 516 et
520 475 725 525 religiosa
753 476 1016 519 liberalitate

187 531 427 572 exornavit.
485 531 585 572 Alia
632 531 791 574 deinde
827 533 871 574 in
907 533 1015 575 urbe

187 586 352 639 templa
389 592 432 628 et
469 587 672 629 coenobia
710 589 864 631 erexit:
905 590 1016 630 inter

189 656 288 695 quae
307 643 485 695 pietatis
506 644 667 694 officia,
693 643 797 685 dum
815 647 1012 696 trajicere

187 700 230 739 in
258 699 453 741 Africam
482 706 624 752 parat,
657 701 1017 742 Mahometanum

188 756 230 795 in
251 768 302 796 ea
321 756 553 807 imperium
573 760 820 807 eversurus,
850 757 906 798 ad
932 769 1017 798 coe-

187 811 342 853 lestem
373 812 537 862 regiam
564 808 760 854 vocatur.
798 814 849 853 In
878 815 1016 855 extre-

187 880 260 908 mo
294 868 398 908 vitae
435 870 575 918 agone
608 881 779 910 sacram
810 869 1016 910 Euchari-

188 924 317 964 stiam
337 936 419 976 pro
440 924 601 966 viatico
620 925 811 974 allatam⁷
837 925 938 966 fune
962 925 1018 966 ad

189 979 350 1020 collum
382 979 581 1030 alligato,
615 986 660 1021 et
691 981 811 1021 humi
843 986 1018 1030 stratus,

189 1049 288 1077 cum
333 1036 523 1077 lacrimis
564 1036 755 1078 ubertim
796 1037 904 1077 fusis
945 1036 1017 1078 ad-

189 1094 337 1140 orans,
383 1094 524 1144 eaque
565 1092 706 1142 dignis·
749 1094 1018 1143 reverentiae,

188 1147 446 1189 humilitatis
476 1154 518 1189 et
546 1148 776 1190 catholicae
810 1149 915 1190 fidei
943 1149 1018 1191 ob-

187 1204 496 1245 testationibus
521 1207 720 1257 accepta,
750 1205 1019 1247 obdormivit

187 1261 231 1301 in
256 1261 461 1302 Domino.
503 1261 628 1303 Jacet
657 1263 747 1311 eius
773 1275 934 1315 corpus
958 1263 1017 1303 in-

188 1320 444 1369 corruptum
490 1317 633 1358 adhuc
677 1324 782 1371 post
828 1321 1018 1370 quatuor

188 1373 365 1422 saecula,
391 1373 435 1413 in
460 1374 628 1426 templo
647 1375 839 1416 maximo
859 1376 1018 1428 Hispa-

187 1429 313 1477 lensi‚
338 1429 784 1472 honorificentissimo
803 1431 1019 1472 inclusum

189 1485 435 1538 sepulchro.

240 1546 288 1596 Ra
318 1542 407 1583 Iste
427 1542 572 1584 homo.
591 1543 673 1595 [72]

187 1607 191 1611 ’
236 1611 279 1644 In
308 1611 372 1644 III.
399 1611 598 1645 Nocturno
631 1611 772 1644 Homil.
801 1611 839 1644 in
871 1611 1017 1652 Evang.

195 1658 318 1693 Nolite
359 1658 503 1693 timere.
545 1659 591 1692 dc
636 1659 772 1692 eodem
813 1659 1017 1693 Communi

186 1707 216 1740 2.
241 1706 339 1740 loco.
366 1706 438 1750 [79]

242 1762 374 1796 Lectio
405 1762 454 1796 ix.
485 1763 531 1796 de
562 1762 598 1797 S.
628 1762 757 1796 Felice
782 1762 808 1796 1.
838 1762 946 1806 Papa
981 1766 1018 1797 et

188 1810 294 1844 Mart.

239 1866 301 1899 Ad
340 1865 494 1900 Laudes
535 1876 605 1909 pro
651 1867 1015 1902 commemoratione

188 1913 222 1948 S.
241 1913 392 1947 Felicis.

242 1966 339 2005 Ant.
381 1964 461 2012 Qui
488 1964 583 2006 odit
610 1965 799 2006 animam
826 1979 950 2007 suam
976 1967 1020 2007 in

189 2020 273 2061 hoc
293 2020 468 2070 mundo,
491 2021 535 2062 in
558 2022 692 2062 vitam
717 2023 926 2063 aeternam
949 2036 1019 2064 cu-

189 2075 324 2118 stodit
343 2089 450 2118 eam.

242 2132 291 2178 V.
340 2132 490 2174 Justus
540 2139 588 2175 ut
638 2135 786 2186 palma
831 2135 1019 2176 florebit.

188 2188 253 2285 gt
267 2188 388 2230 Sicut
408 2188 566 2230 cedrus
584 2190 741 2232 Libani
759 2191 1018 2244 multiplica-

220 2258 233 2284 1
256 2257 317 2284 ur.

465 2344 592 2387 Feria
610 2347 743 2388 Sexta

188 2408 288 2454 post
309 2401 520 2443 Octavam
541 2402 602 2442 Ss.
621 2402 830 2453 Corporis
847 2403 1017 2445 Christi.

258 2468 596 2509 sacratissimi
624 2470 796 2512 cordis
822 2472 853 2512 J
855 2483 953 2514 esu,

447 2522 601 2565 Duplex
626 2523 758 2561 maius.

241 2571 378 2612 Omnia
407 2583 447 2612 ut
476 2579 513 2612 in
545 2578 606 2611 dic
633 2577 790 2612 Octavae
820 2580 876 2613 Ss.
903 2579 1016 2622 Corp.

189 2626 344 2662 Christi.
357 2627 426 2660 scd
441 2627 596 2669 quando
610 2627 658 2660 ob
674 2627 843 2669 aliquam
861 2637 1017 2661 causam

188 2674 214 2707 1.
232 2674 418 2716 Vesperae
437 2674 613 2708 dicenda:
631 2678 719 2707 sunt
737 2674 907 2716 integrae,
927 2680 1017 2708 tunc

190 2722 317 2755 omniu
343 2722 447 2756 fiunt.
471 2729 510 2755 ut
536 2722 723 2764 sequitur:

1283 313 1345 353 In
1371 313 1406 354 1.
1436 313 1689 365 vesperis.

1124 371 1223 409 Ant.
1267 368 1336 408 De
1367 369 1562 408 torrente
1594 368 1637 408 in
1669 368 1740 409 via
1766 366 1902 409 bibet:

1069 423 1307 474 propterea
1326 422 1539 464 exaltabit
1558 435 1640 476 cap
1643 429 1702 466 ut.

1328 478 1527 519 Psalmus
1549 437 1644 519 105.

1152 533 1283 591 “gixit
1302 534 1520 575 Dominus
1534 535 1727 577 Domino
1743 549 1860 583 meo:

1107 584 1149 643 ³2}
1135 590 1196 664 ³)
1226 589 1340 632 Sede
1360 603 1384 631 a
1405 590 1574 632 dextris
1593 592 1717 633 meis:

1255 647 1410 688 Donec
1427 660 1590 700 ponam
1613 649 1814 691 inimicos
1838 655 1902 691 tu-

1072 715 1140 751 os,
1170 704 1193 729 *
1213 702 1454 744 scabellum
1474 703 1638 756 pedum
1656 707 1844 746 tuorum.

1126 734 1308 810 ’Virgam
1326 760 1502 801 virtutis
1522 766 1611 802 tuae
1630 763 1802 803 emittet
1816 763 1902 804 Do-

1071 816 1214 856 minus
1236 828 1291 856 ex
1309 815 1430 856 Sion:
1449 818 1472 843 *
1493 816 1722 858 dominare
1746 818 1792 858 in
1816 820 1903 859 me-

1074 871 1148 913 dio
1169 871 1445 913 inimicorum
1464 875 1653 913 tuorum.

1123 927 1290 969 Tecum
1315 929 1578 981 principium
1604 930 1649 970 in
1675 929 1747 971 die
1770 931 1903 972 virtu-

1072 984 1132 1025 tis
1145 989 1232 1025 tuae
1251 984 1294 1024 in
1310 984 1621 1036 splendoribus
1637 987 1904 1027 sanctorum:

1072 1042 1096 1067 *
1117 1053 1171 1081 ex
1190 1044 1317 1081 utero
1339 1046 1440 1082 ante
1455 1040 1684 1082 luciferum
1698 1042 1829 1092 genui
1848 1047 1904 1084 te.

1123 1096 1294 1138 Juravit
1320 1097 1552 1147 Dominus,
1582 1103 1626 1139 et
1653 1110 1741 1139 non
1766 1098 1903 1151 poeni-

1072 1152 1185 1194 tebit
1221 1165 1335 1194 eum:
1371 1155 1394 1180 *
1430 1154 1500 1194 Tu
1535 1167 1581 1195 es
1619 1154 1828 1196 sacerdos
1860 1155 1905 1196 in

1061 1210 1288 1249 ⁴aeternum
1308 1209 1552 1251 secundum
1579 1209 1779 1251 ordinem
1799 1210 1904 1252 Mel-

1073 1264 1322 1306 chisedech.

1124 1321 1340 1362 Dominus
1361 1334 1386 1362 a
1402 1322 1569 1364 dextris
1586 1323 1684 1374 tuis,
1699 1325 1723 1351 *
1738 1324 1904 1366 confre-

1072 1377 1137 1428 git
1155 1377 1200 1417 in
1221 1377 1321 1418 die
1310 1391 1387 1418 1rae
1407 1391 1499 1419 suae
1521 1391 1659 1430 reges.

1124 1433 1149 1473 J
1150 1433 1374 1475 udicabit
1363 1447 1408 1474 1n
1421 1435 1686 1485 nationibus,
1705 1435 1906 1488 implebit

1073 1491 1236 1531 ruinas:
1269 1491 1292 1517 *
1325 1491 1642 1542 conquassabit
1677 1492 1822 1544 capita
1861 1493 1906 1533 in

1072 1550 1191 1587 terra
1209 1545 1461 1587 multorum.

1124 1602 1193 1643 De
1218 1603 1414 1644 torrente
1440 1603 1484 1643 in
1510 1603 1583 1644 via
1604 1603 1744 1646 bibet:
1763 1605 1787 1632 *
1805 1616 1906 1657 pro-

1072 1659 1226 1710 pterea
1246 1657 1460 1700 exaltabit
1477 1664 1622 1712 caput.

1126 1716 1225 1756 Ant.
1267 1716 1334 1756 De
1365 1717 1563 1757 torrente
1594 1717 1640 1756 in
1670 1717 1742 1757 via
1768 1716 1906 1759 bibet:

1072 1772 1312 1823 propterea
1334 1771 1547 1813 exaltabit
1566 1777 1709 1824 caput.

1127 1829 1227 1869 Ant.
1255 1827 1488 1869 Miserator
1502 1827 1718 1869 Dominus
1738 1827 1906 1870 redem-

1071 1882 1271 1935 ptionem
1288 1883 1408 1925 misit
1426 1884 1595 1936 populo
1616 1897 1710 1925 suo.

1339 1942 1538 1982 Psalmus
1560 1943 1646 1983 110.

1074 1993 1373 2101 Confitebor
1403 1995 1485 2037 tibi
1510 1996 1700 2038 Domine
1732 1997 1777 2038 in
1808 2001 1904 2038 toto

1165 2050 1298 2092 corde
1319 2063 1435 2093 meo:
1454 2053 1478 2078 *
1497 2052 1541 2092 in
1565 2053 1748 2095 consilio
1773 2053 1904 2105 justo-

1072 2119 1184 2157 rum.
1202 2112 1246 2148 et
1267 2108 1619 2158 congregatione.

1125 2163 1286 2214 Magna
1318 2165 1454 2216 opera
1486 2165 1678 2205 Domini:
1706 2165 1730 2191 *
1757 2165 1904 2218 exqui-

1074 2221 1158 2260 sita
1174 2219 1219 2260 in
1238 2231 1391 2261 omnes
1411 2219 1664 2262 voluntates
1684 2221 1787 2271 eius.

1126 2275 1354 2317 Confessio
1378 2280 1423 2317 et
1444 2276 1768 2328 magnificentia
1792 2290 1905 2330 opus

1073 2332 1179 2383 ejus:
1197 2332 1221 2357 *
1241 2336 1284 2373 et
1304 2332 1467 2383 justitia
1486 2333 1578 2384 ejus
1596 2338 1744 2374 manet
1762 2333 1806 2374 in
1826 2335 1904 2374 sae-

1073 2386 1218 2428 culum
1238 2387 1400 2428 saeculi.

1124 2443 1383 2484 Memoriam
1402 2444 1505 2486 fecit
1523 2443 1787 2486 mirabilium
1807 2446 1904 2486 suo-

1073 2512 1187 2548 rum,
1214 2499 1465 2541 misericors
1492 2505 1537 2542 et
1563 2500 1796 2547 miserator
1814 2501 1902 2541 Do-

1073 2555 1230 2596 minus:
1241 2556 1264 2581 *
1277 2568 1423 2597 escam
1439 2555 1561 2598 dedit
1575 2556 1903 2598 timentibus-se.

1124 2611 1295 2653 Memor
1332 2612 1415 2653 erit
1451 2613 1496 2652 in
1529 2612 1738 2653 saeculum
1771 2617 1902 2654 testa-

1071 2667 1207 2709 menti
1225 2668 1307 2708 sui:
1326 2668 1349 2693 *
1370 2668 1578 2709 virtutem
1599 2671 1784 2720 operum
1805 2670 1900 2710 suo-

1072 2736 1169 2764 rum
1187 2723 1461 2766 annuntiabit
1478 2724 1646 2776 populo
1665 2736 1762 2765 suo:
