2040 2976
186 182 276 227 [lae]

234 281 284 332 V.
320 282 431 323 Haec
459 285 526 322 est
553 280 710 322 domus
735 281 912 323 Domini
940 281 1008 322 fir-

184 339 310 380 miter
339 337 566 379 aedificata.
602 342 651 394 R.
680 337 801 380 Bene
829 337 1009 380 fundata

185 399 252 436 est
270 407 402 447 supra
421 394 591 435 firmam
609 399 791 448 petram.

232 453 302 494 Ad
325 453 485 494 Bened.
513 455 612 494 Ant.
646 451 831 495 Zachaee
850 452 873 477 *
894 451 1008 493 festi-

184 521 292 548 nans
320 507 554 557 descende,
583 508 685 560 quia
710 507 841 550 hodie
864 509 908 550 in
934 509 1008 550 do-

183 577 256 605 mo
276 569 350 606 tua
370 566 548 617 oportet
571 577 641 606 me
659 567 849 607 manere:
873 571 918 607 at
935 565 1007 606 ille

184 621 394 662 festinans
414 619 657 671 descendit,
684 626 728 663 et
753 622 945 675 suscepit
963 621 1008 662 il-

184 677 273 719 lurn
292 676 487 728 gaudens
506 677 549 718 in
565 677 743 719 domum
760 691 893 719 suam.
921 679 1009 719 Ho-

185 734 254 776 die
279 733 380 775 huic
407 733 556 775 domui
581 734 699 776 salus
726 747 751 775 a
775 735 871 776 Deo
896 735 1010 776 facta

187 796 263 839 est,
287 790 467 842 alleluja.

232 856 271 889 In
308 855 394 898 ipso
425 855 486 889 die
514 855 779 889 Dedicationis
810 856 1005 893 Ecclesiae.

183 911 217 938 et
243 915 311 947 per
336 903 536 938 Octavam.
572 908 608 937 01
639 904 793 947 quando
818 904 1006 938 varianda

181 958 237 986 cst
261 952 391 985 Oratio
418 952 466 985 ob
493 962 721 986 concursum
739 952 1005 986 Dedicationis

182 1001 338 1034 alterius
362 1000 557 1034 Ecclesiae.

514 1052 675 1093 Oratio.
695 1097 699 1101 ,

275 1124 362 1160 0115,
379 1110 452 1163 qui
466 1109 739 1151 invisibiliter
755 1109 901 1150 omnia
912 1111 1010 1150 con-

287 1168 410 1217 tines,
436 1171 479 1208 et
499 1171 644 1208 tamen
670 1178 751 1218 pro
777 1165 918 1207 salute
941 1167 1010 1216 ge-

184 1224 300 1266 neris
326 1223 503 1265 humani
533 1223 657 1274 signa
683 1227 772 1264 tuae
800 1222 1010 1275 potentiae

184 1280 410 1323 visibiliter
441 1279 650 1321 ostendis:
682 1279 894 1332 templum
927 1278 1012 1320 hoc

184 1338 381 1391 potentia
423 1342 510 1378 tuae
553 1336 881 1378 inhabitationis
919 1335 1011 1376 illu-

186 1400 286 1444 stra,
307 1399 350 1436 et
367 1393 575 1444 concede3
594 1398 642 1434 ut
657 1405 820 1442 omneS‚
838 1393 913 1444 qui
927 1392 1012 1434 huc

185 1450 463 1504 deprecaturi
500 1450 777 1499 conveniunt,
819 1462 873 1490 ex
911 1462 1012 1502 qua-

185 1511 372 1560 cumque
395 1506 678 1549 tribulatione
707 1506 764 1547 ad
786 1511 830 1547 te
856 1505 1011 1547 clama-

185 1564 340 1614 verint,
359 1563 673 1605 consolationis
692 1568 779 1604 tuae
799 1562 1012 1604 beneficia

187 1623 523 1673 consequantur.
550 1620 635 1661 Per
652 1619 900 1660 Dominum.

236 1680 278 1713 In
300 1679 579 1713 Anniversario
598 1679 864 1713 Dedicationis
882 1679 1008 1713 Eccle-

186 1728 264 1769 siae,
290 1733 325 1762 01
349 1739 417 1771 per
441 1728 635 1762 Octavam.

516 1781 677 1821 Oratio.

185 1832 366 1939 Deus,
392 1837 465 1890 qui
483 1836 609 1878 nobis
628 1849 708 1890 per
727 1839 922 1889 singulos
941 1851 1011 1880 an-

307 1907 387 1936 nos
422 1893 548 1946 hujus
585 1894 724 1935 sancti
761 1895 914 1948 templi
949 1895 1013 1937 tui

186 1951 526 1993 consecrationis
546 1952 725 2003 reparas
741 1950 869 2002 diem,
889 1957 932 1994 et
948 1965 1012 1993 sa-

187 2007 270 2048 cris
295 2020 467 2060 semper
485 2007 703 2060 mysteriis
722 2011 1012 2061 repraesentas

187 2064 441 2106 incolumes:
479 2063 637 2105 exaudi
673 2077 829 2117 preces
860 2066 1013 2119 populi

188 2121 261 2170 tui,
279 2125 321 2162 et
336 2126 511 2173 praesta3
531 2125 579 2161 ut
596 2120 791 2172 quisquis
806 2121 892 2163 hoc
905 2127 1012 2164 tem-

187 2177 308 2230 plum
339 2177 551 2219 beneficia
582 2177 798 2229 petiturus
829 2178 1013 2230 ingredi-

187 2239 273 2283 tur,
299 2239 455 2275 cuncta
479 2246 526 2275 se
550 2234 811 2286 impetrasse
830 2234 1012 2277 laetetur.

186 2291 271 2332 Per
288 2290 536 2332 Dominum.

453 2367 520 2404 Ad
543 2368 741 2406 Tertiam.

239 2425 338 2464 Ant.
371 2424 541 2466 Domus
560 2438 667 2467 mea.

239 2486 374 2537 Capit.
407 2485 510 2527 Vidi
529 2486 760 2528 civitatem.
779 2487 874 2540 [121]

238 2547 287 2598 R„
314 2547 374 2588 br.
409 2546 603 2588 Domum
628 2551 748 2588 tuam
776 2548 963 2592 Domine
987 2553 1008 2576 *

188 2604 328 2646 Decet
350 2602 611 2645 sanctitudo.
646 2604 848 2645 Domum.
881 2601 930 2652 V.
959 2607 1010 2647 In

187 2659 503 2712 longitudinem
526 2659 704 2701 dierum.
731 2660 881 2703 Decet.
910 2662 1010 2704 Glo-

189 2717 252 2758 ria
270 2717 400 2759 Patri.
427 2716 630 2759 Domum.

754 188 797 221 In
820 188 1073 223 Dedicatione
1100 189 1294 223 Ecclesiae.

1112 282 1162 334 V,
1180 281 1327 322 Locus
1344 281 1428 323 iste
1447 286 1622 323 sanetus
1642 269 1718 332 est,
1736 283 1780 324 in
1796 296 1883 335 quo

1060 343 1157 381 orat
1184 337 1402 379 sacerdos
1453 343 1504 395 R.
1529 338 1614 380 Pro
1645 338 1813 382 delictis
1842 344 1885 382 et

1060 395 1253 448 peccatis
1272 394 1435 447 populi.

1338 471 1403 508 Ad
1429 471 1615 510 Sextam.

1114 539 1212 580 Ant.
1242 539 1348 578 Haec
1369 538 1435 575 est
1454 533 1611 575 domus
1630 534 1817 575 Domini.
1850 546 1854 551 ·

1164 607 1421 659 Capitulum.
1568 609 1707 661 Apoc.
1722 610 1780 653 21.

1060 662 1159 769 Et
1169 667 1316 709 audivi
1327 681 1482 710 vocem
1494 681 1696 720 magnam
1707 668 1762 710 de
1770 669 1886 711 thro—

1158 737 1214 766 no
1239 724 1470 767 dicentem:
1498 726 1612 768 Ecce
1635 726 1887 768 tabernacu-

1061 781 1150 822 lum
1165 781 1250 822 Dei
1269 794 1367 823 cum
1386 781 1645 832 hominibus,
1665 787 1708 825 et
1722 782 1887 825 habita-

1060 837 1125 879 bit
1150 851 1249 879 cum
1274 838 1347 880 eis.
1386 839 1443 880 Et
1469 839 1555 892 ipsi
1581 840 1772 892 populus
1798 840 1887 895 ejus

1062 899 1204 945 erunt,
1240 900 1283 937 et
1314 895 1408 948 ipse
1436 896 1557 937 Deus
1590 909 1689 937 cum
1717 897 1779 938 eis
1807 897 1888 939 erit

1063 953 1214 1001 eorum
1233 951 1364 993 Deus.

1147 1045 1163 1064 ι.
1189 1024 1249 1065 br.
1293 1021 1438 1064 Locus
1475 1023 1558 1064 iste
1596 1027 1773 1064 sanctus
1812 1027 1889 1073 est,

1062 1082 1084 1105 *
1145 1090 1173 1117 n
1206 1090 1293 1129 quo
1330 1084 1426 1121 orat
1463 1079 1680 1121 sacerdos.
1733 1080 1889 1121 Locus.

1064 1133 1113 1185 V.
1139 1134 1227 1175 Pro
1253 1133 1424 1177 delictis
1449 1141 1493 1178 et
1512 1136 1707 1189 peccatis
1725 1135 1888 1189 populi.

1062 1191 1124 1231 In.
1159 1189 1309 1233 Gloria
1327 1191 1458 1234 Patri.
1485 1192 1642 1234 Locus.

1114 1249 1165 1301 V.
1198 1253 1404 1303 Haeclest
1432 1253 1588 1295 domus
1616 1253 1794 1294 Domini
1821 1252 1889 1294 fir-

1062 1310 1190 1352 miter
1216 1309 1444 1352 aedificata.
1482 1312 1533 1362 Η.
1560 1310 1681 1351 Bene
1708 1309 1889 1351 fundata

1064 1371 1131 1408 est
1151 1380 1282 1420 supra
1300 1367 1470 1408 firmam
1487 1371 1670 1419 petram.

1343 1446 1410 1482 Ad
1433 1446 1618 1482 Nonam.

1115 1509 1214 1550 Ant.
1242 1506 1437 1559 Lapides
1456 1507 1651 1560 pretiosi.

1140 1578 1398 1630 Capitulum.
1546 1577 1685 1629 Apoc.
1699 1578 1757 1618 21.
1772 1577 1812 1619 b.

1146 1647 1164 1684 t
1188 1641 1410 1692 absterget
1428 1642 1549 1683 Deus
1575 1654 1750 1683 omnem
1768 1641 1891 1683 lacri-

1153 1711 1270 1739 mam
1289 1697 1344 1740 ab
1365 1698 1502 1740 oculis
1522 1700 1687 1740 eorum:
1710 1702 1755 1740 et
1771 1709 1892 1739 mors

1064 1755 1178 1797 ultra
1195 1767 1284 1796 non
1304 1755 1395 1804 erit,
1414 1767 1556 1807 neque
1575 1755 1730 1804 luctuS,
1747 1767 1890 1806 neque

1065 1811 1240 1861 clamor,
1254 1824 1397 1864 neque
1413 1811 1540 1853 dolor
1555 1812 1636 1853 erit
1650 1811 1773 1861 ultra,
1790 1811 1891 1863 quia

1063 1869 1205 1922 prima
1223 1867 1432 1910 abierunt.
1467 1869 1523 1910 Et
1547 1867 1656 1910 dixit
1675 1868 1750 1920 qui
1769 1866 1890 1909 sede-

1064 1925 1140 1967 bat
1177 1925 1221 1966 in
1256 1925 1431 1966 throno:
1476 1925 1591 1967 Ecce
1626 1937 1742 1966 nova
1778 1924 1890 1966 facio

1065 1983 1220 2024 omnia.

1116 2047 1167 2098 Rz.
1187 2046 1248 2087 br.
1264 2047 1387 2090 Haec
1410 2052 1478 2089 est
1497 2047 1654 2089 domus
1673 2046 1889 2088 Domini*

1064 2105 1266 2146 Firmiter
1286 2104 1514 2147 aedificata.
1543 2104 1663 2145 Haec.
1699 2100 1749 2153 V.
1770 2103 1890 2145 Bene

1065 2161 1244 2204 tundata
1271 2166 1338 2203 est
1362 2174 1495 2214 supra
1519 2160 1690 2201 firmam
1708 2165 1890 2213 petram.

1065 2219 1278 2260 Firmiter.
1307 2218 1458 2260 Gloria
1475 2217 1604 2259 Patri.
1631 2218 1752 2259 Haec.

1117 2275 1167 2327 V.
1195 2280 1314 2321 Bene
1338 2278 1520 2321 fundata
1539 2283 1606 2320 est
1626 2278 1783 2320 domus
1802 2277 1889 2318 Do-

1065 2337 1178 2378 mini.
1204 2336 1254 2388 Ru
1274 2335 1415 2388 Supra
1433 2335 1603 2376 firmam
1621 2340 1802 2388 petram.

1262 2430 1323 2471 111
1348 2430 1410 2471 11.
1440 2428 1691 2480 Vesperis.

1116 2498 1219 2538 Ant,
1250 2496 1412 2538 Psalmi,
1438 2496 1560 2540 Capit.
1586 2500 1622 2531 et
1645 2497 1822 2541 Hymnus
1847 2502 1888 2531 ut

1066 2548 1101 2580 in
1128 2547 1152 2579 Ι.
1180 2545 1371 2588 Vesperis.
1402 2544 1492 2588 [112]

1116 2600 1166 2652 V.
1191 2606 1383 2647 Domum
1406 2611 1526 2647 tuam
1549 2599 1736 2646 Domine
1762 2580 1888 2644 decet

1064 2662 1325 2760 {aglclgxtludo
1383 2662 1434 2714 Ri-
1477 2663 1528 2703 In
1571 2659 1887 2713 longitudinem
