2040 2976
501 198 603 233 Infra
628 199 921 236 Hebdomadam
946 203 971 237 Ι.
996 210 1085 247 post
1110 206 1188 241 Oct.
1212 208 1468 245 Pentecostes.

443 292 595 334 Lectio
616 294 655 334 ii.

231 363 320 404 enit
356 376 460 414 ergo
499 363 607 414 dies,
645 371 688 407 et
721 366 962 409 immolavit

267 419 445 470 Elcana,
478 419 685 473 deditque
716 423 961 466 Phenennae

140 475 266 516 uxori
286 489 386 527 suae,
413 481 457 518 et
480 477 645 519 cunctis
669 478 768 520 filiis
792 481 892 531 ejus,
917 486 960 522 et

139 530 312 572 filiabus
331 538 496 584 partes:
517 533 656 575 Annae
675 540 821 577 autem
840 536 962 578 dedit

139 592 310 639 partem
334 602 464 630 unam
488 589 634 639 tristis,
663 591 764 642 quia
789 592 960 634 Annam

139 642 356 694 diligebat.
388 645 601 687 Dominus
621 653 766 688 autem
787 650 958 691 conclu-

139 705 256 741 serat
274 700 448 743 vulvam
466 703 566 754 ejus.
599 702 835 754 Affligebat
856 719 958 758 quo-

140 768 223 808 que
248 769 344 798 eam
368 758 523 799 aemula
546 759 647 810 ejus,
671 765 715 801 et
733 760 958 803 vehemen-

137 816 204 853 ter
231 812 427 864 angebat,
455 815 498 855 in
525 821 703 866 tantum,
731 822 779 859 ut
804 831 958 871 expro-

136 867 284 910 braret
303 870 421 921 quod
439 871 652 914 Dominus
672 874 958 916 conclusisset

135 924 310 966 vulvam
342 927 448 979 ejus:
480 928 630 980 sicque
661 930 848 972 faciebat
879 945 958 984 per

137 981 494 1034 singulosannOS,
511 998 608 1026 cum
623 986 831 1029 redeunte
851 991 955 1029 tem-

135 1049 244 1088 pore
263 1039 547 1083 ascenderent
566 1042 622 1083 ad
640 1043 850 1095 templum
869 1045 956 1086 Do·
1018 1032 1023 1073 Ϊ

135 1093 253 1134 mini:
269 1099 312 1136 et
327 1095 390 1136 sic
403 1098 674 1148 provocabat
691 1112 797 1140 eam.
817 1101 955 1142 Porro

134 1148 208 1189 illa
227 1149 369 1201 flebat,
398 1157 441 1194 et
465 1166 552 1194 non
577 1155 777 1207 capiebat
802 1156 956 1198 cibum.

135 1203 256 1247 Dixit
265 1219 369 1257 ergo
386 1208 425 1248 ei
437 1209 599 1251 Elcana
610 1211 674 1251 vir
689 1225 807 1252 suus:
819 1213 955 1262 Anna,

135 1273 211 1301 cur
230 1262 330 1303 fles?
355 1269 399 1306 et
418 1277 551 1316 quare
570 1279 657 1308 non
677 1268 891 1309 comedis?
912 1275 956 1311 et

136 1329 266 1368 quam
293 1319 350 1361 ob
377 1333 468 1362 rem
492 1322 696 1373 affligitur
715 1337 791 1365 cor
809 1325 954 1366 tuum?

135 1375 344 1426 numquid
363 1389 450 1418 non
471 1390 552 1428 ego
572 1379 725 1420 melior
747 1380 825 1421 tibi
848 1394 953 1432 sum,

135 1441 265 1480 quam
283 1431 435 1473 decem
453 1433 554 1474 filii?

182 1499 233 1551 Rz.
261 1500 380 1542 Deus
404 1503 596 1544 omnium
621 1504 849 1547 exauditor
872 1512 953 1548 est:

131 1554 225 1607 ipse
249 1556 365 1599 misit
384 1558 600 1609 Angelum
626 1573 762 1611 suum,
789 1567 832 1603 et
855 1563 953 1605 tulit

130 1623 200 1652 me
225 1611 279 1653 de
305 1613 459 1655 ovibus
482 1616 618 1667 patris
642 1617 744 1658 mei:
760 1614 783 1639 *
804 1618 860 1660 Et
879 1633 951 1660 un-

131 1666 194 1708 xit
212 1681 281 1710 me
297 1671 500 1712 unctione
519 1672 830 1715 misericordiae
850 1689 951 1717 suae.

130 1716 181 1768 V.
199 1724 422 1776 Dominus,
442 1728 515 1779 qui
534 1729 697 1785 eripuit·
711 1743 780 1772 me
801 1730 855 1772 de
875 1744 950 1773 ore

129 1778 279 1830 leonis,
295 1786 338 1823 et
358 1782 412 1824 de
430 1796 561 1825 manu
577 1784 731 1827 bestiae
750 1786 951 1829 liberavit

129 1848 210 1877 me.
237 1837 303 1879 Et.

427 1909 580 1951 Lectio
600 1910 654 1950 iii.

129 1972 360 2080 Surrexit
388 1987 533 2024 autem
561 1984 686 2025 Anna
711 1990 947 2037 postquam

229 2037 480 2080 comederat
507 2044 551 2080 et
577 2039 747 2082 biberat
772 2041 816 2081 in
843 2042 944 2083 Silo.

126 2091 183 2132 Et
213 2093 314 2134 Heli
346 2094 574 2136 sacerdote
603 2095 782 2138 sedente
815 2111 946 2150 super

127 2147 276 2189 sellam
299 2155 397 2191 ante
416 2155 567 2203 postes
590 2152 740 2205 templi
759 2153 945 2204 Domini,

126 2216 225 2244 cum
244 2210 360 2246 esset
374 2206 500 2247 Anna
515 2210 664 2249 amaro
680 2209 835 2259 animo,
851 2212 943 2251 ora-

125 2259 187 2300 vit
211 2259 268 2302 ad
285 2261 531 2313 Dominum,
556 2263 664 2305 flens
686 2264 873 2315 largiter,
901 2270 944 2307 et

126 2321 276 2357 votum
294 2318 424 2367 vovit,
443 2318 604 2360 dicens:
619 2320 805 2361 Domine
824 2334 942 2362 exer-

125 2374 301 2421 cituum,
328 2373 364 2413 si
389 2372 625 2426 respiciens
652 2376 813 2417 videris
839 2377 943 2417 affli-

125 2428 312 2469 ctionem
326 2429 499 2470 famulae
514 2435 612 2480 tuae,
631 2437 674 2473 et
688 2432 943 2474 recordatus

123 2484 208 2524 mei
227 2484 369 2533 fueris,
384 2497 464 2526 nec
485 2485 645 2528 oblitus
661 2488 829 2529 ancillae
845 2494 943 2538 tuae,

124 2538 385 2592 dederisque
411 2554 549 2582 servae
568 2547 655 2584 tuae
675 2556 827 2584 sexum
845 2545 941 2585 viri-

122 2594 222 2636 lem:
251 2595 366 2638 dabo
396 2609 493 2638 eum
522 2598 710 2640 Domino
742 2600 942 2641 omnibus

123 2649 276 2693 diebus
300 2652 401 2694 vitae
426 2653 526 2704 ejuS,
551 2659 594 2694 et
618 2655 831 2696 novacula
853 2669 942 2698 non

121 2707 327 2749 ascendet
346 2721 477 2761 super
496 2715 627 2762 caput
645 2711 746 2761 ejus.

1773 216 1832 250 141

1067 301 1117 352 R.
1140 300 1364 353 Dominus,
1395 306 1467 356 qui
1496 308 1654 360 eripuit
1680 323 1749 351 me
1778 310 1832 352 de

1014 368 1089 397 ore
1107 356 1257 408 leonis,
1277 364 1320 400 et
1339 359 1393 401 de
1411 375 1541 404 manu
1560 363 1711 406 bestiae
1730 366 1832 409 libe-

1013 413 1126 454 ravit
1149 427 1229 464 me,
1250 417 1273 440 *
1289 416 1391 468 Ipse
1410 430 1479 459 me
1499 421 1653 472 eripiet
1671 420 1726 463 de
1745 426 1831 464 ma-

1012 468 1138 510 nibus
1148 470 1418 514 inimicorum
1427 477 1632 517 meorum.
1653 474 1703 525 V.
1715 478 1832 521 Misit

1012 525 1132 567 Deus
1151 527 1495 571 misericordiam
1513 545 1644 583 suam,
1663 539 1706 575 et
1724 537 1830 577 veri-

1012 584 1147 623 tatem
1163 597 1301 625 suam:
1321 586 1506 628 animam
1520 602 1661 630 meam
1676 593 1832 644 eripuit

1013 637 1068 679 de
1086 638 1232 681 medio
1253 641 1494 683 catulorum
1506 644 1689 686 leonum.
1717 648 1830 700 Ipse.

1015 693 1163 737 Gloria
1180 697 1308 738 Patri.
1335 698 1447 750 Ipse.

1228 802 1387 837 Feria
1418 801 1618 840 Tertia.

1145 859 1211 899 De
1230 858 1342 900 libro
1361 859 1503 911 primo
1523 861 1702 912 Regum.

1112 918 1265 961 Lectio
1294 920 1317 959 i.
1522 922 1623 975 Cap.
1644 925 1672 963 1.
1690 924 1727 965 b.

1055 980 1270 1030 ‘j-“actum
1309 982 1375 1019 est
1412 984 1576 1028 autem,
1619 993 1716 1021 cum
1756 981 1830 1022 illa

1151 1032 1458 1086 multiplicaret
1495 1048 1649 1087 preces
1681 1050 1828 1079 coram

1073 1091 1084 1099 ”
1150 1089 1351 1140 Domino,
1376 1096 1424 1133 ut
1449 1092 1549 1132 Heli
1575 1092 1829 1136 observaret

1009 1156 1059 1184 os
1079 1145 1179 1195 ejus.
1206 1145 1345 1187 Porro
1362 1147 1488 1189 Anna
1506 1148 1767 1200 loquebatur
1786 1151 1829 1191 in

1009 1200 1141 1241 corde
1171 1214 1260 1251 suo,
1289 1206 1544 1256 tantumque
1571 1204 1687 1246 labia
1714 1205 1827 1247 illius

1006 1256 1311 1307 movebantur,
1344 1264 1387 1300 et
1418 1273 1505 1300 vox
1536 1261 1709 1312 penitus
1740 1275 1827 1303 non

1007 1311 1275 1354 audiebatur.
1314 1315 1565 1357 AEstimavit
1591 1329 1695 1367 ergo
1731 1331 1826 1359 eam

1006 1367 1107 1409 Heli
1124 1369 1415 1417 temulentam,
1440 1370 1635 1423 dixitque
1661 1373 1715 1414 ei:
1747 1374 1824 1415 Us—

1007 1436 1181 1476 quequo
1198 1425 1316 1467 ebria
1327 1425 1432 1467 eris?
1445 1426 1593 1477 digere
1603 1429 1825 1482 paulisper

1006 1480 1168 1530 vinum,
1205 1494 1291 1532 quo
1329 1482 1490 1524 mades
1535 1484 1824 1536 Respondens

1005 1535 1142 1586 Anna,
1161 1537 1462 1589 Nequaquam,
1481 1539 1630 1590 inquit,
1650 1539 1823 1583 domine

1004 1593 1078 1633 mi:
1108 1606 1207 1633 nam
1234 1594 1388 1635 mulier
1414 1595 1562 1636 infelix
1588 1597 1714 1637 nimis
1742 1610 1823 1649 ego

1005 1661 1110 1698 sum,
1130 1649 1364 1702 vinumque
1390 1656 1433 1692 et
1452 1664 1580 1692 omne
1600 1653 1718 1704 quod
1738 1654 1822 1695 ine-

1003 1703 1146 1746 briare
1173 1710 1331 1758 potest,
1355 1719 1442 1747 non
1466 1706 1566 1757 bibi,
1589 1708 1666 1750 sed
1691 1709 1823 1752 effudi

1004 1762 1191 1802 animam
1223 1775 1363 1804 meam
1395 1763 1438 1803 in
1470 1766 1707 1816 conspectu
1735 1766 1822 1808 Do-

1002 1817 1115 1858 mini.
1167 1818 1234 1859 Ne
1266 1820 1442 1871 reputes
1474 1820 1671 1861 ancillam
1702 1826 1821 1863 tuam

1003 1874 1127 1925 quasi
1146 1887 1275 1915 unam
1295 1874 1349 1916 de
1368 1875 1539 1917 filiabus
1554 1876 1704 1917 Belial:
1721 1878 1821 1929 quia

1002 1942 1056 1970 ex
1073 1930 1348 1972 multitudine
1368 1930 1532 1973 doloris
1559 1937 1602 1973 et
1620 1935 1820 1975 moeroris

1000 1987 1086 2026 mei
1108 1986 1257 2027 locuta
1275 2000 1371 2028 sum
1396 2000 1535 2040 usque
1555 1989 1597 2029 in
1615 2002 1820 2042 praesens.

1000 2041 1123 2083 Tunc
1141 2042 1242 2084 Heli
1261 2043 1320 2084 ait
1339 2044 1394 2084 ei:
1427 2043 1553 2085 Vade
1571 2045 1615 2085 in
1632 2059 1757 2098 pace:
1777 2052 1820 2088 et

999 2097 1119 2139 Deus
1138 2099 1274 2140 Israel
1294 2099 1368 2141 det
1385 2099 1464 2141 tibi
1482 2101 1737 2153 petitionem
1756 2107 1818 2144 tu-

1000 2167 1086 2204 am,
1130 2168 1258 2206 quam
1293 2156 1458 2206 rogasti
1494 2169 1602 2198 eum.
1655 2159 1712 2200 Et
1746 2159 1818 2200 illa

999 2209 1123 2252 dixit:
1156 2211 1329 2252 Utinam
1352 2212 1542 2254 inveniat
1567 2210 1721 2255 ancilla
1743 2219 1817 2256 tua

996 2267 1180 2317 gratiam
1198 2267 1242 2307 in
1263 2268 1399 2309 oculis
1417 2268 1514 2309 tuis.

1052 2321 1103 2372 Βι-
1119 2322 1340 2364 Percussit
1355 2324 1456 2364 Saul
1471 2324 1599 2374 mille,
1614 2330 1658 2366 et
1672 2324 1815 2367 David

997 2377 1150 2419 decem
1180 2379 1328 2420 millia:
1358 2379 1383 2403 *
1408 2380 1518 2430 Quia
1547 2393 1699 2422 manus
1727 2382 1814 2422 Do-

995 2434 1097 2474 mini
1117 2440 1209 2475 erat
1229 2447 1327 2476 cum
1345 2435 1434 2476 illo:
1453 2437 1669 2488 percussit
1686 2437 1813 2477 Phili-

995 2489 1190 2540 sthaeum,
1205 2495 1248 2532 et
1263 2491 1440 2533 abstulit
1460 2492 1745 2544 opprobrium
1759 2506 1812 2533 ex

994 2546 1140 2586 Israel.
1187 2540 1238 2591 V.
1262 2547 1418 2588 Nonne
1450 2547 1531 2588 iste
1563 2553 1629 2589 est
1658 2547 1811 2597 David,

995 2601 1049 2642 de
1076 2615 1162 2653 quo
1190 2603 1402 2644 canebant
1430 2604 1473 2643 in
1498 2603 1643 2652 choro,
1671 2603 1813 2647 dicen<

993 2662 1078 2698 tes:
1103 2658 1206 2698 Saul
1224 2659 1439 2711 percussit
1456 2658 1582 2708 mille,
1606 2664 1649 2700 et
1666 2657 1810 2700 David

993 2712 1145 2754 decem
1161 2713 1315 2755 millia?
1345 2715 1464 2764 Quia.
