2040 2976
514 188 615 221 Infra
644 189 936 222 Hebdomadum
963 188 1010 222 iv.
1037 194 1127 231 post
1150 189 1228 223 Oct.
1255 189 1513 223 Pentecoste&

137 287 335 338 peccata
360 298 472 327 mea:
508 290 551 327 et
582 299 670 327 non
699 299 795 327 sum
822 285 979 336 dignus

150 340 300 383 videre
327 340 603 383 altitudinem
628 342 729 383 coeli
753 354 847 394 prae
871 341 977 382 mul-

148 396 334 439 titudine
355 397 597 449 iniquitatis
619 410 745 439 meae:
773 398 980 449 queniam

91 493 94 496 ,
148 452 316 493 irritavi
350 453 460 493 iram
497 458 634 502 tuam,
673 456 695 479 *
724 453 782 494 Et
815 453 979 494 malum

150 521 299 550 eoram
318 514 362 550 te
381 509 475 550 feei.
516 504 566 555 V.
586 510 802 559 Queniam
824 509 978 560 iniqui-

148 567 286 605 tatem
305 578 448 606 meam
468 578 550 616 ego
571 567 810 616 cognesco:
836 570 879 606 et
904 565 976 606 de-

149 621 300 662 lictum
324 634 470 662 meum
498 627 652 662 contra
678 633 748 662 me
775 626 842 662 est
868 634 977 662 sem-

148 689 240 728 per,
260 678 362 728 quia
380 677 460 719 tibi
479 676 562 723 soli
580 677 774 729 peccavi.
803 678 869 719 Et.

203 734 254 785 R.
283 734 366 774 viii.
406 733 507 774 Duo
549 733 779 785 Seraphim
820 733 976 774 clama-

147 787 256 830 bant
283 788 394 830 alter
421 788 478 830 ad
506 789 706 830 alterum:
735 792 756 815 *
778 789 974 839 Sanctus,

148 849 341 894 sanetus,
384 850 560 886 sanctus
602 845 817 886 Deminus
854 846 975 887 Deus

148 899 358 941 Sabaoth:
384 904 406 927 *
431 900 568 942 Plena
595 906 662 942 est
690 902 831 942 omnis
859 907 977 943 terra

147 955 288 1006 gloria
305 958 407 1008 ejus.
444 952 494 1004 V.
515 957 626 998 Tres
646 963 747 999 sunt
767 958 841 1009 qui
859 959 977 999 testi-

147 1013 342 1055 menium
359 1011 464 1054 dant
487 1013 530 1053 in
550 1013 680 1063 coelo,
704 1015 850 1063 Pater,
870 1015 977 1056 Ver-

147 1069 263 1119 bum,
283 1074 327 1110 et
345 1069 531 1121 Spiritus
552 1075 743 1111 sanctus:
763 1075 806 1112 et
824 1070 869 1111 hi
887 1076 977 1112 tres

145 1138 280 1221 1ιὲ111ι1111
299 1131 410 1168 sunt.
443 1126 639 1167 Sanctus.
680 1125 828 1167 Gloria
847 1127 978 1169 Patri.

199 1193 290 1222 ena.

306 1285 491 1321 Feria
526 1285 821 1322 Secunda.

283 1338 348 1379 De
367 1337 480 1379 libro
500 1337 644 1390 primo
665 1338 848 1389 Regum.

250 1402 403 1443 Lectio
424 1402 447 1442 i.
648 1403 750 1453 Cap.
768 1402 823 1442 17.
839 1416 872 1443 c.

156 1470 160 1472 “
197 1470 225 1499 7
236 1463 254 1500 t
269 1458 379 1499 dixit
395 1471 507 1499 unus
523 1459 741 1511 quispiam
756 1457 812 1499 de
825 1458 978 1499 Israel:

156 1508 213 1559 1²42:
251 1515 370 1556 Num
388 1513 560 1555 vidistis
579 1515 721 1555 virum
745 1513 877 1563 hunc,
903 1515 977 1566 qui

147 1569 366 1612 ascendit?
397 1569 453 1611 ad
479 1569 838 1623 exprobrandum
862 1571 977 1611 enim

147 1627 300 1668 Israeli
325 1625 532 1668 ascendit.
568 1627 725 1668 Virum
750 1638 872 1676 ergo,
902 1627 974 1678 qui

146 1683 414 1736 percusserit
439 1695 556 1731 eum⁷
585 1682 744 1724 ditabit
767 1695 846 1723 rex
870 1682 975 1724 divi-

146 1739 218 1780 tiis
245 1739 429 1789 magnis,
465 1744 508 1780 et
536 1739 671 1780 filiam
699 1751 824 1779 suam
853 1738 976 1781 dabit

146 1795 196 1844 ei,
216 1799 260 1836 et
279 1794 459 1836 domum
474 1795 613 1847 patris
629 1796 719 1847 ejus
734 1795 866 1836 faciet
881 1795 976 1836 abs-

147 1863 231 1903 que
250 1852 416 1893 tributo
434 1851 478 1891 in
497 1851 645 1892 Israel.
677 1851 734 1892 Et
752 1852 812 1892 ait
830 1850 976 1893 David

146 1906 203 1948 ad
218 1907 337 1948 viros
354 1907 428 1959 qui
443 1907 618 1949 stabant
634 1920 793 1958 secum,
811 1907 975 1948 dicens:

147 1962 263 2012 Quid
282 1962 458 2005 dabitur
476 1963 589 2013 viro,
615 1963 689 2015 qui
707 1963 976 2016 percusserit

145 2018 447 2060 Philisthaeum
478 2019 608 2068 hunc,
642 2024 686 2060 et
717 2019 867 2060 tulerit
900 2031 974 2071 op-

146 2074 372 2126 prebrium
391 2075 446 2117 de
465 2074 625 2117 Israel?
657 2075 753 2128 quis
775 2075 889 2116 enim
909 2080 976 2116 est

145 2129 216 2171 hic
234 2130 517 2173 philisthaeus
535 2132 876 2180 incircumcisuS‚
902 2132 975 2183 qui

147 2187 431 2239 exprobravit
451 2188 567 2229 acies
587 2188 671 2229 Dei
690 2186 900 2229 viventis?

197 2246 247 2297 R.
276 2243 541 2285 Recordare.
562 2244 647 2284 179.

454 2296 606 2337 Lectio
627 2296 665 2337 ii.
691 2343 695 2347 ¹

146 2351 344 2454 Aidita
378 2364 477 2401 sunt
509 2365 655 2401 autem
687 2358 840 2408 verba,
875 2371 974 2410 quae

258 2415 431 2456 locutus
461 2421 527 2457 est
551 2415 713 2466 David,
743 2420 787 2456 et
812 2428 973 2455 annun-

146 2471 255 2512 tiata
273 2471 317 2511 in
337 2473 579 2524 conspectu
598 2471 711 2512 Saul.
746 2470 818 2511 Ad
843 2483 974 2522 quem

147 2539 245 2567 cum
269 2527 423 2568 fuisset
447 2526 682 2576 adductus,
709 2526 882 2567 loeutus
908 2531 975 2567 est

147 2582 201 2623 ei:
218 2582 319 2623 Non
340 2582 544 2624 concidat
563 2595 639 2623 eor
658 2584 913 2633 cujusquam
931 2583 974 2623 in

148 2650 216 2679 eo:
241 2650 323 2688 ego
345 2651 497 2679 servus
516 2643 618 2679 tuus
636 2637 810 2686 vadam,
837 2643 880 2679 et
896 2652 972 2691 pu-

146 2693 292 2744 gnabo
320 2694 533 2735 adversus
559 2693 870 2734 Philistha'eum.
915 2694 973 2736 Et

1033 285 1094 327 ait
1113 286 1217 327 Saul
1236 286 1292 327 ad
1311 287 1471 329 David:
1494 288 1596 330 Non
1615 289 1736 331 vales
1760 292 1862 331 resi-

1032 346 1150 382 stere
1168 341 1429 384 Philistha'eo
1448 344 1535 394 isti,
1560 357 1641 386 nec
1665 349 1862 397 pugnare

1033 397 1267 438 adversum
1297 411 1410 439 eum:
1440 400 1541 451 quia
1564 414 1674 452 puer
1701 414 1764 451 es,
1792 402 1863 443 hic

1033 459 1179 495 autem
1211 454 1277 495 vir
1308 454 1497 496 bellator
1531 461 1597 497 est
1629 456 1682 498 ab
1717 458 1862 499 adole-

1032 510 1198 550 scentia
1217 523 1306 551 sua.

1091 567 1140 617 Ra
1160 565 1402 608 Exaudisti.
1420 567 1513 607 180.

1336 623 1491 663 Lectio
1512 623 1565 662 iii.

1121 678 1288 730 'xitque
1312 677 1459 719 David
1484 678 1541 720 ad
1565 679 1683 720 Saul:
1707 680 1861 721 Pasce-

1135 733 1211 775 bat
1232 747 1384 775 servus
1404 740 1505 775 tuus
1524 736 1664 787 patris
1685 736 1751 776 sui
1769 749 1862 786 gre-

1031 802 1145 840 gem,
1168 795 1211 831 et
1230 790 1433 831 veniebat
1452 790 1538 840 leo,
1563 791 1633 832 vel
1652 804 1795 840 ursus,
1820 797 1863 833 et

1031 846 1217 887 tollebat
1243 848 1426 887 arietem
1453 846 1507 887 de
1533 846 1681 888 medio
1703 848 1862 897 gregis:

1032 907 1077 943 et
1107 903 1408 954 persequebar
1442 916 1534 952 608,
1573 908 1616 944 et
1647 903 1861 955 percutie-

1031 957 1150 1006 bam,
1179 958 1477 1010 eruebamque
1507 958 1562 1000 de
1592 972 1667 1000 ore
1696 961 1863 1000 eerum:

1032 1019 1076 1055 et
1094 1014 1156 1054 illi
1180 1014 1505 1065 consurgebant
1528 1014 1763 1056 adversum
1781 1028 1862 1064 me,

1032 1075 1076 1111 et
1090 1070 1476 1123 apprehendebam
1491 1076 1686 1112 mentum
1699 1073 1862 1120 eerum,

1032 1132 1076 1167 et
1121 1126 1410 1176 suffocabam,
1456 1127 1861 1179 interficiebamque

1032 1194 1120 1222 eos.
1156 1182 1272 1223 Nam
1292 1187 1335 1223 et
1352 1182 1541 1232 16ό116111,
1571 1188 1614 1224 et
1633 1196 1783 1223 ursum
1799 1183 1861 1233 *in-

1030 1238 1182 1279 terfeci
1203 1251 1286 1289 ego
1308 1251 1462 1291 servus
1480 1244 1597 1280 tuus:
1625 1239 1707 1280 erit
1731 1239 1861 1289 igitur

1032 1298 1075 1335 et
1102 1293 1384 1334 Philistha'eus
1416 1294 1487 1335 hic
1520 1295 1860 1344 incircumcisus,

1032 1350 1158 1401 quasi
1176 1363 1286 1390 unus
1308 1363 1362 1391 ex
1382 1350 1456 1391 eis.

1086 1407 1135 1457 R.
1159 1405 1278 1447 Audi
1295 1406 1496 1446 Demine.
1516 1407 1609 1446 180.

1247 1517 1408 1552 Feria
1441 1517 1643 1553 Tertia.

1167 1569 1231 1610 De
1251 1568 1365 1610 libro
1385 1569 1527 1622 primo
1548 1570 1731 1619 Regum.

1110 1630 1262 1670 Lectio
1284 1630 1305 1669 i.
1556 1630 1658 1681 Cap.
1677 1631 1732 1669 17.
1749 1644 1782 1670 6.

1039 1690 1137 1734 &t
1168 1684 1309 1727 induit
1332 1686 1435 1727 Saul
1460 1684 1605 1726 David
1631 1685 1860 1726 vestimen-

1058 1756 1106 1780 -s
1136 1742 1193 1783 tis
1227 1742 1334 1791 suis,
1374 1747 1417 1783 et
1448 1742 1658 1794 impesuit
1691 1741 1861 1791 galeam

1030 1801 1190 1839 aeream
1215 1811 1347 1850 super
1372 1803 1503 1850 caput
1529 1799 1636 1849 ejus,
1666 1802 1709 1838 et
1733 1799 1860 1838 vesti-

1029 1854 1091 1895 vit
1110 1867 1210 1895 eum
1229 1854 1376 1896 lorica.
1398 1855 1636 1895 Aeeinctus
1653 1866 1758 1903 ergo
1774 1854 1857 1893 Da-

1029 1910 1103 1951 vid
1122 1909 1270 1962 gladio
1287 1912 1378 1962 ejus
1394 1923 1526 1962 super
1540 1914 1710 1950 vestem
1725 1922 1858 1958 suam,

1029 1967 1166 2019 eoepit
1204 1969 1373 2008 tentare
1411 1966 1448 2006 si
1479 1968 1673 2006 armatus
1706 1970 1860 2017 posset

1028 2022 1248 2064 incedere:
1280 2035 1369 2063 non
1398 2022 1514 2063 enim
1543 2021 1734 2062 habebat
1760 2034 1858 2062 eon-

1029 2078 1315 2120 suetudinem.
1374 2078 1583 2129 Dixitque
1620 2076 1766 2118 David
1802 2076 1859 2118 ad

1028 2134 1146 2175 Saul:
1182 2135 1283 2176 Non
1318 2147 1502 2186 possum
1540 2134 1602 2176 sic
1637 2132 1857 2181 incedere,

1031 2191 1133 2241 quia
1158 2203 1247 2231 non
1274 2203 1402 2231 usum
1428 2190 1584 2232 habeo.
1640 2190 1696 2231 Et
1723 2189 1856 2242 depe-

1031 2247 1117 2288 suit
1154 2259 1222 2296 ea,
1262 2252 1306 2288 et
1343 2246 1443 2288 tulit
1475 2246 1681 2288 baculum
1719 2259 1856 2294 suum,

1029 2315 1160 2355 quem
1179 2315 1352 2355 semper
1372 2302 1564 2344 habebat
1583 2303 1626 2342 in
1642 2302 1856 2343 manibus:

1028 2364 1071 2400 et
1105 2359 1236 2410 elegit
1269 2358 1352 2400 sibi
1386 2359 1578 2411 quinque
1610 2358 1855 2410 limpidissi-

1026 2428 1123 2456 mos
1149 2414 1320 2467 lapides
1346 2413 1402 2456 de
1426 2417 1639 2464 torrente,
1669 2420 1712 2456 et
1738 2414 1855 2455 misit

1027 2484 1105 2512 eos
1143 2471 1186 2511 in
1219 2484 1371 2523 peram
1400 2470 1685 2523 pastoralem,
1725 2483 1854 2521 quam

1026 2527 1218 2569 habebat
1250 2540 1415 2576 secum,
1450 2532 1492 2568 et
1517 2525 1696 2567 fundam
1723 2538 1853 2565 manu

1025 2583 1138 2624 tulit:
1163 2588 1208 2624 et
1230 2583 1448 2636 processit
1473 2581 1706 2623 adversum
1724 2580 1851 2621 Phili-

1026 2639 1223 2680 sthaeum.

1080 2695 1129 2745 Rz.
1154 2695 1353 2736 Demine.
1373 2696 1467 2736 180.
