2040 2976
187 206 285 250 [204]

636 207 810 240 Officium
837 207 1008 240 votivum
1035 207 1081 240 dc
1106 207 1257 239 Sanctis
1285 206 1453 247 Angelis.

194 303 341 345 Lectio
365 303 503 344 sancti
526 303 751 355 Evangelii
773 303 1014 345 secundum

487 359 511 399 J
514 361 712 401 oannem.

249 421 395 461 Lectio
416 420 483 459 vii.
818 418 921 471 Cap.
938 421 966 458 1.

233 486 259 512 n
286 472 360 513 illo
386 475 602 525 tempore:
630 472 754 514 Vidit
777 474 905 515 Jesus
928 474 1012 514 Na-

250 529 427 570 thanael
452 530 699 571 venientem
718 529 775 571 ad
795 543 859 579 se,
885 535 929 571 et
953 530 1013 571 di-

186 585 244 627 cit
272 585 327 627 de
354 599 422 627 eo:
454 586 570 627 Ecce
598 599 700 627 vere
729 587 943 635 Israelita,
971 586 1014 626 in

187 655 273 694 quo
294 642 424 683 dolus
442 655 530 684 non
550 648 627 684 est.
647 644 702 684 Et
721 643 900 696 reliqua.

193 719 378 762 Homilia
406 721 546 762 sancti
573 720 787 762 Bernardi
814 719 1014 762 Abbatis.

285 789 322 821 In
351 788 408 821 Psi
435 786 506 828 Qui
529 786 688 821 habitat.
717 788 851 821 Sermo
880 788 925 820 11.

193 847 211 871 Γ
241 847 378 896 -ιῗωε
404 855 510 885 vero
531 848 632 885 sunt
656 845 908 884 sanctorum
927 843 1014 883 An-

187 896 305 957 jaff-:j
327 899 526 950 gelorum
550 898 656 941 viae?
684 899 890 941 Profecto
916 899 1014 948 illae,

187 953 301 980 ’ῑ“’“’”ἒ”“
329 969 438 1009 quas
483 957 742 1007 Unigenitus
795 956 1015 997 enarravit

186 1012 350 1054 dicens:
388 1012 609 1055 Videbitis
637 1013 834 1064 Angelos
866 1025 1014 1054 ascen-

185 1067 339 1111 dentes
369 1075 412 1111 et
441 1068 759 1111 descendent-es
787 1082 920 1122 super
947 1070 1014 1110 Fi-

183 1126 290 1167 lium
317 1126 515 1168 hominis.
568 1127 782 1168 Ascensio
810 1127 943 1177 igitur
972 1131 1015 1168 et

185 1182 414 1225 descensio
454 1184 538 1224 viae
579 1183 768 1234 illorum3
815 1183 1014 1224 ascensio

183 1244 367 1292 propter
400 1253 462 1290 se,
500 1240 730 1282 descensio
762 1240 832 1282 vel
865 1239 1015 1292 potius

184 1295 498 1338 condescensio
524 1301 709 1350 propter
727 1309 819 1338 nos.
852 1297 923 1339 Sic
941 1296 1014 1338 be-

184 1353 243 1394 ati
268 1353 330 1394 illi
354 1354 532 1406 spiritus
553 1353 795 1395 ascendunt
813 1366 894 1406 per
914 1366 1013 1394 con·

182 1410 514 1462 templationem
529 1411 624 1460 Dei,
644 1410 916 1452 descendunt
934 1422 1014 1463 per

183 1467 536 1519 compassionem
571 1467 651 1517 tui,
683 1472 732 1509 ut
764 1466 1015 1508 custodiant

182 1529 226 1565 te
246 1524 289 1564 in
309 1523 510 1565 omnibus
530 1524 612 1565 viis
630 1524 728 1565 tuis.
757 1523 1015 1566 Ascendunt

184 1579 240 1621 ad
259 1581 426 1622 vultum
447 1581 548 1632 ejus,
570 1580 844 1622 descendunt
865 1579 921 1622 ad
940 1594 1014 1622 nu-

183 1642 275 1678 tum
308 1637 415 1688 ejus:
461 1637 677 1687 Quoniam
708 1637 890 1688 Angelis
922 1637 1014 1678 suis

182 1693 408 1735 mandavit
442 1693 497 1735 de
529 1700 584 1735 te.
637 1693 733 1735 Nec
765 1699 913 1735 tamen
944 1694 1015 1735 vel

184 1748 494 1792 descendendo
523 1750 691 1792 visione
721 1750 875 1801 gloriae
904 1750 1014 1792 frau-

184 1805 354 1856 dantur,
375 1807 476 1859 quia
494 1819 669 1860 semper
687 1806 838 1849 vident
855 1807 1014 1849 faciem

184 1863 340 1905 Patris.

242 1928 290 1978 Rg.
329 1924 526 1975 Angelus
567 1924 746 1966 Domini
786 1923 1015 1967 descendit

185 1992 284 2020 cum
303 1981 463 2022 Azaria
483 1986 527 2023 et
545 1982 677 2023 sociis
699 1982 790 2034 ejus
808 1981 854 2022 in
872 1981 1014 2023 forna-

186 2049 292 2087 cem,
313 2043 355 2079 et
375 2038 568 2080 excussit
587 2038 807 2080 flammam
826 2039 939 2090 ignis
959 2038 1014 2080 de

185 2093 379 2135 fornace:
400 2102 419 2123 *
435 2095 491 2136 Et
510 2108 598 2136 non
618 2096 762 2146 tetigit
782 2108 859 2137 eos
880 2097 1014 2137 omni-

185 2162 242 2191 no
258 2150 380 2201 ignis‚
399 2164 542 2204 neque
559 2153 847 2194 contristavit.
870 2152 917 2203 NV.
933 2152 1014 2194 Be-

185 2206 386 2248 nedictus
418 2208 539 2250 Deus
577 2211 746 2259 eorum,
788 2209 863 2261 qui
898 2209 1016 2250 misit

186 2263 404 2314 Angelum
440 2277 584 2314 suum,
628 2270 673 2306 et
714 2266 826 2307 eruit
862 2278 1015 2307 servos

187 2332 302 2370 suos,
322 2320 396 2372 qui
416 2320 695 2363 crediderunt
714 2322 758 2363 in
779 2335 888 2364 eum.
916 2323 983 2364 Et.

477 2395 625 2435 Lectio
648 2397 728 2436 viii.

263 2470 336 2498 um
372 2457 614 2499 ascendunt
655 2458 711 2499 ad
747 2459 1014 2512 contempla-

270 2515 447 2564 tionem,
466 2514 688 2566 inquirunt
702 2516 944 2565 veritatem,
961 2515 1015 2558 de

188 2583 273 2623 qua
306 2576 350 2612 et
382 2569 676 2612 desiderando
710 2572 940 2622 satiantur,
972 2578 1016 2614 et

187 2627 387 2669 satiando
408 2627 669 2669 desiderant.
699 2628 807 2669 Cum
821 2641 927 2670 vero
944 2628 1015 2670 de-

188 2684 417 2734 scendunt,
444 2685 608 2725 faciunt
635 2684 865 2726 nobiscum
889 2685 1015 2726 mise—

187 2741 435 2792 ricordiam,
461 2746 509 2782 ut
533 2740 783 2783 custodiant
804 2753 885 2782 nos
909 2741 953 2782 in
973 2743 1015 2782 o-

1067 303 1241 344 mnibus
1274 303 1358 344 viis
1390 303 1564 344 nostris.
1607 303 1894 346 Administra-

1067 360 1168 401 torii
1196 360 1311 401 enim
1339 359 1519 412 spiritus
1548 365 1666 410 sunt,
1697 360 1819 401 missi
1850 361 1895 402 in

1067 416 1356 457 ministerium
1392 421 1576 469 propter
1611 429 1704 458 nos.
1759 417 1896 459 Plane

1068 473 1254 514 ministri
1273 473 1429 522 nostri,
1454 485 1542 514 non
1563 472 1728 514 domini
1746 473 1896 515 nostri.

1067 529 1124 571 Et
1155 529 1198 570 in
1230 529 1315 571 hoc
1340 529 1561 580 Unigeniti
1592 530 1778 571 formam
1804 530 1895 571 imi-

1067 588 1232 634 tantur,
1272 586 1346 638 qui
1376 598 1464 627 non
1497 586 1618 628 venit
1647 586 1897 636 ministrari,

1067 641 1146 685 sed
1165 643 1428 693 ministrare,
1458 643 1531 695 qui
1556 644 1678 685 stetit
1699 643 1813 685 inter
1836 642 1896 685 di-

1067 699 1262 752 scipulos
1298 704 1524 752 tamquam
1563 699 1638 752 qui
1668 700 1897 742 ministrat.

1067 756 1254 798 Fructus
1270 756 1563 808 angelicarum
1577 756 1759 807 viarum,
1777 755 1898 809 quod

1068 811 1124 854 ad
1143 813 1264 865 ipsos
1284 818 1473 866 spectat,
1502 826 1582 854 sua
1603 813 1801 866 ipsorum
1824 813 1896 856 be-

1067 868 1248 919 atitudo,
1268 875 1312 911 et
1332 869 1583 912 obedientia
1602 874 1670 911 est
1687 870 1898 911 caritatis:

1069 925 1189 979 quod
1212 932 1358 968 autem
1382 926 1439 968 ad
1457 939 1538 968 nos
1562 927 1768 980 pertinet,
1795 926 1897 968 inde

1068 982 1246 1034 quidem
1283 983 1489 1025 obtentus
1533 983 1692 1025 divinae
1728 983 1898 1034 gratiae,

1067 1038 1168 1081 hinc
1187 1052 1292 1082 vero
1313 1040 1515 1082 custodia
1533 1040 1616 1081 viae
1641 1044 1821 1081 nostrae:
1844 1042 1898 1081 si-

1069 1095 1246 1148 quidem
1270 1096 1452 1148 Angelis
1477 1096 1567 1138 suis
1591 1095 1817 1138 mandavit
1842 1096 1898 1138 de

1067 1157 1126 1202 te,
1152 1158 1200 1195 ut
1219 1152 1471 1195 custodiant
1487 1158 1532 1195 te
1551 1153 1596 1194 in
1615 1152 1819 1195 omnibus
1836 1153 1898 1194 in-

1068 1208 1272 1260 digentiis
1290 1210 1389 1252 tuis.

1123 1274 1173 1325 R.
1196 1270 1265 1312 Tu
1291 1270 1496 1321 Domine,
1532 1270 1607 1323 qui
1631 1270 1788 1312 misisti
1810 1270 1897 1312 An-

1067 1327 1213 1379 gelum
1236 1332 1360 1369 tuum
1384 1327 1465 1370 sub
1485 1327 1677 1369 Ezechia
1700 1340 1804 1379 rege
1827 1327 1852 1369 J
1854 1341 1898 1370 u-

1068 1385 1141 1435 da,
1170 1390 1213 1427 et
1245 1385 1502 1427 interfecisti
1533 1384 1588 1426 de
1613 1385 1770 1427 castris
1795 1385 1897 1427 Sen-

1067 1441 1277 1483 nacherib
1311 1446 1487 1483 centum
1519 1443 1748 1493 octoginta
1777 1442 1898 1494 quin-

1069 1511 1154 1550 que
1182 1498 1333 1540 millia:
1362 1500 1384 1523 *
1410 1498 1466 1541 Et
1494 1511 1610 1540 nunc
1636 1498 1898 1540 Dominator

1067 1555 1282 1596 coelorum
1300 1556 1426 1597 mitte
1441 1555 1661 1607 Angelum
1679 1560 1803 1597 tuum
1822 1555 1898 1597 bo-

1066 1625 1171 1653 num
1189 1617 1289 1654 ante
1305 1625 1397 1662 nos,
1417 1612 1461 1653 in
1476 1612 1635 1654 timore
1649 1616 1694 1653 et
1707 1613 1898 1653 tremore

1067 1667 1379 1719 magnitudinis
1414 1668 1582 1710 brAchii
1618 1669 1693 1710 tui.
1753 1662 1804 1714 V.
1839 1668 1899 1710 Ut

1067 1726 1264 1767 metuant
1292 1725 1366 1777 qui
1399 1737 1499 1766 cum
1527 1724 1801 1778 blasphemia
1828 1726 1898 1766 ve-

1067 1781 1190 1823 niunt
1217 1781 1429 1823 adversus
1457 1786 1658 1823 sanctum
1683 1780 1898 1834 populum

1066 1844 1200 1881 tuum.
1227 1839 1294 1880 Et.
1325 1838 1475 1881 Gloria
1492 1838 1624 1880 Patri.
1651 1838 1719 1879 Et.

1120 1900 1252 1934 Lectio
1277 1901 1326 1934 ix.
1358 1900 1405 1934 de
1430 1900 1529 1934 festo
1554 1898 1745 1942 Simplici,
1778 1898 1811 1932 si
1837 1908 1899 1933 oc-

1070 1954 1211 1984 currat:
1236 1949 1334 1983 alias

1373 2000 1525 2041 Lectio
1546 2000 1599 2039 ix.

1070 2057 1273 2162 Interim
1309 2073 1415 2113 ergo
1456 2059 1682 2102 mandavit
1716 2059 1898 2111 Angelis

1124 2118 1215 2159 suis
1233 2118 1372 2167 Deus,
1399 2130 1488 2159 non
1512 2116 1690 2169 quidem
1712 2121 1762 2158 ut
1781 2118 1898 2158 amo-

1068 2179 1198 2216 veant
1217 2179 1262 2216 te
1281 2187 1307 2215 a
1326 2174 1407 2216 viis
1426 2173 1527 2223 tuiS‚
1547 2173 1628 2215 sed
1645 2173 1690 2214 in
1709 2173 1771 2215 eis
1790 2173 1898 2226 ipsis

1067 2236 1112 2272 te
1144 2230 1411 2281 custodiant,
1449 2235 1494 2272 et
1532 2230 1658 2283 quasi
1692 2242 1773 2283 per
1805 2230 1898 2271 vias

1069 2301 1187 2338 suas,
1213 2288 1307 2329 vias
1330 2292 1429 2329 tuas
1450 2287 1640 2339 dirigant
1658 2287 1702 2328 in
1721 2287 1816 2328 vias
1834 2286 1897 2340 ip-

1068 2347 1169 2386 sius.
1197 2345 1398 2395 Quonam
1414 2344 1562 2394 modo,
1580 2342 1747 2396 inquis?
1767 2343 1896 2385 Nem—

1067 2415 1124 2454 pe
1149 2407 1198 2444 ut
1227 2401 1348 2454 quod
1371 2401 1569 2452 Angelus
1595 2413 1650 2442 ex
1673 2400 1768 2443 sola
1792 2400 1898 2442 cari-

1067 2461 1159 2500 tate
1177 2459 1331 2511 purius
1350 2459 1455 2510 agit,
1475 2464 1523 2500 ut
1541 2458 1724 2511 propria
1742 2457 1898 2506 saltem

1068 2516 1330 2558 necessitate
1356 2515 1609 2568 compulsus
1634 2519 1678 2556 et
1704 2514 1898 2556 admoni-

1068 2578 1156 2622 tus,
1188 2571 1448 2622 descendaS‚
1480 2577 1524 2614 et
1551 2570 1898 2620 condescendam

1069 2629 1276 2671 exhibere
1304 2629 1472 2671 scilicet
1503 2629 1707 2682 proximo
1734 2627 1896 2669 miseri-

1068 2685 1278 2727 cordiam:
1317 2691 1360 2728 et
1397 2699 1571 2727 rursum
1608 2698 1707 2727 cum
1740 2682 1898 2726 eodem

1068 2742 1240 2793 Angelo
1264 2742 1415 2783 levans
1444 2741 1663 2783 desideria
1685 2745 1776 2790 tua,
1803 2745 1900 2782 tota
