2040 2976
198 207 262 242 194

195 302 307 343 Saul.
349 301 511 341 Fuerat
541 303 687 340 autem
717 299 835 340 Sauli
866 311 1022 340 concu-

195 357 297 398 bina
317 356 490 396 nomine
510 354 704 407 Respha,
723 355 813 395 filia
828 355 921 406 Aja.
949 355 1022 395 Di-

197 415 345 463 xitque
370 411 575 453 Isboseth
599 410 656 452 ad
683 411 848 452 Abner:
878 411 1023 460 Quare

197 470 416 518 ingressus
436 479 483 508 es
502 466 559 508 ad
579 467 867 508 concubinam
886 466 1023 518 patris

197 522 302 564 mei?
323 523 406 573 Qui
424 523 561 564 iratus
580 523 709 563 nimis
728 527 912 575 propter
931 534 1023 563 ver-

197 579 253 620 ba
280 578 502 627 Isboseth,
531 579 607 619 ait:
638 577 865 630 Numquid
893 582 1024 629 caput

197 635 315 676 canis
353 647 435 684 ego
473 647 570 675 sum
601 634 835 675 adversum
866 633 1025 674 Judam

196 689 344 739 hodie,
374 690 448 741 qui
476 690 655 731 fecerim
678 689 1025 730 misericordiam

199 759 331 799 super
359 746 538 787 domum
565 746 668 786 Saul
700 746 839 797 patris
866 745 948 794 tui,
982 749 1026 785 et

199 815 331 854 super
355 802 512 842 fratres
537 806 581 842 et
599 801 826 853 preximos
846 802 953 853 ejus,
983 804 1027 841 et

199 871 287 898 non
310 857 471 899 tradidi
494 863 538 898 te
556 858 600 897 in
618 870 772 897 manus
791 855 951 906 David,
982 861 1026 897 et

199 918 247 955 tu
272 914 494 965 requisisti
517 914 560 954 in
584 926 654 954 me
680 912 800 964 quod
821 916 1027 963 argueres

200 982 282 1021 pro
319 969 499 1010 muliere
540 967 701 1010 hodie?
748 969 860 1010 Haec
896 969 1028 1010 faciat

202 1025 324 1066 Deus
344 1025 509 1074 Abner,
534 1030 577 1066 et
596 1025 692 1066 haec
712 1024 847 1066 addat
866 1025 922 1073 ei,
946 1024 1029 1064 nisi

204 1080 428 1132 quemodo
452 1081 609 1132 juravit
633 1081 848 1122 Dominus
872 1079 1029 1129 David,

204 1136 266 1177 sic
285 1136 442 1177 faciam
462 1149 561 1176 cum
577 1149 648 1184 eo,
675 1142 723 1178 ut
741 1136 1030 1178 transferatur

201 1204 382 1242 regnum
400 1191 454 1232 de
474 1191 607 1233 domo
628 1192 746 1240 Saul,
772 1197 815 1233 et
835 1192 1030 1233 elevetur

201 1247 386 1288 thronus
404 1248 550 1289 David
571 1261 703 1300 super
722 1248 874 1296 Isra'el,
899 1254 942 1289 et
962 1261 1029 1288 su-

201 1316 281 1355 per
294 1303 318 1343 J
320 1302 462 1352 udam,
482 1316 507 1344 a
521 1304 619 1344 Dan
640 1317 780 1356 usque
796 1303 1030 1345 Bersabee.

256 1373 308 1423 Rz.
329 1368 528 1409 Demine.
556 1369 650 1420 180.

515 1451 666 1491 Lectio
687 1450 725 1489 ii.

205 1516 379 1621 Misit
398 1531 503 1568 ergo
518 1518 670 1560 Abner
683 1519 861 1560 nuntios
876 1517 934 1558 ad.
948 1517 1033 1558 Da-

324 1573 400 1615 vid
418 1587 501 1627 pro
523 1587 570 1616 se
591 1574 800 1616 dicentes:
820 1574 950 1624 Cujus
967 1577 1035 1615 est

204 1629 343 1671 terra?
371 1630 428 1671 Et
446 1636 494 1671 ut
516 1630 815 1682 loquerentur:
841 1630 930 1671 Fac
947 1642 1033 1670 me-

205 1699 304 1727 cum
330 1686 559 1735 amicitias,
592 1691 635 1728 et
660 1687 741 1728 erit
763 1699 918 1726 manus
937 1697 1035 1726 mea

205 1747 368 1790 tecum,
402 1747 446 1783 et
477 1741 683 1783 reducam
712 1741 769 1783 ad
794 1746 839 1783 te
867 1741 1035 1782 univer-

206 1810 302 1838 sum
325 1797 473 1838 Israel.
515 1798 599 1848 Qui
623 1798 697 1839 ait:
729 1798 923 1850 Optime:
952 1809 1035 1847 ego

208 1853 364 1894 faciam
383 1858 528 1894 tecum
553 1854 780 1894 amicitias:
805 1853 884 1895 sed
905 1866 1036 1894 unam

208 1921 300 1949 rem
318 1914 424 1961 peto
445 1923 470 1950 a
488 1915 543 1959 te,
563 1909 728 1951 dicens:
746 1909 848 1950 Non
865 1909 1036 1950 videbis

209 1964 364 2006 faciem
380 1978 533 2015 meam,
549 1968 785 2017 antequam
800 1964 1036 2007 adduxeris

209 2019 371 2061 Michol
400 2021 534 2062 filiam
559 2021 675 2062 Saul:
708 2027 751 2062 et
779 2021 843 2061 sic
869 2021 1036 2070 venies,

210 2081 254 2117 et
275 2075 444 2117 videbis
463 2090 544 2118 me.
583 2077 702 2119 Misit
726 2082 873 2118 autem
890 2076 1036 2118 David

210 2132 386 2173 nuntios
419 2132 475 2174 ad
506 2133 712 2175 Isboseth
749 2133 887 2173 filium
919 2133 1036 2183 Saul,

211 2187 376 2229 dicens:
402 2188 559 2230 Redde
584 2191 767 2230 uxerem
792 2202 935 2230 meam
961 2189 1037 2229 Mi-

212 2243 323 2292 chol,
347 2257 477 2295 quam
498 2244 718 2296 despondi
734 2244 841 2285 mihi
863 2250 1038 2286 centum

211 2300 440 2352 praeputiis
471 2300 742 2345 Philisthiim.
782 2301 901 2342 Misit
932 2313 1038 2351 ergo

211 2355 432 2404 Isboseth,
467 2361 511 2397 et
537 2356 636 2397 tulit
663 2369 759 2397 eam
787 2370 811 2397 a
836 2357 931 2397 viro
958 2369 1038 2397 suo

213 2411 445 2461 Phalthiel,
474 2411 565 2453 filio
592 2411 707 2452 La‘is.
748 2412 1039 2464 Sequebatur-

215 2479 300 2519 que
329 2480 426 2508 eam
449 2467 514 2508 vir
543 2480 663 2515 suus,
694 2467 873 2519 plorans
900 2480 1040 2519 usque

214 2522 439 2563 Bahurim:
468 2528 511 2564 et
537 2522 646 2564 dixit
673 2522 729 2563 ad
753 2536 852 2563 eum
876 2522 1041 2563 Abner:

214 2578 361 2628 Vade,
390 2584 434 2620 et
461 2580 691 2619 revertere.
729 2578 813 2627 Qui
841 2580 1041 2619 reversus

217 2640 293 2676 eSt.

270 2700 320 2750 R.
346 2699 530 2740 Factum
549 2703 626 2739 est.
647 2698 727 2738 181.

569 214 668 247 Infra
694 212 991 246 llcbdomadam
1015 221 1049 244 v.
1076 213 1165 252 post
1188 208 1267 241 Oet.
1292 206 1551 239 Pentecostes.

1381 297 1535 338 Lectio
1555 296 1610 335 iii.

1082 356 1371 463 Sermonem
1396 364 1574 404 quoque
1593 351 1737 393 intulit
1757 351 1908 393 Abner

1161 411 1218 452 ad
1237 410 1433 451 seni6res
1448 407 1597 456 Israel,
1613 407 1778 449 dicens:
1796 407 1908 448 Tam

1075 468 1170 510 heri
1189 479 1321 518 quam
1344 463 1660 506 nudiustertius
1685 462 1908 516 quaereba-

1077 525 1134 566 tis
1160 521 1324 571 David,
1356 526 1404 562 ut
1430 521 1635 571 regnaret
1660 531 1794 573 super
1818 531 1910 560 vos,

1075 580 1204 621 Nunc
1230 590 1337 628 ergo
1363 577 1508 618 facite:
1535 575 1743 627 quoniam
1761 574 1909 616 Domi-

1076 649 1159 676 nus
1183 634 1358 675 locutus
1383 638 1451 674 est
1475 631 1533 673 ad
1557 630 1719 681 David,
1745 630 1911 673 dicens:

1077 692 1129 732 In
1152 703 1284 731 manu
1309 689 1425 730 servi
1449 688 1535 729 mei
1558 686 1704 728 David
1727 685 1910 728 salvabo

1078 745 1295 799 populum
1331 757 1479 785 meum
1509 742 1648 784 Israel
1687 742 1742 784 de
1780 755 1912 784 manu

1078 801 1354 850 Philisthiim,
1369 805 1413 841 et
1429 799 1623 841 omnium
1637 798 1913 840 inimicarum

1080 859 1183 909 ejus,
1237 857 1436 897 Locutus
1473 860 1542 896 est
1576 859 1725 896 autem
1760 853 1913 896 Abner

1082 914 1214 955 etiam
1233 911 1291 954 ad
1309 911 1545 963 Beniamin.
1576 910 1635 952 Et
1655 909 1763 951 abiit
1784 915 1834 951 ut
1851 909 1913 952 lo-

1082 971 1290 1022 queretur
1318 967 1376 1009 ad
1404 965 1551 1008 David
1581 967 1626 1007 in
1653 965 1840 1008 Hebron
1869 967 1912 1007 ό-

1079 1025 1197 1066 'mnia
1235 1036 1336 1076 quae
1371 1022 1631 1076 placuerant
1660 1021 1834 1071 Israeli,
1871 1026 1916 1062 et

1080 1081 1287 1122 universo
1319 1078 1558 1131 Beniamin.
1602 1078 1827 1130 Venitque
1857 1075 1916 1118 ad

1081 1134 1228 1177 David
1247 1135 1292 1175 in
1306 1134 1491 1176 Hebron
1510 1146 1610 1174 cum
1623 1133 1777 1184 viginti
1794 1131 1916 1174 viris:

1083 1197 1127 1234 et
1149 1191 1253 1233 fecit
1272 1189 1419 1232 David
1437 1189 1607 1240 Abner,
1633 1194 1677 1231 et
1695 1188 1800 1230 viris
1824 1188 1916 1241 ejus

1085 1247 1158 1300 qui
1182 1249 1393 1288 venerant
1418 1258 1518 1287 cum
1544 1258 1615 1295 eo,
1650 1243 1916 1286 convivium:

1082 1303 1139 1344 Et
1159 1302 1269 1344 dixit
1291 1301 1444 1344 Abner
1463 1300 1520 1343 ad
1538 1299 1698 1342 David:
1721 1300 1917 1351 Surgam,

1083 1363 1131 1400 ut
1155 1361 1422 1409 congregem
1444 1356 1501 1398 ad
1523 1362 1568 1398 te
1587 1356 1812 1398 deminum
1829 1367 1917 1397 me-

1083 1428 1158 1456 um
1176 1426 1326 1465 regem
1346 1426 1522 1455 omnem
1540 1412 1690 1454 Israel.

1142 1479 1193 1530 R.
1213 1474 1310 1525 Ego
1330 1478 1374 1515 te
1393 1472 1484 1515 tuli.
1503 1473 1584 1513 181.

1301 1576 1462 1612 Feria
1488 1576 1704 1623 Quarta.

1197 1631 1264 1671 De
1283 1628 1398 1670 libro
1418 1626 1613 1670 secundo
1632 1628 1816 1678 Regum.

1247 1688 1401 1730 Lectio
1421 1688 1446 1728 i.
1554 1688 1657 1740 Cap.
1673 1688 1711 1727 4.
1725 1686 1766 1727 b.

1093 1763 1191 1833 ss
1203 1747 1677 1854 efiffiffitffffsseffiss
1698 1748 1920 1854 ἓθὲἒῖἓὲὲῖ

1086 1861 1270 1914 ingressi
1285 1866 1397 1903 -sunt
1420 1861 1616 1902 fervente
1643 1859 1715 1902 die
1740 1859 1920 1901 domum

1086 1917 1307 1960 Isboseth:
1320 1917 1395 1969 qui
1405 1915 1655 1958 dormiebat
1665 1928 1800 1969 super
1811 1919 1919 1957 stra-

1086 1980 1180 2017 tum
1199 1987 1327 2015 suum
1344 1971 1540 2014 meridie.
1567 1972 1625 2013 Et
1645 1972 1826 2013 ostiaria
1845 1971 1921 2013 do-

1087 2032 1184 2071 mus
1203 2042 1398 2082 purgans
1416 2028 1620 2077 triticum,
1642 2026 1922 2069 obdormivit.

1088 2086 1282 2136 Ingressi
1301 2090 1402 2126 sunt
1421 2088 1568 2125 autem
1587 2082 1767 2125 domum
1786 2083 1921 2124 laten-

1089 2147 1157 2184 ter
1193 2143 1467 2182 assumentes
1505 2139 1651 2192 spicas
1686 2139 1837 2189 tritici,
1879 2144 1923 2181 et

1091 2199 1406 2251 percusserunt
1438 2209 1538 2237 eum
1564 2196 1609 2236 in
1635 2195 1810 2246 inguine
1839 2196 1923 2237 Re-

1091 2254 1203 2295 chab
1224 2258 1268 2294 et
1288 2253 1440 2293 Baana
1458 2251 1592 2293 frater
1611 2252 1718 2302 ejus,
1744 2256 1788 2292 et
1806 2251 1923 2302 fuge·

1091 2315 1202 2352 runt.
1236 2309 1346 2350 Cum
1371 2313 1517 2350 autem
1535 2307 1721 2358 ingressi
1739 2307 1924 2348 fuissent

1092 2365 1287 2415 domum,
1319 2364 1392 2405 ille
1423 2363 1672 2405 dormiebat
1703 2375 1837 2415 super
1864 2363 1922 2404 le-

1093 2427 1211 2463 ctum
1238 2433 1366 2462 suurn
1390 2420 1434 2460 in
1461 2420 1677 2470 conclavi,
1706 2424 1750 2461 et
1771 2431 1924 2471 percu-

1092 2478 1252 2518 tientes
1270 2476 1584 2518 interfecerunt
1599 2489 1712 2516 eum:
1732 2474 1924 2517 sublato·

1095 2546 1179 2585 que
1200 2533 1344 2585 capite
1365 2533 1472 2583 eius,
1492 2532 1693 2573 abierunt
1710 2543 1791 2584 per
1810 2530 1925 2572 viam

1094 2589 1257 2630 deserti
1289 2593 1384 2630 tota
1416 2594 1563 2637 nocte,
1609 2593 1654 2629 et
1686 2587 1926 2629 attulerunt

1095 2650 1227 2696 caput
1258 2644 1466 2686 Isboseth
1498 2643 1555 2685 ad
1586 2643 1731 2685 David
1763 2643 1807 2683 in
1838 2643 1925 2684 He-

1094 2699 1221 2741 bron:
1241 2700 1535 2752 dixeruntque
1554 2698 1611 2740 ad
1626 2712 1791 2749 regem:
1809 2698 1925 2740 Ecce
