2040 2976
844 214 1071 248 Benedictio
1099 213 1251 247 Mensae.

406 311 489 351 Vel
510 311 707 351 I'salmus
732 311 809 350 116.

258 370 418 412 audate
451 370 690 411 Deminum
723 381 874 411 omnes
910 369 1023 411 Gen—

297 432 380 469 tes:
399 427 423 452 *
442 426 620 468 laudate
644 439 744 468 eum
769 439 920 468 omnes
947 428 1024 480 po-

192 484 302 538 puli:

241 541 458 593 Quoniam
495 540 754 582 confirmata
789 545 856 582 est
894 552 1026 593 super

192 612 273 640 nos
292 596 596 639 misericordia
619 598 724 650 ejus:
747 597 771 623 *
796 602 840 639 et
863 597 1024 638 veritas

192 655 369 697 Demini
388 659 535 696 manet
554 654 598 695 in
617 656 840 696 aeternum.

245 712 398 754 Gleria
416 711 547 753 Patri.
573 711 694 753 Sicut
714 716 816 752 erat.

246 769 379 822 Kyrie
415 769 590 810 eleison.
636 767 810 810 Christe
848 767 1024 809 eleison.

195 826 328 878 Kyrie
353 826 528 868 eleison.

244 884 460 925 Sacerdos
491 884 571 924 die.
607 884 735 923 Pater
767 886 928 923 noster.
957 894 1019 921 se-

189 948 322 981 creto.

242 994 291 1045 Y'.
327 997 385 1038 Et
413 1009 467 1037 ne
495 1008 577 1037 nos
604 995 787 1036 inducas
815 995 859 1035 in
886 999 1023 1036 tenta-

192 1053 368 1095 tienem.
397 1056 447 1107 R.
474 1051 563 1094 Sed
584 1051 723 1094 libera
746 1065 827 1094 nos
851 1065 877 1093 a
895 1051 1023 1093 malo.

243 1108 289 1159 Y'.
325 1110 559 1162 Dispersit‚
594 1107 717 1150 dedit
743 1108 1023 1162 pauperibus.

189 1171 238 1221 R.
268 1167 446 1208 Justitia
469 1167 561 1219 ejus
584 1170 732 1207 manet
751 1166 795 1207 in
814 1165 1025 1208 saeculum

191 1223 352 1265 saeculi.

239 1275 289 1327 δ”.
311 1279 581 1336 Benedicam
592 1279 830 1321 Deminum
846 1280 889 1320 in
906 1280 1024 1321 omni

191 1337 404 1391 temp‘ore.
438 1339 486 1390 R.
525 1336 708 1390 Semper
731 1336 827 1378 laus
860 1337 951 1388 ejus
981 1337 1023 1377 in

192 1408 268 1436 ore
287 1407 399 1436 meo.

240 1446 289 1497 Y'.
321 1452 372 1492 In
391 1451 583 1492 Demino
608 1450 861 1493 laudabitur
881 1451 1025 1492 anima

189 1522 297 1551 mea.
328 1508 378 1559 R.
410 1507 605 1550 Audiant
623 1508 854 1558 mansueti,
884 1512 928 1550 et
952 1507 1024 1549 lae-

189 1568 346 1608 tentur.

240 1616 289 1667 Y.
337 1622 618 1673 Magnificate
658 1621 897 1663 Deminum
938 1635 1025 1663 me-

191 1692 301 1721 cum.
332 1682 382 1733 R.
411 1680 468 1721 Et
492 1679 734 1721 exaltemus
752 1691 913 1720 nomen
935 1679 1025 1731 ejus

190 1737 234 1777 in
253 1735 456 1796 idipsum.

239 1787 289 1839 Y.
334 1793 400 1835 Sit
435 1805 596 1834 nomen
633 1792 812 1834 Demini
848 1790 1025 1834 benedi-

191 1855 320 1892 ctum.
351 1852 401 1903 R.
428 1849 497 1891 Ex
515 1849 602 1891 hoc
623 1862 739 1891 nunc
759 1854 803 1891 et
821 1862 962 1901 usque
983 1849 1026 1889 in

191 1907 412 1949 saeculum.

238 1963 388 1997 Deinde
415 1964 497 1998 sine
533 1963 705 2000 OremuS.

190 2013 496 2120 Retribuere
537 2015 719 2068 dignare
754 2016 943 2058 Demine
982 2018 1024 2058 ὀ-

295 2073 468 2115 mnibus
485 2073 615 2115 nobis
633 2073 751 2116 bona
764 2073 1026 2116 facientibus

191 2135 375 2183 propter
404 2143 564 2172 nomen
589 2135 713 2172 tuum
739 2131 875 2172 vitam
901 2133 1024 2173 aeter-

191 2200 303 2228 nam.
350 2189 400 2239 R.
435 2187 587 2229 Amen.

240 2238 289 2290 Y.
307 2244 628 2286 Benedicamus
639 2244 843 2287 Domino.
858 2247 908 2298 R
926 2245 1024 2287 Deo

191 2301 366 2364 gratias.

240 2353 291 2404 Y.
328 2357 546 2400 Fidelium
574 2358 730 2400 animae
754 2372 835 2412 per
860 2359 1024 2401 miseri-

193 2415 389 2457 cerdiam
416 2415 500 2456 Dei
527 2416 804 2467 requiescant
832 2416 875 2457 in
903 2429 1024 2470 pace.

189 2472 239 2524 R.
261 2473 414 2514 Amen.

251 2531 377 2571 Pater
395 2533 724 2571 noster..seeret‹
734 2548 753 2570 ›.

241 2598 324 2635 (juo
352 2596 468 2630 linito.
496 2596 588 2629 dicit
614 2596 820 2630 Sacerdos:

242 2643 291 2694 Ys'.
322 2647 444 2689 Deus
469 2646 544 2689 det
563 2645 690 2689 nobis
712 2659 836 2688 suam
857 2660 1023 2700 pacem.

189 2707 239 2757 R.
262 2705 415 2746 Amen.

1328 310 1441 346 Ante
1466 309 1661 348 Coenam.

1130 371 1321 405 Sacerdos
1351 370 1625 406 benedicturus
1656 382 1828 406 mensam
1853 373 1907 406 in-

1077 425 1171 467 cipit
1192 416 1460 459 Benedl'cite.
1483 429 1519 459 et
1541 425 1607 459 alii
1628 428 1806 469 repetunt
1826 420 1909 460 Be-

1078 474 1278 516 nedicite.

1132 538 1279 572 Deinde
1305 539 1496 573 Sacerdos
1528 539 1663 583 incipit
1687 534 1749 582 Y„

1077 594 1379 630 prosequuntur:

1166 643 1271 686 dent
1280 646 1511 697 pauperes
1528 647 1572 684 et
1590 641 1912 691 saturabuntur,

1176 706 1220 742 et
1234 699 1477 742 laudabunt
1491 699 1739 749 Deminum‚
1755 699 1831 751 qui
1846 711 1910 740 re-

1079 761 1255 811 quirunt
1285 770 1398 799 eum:
1425 756 1574 798 vivent
1598 754 1735 798 corda
1759 757 1911 797 eerum

1077 816 1121 856 in
1141 814 1351 857 sae'culum
1370 813 1531 855 saeculi.

1130 872 1283 914 Gleria
1301 871 1432 912 Patri.
1461 870 1581 912 Sicut
1601 875 1705 911 erat.

1126 933 1265 986 Kyrie
1299 932 1476 974 eleison.
1534 929 1706 973 Christe
1736 929 1912 972 eleison.

1079 990 1216 1043 Kyrie
1243 989 1419 1031 eleison.

1132 1050 1262 1090 Pater
1280 1050 1442 1088 noster.
1469 1052 1651 1090 secreto.

1127 1101 1178 1152 Y
1212 1103 1270 1145 Et
1297 1115 1352 1144 ne
1379 1115 1462 1144 nos
1489 1101 1674 1144 inducas
1701 1101 1746 1142 in
1772 1106 1909 1143 tenta-

1077 1161 1254 1203 tienem.
1284 1163 1335 1215 R.
1362 1159 1452 1202 Sed
1474 1158 1614 1202 libera
1636 1171 1718 1200 nos
1738 1171 1764 1200 a
1782 1158 1911 1207 malo.

1396 1222 1593 1265 Oremus.

1163 1277 1316 1320 enedic
1333 1278 1522 1320 Demine
1542 1291 1636 1327 nos,
1657 1281 1700 1318 et
1719 1276 1816 1318 haec
1835 1281 1913 1318 tua

1183 1335 1311 1386 dona,
1330 1348 1429 1387 quae
1449 1334 1506 1377 de
1525 1339 1599 1377 tua
1620 1333 1824 1385 largitate
1844 1347 1911 1375 su-

1077 1406 1174 1434 mus
1198 1392 1426 1445 sumpturi.
1467 1392 1552 1433 Per
1576 1391 1800 1433 Christum
1822 1390 1911 1432 De-

1076 1450 1245 1491 minum
1263 1454 1475 1491 nostrum.
1519 1453 1570 1505 R.
1602 1449 1756 1490 Amen.

1128 1504 1179 1555 Y.
1208 1506 1320 1549 Jube
1341 1505 1503 1548 domne
1522 1504 1795 1548 benedicere.

1127 1570 1289 1612 Bened.
1324 1567 1395 1610 Ad
1419 1580 1592 1609 coenam
1610 1566 1714 1609 vitae
1734 1567 1912 1608 aeternae

1078 1625 1295 1679 perducat
1318 1637 1400 1666 nos
1423 1624 1522 1666 Rex
1547 1625 1724 1666 aetemae
1748 1622 1912 1674 gloriae.
1938 1668 1940 1670 .

1128 1687 1179 1739 R.
1201 1682 1354 1723 Amen.

1330 1743 1379 1779 In
1402 1743 1485 1779 fine
1509 1741 1660 1778 Coenae

1076 1802 1234 1844 dicitur
1258 1796 1309 1850 Υ.
1337 1799 1599 1841 Memeriam
1616 1798 1719 1840 fecit
1739 1797 1912 1840 mirabi-

1077 1858 1184 1899 lium
1204 1859 1384 1899 suerum
1401 1856 1652 1897 misericors
1674 1860 1718 1898 et
1736 1854 1912 1897 misera-

1078 1919 1149 1957 tor
1170 1914 1396 1955 Dominus.

1126 1976 1178 2027 R.
1209 1972 1370 2013 Escam
1388 1969 1512 2012 dedit
1529 1968 1785 2012 timentibus
1805 1980 1863 2010 se.
1918 1997 1926 2004 .

1132 2028 1285 2070 Gloria
1303 2028 1434 2070 Patri.
1461 2027 1583 2069 Sicut
1604 2031 1708 2069 erat.

1321 2101 1358 2135 S
1351 2111 1439 2135 leel
1442 2100 1514 2135 dos
1536 2100 1655 2134 dicat:

1076 2148 1390 2274 Benedictus
1419 2152 1542 2193 Deus
1574 2151 1618 2192 in
1649 2149 1778 2193 donis
1810 2149 1911 2199 suis,

1183 2213 1227 2250 et
1260 2214 1437 2251 sanctus
1469 2208 1513 2249 in
1541 2207 1744 2250 Omnibus
1770 2205 1911 2259 operi-

1078 2265 1161 2307 bus
1177 2266 1280 2307 suis:
1303 2266 1388 2316 Qui
1406 2266 1515 2308 vivit
1534 2270 1578 2307 et
1597 2269 1750 2317 regnat
1769 2263 1813 2304 in
1833 2264 1910 2304 sae-

1079 2323 1177 2364 cula
1196 2322 1469 2365 saeculorum.
1494 2324 1545 2377 R.
1569 2321 1722 2363 Amen.

1130 2387 1280 2422 Deinde
1311 2385 1529 2421 alternatim
1557 2385 1698 2420 dicitur
1726 2386 1787 2421 Ps.
1811 2386 1911 2420 Lau-

1079 2436 1167 2472 date
1193 2436 1401 2472 Dominum
1430 2446 1565 2472 omnes
1594 2436 1749 2472 Gentes.
1785 2438 1822 2469 et
1852 2445 1907 2469 re-

1075 2486 1192 2529 liqna.
1219 2489 1411 2527 utsupra

1129 2538 1197 2574 ()u
1191 2534 1292 2568 mdo
1334 2534 1453 2568 semel
1493 2531 1726 2571 comeditur

1077 2584 1257 2618 dicuntur
1283 2587 1321 2616 ut
1347 2583 1384 2615 in
1411 2593 1532 2616 coena.

1126 2633 1156 2666 Ι)
1162 2644 1186 2666 r·
1180 2631 1343 2666 edictus
1368 2632 1507 2666 modus
1528 2628 1785 2665 benedicendi
1805 2637 1907 2662 men-

1076 2692 1093 2713 8
1098 2692 1173 2718 im
1199 2684 1235 2715 et
1258 2680 1438 2722 ugendig„
1430 2691 1473 2713 r
1477 2680 1515 2714 iti
1520 2690 1577 2722 as
1604 2689 1690 2712 serx
1696 2681 1780 2711 ·1tur
1803 2676 1906 2716 omni

1076 2738 1248 2772 tempore
1274 2728 1388 2770 hujus
1412 2728 1540 2762 Partis
1565 2707 1740 2761 [Estivae.

1781 543 1818 574 et
1842 538 1907 573 alii

1778 2531 1907 2594 omnia

842 2791 881 2794 .—
894 2786 1101 2799 --ωνψο
