2040 2976
748 199 917 231 &abbam
945 198 990 231 ad

149 293 257 346 ejus:
276 295 300 321 *
320 298 363 335 et
390 307 479 335 non
506 295 806 336 sustinuerunt
834 295 973 335 consi-

147 349 253 391 lium
278 350 379 402 ejus.

199 407 256 448 Et
302 407 620 460 concupierunt
664 407 973 460 concupiscen-

147 462 253 503 tiam
280 463 323 504 in
352 463 544 505 deserto:
571 464 594 490 *
623 469 667 506 et
694 464 974 506 tentaverunt

146 518 290 560 Deum
308 520 352 560 in
371 520 596 572 inaqueso.

199 576 256 617 Et
271 576 395 618 dedit
410 577 472 618 eis
488 577 747 629 petitionem
762 579 973 631 ipserum:

147 632 170 658 *
197 637 241 674 et
273 633 392 674 misit
425 633 700 675 saturitatem
732 634 777 675 in
805 636 972 678 animas

148 691 310 730 cerum.

199 746 257 787 Et
293 746 575 788 irritaverunt
607 746 790 799 Moysen
827 749 871 789 in
906 762 972 790 ca-

147 801 265 842 stris:
284 803 308 829 *
326 801 477 844 Aaron
495 807 694 844 sanctum
715 804 903 846 Domini.

198 857 366 911 Aperta
394 864 461 900 est
487 865 624 909 terra,
663 864 706 901 et
741 861 973 913 deglutivit
999 879 1003 914 1

147 914 338 956 Dathan:
353 917 377 942 *
393 921 436 958 et
455 916 630 970 operuit
646 929 778 969 super
794 930 972 970 congre-

146 971 366 1022 gationem
385 972 565 1014 Abiron.

198 1027 254 1068 Et
274 1029 439 1070 exarsit
458 1030 570 1081 ignis
589 1031 633 1072 in
654 1036 878 1085 synagega
903 1035 972 1075 ee-

147 1096 258 1181 rgm:
286 1086 310 1111 *
338 1085 513 1127 flamma
548 1088 792 1131 combussit
819 1103 972 1143 pecca-

145 1144 164 1180 t
196 1153 277 1181 res.

199 1196 257 1238 Et
275 1196 472 1240 fecerunt
492 1201 676 1242 vitulum
698 1202 742 1242 in
761 1201 930 1243 Horeb:
949 1204 973 1228 *

147 1257 191 1294 et
210 1253 507 1297 adoraverunt
525 1257 739 1310 sculptile.

198 1309 255 1351 Et
279 1313 559 1354 mutaverunt
585 1313 770 1365 gleriam
798 1327 921 1355 suam
949 1316 972 1341 *

146 1365 189 1405 in
209 1365 539 1410 similitudinem
558 1370 683 1411 vituli
701 1370 972 1412 comedentis

145 1421 322 1463 foenum.

200 1478 336 1521 Obliti
364 1486 467 1523 sunt
478 1482 651 1531 'Deum,
684 1483 759 1534 qui
787 1484 973 1525 salvavit
998 1494 1001 1506 ¹

147 1546 240 1585 eOS‚
259 1537 284 1563 *
303 1537 377 1588 qui
404 1537 509 1579 fecit
535 1539 753 1590 magnalia
777 1540 821 1580 in
840 1541 972 1593 AEgy-

145 1595 235 1643 pto,
253 1592 470 1635 mirabilia
487 1595 531 1635 in
546 1599 664 1636 terra
680 1595 831 1637 Cham:
848 1598 972 1638 terri-

145 1646 250 1689 bilia
268 1649 312 1690 in
331 1649 443 1691 Mari
463 1650 609 1693 rubro.

197 1705 253 1746 Et
273 1705 384 1748 dixit
407 1712 456 1748 ut
481 1706 759 1760 disperderet
783 1722 872 1750 eos:
892 1712 916 1737 ¹⁸¹
935 1711 971 1752 si

145 1773 232 1802 non
254 1761 432 1815 Meyses
461 1763 626 1806 electus
655 1766 746 1816 eius
774 1768 971 1808 stetisset

144 1817 189 1858 in
214 1818 515 1862 confractione
538 1821 582 1861 in
604 1823 847 1874 conspectu
866 1824 970 1875 ejus:

170 1873 231 1916 Ut
250 1877 470 1918 averteret
489 1877 599 1919 iram
619 1879 709 1931 ejus
728 1892 783 1920 ne
804 1878 970 1932 disper-

145 1929 270 1972 deret
296 1944 386 1973 eos:
413 1935 437 1960 *
462 1938 507 1975 et
534 1947 616 1987 pro
645 1935 780 1976 nihilo
809 1934 970 1977 habue-

144 1992 244 2029 runt
263 1993 425 2030 terram
445 1989 797 2033 desiderabilem:

194 2043 295 2085 Non
323 2045 605 2089 crediderunt
623 2047 760 2089 verbo
789 2050 897 2102 ejus,
926 2054 970 2091 et

143 2103 526 2145 murmuraverunt
578 2104 622 2145 in
673 2104 969 2147 tabernaculis

144 2156 249 2216 suis:
263 2158 287 2184 *
303 2170 390 2199 non
411 2159 698 2202 exaudierunt
717 2173 871 2203 vocem
882 2162 968 2203 De-

143 2221 260 2248 m1n1.

194 2264 251 2306 Et
279 2265 466 2309 elevevit
493 2281 669 2310 manum
692 2283 815 2311 suam
836 2284 969 2324 super

145 2333 237 2362 eos:
261 2322 284 2348 *
312 2327 360 2363 ut
387 2326 691 2375 prosterneret
719 2339 795 2367 eos
825 2327 869 2367 in
897 2326 968 2369 de-

143 2378 277 2418 sertoz

196 2434 252 2474 Et
275 2439 323 2475 ut
347 2433 555 2486 dejiceret
578 2451 727 2480 semen
751 2441 904 2480 eerum
925 2440 968 2481 in

143 2489 407 2532 nationibus:
427 2493 451 2518 *
470 2497 514 2533 et
534 2492 808 2546 dispergeret
827 2507 904 2537 eos
924 2497 968 2537 in

144 2546 407 2596 regienibus.

195 2602 252 2643 Et
275 2603 433 2645 initiati
457 2609 558 2646 sunt
575 2605 864 2659 Beelphegor:
881 2610 905 2636 *
924 2614 968 2651 et

144 2658 430 2701 comederunt
449 2661 663 2703 sacrificia
682 2666 967 2706 mortuerum.

195 2714 252 2756 Et
270 2715 552 2759 irritaverunt
577 2730 676 2759 eum
698 2719 743 2759 in
763 2719 967 2762 adinven-

1020 198 1253 231 Mututinum.

1808 200 1853 236 99

1027 294 1223 336 tienibus
1242 295 1346 336 suis:
1366 297 1390 322 *
1409 301 1452 337 et
1471 296 1762 349 multiplicata
1786 302 1852 338 est

1027 364 1070 391 1n
1091 363 1154 392 eis
1174 364 1307 392 ruma.

1060 407 1135 448 vEt
1161 408 1283 449 stetit
1306 407 1508 457 Phinees,
1533 415 1576 450 et
1600 409 1808 462 placavit:
1828 411 1851 437 *

1028 468 1070 505 et
1092 465 1279 505 cessavit
1302 465 1536 516 quassatio.

1079 521 1134 561 Et
1153 523 1404 573 reputatum
1425 526 1491 562 est
1512 522 1550 562 ei
1571 522 1613 562 in
1632 523 1851 573 justitiam,

1026 577 1107 617 *in
1121 577 1451 628 generationem
1467 583 1510 619 et
1524 579 1851 628 generatienem

1027 646 1167 685 usque
1186 634 1230 674 in
1250 634 1576 686 sempiternum.

1078 690 1135 731 Et
1169 690 1452 731 irritaverunt
1486 703 1585 731 eum
1618 690 1673 732 ad
1699 691 1849 743 Aquas

1027 746 1410 788 contradictienis:
1438 748 1462 773 *
1490 752 1533 788 et
1566 749 1749 788 vexatus
1785 753 1850 788 est

1026 803 1202 855 Meyses
1226 809 1410 856 propter
1437 816 1529 844 eos:
1559 804 1659 855 quia
1678 817 1849 845 exacer-

1025 858 1241 901 baverunt
1260 860 1461 913 spiritum
1483 861 1583 911 ejus.

1076 916 1133 957 Et
1158 915 1356 958 distinxit
1379 917 1422 957 in
1447 916 1574 958 labiis
1599 917 1702 957 suis:
1721 918 1744 943 *
1764 929 1851 957 non

1027 971 1385 1025 disperdiderunt
1405 974 1582 1023 Gentes,
1612 986 1720 1025 quas
1741 972 1850 1014 dixit

1026 1029 1240 1070 Do'minus
1259 1029 1354 1070 illis.

1078 1086 1134 1126 Et
1163 1087 1381 1127 commisti
1409 1092 1510 1128 sunt
1535 1087 1649 1128 inter
1674 1086 1850 1135 Gentes,
1903 1103 1905 1110 ,

1026 1147 1069 1183 et
1089 1141 1338 1184 didicerunt
1358 1145 1494 1195 epera
1517 1145 1682 1184 eerum:
1708 1147 1752 1184 et
1766 1155 1850 1183 ser-

1025 1199 1198 1240 vierunt
1238 1199 1513 1252 sculptilibus
1556 1202 1723 1241 cerum:
1756 1201 1779 1225 *
1809 1204 1852 1240 et

1025 1255 1189 1296 factum
1207 1260 1274 1297 est
1293 1255 1378 1296 illis
1398 1257 1442 1297 in
1461 1256 1727 1298 scandalum.

1078 1312 1134 1353 Et
1152 1313 1490 1354 immolaverunt
1509 1313 1625 1354 filios
1643 1325 1755 1361 SUOS,
1772 1314 1794 1339 *
1809 1317 1852 1353 et

1026 1368 1138 1409 filias
1158 1382 1259 1410 suas
1280 1369 1522 1410 daemOniis.

1076 1426 1132 1466 Et
1161 1425 1408 1467 effuderunt
1441 1426 1697 1478 sanguinem
1732 1426 1850 1467 inno-

1026 1483 1212 1523 centem:
1229 1484 1252 1509 *
1269 1482 1524 1534 sanguinem
1544 1482 1734 1523 filierum
1755 1485 1850 1523 sue-

1024 1551 1121 1579 rum
1142 1543 1186 1579 et
1214 1538 1401 1580 filiarum
1429 1542 1622 1588 suerum,
1651 1551 1759 1590 quas
1787 1552 1851 1580 sa-

1025 1594 1332 1637 crificaverunt
1400 1595 1676 1649 sculptilibus
1744 1595 1850 1636 Cha-

1023 1663 1146 1692 naan.

1075 1708 1133 1749 Et
1156 1708 1317 1751 infecta
1342 1713 1409 1750 est
1435 1713 1552 1750 terra
1571 1708 1616 1748 in
1635 1708 1850 1760 sanguini-

1027 1763 1123 1814 bus,
1152 1770 1197 1806 et
1224 1765 1522 1807 contaminata
1551 1770 1619 1806 est
1647 1765 1691 1805 in
1711 1765 1849 1817 operi-

1023 1819 1106 1861 bus
1134 1824 1302 1863 eerum:
1327 1824 1351 1849 *
1375 1826 1419 1863 et
1447 1821 1648 1862 fornicati
1677 1825 1777 1862 sunt
1807 1821 1850 1860 in

1024 1876 1409 1920 adinventionibus
1429 1877 1530 1919 suis.

1074 1934 1131 1975 Et
1151 1934 1289 1976 iratus
1309 1940 1377 1976 est
1402 1934 1549 1975 furere
1568 1933 1784 1975 Deminus
1804 1933 1847 1973 in

1022 1990 1236 2043 pepulum
1268 2005 1412 2032 suum:
1441 1993 1464 2017 *
1493 1995 1537 2031 et
1569 1989 1847 2031 abominatus

1022 2052 1090 2089 est
1110 2047 1415 2089 haereditatem
1434 2060 1568 2088 suam.

1067 2104 1124 2145 Et
1155 2103 1340 2146 tradidit
1372 2116 1449 2145 eos
1479 2103 1524 2144 in
1555 2116 1709 2144 manus
1737 2103 1846 2144 Gen-

1022 2160 1147 2201 tium:
1178 2162 1202 2187 *
1237 2165 1281 2202 et
1313 2160 1526 2202 dominati
1563 2164 1664 2212 sunt
1696 2161 1846 2200 eorum

1022 2216 1096 2268 qui
1117 2216 1306 2258 oderunt
1325 2229 1413 2258 eos.

1072 2273 1129 2314 Et
1152 2272 1474 2315 tribulaverunt
1500 2285 1576 2314 eos
1594 2272 1756 2313 inimici
1776 2273 1845 2312 ee-

1021 2342 1133 2379 rum,
1162 2334 1205 2370 et
1233 2328 1450 2371 humiliati
1478 2334 1580 2370 sunt
1608 2328 1689 2370 sub
1713 2327 1845 2368 mani-

1020 2384 1103 2426 bus
1122 2387 1288 2426 eerum:
1308 2387 1332 2413 *
1350 2398 1470 2438 saepe
1489 2385 1693 2427 liberavit
1712 2396 1797 2425 eos.

1071 2441 1165 2494 Ipsi
1184 2447 1331 2483 autem
1354 2441 1728 2483 exacerbaverunt
1747 2451 1845 2480 eum

1019 2497 1065 2538 in
1084 2498 1268 2539 consilio
1289 2511 1385 2539 suo:
1404 2500 1428 2524 *
1447 2502 1491 2539 et
1509 2496 1726 2538 humiliati
1744 2498 1844 2535 sunt

1019 2554 1064 2594 in
1084 2554 1390 2606 iniquitatibus
1410 2555 1510 2595 suis.

1071 2610 1128 2651 Et
1151 2610 1261 2652 vidit
1285 2623 1384 2663 cum
1409 2609 1737 2651 tribularentur:
1756 2610 1779 2634 *
1800 2612 1843 2648 et

1020 2665 1189 2708 audivit
1207 2667 1452 2708 oratienem
1471 2667 1633 2707 eerum.

1071 2723 1127 2763 Et
1145 2735 1314 2764 memor
1338 2723 1420 2763 fuit
1443 2719 1692 2763 testamenti
1716 2719 1799 2759 sui:
1819 2721 1842 2746 *

1900 1235 1905 1290 ι

1899 1291 1906 1399 Ι

1900 1403 1905 1526 Ι

1900 1527 1906 1623 Ι

1897 1621 1905 1987 Ι
