2040 2976
707 191 751 224 In
776 191 890 225 Festo
917 192 1100 235 Corporis
1127 193 1280 227 Christi.

193 287 448 329 Memoriam
466 288 568 329 fecit
586 289 848 330 mirabilium
867 292 962 330 suo-

141 357 254 393 rum,
281 344 528 386 misericors
555 349 600 385 et
625 345 856 387 miserator
874 346 961 387 Do-

141 400 296 440 minus:
307 400 330 425 *
342 413 488 441 escam
502 399 622 442 dedit
636 401 888 443 timentibus
904 415 961 443 se.

191 455 360 497 Memor
397 456 479 498 erit
514 456 559 497 in
590 457 799 498 saeculum
831 462 960 499 testa-

139 512 274 553 menti
292 512 372 553 sui:
391 513 415 538 *
434 512 640 554 virtutem
661 515 844 565 operum
865 517 960 556 suo-

139 581 235 609 rum
253 568 523 610 annuntiabit
540 569 706 621 populo
725 582 821 611 suo:
893 622 898 628 ³

190 624 250 666 Ut
289 624 363 666 det
397 624 481 665 illis
513 624 815 668 haereditatem
848 626 959 667 Gen-

138 680 261 721 tium:
289 682 313 708 *
341 683 475 733 opera
501 683 706 722 manuum
735 683 824 734 ejus
852 683 958 723 veri-

138 740 216 785 tas,
236 741 279 778 et
296 736 510 788 judicium.

188 792 354 834 Fidelia
368 793 512 834 omnia
522 794 728 836 mandata
739 795 842 846 ejus:
859 807 958 836 con-

137 849 308 890 firmata
326 849 370 890 in
394 849 601 891 saeculum
620 850 783 900 saeculi,
802 852 825 877 *
844 851 958 892 facta

136 905 179 945 in
198 906 382 947 veritate
402 910 446 947 et
465 906 681 958 aequitate.

188 961 554 1014 Redemptionem
563 963 680 1004 misit
689 963 853 1016 populo
864 977 957 1004 suo:

136 1019 160 1045 *
178 1017 399 1060 mandavit
423 1018 467 1058 in
491 1020 703 1060 aeternum
727 1022 956 1061 testamen-

135 1077 227 1114 tum
248 1086 383 1115 suum.

186 1129 401 1181 Sanctum,
418 1135 462 1172 et
475 1131 668 1173 terribile
682 1144 841 1173 nomen
853 1133 957 1184 ejus:

135 1186 343 1228 *initium
368 1187 594 1239 sapientiae
617 1188 749 1229 timor
768 1189 956 1229 Domini.

184 1243 438 1284 Intellectus
476 1243 618 1285 bonus
662 1245 862 1286 omnibus
898 1245 956 1286 fa-

134 1299 348 1341 cientibus
368 1312 481 1341 eum:
499 1300 523 1326 *
541 1300 735 1342 laudatio
760 1302 850 1352 ejus
869 1314 955 1342 ma-

132 1359 207 1397 net
224 1355 269 1396 in
288 1355 497 1397 saeculum
516 1356 675 1397 saeculi.

188 1425 286 1466 Ant.
313 1425 543 1467 Miserator
570 1425 783 1467 Dominus
811 1439 956 1468 escam

134 1479 256 1522 dedit
282 1481 535 1534 timentibus
561 1494 608 1523 se
633 1482 677 1522 in
702 1483 956 1524 memoriam

133 1539 311 1578 suorum
329 1537 599 1579 mirabilium.

190 1609 288 1649 Ant.
313 1606 504 1648 Calicem
527 1607 729 1648 salutaris
748 1607 772 1633 *
799 1608 954 1660 accipi-

132 1674 216 1712 am,
243 1668 287 1705 et
310 1662 567 1705 sacrificabo
592 1663 780 1705 hostiam
802 1663 954 1706 laudis,

397 1742 594 1783 Psalmus
615 1744 693 1783 115.

138 1799 375 1908 Credidi,
402 1809 585 1857 propter
623 1805 742 1858 quod
782 1806 954 1848 locutus

227 1871 341 1900 sum:
371 1860 395 1885 *
423 1873 504 1911 ego
532 1865 678 1902 autem
704 1861 954 1915 humiliatus

132 1927 228 1956 sum
251 1915 389 1957 nimis.

182 1971 276 2022 Ego
289 1971 379 2013 dixi
392 1972 436 2013 in
447 1974 630 2014 excessu
643 1987 742 2015 meo
751 1975 788 2014 z*
801 1974 952 2016 Omnis

131 2026 262 2068 homo
281 2027 480 2069 mendax.

183 2083 298 2133 Quid
325 2084 561 2126 retribuam
587 2086 794 2136 Domino,
819 2087 843 2112 *
870 2100 952 2139 pro

132 2138 341 2190 omnibus,
371 2153 468 2193 quae
488 2141 687 2183 retribuit
706 2141 832 2183 mihi?

183 2195 374 2238 Calicem
392 2196 593 2238 salutaris
612 2199 837 2250 accipiam:
861 2199 884 2224 *
908 2203 952 2240 et

130 2264 289 2293 nomen
306 2252 484 2294 Domini
501 2254 728 2296 invocabo.

181 2308 298 2349 Vota
328 2321 426 2350 mea
456 2310 556 2351 Dno
590 2310 772 2352 reddam
805 2324 952 2352 coram

130 2364 247 2404 omni
278 2364 444 2417 populo
479 2367 583 2418 ejus:
623 2366 647 2392 *
681 2367 875 2418 pretiosa
907 2367 952 2408 in

129 2422 367 2472 conspectu
402 2422 581 2463 Domini
621 2435 740 2464 mors
782 2426 949 2465 sancto-

130 2489 225 2517 rum
254 2477 359 2528 ejus:

182 2532 218 2574 Ο
237 2533 425 2575 Domine
445 2534 545 2586 quia
565 2547 645 2585 ego
666 2547 816 2576 servus
834 2539 950 2576 tuus:

128 2588 151 2613 *
174 2601 255 2639 ego
276 2601 427 2631 servus
445 2595 556 2640 tuus,
576 2595 620 2631 et
642 2590 757 2631 filius
782 2591 948 2633 ancillae

128 2649 226 2686 tuae.

178 2701 391 2754 Dirupisti
409 2702 579 2743 vincula
602 2715 712 2744 mea:
735 2702 758 2729 *
782 2701 860 2744 tibi
879 2715 943 2744 sa-

1015 288 1221 330 crificabo
1236 289 1423 331 hostiam
1441 291 1592 341 laudis,
1614 296 1657 333 et
1676 305 1834 334 nomen

1014 345 1192 386 Domini
1209 345 1436 387 invocabo.

1065 401 1183 443 Vota
1209 414 1307 443 mea
1331 402 1430 443 Dfio
1462 403 1642 444 reddam
1667 404 1710 444 in
1736 417 1835 446 con-

1015 459 1167 510 spectu
1182 458 1323 498 omnis
1337 458 1490 510 populi
1504 460 1607 511 ejus:
1621 460 1698 500 *in
1714 461 1834 501 atriis

1014 513 1169 555 domus
1184 514 1281 563 Dffi,
1292 514 1335 554 in
1348 514 1494 556 medio
1508 515 1570 556 tui
1583 516 1834 558 Jerusalem.

1067 582 1165 620 Ant.
1182 579 1372 620 Calicem
1392 580 1592 621 salutaris
1610 582 1831 634 accipiam,

1013 639 1056 676 et
1075 635 1330 677 sacrificabo
1350 635 1537 677 hostiam
1556 637 1708 678 laudis.

1067 699 1161 739 Ant.
1199 700 1318 742 Sicut
1344 701 1527 742 novellae
1556 702 1782 753 olivarum,
1810 704 1832 728 *

1011 755 1222 796 Ecclesiae
1246 756 1323 797 filii
1346 757 1431 799 sint
1453 757 1496 798 in
1517 758 1700 800 circuitu
1718 772 1832 800 men-

1011 824 1072 853 sae
1101 812 1287 853 Domini.

1280 888 1473 927 Psalmus
1495 888 1575 927 127.

1015 937 1181 1042 Beati
1208 955 1370 992 omnes,
1391 943 1463 994 qui
1486 943 1639 985 timent
1660 944 1786 994 Dnm,
1811 947 1832 971 *

1119 999 1192 1051 qui
1210 998 1432 1040 ambulant
1450 999 1494 1039 in
1512 999 1593 1040 viis
1613 1001 1713 1050 ejus.

1060 1055 1256 1096 Labores
1288 1057 1494 1096 manuum
1526 1058 1699 1097 tuarum
1732 1057 1830 1108 quia

1009 1110 1310 1152 manducabis:
1335 1113 1359 1138 *
1383 1111 1537 1153 beatus
1562 1124 1625 1162 es,
1655 1117 1697 1153 et
1720 1112 1831 1154 bene

1009 1167 1088 1209 tibi
1108 1168 1199 1209 erit.

1060 1224 1182 1265 Uxor
1203 1227 1278 1264 tua
1298 1224 1409 1265 sicut
1428 1224 1528 1265 vitis
1548 1224 1784 1275 abundans,
1808 1227 1831 1252 *
1882 1259 1883 1262 ,

1008 1281 1051 1320 in
1069 1279 1277 1321 lateribus
1298 1279 1452 1321 domus
1471 1285 1570 1321 tuae.

1059 1335 1158 1376 Filii
1179 1336 1243 1377 tui
1266 1336 1378 1377 sicut
1400 1336 1586 1378 novellae
1610 1337 1830 1386 olivarum,

1008 1394 1031 1419 *
1051 1392 1094 1433 in
1115 1392 1299 1433 circuitu
1317 1405 1480 1433 mensae
1499 1397 1597 1434 tuae.

1059 1448 1174 1490 Ecce
1211 1448 1274 1489 sic
1309 1447 1592 1490 benedicetur
1623 1449 1775 1498 homo,
1807 1450 1830 1475 *

1010 1504 1084 1556 qui
1105 1504 1229 1546 timet
1251 1504 1498 1545 Dominum.

1059 1560 1299 1602 Benedicat
1318 1560 1397 1602 tibi
1411 1561 1624 1602 Dominus
1644 1574 1698 1602 ex
1712 1562 1830 1603 Sion:

1007 1617 1031 1643 *
1056 1621 1099 1658 et
1122 1615 1273 1658 videas
1298 1617 1414 1659 bona
1432 1617 1673 1659 Jerusalem
1698 1618 1829 1659 omni-

1007 1673 1089 1715 bus
1110 1672 1262 1714 diebus
1282 1673 1384 1715 vitae
1403 1678 1501 1714 tuae.

1058 1729 1115 1770 Et
1134 1728 1284 1770 videas
1304 1729 1417 1771 filios
1436 1729 1625 1772 filiorum
1645 1732 1829 1780 tuorum,

1006 1786 1030 1811 *
1048 1798 1202 1837 pacem
1221 1798 1352 1838 super
1370 1786 1517 1826 Israel.

1067 1846 1166 1886 Ant.
1179 1846 1300 1887 Sicut
1314 1846 1498 1887 novellae
1514 1846 1736 1896 olivarum,
1749 1847 1828 1888 Ec-

1007 1901 1151 1943 clesiae
1176 1902 1254 1942 filii
1279 1903 1364 1943 sint
1388 1903 1431 1943 in
1459 1902 1642 1944 circuitu
1665 1915 1827 1944 mensae

1006 1954 1192 1999 Domini.

1063 2019 1162 2059 Ant.
1201 2019 1283 2068 Qui
1314 2031 1469 2070 pacem
1500 2020 1524 2045 *
1559 2019 1684 2073 ponit
1718 2019 1826 2061 fines

1006 2074 1234 2125 Ecclesiae,
1279 2075 1481 2116 frumenti
1524 2075 1653 2128 adipe
1699 2076 1827 2117 satiat

1005 2144 1085 2172 nos
1114 2131 1338 2172 Dominus.

1268 2194 1465 2235 Psalmus
1488 2195 1572 2235 147.
1638 2208 1648 2216 ’

1064 2256 1177 2297 auda
1220 2256 1462 2298 Jerusalem
1506 2257 1758 2299 Dominum:
1801 2258 1824 2282 *

1097 2312 1226 2354 lauda
1253 2313 1396 2354 Deum
1422 2318 1546 2355 tuum
1572 2314 1685 2355 Sion.

1056 2369 1270 2419 Quoniam
1294 2369 1556 2420 confortavit
1583 2381 1702 2410 seras
1726 2381 1823 2421 por-

1002 2426 1145 2466 tarum
1179 2427 1371 2466 tuarum:
1407 2427 1431 2453 *
1465 2424 1688 2467 benedixit
1723 2424 1823 2464 filiis

1003 2481 1089 2522 tuis
1116 2481 1160 2521 in
1186 2486 1241 2523 te.

1054 2537 1137 2586 Qui
1163 2538 1311 2589 posuit
1338 2537 1446 2578 fines
1473 2542 1574 2579 tuos
1601 2549 1771 2589 pacem:
1798 2537 1822 2563 *

1003 2597 1047 2634 et
1075 2592 1205 2645 adipe
1233 2593 1436 2634 frumenti
1462 2593 1591 2634 satiat
1617 2597 1671 2634 te.

1054 2649 1138 2698 Qui
1162 2650 1318 2690 emittit
1345 2649 1565 2700 eloquium
1589 2661 1713 2689 suum
1737 2652 1819 2688 ter-

1000 2717 1078 2745 rae:
1105 2706 1129 2731 *
1154 2704 1360 2747 velociter
1388 2705 1521 2746 currit
1548 2716 1689 2746 sermo
1717 2704 1820 2755 ejus.
