2040 2976
464 232 641 267 Officium
667 232 839 268 votivum
863 231 910 266 de
934 230 969 266 S.
994 230 1145 274 Joseph
1167 231 1319 274 Sponso
1344 230 1385 264 B.
1411 229 1456 264 M.
1481 230 1522 262 V.

196 327 247 379 V.
273 327 482 369 Invocavi
508 327 763 378 Dominum,
789 328 966 369 Patrem

140 383 317 426 Domini
330 384 427 425 mei.
454 391 504 441 R.
517 385 577 426 Ut
590 397 678 426 non
693 383 966 436 derelinquat

142 453 212 482 me
230 441 274 481 in
293 439 363 482 die
383 440 688 483 tribulationis.

143 514 295 556 Lectio
322 514 705 612 sanctiIlilXZrffielii
727 514 966 556 secundum

247 633 399 675 Lectio
420 634 487 675 vii.
661 634 763 687 Cap.
778 636 814 676 3.
831 648 864 676 c.

188 706 217 733 n
243 692 317 735 fflo
344 694 563 744 tempore:
590 692 773 734 Factum
801 697 868 734 est
894 705 964 733 au-

213 754 336 799 tem,
360 761 458 790 cum
493 748 789 801 baptizaretur
826 749 966 789 omnis

141 805 333 858 populus
388 809 431 846 et
483 805 588 846 Jesu
645 804 869 857 baptizato
923 811 966 847 et

142 863 311 911 orante,
348 863 549 914 apertum
584 866 652 903 est
689 861 859 903 coelum.
910 862 966 903 Et

141 917 319 970 reliqua.

145 991 330 1036 Homilia
345 992 484 1033 sancti
497 991 731 1042 Augustini
745 991 966 1043 Episcopi.

233 1056 316 1091 Lib.
332 1057 384 1091 23.
402 1061 535 1092 contra
550 1057 679 1092 Faust.
697 1067 779 1100 cap.
795 1056 825 1090 7.
843 1056 875 1090 8.

149 1114 284 1167 ρᾷςμο
311 1106 366 1148 de
398 1106 513 1148 coelo
541 1106 705 1171 dictum
736 1112 802 1171 est
835 1120 966 1159 super

147 1180 239 1247 ᾧ
259 1162 967 1271 ἓὲξῖῗίιῖἒὲῗιὲἓὶῗιέέἓέξέᾏῖὲῑ

139 1275 252 1318 bene
290 1275 554 1329 complacui:
596 1275 966 1327 quemadmodum

141 1332 305 1375 dictum
341 1337 408 1374 est
444 1337 487 1374 et
522 1332 566 1373 in
598 1337 757 1374 monte.
810 1332 966 1384 Neque

142 1389 255 1431 enim
274 1389 375 1441 quia
398 1394 442 1431 et
464 1389 526 1431 ibi
545 1387 599 1430 de
624 1388 738 1431 coelo
763 1402 850 1430 vox
871 1389 967 1442 ipsa

141 1446 305 1496 sonuit,
339 1445 474 1487 Filius
505 1445 589 1499 Dei
621 1450 720 1487 ante
752 1459 839 1487 non
870 1446 966 1488 fuit:

142 1501 498 1555 quandoquidem
530 1514 584 1543 ex
615 1505 742 1544 utero
774 1502 966 1554 Virginis

139 1558 211 1600 ille
235 1558 404 1611 accepit
423 1558 608 1600 formam
627 1558 751 1609 servi,
777 1559 967 1611 quicum

139 1615 183 1656 in
210 1615 350 1656 forma
377 1615 461 1656 Dei
489 1619 624 1665 esset,
655 1627 743 1656 non
770 1618 967 1668 rapinam

141 1670 375 1714 arbitratus
412 1676 497 1722 est,
534 1684 631 1713 esse
668 1684 714 1713 se
752 1672 967 1724 aequalem

140 1728 248 1769 Deo.
268 1727 468 1780 Denique
482 1726 599 1769 idem
611 1728 854 1781 Apostolus
866 1729 968 1769 Pau·

139 1783 208 1825 lus
223 1783 309 1825 alio
323 1783 424 1826 loco
440 1784 713 1837 apertissime
725 1783 844 1826 dicit:
859 1784 968 1826 Cum

141 1845 286 1882 autem
322 1840 441 1882 venit
477 1838 708 1893 plenitudo
743 1841 967 1894 temporis,

140 1896 257 1938 misit
273 1897 393 1938 Deus
410 1896 568 1938 Filium
587 1910 713 1938 suum
731 1897 894 1939 factum
913 1911 968 1940 ex

141 1952 337 2003 muliere,
365 1953 528 1995 factum
555 1952 637 1995 sub
664 1953 777 2004 lege,
805 1959 853 1996 ut
880 1967 968 2004 eOS,

143 2009 218 2061 qui
245 2008 326 2051 sub
353 2009 451 2060 lege
479 2014 617 2060 erant,
644 2008 893 2061 redimeret,
921 2015 969 2052 ut

142 2065 330 2107 filiorum
356 2064 640 2119 adoptionem
663 2066 968 2119 reciperemus.

141 2123 244 2175 Ipse
263 2135 368 2173 ergo
388 2127 455 2164 est
468 2122 604 2163 Filius
618 2123 711 2171 Dei,
732 2123 805 2175 qui
822 2128 866 2164 et
879 2124 967 2165 Do-

141 2179 282 2220 minus
314 2178 459 2221 David
494 2179 736 2221 secundum
772 2179 967 2221 divinita-

141 2239 246 2285 tem,
274 2239 318 2277 et
339 2234 457 2277 idem
478 2235 574 2288 ipse
593 2235 728 2277 Filius
746 2235 891 2278 David
915 2249 969 2277 ex

142 2291 306 2333 semine
325 2291 471 2334 David
490 2291 730 2334 secundum
749 2305 933 2334 carnem.

194 2355 246 2407 R.
270 2356 294 2397 J
297 2356 436 2409 oseph
455 2356 516 2397 fili
534 2356 690 2407 David,
709 2357 799 2398 noli
816 2357 969 2400 timere

143 2414 344 2465 accipere
368 2413 551 2454 Mariam
577 2414 805 2466 conjugem
834 2419 970 2455 tuam:

144 2468 264 2520 quod
283 2468 398 2526 enim
415 2469 459 2509 in
475 2482 526 2510 ea
544 2474 695 2511 natum
710 2475 786 2520 est,
806 2469 861 2512 de
876 2471 968 2524 Spi-

143 2524 228 2566 ritu
242 2529 394 2566 sancto
411 2530 491 2567 est:
505 2526 648 2578 pariet
662 2531 807 2568 autem
822 2527 969 2579 filium,

144 2582 167 2605 *
200 2581 257 2622 Et
289 2581 469 2622 vocabis
501 2594 661 2623 nomen
693 2583 783 2635 ejus
810 2584 835 2624 J
838 2596 970 2625 esum.

144 2630 194 2683 V.
220 2638 323 2690 Ipse
348 2637 459 2679 enirn
485 2637 654 2679 salvum
677 2639 808 2681 faciet
830 2642 967 2693 popu-

143 2693 234 2734 lum
266 2706 391 2734 suum
422 2707 447 2735 a
478 2695 672 2746 peccatis
705 2697 867 2737 eorum.
913 2697 969 2739 Et

144 2749 337 2791 vocabis.

1749 226 1842 270 [215]

1311 327 1461 368 Lectio
1481 327 1563 367 viii.

1101 385 1192 427 uod
1209 386 1246 427 si
1262 385 1390 427 nobis
1410 384 1588 426 credere
1607 396 1695 425 non
1711 382 1842 435 prod-

1128 444 1264 492 esset,
1306 455 1394 483 non
1430 441 1515 482 hoc
1551 445 1641 482 tam
1677 441 1843 480 attente

1017 499 1134 541 idem
1152 498 1396 551 Apostolus
1415 496 1648 539 Timotheo
1673 500 1843 537 comen-

1018 555 1143 597 daret
1154 553 1317 596 dicens:
1332 554 1502 595 Memor
1515 557 1610 594 esto
1624 552 1844 594 Christum

1017 612 1042 653 J
1045 625 1167 654 esum
1194 612 1483 652 resurrexisse
1509 622 1534 651 a
1561 608 1760 658 mortuis,
1790 620 1844 649 ex

1018 668 1182 710 semine
1200 666 1359 717 David,
1385 666 1626 708 secundum
1648 666 1842 715 Evange-

1017 725 1123 766 lium
1136 737 1292 765 meum.
1321 722 1435 773 Quid
1451 735 1554 773 ergo
1570 723 1654 774 jam
1667 723 1843 762 moveat

1018 782 1158 823 sancti
1175 780 1403 831 Evangelii
1426 781 1699 828 sectatorem,
1724 777 1844 829 quod

1020 839 1111 879 sine
1129 837 1365 879 concubitu
1378 836 1403 877 J
1405 835 1544 888 oseph
1560 834 1756 876 Christus
1771 847 1842 875 na-

1019 899 1090 936 tus
1110 907 1164 935 ex
1182 893 1375 944 Virgine,
1400 892 1515 933 filius
1536 896 1682 932 tamen
1701 889 1845 931 David

1019 950 1279 1003 appellatur,
1305 962 1404 990 cum
1427 948 1756 999 generationum
1780 948 1842 987 se-

1019 1007 1126 1048 riem
1158 1019 1246 1047 non
1276 1018 1416 1057 usque
1449 1004 1506 1046 ad
1532 1004 1734 1052 Mariam,
1766 1002 1845 1044 sed

1018 1075 1158 1115 usque
1184 1062 1240 1104 ad
1259 1062 1283 1103 J
1286 1061 1424 1114 oseph
1447 1060 1682 1102 Matthaeus
1705 1060 1844 1100 Evan-

1019 1119 1174 1170 gelista
1196 1117 1434 1171 perducat?
1469 1117 1615 1158 Primo
1638 1116 1738 1168 quia
1758 1128 1844 1156 ma-

1020 1175 1090 1217 riti
1133 1176 1223 1227 ejus
1267 1174 1409 1216 fuerat
1452 1177 1636 1226 propter
1678 1171 1846 1213 virilem

1020 1245 1172 1273 sexum
1190 1231 1337 1284 potius
1361 1229 1618 1272 honoranda
1640 1230 1845 1281 persona:

1019 1301 1162 1340 neque
1199 1288 1314 1329 enim
1351 1287 1452 1339 quia
1488 1285 1724 1328 concubitu
1756 1297 1845 1326 non

1018 1346 1272 1397 permixtus,
1296 1343 1397 1385 ideo
1419 1356 1507 1385 non
1529 1344 1722 1391 maritus,
1746 1354 1845 1382 cum

1018 1401 1113 1454 ipse
1145 1400 1380 1442 Matthaeus
1411 1404 1557 1440 narret
1588 1398 1642 1440 ab
1674 1397 1844 1449 Angelo

1019 1457 1201 1498 Mariam
1233 1458 1460 1509 conjugem
1488 1456 1625 1508 ipsius
1654 1454 1845 1507 appella-

1019 1519 1124 1563 tam,
1157 1514 1231 1566 qui
1256 1518 1422 1563 narrat,
1451 1512 1571 1565 quod
1598 1511 1653 1554 de
1681 1511 1846 1564 Spiritu

1021 1575 1173 1612 sancto
1194 1571 1468 1623 conceperat.

1075 1645 1126 1696 R.
1153 1643 1309 1695 Surge,
1339 1648 1383 1685 et
1411 1644 1561 1696 accipe
1589 1646 1775 1696 puerum
1804 1647 1846 1684 et

1019 1704 1204 1742 matrem
1224 1701 1324 1752 ejus,
1347 1705 1391 1742 et
1410 1700 1509 1751 fuge
1527 1700 1570 1740 in
1590 1700 1846 1752 AEg3'7ptum:

1022 1759 1045 1783 *
1059 1758 1116 1799 Et
1131 1762 1226 1798 esto
1242 1756 1312 1807 ibi,
1328 1769 1467 1809 usque
1483 1756 1587 1798 dum
1602 1757 1744 1797 dicam
1757 1755 1846 1797 tibi.

1023 1809 1073 1861 V.
1098 1814 1157 1856 Ut
1189 1813 1502 1867 adimpleretur
1532 1812 1661 1865 quod·
1683 1812 1847 1853 dictum

1022 1875 1088 1912 est
1116 1883 1141 1911 a
1166 1871 1357 1911 Domino
1385 1882 1464 1922 per
1489 1869 1758 1922 Prophetam
1787 1867 1846 1909 di-

1022 1929 1207 1969 centem:
1230 1927 1298 1967 Ex
1317 1927 1514 1979 AEgypto
1534 1926 1691 1967 vocavi
1710 1925 1847 1965 filium

1020 1996 1176 2025 meum.
1204 1984 1271 2024 Et.
1301 1982 1452 2024 Gloria
1470 1982 1600 2024 Patri.
1627 1982 1694 2023 Et.

1322 2060 1472 2101 Lectio
1492 2060 1546 2099 ix.

1024 2118 1175 2227 Cum
1189 2143 1294 2172 vero
1309 2143 1419 2172 unus
1429 2129 1634 2182 idemque
1647 2131 1847 2171 narrator

1112 2190 1345 2239 utrumque
1357 2186 1483 2237 dicat,
1493 2189 1729 2239 utrumque
1741 2199 1849 2227 com-

1014 2243 1210 2294 mendet,
1231 2248 1274 2285 et
1289 2243 1429 2285 virum
1443 2244 1593 2284 Mariae
1608 2243 1632 2284 J
1635 2242 1785 2295 oseph,
1805 2247 1848 2284 et

1024 2301 1186 2343 Christi
1203 2300 1430 2351 Virginem
1450 2300 1645 2350 Matrem,
1667 2304 1710 2341 et
1731 2299 1847 2340 Chri-

1024 2363 1138 2399 stum
1162 2370 1216 2398 ex
1242 2356 1405 2398 semine
1428 2356 1586 2407 David,
1615 2362 1658 2398 et
1681 2356 1705 2396 J
1708 2355 1847 2407 oseph

1022 2415 1066 2455 in
1083 2414 1194 2455 serie
1212 2415 1603 2466 progeneratorum
1620 2411 1779 2454 Christi
1794 2423 1848 2452 ex

1023 2470 1181 2512 David:
1206 2468 1312 2522 quid
1330 2474 1477 2520 restat,
1498 2470 1583 2510 nisi
1605 2475 1647 2511 et
1665 2469 1847 2509 Mariam

1023 2540 1111 2568 non
1127 2527 1261 2568 fuisse
1281 2528 1533 2568 extraneam
1547 2539 1573 2567 a
1587 2524 1846 2576 cognatione

1024 2583 1186 2633 David,
1220 2588 1264 2624 et
1296 2596 1393 2624 eam
1423 2582 1589 2635 Joseph
1619 2582 1847 2632 conjugem

1023 2653 1111 2681 non
1126 2640 1285 2682 frustra
1304 2639 1570 2693 appellatam
1584 2643 1766 2691 propter
1781 2639 1847 2678 or-

1024 2696 1170 2738 dinem
1196 2709 1325 2738 sexus
1351 2701 1394 2738 et
1420 2695 1662 2736 animorum
1687 2694 1846 2735 confoe-

1024 2752 1310 2803 derationem;
1336 2758 1380 2795 et
1398 2753 1423 2793 J
1426 2751 1563 2804 oseph
1582 2750 1728 2804 potius
1746 2762 1845 2802 pro-
