2040 2976
186 196 252 231 364

520 293 685 333 Oratio,

187 343 368 450 Deus,
404 347 479 400 qui
509 349 775 400 praesentem
801 348 917 391 diem
941 349 1014 390 ho-

288 404 533 446 norabilem
548 404 676 446 nobis
695 405 738 446 in
752 405 872 447 beati
887 405 911 446 J
914 408 1015 447 oan-

187 461 252 501 nis
290 461 518 503 nativitate
556 461 712 503 fecisti:
751 461 807 503 da
838 462 1016 515 populis

186 518 272 559 tuis
301 517 595 570 spiritualium
624 518 811 569 gratiam
838 518 1016 569 gaudin-

187 587 298 624 rum3
333 579 376 616 et
405 575 599 616 omnium
626 575 821 617 fidelium
847 580 1017 617 mentes

188 630 326 682 dirige
345 631 388 672 in
407 631 523 673 viam
542 631 695 674 salutis
715 634 904 674 aeternae.
933 632 1018 674 Per

187 688 424 730 Deminum
443 694 653 730 nostrum.

459 766 527 803 Ad
551 766 753 803 Tertiam.

244 825 341 864 Ant.
370 822 530 864 Paulus
550 827 593 864 et
612 823 636 864 J
639 825 815 865 oannes.

239 890 499 940 Capitulum.
534 890 768 930 Justorum.
793 888 886 929 363.

239 956 288 1004 R.
304 954 364 995 br.
383 951 614 993 Laetamini
633 952 676 993 in
695 952 898 1002 DeminQ
918 958 939 981 *
960 953 1017 994 Et

187 1007 403 1050 exsultate
435 1008 545 1059 justi.
587 1008 831 1050 Laetamini.
876 1008 925 1058 Υ.
962 1009 1018 1050 Et

186 1063 435 1114 gloriamini
461 1077 614 1106 omnes
641 1066 750 1107 recti
776 1065 921 1107 corde.
960 1066 1018 1107 Et

188 1120 416 1162 exsultate.
444 1120 596 1162 Gloria
615 1122 747 1162 Patri.
775 1121 1017 1163 Laetamini.

239 1174 286 1225 δ”.
316 1177 550 1218 Exsultent
576 1177 678 1229 justi
704 1178 748 1218 in
775 1181 1018 1231 conspectu

186 1232 281 1274 Dei.
309 1237 357 1288 R.
378 1234 435 1275 Et
455 1232 730 1275 delectentur
747 1234 791 1275 in
810 1234 973 1277 laetitia.

462 1312 530 1348 Ad
556 1312 743 1352 Sextam.

240 1373 337 1412 Ant.
366 1371 557 1412 Joannes
578 1374 621 1412 et
638 1370 811 1412 Paulus.

238 1439 497 1490 t‘lupitulum.
727 1439 825 1490 Sap.
844 1440 906 1479 lo.
924 1439 962 1479 d.

185 1495 446 1602 Reddidit
471 1501 594 1543 Deus
621 1502 872 1545 mercedem
898 1503 1017 1546 labo-

289 1570 386 1598 rum
406 1560 658 1600 sanctorum
675 1561 866 1610 suorum,
886 1566 931 1602 et
945 1560 1017 1603 de·

187 1613 313 1655 duxit
341 1613 440 1655 illos
467 1615 512 1655 in
536 1615 608 1656 via
633 1615 836 1657 mirabili:
870 1622 914 1659 et
937 1617 1019 1659 fuit

188 1670 272 1711 illis
296 1670 339 1711 in
365 1671 612 1714 velamento
642 1672 743 1722 diei,
777 1678 821 1715 et
849 1673 894 1714 in
919 1674 1016 1716 luce

188 1727 415 1770 stellarum
433 1734 574 1770 nocte.

238 1793 287 1843 R.
308 1792 370 1833 br.
406 1789 640 1832 Exsultent
664 1791 765 1842 justi
790 1794 812 1817 *
840 1792 892 1832 In
917 1805 1015 1834 con-

187 1847 342 1898 spectu
368 1846 461 1888 Dei.
503 1847 748 1890 Exsultent.
788 1845 838 1897 Y.
863 1849 920 1891 Et
945 1849 1017 1891 de-

186 1902 402 1944 lectentur
421 1904 465 1944 in
483 1903 646 1946 laetitia.
674 1905 736 1945 In.
769 1905 922 1948 Gloria
935 1906 1014 1948 Pa-

186 1959 253 2000 tri.
280 1959 525 2002 Exsultent.

237 2013 286 2064 δ”.
314 2016 339 2056 J
341 2017 428 2059 usti
447 2022 594 2059 autem
613 2018 656 2059 in
675 2021 939 2072 perpetuum
958 2020 1017 2062 vi-

187 2077 300 2114 vent.
353 2076 402 2127 R.
436 2074 494 2116 Et
528 2075 648 2128 apud
679 2076 918 2118 Dominum
951 2082 1018 2119 est

187 2142 355 2172 merces
376 2132 540 2172 eorum.

465 2204 532 2241 Ad
555 2206 740 2242 Nonam.

242 2262 340 2302 Ant.
373 2263 565 2303 Joannes
584 2266 628 2304 et
645 2262 818 2306 Paulus,

239 2322 495 2373 Capitulum.
757 2327 855 2378 Sap.
871 2328 907 2367 3.
923 2327 962 2368 b.

267 2382 478 2434 ulgebunt
489 2383 599 2435 justi,
615 2389 658 2426 et
672 2390 897 2438 tamquam
909 2386 1018 2428 scin-

278 2439 385 2481 tillae
408 2440 451 2481 in
475 2441 735 2483 arundineto
760 2441 1018 2485 discurrent.

187 2496 456 2539 Judicabunt
488 2498 702 2547 nati6nes‚
744 2503 788 2540 et
825 2498 1017 2541 domina·
1080 2520 1214 2544 mom

188 2553 352 2595 buntur
370 2554 560 2606 populis,
587 2560 630 2596 et
648 2555 850 2605 regnabit
869 2557 1016 2597 Demi-

188 2623 271 2652 nus
291 2609 463 2651 illorum
484 2610 527 2651 in
547 2613 819 2664 perpetuum.

237 2675 287 2727 R.
313 2673 375 2714 br.
413 2672 527 2713 Justi
559 2677 705 2714 autem
731 2677 753 2700 *
784 2674 834 2713 In
863 2676 1017 2726 perpe-

190 2733 314 2770 tuum
347 2729 505 2771 vivent.
550 2729 673 2771 Justi.
712 2726 762 2777 Y'.
808 2730 864 2771 Et
901 2730 1018 2782 apud

440 200 509 233 Dic
534 200 585 233 27.
611 200 727 234 Junii.
776 201 919 241 Quarta
945 203 1007 236 die
1034 203 1130 236 infra
1158 202 1236 237 Oct.
1263 203 1390 237 Nativ.
1415 203 1450 238 S.
1475 204 1649 239 JoanniS.

1068 293 1309 335 Dominum
1340 298 1408 336 est
1440 307 1609 337 merces
1637 298 1799 338 cerum.
1836 297 1899 338 In.

1072 349 1224 391 Gloria
1243 350 1374 392 Patri.
1402 350 1526 392 Justi.

1124 406 1173 457 V.
1199 411 1494 453 Exsultabunt
1519 414 1660 455 sancti
1683 414 1727 455 in
1747 414 1898 465 gloria.

1072 470 1121 520 R*-
1140 467 1429 509 Laetabsmtur
1447 468 1490 510 in
1510 469 1725 512 cubilibus
1745 471 1845 512 suis

1282 549 1343 590 In
1361 549 1422 591 11.
1441 550 1692 601 vesperis.

1123 622 1209 654 Ant.
1237 621 1283 654 dc
1305 619 1423 654 Laud.
1441 619 1524 662 363;
1545 620 1606 654 Ps.
1624 624 1665 654 ut
1682 620 1721 654 in
1737 620 1764 654 Ι.
1781 619 1898 664 Vesp.

1072 670 1118 703 de
1152 669 1296 703 Comm.
1329 669 1465 712 Apost.
1497 667 1544 712 [2]
1579 673 1615 703 et
1644 669 1731 702 loco
1764 667 1899 711 ultimi,

1070 718 1131 751 Ps.
1161 714 1330 751 Credidi.
1363 714 1432 758 [45]
1463 716 1588 761 Capit.
1621 720 1657 751 et
1685 716 1824 760 Hymn.
1858 720 1900 751 ut

1071 766 1110 799 in
1134 766 1159 800 Ι.
1186 765 1382 808 Vesperis.
1405 764 1481 799 359.

1123 818 1172 869 Y.
1200 819 1496 863 Exsultabunt
1519 821 1659 863 sancti
1682 821 1726 863 in
1750 821 1900 873 gloria.

1072 880 1121 932 R.
1139 875 1427 918 Laetabuntur
1446 877 1490 918 in
1509 877 1726 920 cubilibus
1745 878 1845 920 suis.

1126 944 1198 986 Ad
1225 946 1398 996 Magnis.
1438 947 1537 986 Ant.
1574 943 1650 985 Isti
1675 949 1776 986 sunt
1801 943 1900 986 duae

1072 997 1216 1048 olivae,
1243 1003 1286 1040 et
1310 998 1398 1040 duo
1423 999 1688 1041 candelabra
1710 1000 1901 1043 lucentia

1071 1058 1172 1096 ante
1187 1055 1438 1096 Deminum:
1454 1055 1618 1098 habent
1632 1059 1900 1109 potestatem

1072 1109 1277 1153 claudere
1305 1111 1466 1154 coelum
1492 1112 1700 1163 nubibus,
1729 1118 1772 1155 et
1799 1126 1898 1167 ape-

1071 1167 1157 1209 rire
1183 1172 1338 1219 portas
1367 1168 1472 1220 ejus:
1510 1168 1613 1221 quia
1641 1168 1802 1220 linguae
1830 1172 1900 1212 ee—

1071 1235 1168 1265 rum
1188 1223 1335 1266 claves
1353 1225 1455 1267 coeli
1472 1225 1602 1267 factae
1621 1230 1733 1268 sunt.

1124 1291 1273 1326 Deinde
1291 1292 1333 1326 fit
1350 1302 1483 1326 comm.
1501 1292 1658 1327 Octavae
1677 1291 1711 1326 S.
1725 1292 1899 1326 Joannis.

1123 1349 1222 1389 Ant.
1271 1349 1381 1388 Puer
1410 1347 1484 1400 qui
1510 1352 1639 1390 natus
1667 1352 1735 1391 est
1761 1347 1900 1399 nobis,

1071 1402 1171 1455 plus
1201 1415 1332 1455 quam
1359 1403 1583 1457 Propheta
1611 1410 1692 1446 est:
1732 1404 1804 1447 hic
1834 1411 1901 1447 est

1072 1460 1205 1511 enim,
1238 1461 1293 1503 de
1322 1473 1410 1514 quo
1439 1461 1643 1504 Salvator
1673 1462 1750 1504 ait:
1780 1463 1901 1505 Inter

1070 1522 1198 1558 natos
1226 1517 1457 1559 mulierum
1484 1531 1573 1560 non
1599 1520 1787 1562 surrexit
1813 1533 1900 1562 ma-

1070 1574 1135 1626 jor
1154 1574 1179 1615 J
1181 1576 1323 1616 oanne
1342 1574 1557 1627 Baptista.

1123 1635 1172 1686 V.
1201 1641 1292 1682 Iste
1313 1653 1423 1694 puer
1441 1653 1625 1692 magnus
1645 1654 1793 1684 coram
1811 1642 1899 1684 Do-

1070 1696 1199 1738 mino.
1235 1698 1285 1749 R.
1311 1697 1426 1739 Nam
1450 1702 1494 1740 et
1516 1711 1671 1740 manus
1691 1700 1782 1751 ejus
1801 1711 1900 1740 cum

1069 1753 1167 1806 ipso
1189 1758 1265 1796 est.

1125 1820 1289 1861 Oratio.
1320 1821 1448 1869 Deus,
1470 1821 1555 1874 qui.
1577 1826 1624 1862 ut
1642 1833 1786 1874 supra.

1330 1925 1413 1966 Die
1431 1925 1495 1966 27.
1513 1925 1639 1967 Junii.

1167 1995 1332 2044 Quarta
1359 1994 1428 2036 die
1455 1995 1565 2036 infra
1592 1996 1806 2038 Octavam

1180 2063 1478 2106 Nativitatis
1499 2064 1542 2105 S.
1563 2065 1595 2106 J
1596 2063 1786 2105 oannis.

1122 2129 1165 2163 In
1196 2130 1223 2164 I.
1252 2130 1452 2165 Nocturno
1486 2131 1690 2167 Lectiones
1725 2133 1772 2167 de
1801 2133 1899 2169 Scri-

1071 2183 1185 2222 ptura
1210 2184 1442 2213 occurrente.

1293 2250 1343 2289 In
1369 2250 1420 2289 11.
1448 2250 1672 2291 Nocturno.

1147 2318 1302 2360 Sermo
1327 2318 1466 2360 sancti
1490 2317 1641 2359 Basilii
1663 2317 1822 2369 Magni.

1231 2385 1402 2419 Homilia
1419 2386 1448 2419 2.
1467 2385 1506 2419 in
1523 2385 1663 2421 Psalm.
1679 2387 1734 2425 28.

1372 2443 1524 2484 Lectio
1544 2443 1597 2483 iv.

1088 2543 1091 2547 ,
1225 2505 1469 2547 oxDOmini
1479 2517 1613 2558 super
1623 2517 1771 2557 aquas.
1787 2505 1898 2554 Qua-

1074 2546 1211 2620 ‘Nssss
1241 2561 1294 2603 lis
1318 2562 1425 2604 vox?
1453 2575 1586 2615 super
1606 2574 1714 2614 quas
1738 2559 1898 2613 aquas?

1078 2601 1145 2644 {n
1160 2603 1220 2643 H<
1242 2619 1377 2661 Velut
1405 2619 1684 2672 prophetiam
1712 2617 1897 2670 accipia-

1071 2688 1167 2716 mus
1194 2675 1313 2728 quod
1341 2676 1506 2718 dictum
1532 2679 1611 2717 est.
1650 2674 1898 2716 Memineris

1071 2731 1095 2771 J
1098 2733 1263 2782 oannis,
1279 2733 1353 2785 qui
1369 2733 1662 2783 interrogatus
1680 2744 1705 2772 a
1720 2731 1745 2772 J
1746 2730 1900 2773 udaeis:
