2040 2976
568 213 684 246 Aliud
710 213 883 246 Officium
909 215 942 246 S.
968 213 1130 246 -Joannis
1156 212 1417 255 Nepomuceni
1442 212 1547 246 Mart.

218 312 360 361 gatus:
401 310 547 361 jugum
584 308 697 350 enim
732 309 861 358 illius,
896 310 1041 361 jugum

219 366 406 407 ferreum
425 370 505 406 est:
525 370 567 407 et
582 366 802 406 vinculum
816 365 941 416 illius,
960 369 1042 407 vin-

219 422 363 463 culum
409 424 571 463 aereum
616 427 693 463 est.
752 421 872 463 Mors
915 422 1040 472 illius,

217 491 335 519 mors
364 478 645 530 nequissima:
678 482 722 519 et
748 478 865 520 utilis
892 479 1040 531 potius

218 534 410 576 infernus
430 546 560 586 quam
579 534 664 575 illa.

269 607 318 657 R.
344 604 438 645 Lex
456 603 652 645 veritatis
675 603 755 644 fuit
777 603 821 644 in
845 615 919 645 ore
939 604 1039 656 eius,

218 665 260 702 et
286 661 491 713 iniquitas
516 672 604 701 non
633 664 700 701 est
723 660 898 702 inve'nta
920 660 963 700 in
981 659 1039 700 la-

215 717 298 758 biis
332 717 437 769 ejus:
468 716 513 757 in
543 729 653 768 pace
686 721 730 757 et
760 716 803 757 in
833 716 1039 768 aequitate

217 772 457 815 ambulavit
496 785 682 814 mecum:
715 774 737 798 *
782 773 839 814 Et
877 772 1038 813 multos

216 829 373 870 avertit
388 829 442 870 ab
453 829 692 881 iniquitate.
712 826 762 876 ΥΤ.
774 828 912 870 Labia
925 828 1039 870 enim

217 885 460 927 sacerdotis
505 884 754 926 custodient
797 884 1038 934 scientiam,

217 948 259 984 et
277 941 419 992 legem
437 943 659 993 requirent
679 954 733 982 ex
752 953 828 982 ore
844 941 943 992 ejus.
970 941 1037 981 Et.

515 1013 665 1053 Lectio
685 1013 738 1052 iii.

218 1072 594 1177 perseverantia
619 1079 734 1120 illius
758 1091 846 1120 non
871 1091 1038 1131 perma-

311 1135 446 1186 nebit,
475 1135 554 1177 sed
579 1135 795 1177 obtinebit
819 1135 912 1176 vias
936 1135 1038 1187 iniu-

217 1195 398 1234 storum:
417 1197 461 1234 et
478 1192 522 1232 in
540 1192 715 1233 flamma
730 1204 808 1232 sua
822 1204 910 1232 non
924 1204 1038 1232 corn-

215 1249 344 1290 buret
358 1249 505 1299 justos.
525 1249 609 1298 Qui
625 1248 873 1300 relinquunt
886 1248 1039 1298 Deum,

215 1304 408 1346 incident
434 1305 478 1345 in
504 1305 641 1354 illam,
671 1309 715 1346 et
743 1304 970 1346 exardebit
996 1304 1041 1345 in

215 1361 310 1411 illis,
330 1366 373 1403 et
390 1374 477 1403 non
497 1361 805 1412 exstinguetur,
825 1365 869 1403 et
885 1361 1039 1403 immit-

216 1419 333 1459 tetur
363 1418 406 1458 in
436 1418 535 1460 illos
568 1418 694 1470 quasi
724 1417 812 1467 leo,
844 1422 888 1459 et
917 1417 1041 1469 quasi

216 1474 382 1527 pardus
426 1474 558 1516 laedet
603 1474 712 1515 illos.
765 1474 869 1527 Sepi
914 1486 1041 1515 aures

217 1536 314 1572 tuas
341 1531 493 1584 spinis,
519 1531 710 1582 linguam
735 1543 925 1583 nequam
952 1530 1041 1572 noli

218 1587 385 1637 audire,
414 1592 458 1628 et
486 1587 551 1629 ori
578 1592 655 1629 tuo
681 1587 814 1629 facito
842 1587 970 1637 ostia,
998 1592 1042 1628 et

218 1655 348 1684 seraS.
390 1644 559 1684 Aurum
589 1648 711 1685 tuum
743 1648 787 1685 et
814 1645 1040 1694 argentum

217 1704 339 1740 tuum
365 1700 523 1749 confla,
552 1704 595 1740 et
622 1699 767 1741 verbis
794 1699 881 1741 tuis
908 1699 1040 1741 facito

219 1757 440 1804 stateram,
465 1760 508 1796 et
532 1755 677 1797 frenos
703 1755 769 1796 ori
786 1759 863 1796 tuo
883 1760 1041 1797 rectos:

219 1815 263 1852 et
289 1811 465 1853 attende
492 1824 547 1853 ne
574 1812 686 1853 forte
714 1811 875 1853 labaris
900 1811 944 1852 in
965 1811 1040 1852 lin-

218 1880 321 1918 gua,
350 1873 393 1909 et
419 1867 551 1909 cadas
574 1868 618 1908 in
645 1869 883 1920 conspectu
905 1868 1040 1908 inimi-

218 1925 369 1964 corum
388 1923 685 1965 insidiantium
707 1924 804 1974 tibi,
830 1928 873 1965 et
895 1924 951 1966 sit
974 1937 1040 1966 ca-

219 1992 292 2021 sus
311 1985 411 2021 tuus
430 1980 684 2022 insanabilis
703 1980 748 2020 in
766 1985 965 2022 mortem.

272 2049 320 2099 R.
337 2049 485 2102 Sepivi
504 2062 631 2091 aures
650 2062 769 2091 meas
786 2049 932 2102 spinis,
948 2050 970 2073 *
984 2049 1041 2091 Et

220 2105 285 2145 ori
303 2118 400 2147 meo
420 2106 503 2147 feci
519 2106 631 2148 ostia
651 2111 694 2148 et
707 2119 838 2148 seras.
864 2099 912 2150 V.
934 2107 1040 2148 Bea-

218 2166 288 2202 tus
315 2162 388 2213 qui
405 2162 550 2213 lingua
573 2175 651 2204 sua
674 2175 762 2204 non
789 2168 856 2204 est
880 2163 1040 2216 lapsus,

221 2222 265 2258 et
285 2217 358 2269 qui
376 2231 463 2259 non
484 2220 661 2261 servivit
679 2220 867 2270 indignis
887 2233 946 2261 se.
974 2220 1040 2261 Et.

222 2273 372 2315 Gloria
389 2273 517 2316 Patri.
545 2275 612 2316 Et.

451 2360 499 2398 In
518 2360 567 2399 ΙΙ.
588 2361 808 2401 Nocturno.

273 2434 369 2472 Ant.
422 2432 516 2474 Non
553 2434 753 2484 quaesivit
787 2447 813 2474 a
849 2434 1039 2476 Domino

218 2490 438 2588 figgastiiisnn
458 2501 599 2541 neque
619 2502 645 2530 a
663 2502 765 2540 rege
786 2489 1041 2532 cathedram

273 2612 369 2653 Ant.
421 2613 653 2666 Loquebar
689 2614 743 2656 de
779 2614 1040 2656 testimoniis

217 2671 303 2712 tuis
334 2671 376 2711 in
409 2671 649 2722 conspectu
680 2684 846 2721 regum,
878 2675 922 2711 et
952 2683 1040 2711 non

219 2726 528 2768 confundebar.

1147 311 1243 350 Ant.
1282 310 1481 363 Amplius
1507 322 1595 351 11011
1622 309 1825 352 videbitis
1853 309 1911 351 fa-

1093 367 1203 408 ciem
1225 379 1367 408 meam
1384 379 1476 416 vos,
1499 379 1578 419 per
1603 379 1714 419 quos
1731 365 1912 408 transivi

1093 422 1337 475 praedicans
1356 435 1536 474 regnum
1553 423 1647 464 Dei.

1144 492 1191 545 V.
1219 496 1341 537 Pone
1364 495 1552 537 Domine
1576 495 1822 538 custodiam
1846 495 1912 538 ori

1091 565 1202 594 meo.
1240 554 1291 605 R.
1311 553 1368 594 Et
1392 552 1552 594 ostium
1575 552 1912 595 circumstantiae

1091 608 1217 650 labiis
1235 609 1355 650 meis.

1144 698 1245 732 Leet.
1269 702 1310 732 ut
1334 698 1371 731 in
1397 697 1630 741 praecedenti
1655 697 1791 732 Officio
1817 698 1913 740 ejus-

1094 746 1178 780 dem
1203 746 1342 780 Sancti.
1368 744 1458 788 [252]

1146 816 1196 867 R.
1222 815 1275 855 iv,
1307 814 1480 854 Instans
1508 811 1694 854 orationi
1722 816 1766 853 et
1791 812 1912 853 mini-

1092 870 1225 911 sterio
1249 869 1387 919 verbi,
1413 868 1671 910 hortabatur
1695 880 1846 909 omnes
1868 868 1913 909 in

1091 926 1321 979 proposito
1340 924 1485 967 cordis
1499 925 1753 978 permanere
1767 924 1811 965 111
1825 924 1913 966 1)·ὀ-

1090 982 1222 1024 mino:
1257 984 1279 1008 *
1309 982 1420 1033 Quia
1451 986 1544 1023 erat
1574 981 1641 1022 vir
1672 979 1829 1031 bonus,
1870 985 1914 1023 et

1090 1039 1246 1091 plenus
1278 1039 1443 1092 Spiritu
1476 1042 1640 1079 sancto.
1685 1033 1736 1085 Ys'.
1752 1037 1810 1079 Et
1840 1049 1913 1090 ap-

1091 1094 1336 1148 ponebatur
1374 1094 1515 1136 multa
1552 1094 1681 1137 turba
1712 1093 1913 1135 Domino.

1092 1152 1202 1202 Quia
1230 1156 1333 1193 erat.

1146 1233 1196 1283 R.
1220 1247 1258 1273 v.
1289 1232 1528 1286 Dispersit‚
1561 1230 1683 1274 dedit
1712 1231 1913 1284 pauperi-

1092 1289 1188 1331 bus:
1205 1290 1227 1313 *
1248 1289 1272 1330 J
1274 1289 1423 1331 ustitia
1442 1289 1532 1341 ejus
1550 1291 1697 1330 manet
1717 1288 1763 1328 in
1781 1289 1914 1329 saecu-

1092 1347 1182 1388 lum
1196 1346 1356 1388 saeculi.
1384 1340 1434 1392 V.
1449 1345 1614 1387 Beatus
1630 1344 1704 1397 qui
1716 1343 1916 1395 intelligit

1093 1416 1225 1456 super
1257 1404 1442 1454 egenum
1467 1405 1511 1443 et
1538 1403 1789 1455 pauperem.
1841 1400 1913 1442 Ju-

1094 1460 1213 1502 stitia
1237 1460 1339 1511 ejus.

1144 1541 1195 1591 R.
1221 1540 1274 1580 vi.
1308 1542 1403 1592 Ego
1433 1539 1525 1582 scio
1551 1537 1757 1592 quoniam
1785 1537 1915 1579 intra-

1093 1599 1201 1641 bunt
1218 1603 1323 1652 post
1342 1596 1655 1639 discessionem
1667 1606 1811 1636 meam
1824 1593 1917 1646 lupi

1094 1653 1770 1762 ῑᾶἓὲὒθῗὲἰνὲἓὸὲοἲῑῗέἶὲιῗιῒῗ
1780 1662 1858 1748 3123?
1858 1661 1918 1748 {2

1182 1725 1232 1754 10
1685 1739 1693 1748 .
1761 1735 1768 1744 .

1094 1768 1220 1811 vobis
1234 1726 1341 1821 ipsis
1352 1769 1586 1817 exsurgent
1595 1763 1677 1806 viri
1686 1763 1917 1815 loquentes

1095 1827 1317 1878 perversa,
1349 1827 1397 1864 ut
1428 1821 1648 1864 abducant
1677 1818 1917 1872 discipulos

1094 1887 1198 1935 post
1233 1894 1291 1923 se.
1346 1880 1546 1932 Propter.
1600 1876 1752 1919 Gloria
1786 1874 1918 1917 Patri.

1093 1939 1292 1991 Propter.

1316 2036 1365 2074 In
1382 2034 1453 2073 III.
1472 2032 1693 2073 Nocturno.

1147 2114 1244 2154 Ant.
1267 2113 1372 2161 Igne
1390 2122 1460 2151 me
1480 2108 1748 2158 examinasti,
1767 2111 1812 2150 et
1829 2119 1916 2149 non

1094 2172 1160 2210 est
1178 2167 1354 2208 inventa
1371 2166 1415 2206 in
1433 2178 1502 2207 me
1520 2164 1737 2217 iniquitas.

1148 2244 1245 2282 Ant.
1291 2244 1429 2292 Aquae
1465 2239 1615 2281 multae
1646 2250 1734 2280 non
1764 2238 1915 2291 potue-

1094 2302 1193 2339 runt
1235 2299 1508 2347 exstinguere
1549 2295 1794 2345 caritatem,
1835 2306 1915 2335 nec

1094 2354 1272 2395 fiumina
1296 2352 1482 2395 obruent
1508 2352 1637 2394 illam.

1148 2431 1246 2470 Ant.
1282 2429 1481 2470 Transivi
1512 2442 1592 2482 per
1623 2429 1767 2480 ignem
1797 2431 1840 2469 et
1872 2439 1913 2468 a·

1095 2499 1240 2552 quam:
1273 2490 1316 2528 et
1348 2486 1538 2527 eduxisti
1568 2498 1638 2527 me
1664 2485 1708 2526 in
1739 2483 1913 2534 refrige-

1094 2556 1215 2585 rium.

1146 2609 1195 2660 V.
1230 2613 1347 2655 Dixi:
1381 2613 1637 2656 Custodiam
1664 2613 1756 2655 vias
1783 2588 1914 2654 meas.

1095 2671 1145 2721 R.
1184 2672 1241 2714 Ut
1276 2682 1364 2711 non
1399 2669 1647 2722 delinquam
1686 2670 1731 2712 in
1769 2669 1915 2720 lingua

1092 2742 1199 2771 mea.
