2040 2976
445 239 622 274 Officium
647 238 821 272 votivum
844 236 890 270 de
913 235 969 270 Ss.
994 235 1199 278 Apostolis
1224 235 1338 269 Petro
1364 239 1401 269 ct
1424 235 1557 268 Paulo.

194 332 266 374 Ad
285 331 459 383 Magnis.
477 332 578 372 Ant.
604 330 758 372 Petrus
778 330 969 382 Aposto-

141 388 225 438 lus,
253 389 278 416 *
305 393 349 430 et
372 388 534 429 Paulus
558 387 729 428 Doctor
756 386 972 435 Gentium,

141 444 227 497 ipsi
266 457 347 486 nos
389 443 633 486 docuerunt
671 442 815 493 legem
853 447 974 484 tuam

141 500 341 542 Domine.

474 553 640 593 Oratio.

141 609 324 714 Deus,
348 614 469 666 cujus
493 612 676 654 dextera
696 611 877 654 beatum
894 611 972 652 Pe-

252 674 370 711 trum
386 668 683 710 ambulantem
696 668 741 708 in
755 666 972 717 fluctibus,

141 737 196 767 ne
212 727 494 776 mergeretur,
514 724 662 774 erexit,
682 728 725 765 et
740 725 973 776 coaposto-

140 781 231 822 lum
250 782 341 833 ejus
356 781 550 831 Paulum,
568 780 700 822 tertio
717 779 973 830 naufragan-

141 842 241 888 tem,
265 836 320 879 de
343 836 566 890 profundo
589 836 735 889 pelagi
757 835 973 878 liberavit:

142 893 303 935 exaudi
325 906 407 935 nos
431 893 667 946 propitius,
695 897 739 934 et
762 891 973 942 concede,

142 955 191 992 ut
235 950 464 992 amborum
506 949 673 991 meritis
717 948 974 990 aeternitatis

142 1006 327 1057 gloriam
359 1008 698 1057 consequamur:
747 1005 832 1055 Qui
863 1005 974 1046 vivis

144 1068 188 1104 et
205 1075 362 1114 regnas
381 1075 482 1104 cum
500 1063 598 1103 Deo
617 1062 760 1103 Patre.

191 1126 236 1161 In
267 1126 294 1161 Ι.
323 1126 523 1161 Nocturno
555 1124 760 1159 Lectiones
795 1124 842 1158 dc
872 1124 970 1158 Scri-

140 1178 253 1218 ptura
277 1178 510 1210 occurrente.

366 1231 416 1271 In
442 1231 493 1271 H.
521 1230 745 1271 Nocturno.

222 1293 376 1337 Sermo
403 1295 543 1337 sancti
568 1294 729 1336 Leonis
754 1295 900 1346 Papae.

161 1353 221 1387 Ex
243 1352 416 1387 Homilia
436 1351 491 1386 82.
516 1351 556 1386 in
579 1351 709 1386 Nativ.
732 1350 789 1385 Ss.
810 1350 947 1393 Apost.

399 1400 504 1435 Petri
528 1404 565 1434 et
587 1399 710 1434 Pauli.

442 1451 594 1493 Lectio
614 1451 668 1491 iv.

153 1554 154 1557 ,
175 1546 182 1561 2
211 1524 243 1547 12³
277 1511 422 1553 eronis
449 1511 569 1552 furor
591 1523 672 1563 per
698 1510 892 1551 omnium
915 1510 974 1551 vi-

228 1577 269 1632 ἢ
298 1568 460 1610 tiorum
494 1567 791 1608 inflammatus
827 1567 973 1607 exces-

296 1637 393 1665 sum
410 1624 454 1664 in
472 1623 587 1664 hunc
611 1636 711 1664 eum
730 1636 870 1675 usque
888 1628 975 1664 tor-

143 1681 312 1722 rentem
340 1693 431 1722 suae
462 1679 757 1733 praecipitavit
783 1679 975 1729 insaniae,

143 1741 191 1778 ut
215 1736 382 1789 primus
407 1736 571 1777 nomini
597 1735 835 1777 christiano
862 1740 975 1777 atro-

144 1792 321 1834 citatem
341 1792 557 1844 generalis
576 1791 896 1845 persecutionis
914 1792 973 1832 in-

143 1847 291 1898 ferret,
320 1848 445 1900 quasi
470 1860 550 1901 per
578 1850 831 1890 sanctorum
854 1848 974 1900 Apo-

144 1904 359 1946 stolorum
375 1905 495 1946 Petri
518 1909 562 1946 et
580 1904 705 1946 Pauli
725 1917 857 1946 neces
879 1906 973 1955 gra-

144 1960 206 2002 tia
235 1960 319 2002 Dei
352 1966 507 2014 posset
542 1961 778 2011 exstingui3
817 1959 975 2012 quibus

143 2016 230 2058 hoc
251 2017 396 2070 ipsum
419 2022 513 2059 erat
534 2017 774 2058 maximum
795 2015 975 2066 lucrum,

144 2077 192 2114 ut
211 2075 489 2126 contemptus
507 2073 611 2115 vitae
624 2072 751 2125 hujus
767 2071 976 2121 occiduae,

143 2130 372 2182 perceptio
394 2129 521 2171 fieret
543 2129 762 2170 felicitatis
787 2130 976 2169 aeternae.

143 2185 343 2227 Pretiosa
358 2190 425 2227 est
443 2198 549 2236 ergo
567 2186 611 2226 in
631 2186 873 2237 conspectu
886 2184 974 2225 Do-

143 2241 247 2282 mini
261 2254 381 2283 mors
398 2244 650 2283 sanctorum
666 2242 772 2293 ejus:
790 2253 871 2281 nec
885 2239 975 2280 ullo

145 2297 416 2340 crudelitatis
445 2300 604 2348 genere
633 2296 799 2339 destrui
826 2300 977 2348 potest

146 2356 418 2396 sacramento
445 2355 586 2396 crucis
610 2353 772 2395 Christi
795 2351 977 2393 fundata

144 2410 308 2460 religio.
326 2410 429 2451 Non
441 2409 648 2451 minuitur
662 2407 975 2461 persecutioni-

143 2465 227 2507 bus
245 2464 454 2514 Ecclesia,
478 2464 558 2506 sed
576 2466 773 2515 augetur:
801 2467 844 2505 et
866 2475 975 2504 sem-

144 2533 224 2573 per
245 2521 503 2561 Dominicus
528 2533 632 2571 ager
656 2522 805 2570 segete
830 2518 977 2560 ditiori

144 2578 343 2626 vestitur,
372 2575 476 2617 dum
500 2589 651 2627 grana,
681 2588 780 2627 quae
807 2574 977 2625 singula

145 2631 331 2680 cadunt,
386 2631 676 2683 multiplicata
728 2634 976 2672 nascuntur.

145 2687 272 2730 Unde
296 2686 385 2728 duo
409 2687 493 2728 ista
515 2686 731 2739 praeclara
755 2685 889 2727 divini
913 2687 976 2727 se-

144 2744 272 2785 minis
288 2743 483 2794 germina
496 2743 540 2783 in
557 2748 762 2794 quantam
777 2742 977 2784 sobolem

1026 328 1318 379 germinarint,
1342 329 1572 371 beatorum
1592 329 1728 370 millia
1746 329 1859 369 Mar—

1026 389 1172 436 tyrum
1199 387 1518 437 protestantur,
1550 385 1623 437 qui
1650 384 1859 438 apostoli-

1028 443 1180 482 corum
1193 442 1338 482 aemuli
1349 441 1682 494 triumphorum,
1694 441 1859 483 Urbem

1026 502 1223 538 nostram
1245 498 1512 551 purpuratis,
1537 503 1581 539 et
1603 498 1733 548 longe
1754 497 1858 539 late-

1028 566 1114 605 que
1124 553 1403 596 rutilantibus
1413 554 1591 607 populis
1603 554 1859 603 ambierunt,

1028 615 1072 652 et
1090 611 1214 662 quasi
1234 623 1288 651 ex
1306 611 1542 652 multarum
1557 610 1724 652 honore
1744 623 1859 661 gem-

1027 669 1197 707 marum
1238 669 1443 708 conserto
1483 679 1570 708 uno
1611 665 1860 708 diademate

1028 725 1306 764 coronarunt.

1077 785 1129 836 Rz.
1157 783 1263 825 Vidi
1283 784 1539 836 conjunctos
1559 784 1688 825 viros.
1720 782 1775 834 [8]

1336 860 1489 901 Lectio
1511 874 1548 899 v.

1116 935 1140 964 e
1167 935 1355 974 quorum
1379 921 1604 974 praesidio‚
1635 921 1859 963 dilectissi-

1139 979 1214 1028 mi,
1243 977 1450 1020 divinitus
1477 978 1604 1019 nobis
1633 977 1690 1019 ad
1719 978 1859 1018 exem-

1027 1034 1149 1088 plum
1171 1034 1394 1087 patientiae
1415 1039 1458 1076 et
1483 1034 1860 1076 confirmationem

1028 1090 1132 1132 fidei
1154 1092 1417 1144 praeparato,
1441 1090 1746 1132 universaliter
1771 1090 1861 1141 qui-

1028 1147 1130 1189 dem
1160 1148 1204 1187 in
1236 1147 1429 1189 omnium
1456 1147 1716 1188 Sanctorum
1745 1159 1860 1187 eom-

1026 1204 1343 1245 memoratione
1362 1202 1603 1244 laetandum
1623 1208 1704 1244 est:
1724 1202 1804 1243 sed
1818 1202 1862 1242 in

1027 1259 1185 1301 horum
1213 1259 1470 1301 excellentia
1497 1258 1677 1301 Patrum
1704 1259 1861 1299 merito

1029 1321 1096 1357 est
1122 1316 1406 1357 excellentius
1431 1314 1723 1366 gloriandum,
1750 1327 1861 1366 quos

1027 1372 1169 1423 gratia
1187 1372 1271 1413 Dei
1294 1372 1339 1412 in
1362 1377 1532 1414 tantum
1557 1371 1727 1424 apicem
1750 1371 1862 1412 inter

1029 1429 1174 1470 omnia
1193 1428 1404 1470 Ecclesiae
1428 1428 1625 1469 membra
1647 1426 1861 1480 provexit,

1028 1490 1075 1526 ut
1108 1498 1185 1526 eos
1217 1484 1261 1525 in
1294 1487 1501 1537 corpore,
1535 1484 1604 1526 cui
1635 1488 1767 1536 caput
1795 1488 1862 1524 est

1030 1540 1248 1591 Christus,
1286 1541 1412 1593 quasi
1447 1541 1667 1591 geminum
1704 1539 1861 1580 consti-

1028 1600 1174 1638 tueret
1200 1597 1347 1638 lumen
1376 1597 1615 1638 oculorum.
1660 1596 1728 1636 De
1756 1607 1861 1646 quo-

1029 1666 1126 1693 rum
1146 1653 1312 1695 meritis
1334 1658 1466 1704 atque
1490 1652 1737 1701 virtutibus,
1763 1664 1862 1702 quae

1030 1722 1205 1750 omnem
1225 1708 1435 1761 loquendi
1455 1712 1665 1761 superant
1684 1707 1861 1749 faculta-

1028 1770 1128 1815 tem,
1148 1765 1253 1806 nihil
1273 1765 1504 1815 diversum,
1523 1765 1629 1805 nihil
1649 1763 1861 1806 debemus

1029 1823 1191 1863 sentire
1211 1821 1463 1863 discretum:
1484 1822 1586 1872 quia
1602 1820 1701 1861 illos
1718 1825 1761 1860 et
1779 1819 1861 1860 ele-

1030 1878 1117 1918 ctio
1137 1890 1279 1930 pares,
1300 1882 1344 1918 et
1362 1877 1489 1918 labor
1509 1876 1681 1926 similes,
1703 1880 1746 1916 et
1765 1874 1862 1915 finis

1028 1933 1133 1974 fecit
1153 1933 1357 1984 aequales.

1078 1993 1130 2043 Rz.
1159 1994 1287 2035 Beati
1307 1993 1425 2034 estis.
1455 1992 1510 2044 [8]

1328 2059 1480 2100 Lectio
1500 2058 1554 2100 vi.

1098 2126 1188 2167 icut
1221 2131 1368 2167 autem
1399 2130 1443 2167 et
1474 2137 1557 2166 nos
1591 2124 1762 2177 experti
1794 2137 1860 2167 su-

1125 2195 1239 2230 mus,
1268 2186 1311 2223 et
1338 2181 1478 2223 nostri
1504 2180 1750 2233 probavere
1774 2193 1861 2220 ma-

1027 2240 1158 2291 joreS,
1187 2237 1405 2279 credimus
1430 2243 1562 2289 atque
1588 2235 1860 2285 confidimus,

1027 2295 1139 2336 inter
1177 2307 1329 2335 omnes
1368 2293 1546 2336 labores
1585 2294 1710 2334 istius
1746 2292 1859 2341 vitae,

1030 2350 1086 2392 acl
1108 2349 1391 2391 obtinendam
1412 2348 1758 2391 misericordiam
1775 2347 1859 2388 Dei

1029 2418 1205 2458 semper
1240 2419 1322 2447 nos
1362 2405 1619 2458 specialium
1653 2405 1859 2457 patrono-

1020 2476 1126 2503 rum
1166 2461 1439 2503 orationibus
1479 2459 1768 2514 adjuvandos:
1813 2463 1862 2500 ut

1031 2523 1241 2569 quantum
1271 2517 1463 2570 propriis
1495 2516 1689 2570 peccatis
1718 2514 1859 2567 depri-

1028 2574 1196 2623 mimur,
1222 2578 1392 2615 tantum
1416 2573 1672 2626 apostolicis
1694 2570 1860 2611 meritis

1030 2629 1258 2680 erigamur.
1298 2630 1382 2670 Per
1403 2629 1639 2670 Dominum
1663 2631 1862 2667 nostrum

1029 2686 1054 2727 J
1057 2698 1180 2727 esum
1204 2684 1441 2734 Christum,
1470 2684 1539 2726 cui
1563 2688 1630 2725 est
1659 2695 1757 2724 eum
1780 2682 1860 2721 Pa-

1029 2746 1096 2783 tre
1123 2746 1167 2782 et
1193 2746 1344 2782 sancto
1368 2741 1534 2793 Spiritu
1559 2737 1714 2780 eadem
1738 2738 1860 2790 pote-
