2040 2976
223 202 317 247 [248]

223 299 376 351 gloria,
414 311 521 350 opes
550 297 766 350 superbae,
801 301 844 338 et
871 296 1041 349 justitia.

223 355 376 396 Melior
402 359 467 396 est
496 353 608 395 enim
633 353 798 394 fructus
823 365 945 394 meus
970 365 1040 393 au—

223 424 288 461 ro,
309 416 351 452 et
370 410 514 462 lapide
533 410 743 463 pretieso,
768 414 810 450 et
829 409 1042 460 genimina

223 480 319 508 mea
335 469 514 517 argento
532 466 684 508 electo.
710 466 761 506 In
775 465 854 507 viis
870 465 1042 517 justitiae

224 523 414 571 ambulo,
440 523 483 563 in
506 522 650 564 medio
670 522 918 563 semitarum
937 520 1040 573 judi-

224 581 292 628 cii,
317 586 364 621 ut
384 579 517 621 ditem
534 579 762 629 diligentes
779 591 865 628 me,
891 583 934 619 et
951 577 1040 619 the-

224 640 376 678 sauros
396 638 546 677 eerum
563 635 765 688 repleam.

279 698 328 737 R·
357 693 476 734 Sicut
508 692 682 743 vigilavi
714 704 844 744 super
872 703 962 740 eos,
995 694 1042 730 ut

225 750 473 798 evellerem,
499 755 541 791 et
561 748 830 797 demolirem,
858 752 900 788 et
920 745 1040 787 dissi-

224 808 389 859 parem,
416 811 459 847 et
479 805 794 858 disperderem,
821 809 863 845 et
883 803 1041 853 afflige-

226 876 331 904 rem:
350 867 371 888 *
396 862 466 903 Sic
494 861 682 913 vigilabo
712 874 843 914 super
872 872 965 908 eos,
996 863 1043 900 ut

225 919 447 968 aedifieem,
474 924 517 960 et
544 919 747 971 plantem.
788 914 835 965 δ”.
862 917 1042 957 Errave-

225 981 324 1016 runt
351 988 504 1026 greges
526 975 611 1015 mei
633 975 675 1014 in
701 974 866 1015 eunctis
890 972 1042 1013 monti-

224 1031 320 1081 bus,
347 1038 390 1073 et
417 1032 460 1072 in
488 1032 689 1072 universo
719 1031 830 1072 colle
858 1029 1042 1072 excelso.

223 1088 293 1130 Sic
312 1087 511 1139 vigilabo.
695 1102 699 1105 ¹

530 1144 677 1184 Lectio
698 1144 735 1183 ii.

314 1201 482 1242 ominus
514 1200 711 1254 possedit
742 1213 811 1241 me
846 1200 889 1240 in
920 1199 1041 1242 initio

319 1258 485 1298 viarum
500 1260 673 1299 suarum
688 1260 919 1309 antequam
930 1256 1043 1308 quid-

226 1327 355 1366 quam
384 1314 544 1356 faceret
572 1328 596 1355 a
622 1315 849 1367 principio.
890 1313 960 1355 Ab
987 1327 1041 1355 ae-

224 1373 347 1412 terno
369 1370 567 1412 ordinata
587 1384 694 1420 sum,
722 1376 764 1412 et
783 1383 836 1412 ex
856 1370 1042 1421 antiquis

225 1429 456 1480 antequam
491 1433 609 1469 terra
644 1427 778 1468 fieret.
837 1426 1043 1468 Nondum

226 1490 346 1526 erant
365 1484 524 1536 abyssi,
551 1490 594 1525 et
618 1496 699 1534 ego
724 1485 807 1535 jam
831 1485 1043 1536 concepta

226 1554 357 1582 eram:
371 1540 556 1582 necdum
570 1541 710 1582 fontes
726 1542 935 1592 aquarum
950 1543 1042 1581 eru-

225 1602 388 1649 perant,
408 1597 593 1638 necdum
608 1603 778 1638 montes
793 1596 913 1648 gravi
927 1596 1042 1638 mole

225 1655 522 1695 constiterant:
550 1660 649 1694 ante
678 1653 812 1694 colles
838 1665 919 1703 ego
946 1665 1041 1705 par-

223 1709 427 1752 turiebar:
454 1702 611 1751 Adhuc
636 1715 796 1751 terram
820 1721 907 1750 non
933 1709 1042 1750 fece-

224 1772 305 1815 rat,
334 1772 377 1808 et
406 1766 598 1816 flumina,
626 1771 669 1807 et
697 1765 895 1807 cardines
923 1765 1042 1807 orbis

223 1828 362 1864 terrae.
395 1822 579 1874 Quando
603 1822 881 1876 praeparabat
905 1822 1042 1864 coelos

224 1879 414 1921 aderam:
430 1879 604 1932 quando
621 1884 739 1920 certa
754 1879 860 1929 lege,
876 1884 918 1920 et
933 1891 1040 1931 gyro

224 1936 414 1978 vallabat
441 1936 641 1988 abyssos:
678 1934 851 1987 quando
880 1935 1042 1977 aethera

224 1992 423 2035 firmabat
438 2006 618 2048 sursum,
639 1997 681 2034 et
699 1991 886 2033 librabat
901 1992 1042 2034 fontes

225 2051 453 2100 aquarum:
514 2048 687 2101 quando
746 2047 1043 2090 circumdabat

224 2105 331 2146 mari
367 2105 598 2146 terminum
636 2119 776 2154 suum,
819 2110 862 2146 et
902 2105 1043 2155 legem

225 2161 415 2214 ponebat
435 2162 574 2214 aquis,
602 2174 655 2203 ne
680 2164 911 2204 transirent
935 2161 1042 2203 fines

226 2230 343 2258 suos:
377 2217 551 2270 quando
585 2218 863 2270 appendebat
895 2217 1041 2259 funda-

225 2275 369 2316 menta
387 2279 526 2316 terrae.
554 2274 661 2315 Cum
681 2287 733 2316 eo
754 2287 870 2316 eram
890 2279 1043 2316 cuncta

227 2333 507 2384 componens:
533 2336 575 2372 et
595 2330 845 2373 delectabar
863 2343 942 2384 per
961 2332 1042 2371 sin-

225 2387 350 2438 gulos
369 2386 479 2435 dies,
504 2386 658 2428 ludens
683 2400 830 2428 coram
854 2399 906 2428 eo
927 2387 1042 2428 omni

224 2445 435 2496 tempore3
458 2442 610 2484 ludens
629 2444 672 2484 in
692 2443 798 2485 orbe
816 2445 1042 2485 terrarum:

226 2505 269 2541 et
288 2499 454 2541 deliciae
472 2512 582 2540 meae
602 2512 712 2548 esse,
732 2513 830 2540 cum
849 2499 948 2540 filiis
967 2499 1041 2541 ho-

224 2557 396 2597 minum.
427 2556 555 2597 Nunc
574 2568 678 2606 ergo
699 2556 774 2596 filii
793 2555 939 2597 audite
957 2569 1042 2597 me:

225 2613 367 2662 Beati,
401 2613 473 2664 qui
508 2610 757 2654 custodiunt
788 2612 880 2653 vias
911 2625 1041 2653 meas.

225 2669 385 2710 Audite
413 2668 701 2721 disciplinam,
734 2673 776 2709 et
809 2669 948 2709 estote
977 2680 1039 2708 sa-

224 2725 402 2778 pientes,
423 2730 465 2767 et
483 2725 616 2767 nolite
635 2724 818 2776 abjicere
838 2736 943 2764 eam.

539 203 686 236 Domin.
712 203 736 236 I.
764 203 862 245 Maii.
910 203 949 237 B.
976 204 1019 237 M.
1046 204 1086 237 V.
1115 204 1233 237 divini
1261 204 1431 237 Pastoris
1456 204 1597 238 Matris

1147 301 1196 351 R.
1219 294 1376 335 Anima
1397 307 1494 336 mea
1518 292 1783 336 desideravit
1803 299 1847 336 te
1866 295 1909 335 in

1093 356 1237 393 nocte:
1256 356 1277 379 *
1290 350 1375 392 Sed
1396 356 1438 393 et
1456 351 1611 403 spiritu
1628 363 1726 392 meo
1740 351 1783 391 in
1799 363 1908 404 prae-

1094 408 1256 450 cordiis
1274 407 1396 457 meis3
1423 407 1478 449 de
1502 420 1628 449 mane
1647 406 1834 458 vigilabo
1853 406 1910 449 ad

1093 469 1146 506 te.
1176 461 1225 513 V.
1247 464 1341 515 Ego
1374 463 1559 514 dormio,
1591 468 1635 505 et
1663 475 1738 505 cor
1766 475 1910 505 meum

1093 520 1257 570 vigilat:
1286 532 1374 561 vox
1402 519 1548 562 dilecti
1574 519 1660 561 mei
1685 518 1910 571 pulsantis.

1093 576 1189 618 Sed.

1392 635 1541 677 Lectio
1562 635 1615 675 iii.

1097 690 1300 796 Beatus
1331 693 1463 736 homo
1496 695 1570 747 qui
1601 696 1720 738 audit
1749 709 1837 747 me,
1868 702 1911 739 et

1193 750 1267 803 qui
1286 750 1433 801 vigilat
1454 751 1510 793 ad
1533 752 1650 794 fores
1667 765 1787 794 meas
1807 766 1911 805 quo·

1093 805 1215 856 tidie,
1249 812 1291 848 et
1318 807 1522 850 observat
1550 808 1606 850 ad
1632 814 1783 861 postes
1812 810 1911 851 ostii

1094 863 1189 904 mei.
1217 864 1300 914 Qui
1318 877 1387 905 me
1404 864 1626 915 invenerit,
1645 865 1834 909 inveniet
1851 866 1910 908 vi·

1094 925 1193 970 tam,
1213 925 1256 961 et
1274 920 1442 962 hauriet
1462 920 1646 963 salutem
1666 935 1691 963 a
1705 922 1912 965 Domino:

1096 976 1169 1028 qui
1188 982 1332 1018 autem
1350 977 1392 1017 in
1412 990 1481 1019 me
1499 978 1761 1030 peccaverit,
1780 978 1912 1022 laedet

1095 1033 1280 1074 animam
1318 1046 1450 1074 suam.
1510 1034 1688 1084 Omnes,
1736 1035 1808 1088 qui
1842 1048 1912 1077 me

1095 1087 1290 1136 oderunt,
1310 1088 1495 1140 diligunt
1512 1096 1709 1132 mortem.
1737 1091 1910 1144 Sapien-

1094 1145 1154 1187 tia
1173 1145 1405 1187 aedificavit
1429 1146 1511 1188 sibi
1529 1146 1725 1197 domum,
1752 1148 1912 1191 excidit

1096 1201 1319 1243 columnas
1335 1207 1513 1255 septem.
1534 1203 1780 1246 Immolavit
1793 1204 1912 1246 victi-

1094 1271 1187 1299 mas
1213 1271 1329 1307 suas,
1357 1259 1529 1300 miscuit
1554 1260 1717 1310 vinum,
1745 1265 1788 1302 et
1812 1273 1911 1314 pro-

1094 1315 1242 1367 posuit
1263 1327 1458 1356 mensam
1483 1320 1616 1357 suam.
1649 1317 1767 1358 Misit
1785 1316 1912 1358 ancil-

1094 1371 1158 1412 las
1178 1384 1290 1421 suas,
1316 1377 1363 1414 ut
1382 1374 1591 1414 vocarent
1615 1372 1670 1414 ad
1690 1386 1845 1422 arcem,
1870 1378 1914 1415 et

1095 1427 1150 1469 ad
1165 1428 1325 1469 mo'enia
1340 1428 1543 1470 civitatis:
1563 1429 1606 1470 Si
1623 1430 1719 1482 quis
1734 1435 1799 1471 est
1815 1432 1911 1482 par-

1095 1484 1234 1534 vulus,
1256 1485 1400 1527 veniat
1419 1485 1475 1527 ad
1493 1498 1572 1527 me.
1603 1485 1661 1527 Et
1678 1486 1912 1539 insipienti-

1095 1540 1176 1582 bus
1201 1541 1348 1582 locuta
1372 1547 1456 1583 est:
1487 1542 1663 1592 Venite,
1697 1541 1912 1584 comedite

1094 1610 1251 1649 panem
1294 1610 1456 1646 meum,
1501 1603 1545 1640 et
1588 1597 1724 1640 bibite
1767 1598 1913 1640 vinum

1096 1653 1215 1706 quod
1235 1654 1388 1696 miscui
1408 1654 1545 1696 vobis.

1147 1718 1197 1770 R.
1229 1715 1347 1756 Sicut
1378 1716 1524 1758 visitat
1553 1721 1705 1768 pastor
1737 1729 1913 1768 gregem

1095 1784 1219 1813 suum
1250 1772 1293 1812 in
1325 1771 1410 1821 die,
1438 1774 1462 1799 *
1494 1771 1678 1823 Quando
1710 1773 1839 1815 fuerit
1869 1773 1912 1814 in

1094 1828 1238 1870 medio
1251 1828 1398 1870 evium
1408 1831 1583 1870 suarum
1595 1829 1912 1882 dissipatarum.

1095 1882 1144 1934 V.
1163 1885 1232 1927 Sic
1251 1885 1436 1927 visitabo
1457 1898 1562 1927 oves
1580 1899 1713 1937 meaS,
1740 1891 1783 1929 et
1809 1886 1911 1929 libe-

1094 1941 1201 1983 rabo
1231 1954 1303 1983 eas
1331 1941 1386 1983 de
1413 1942 1611 1984 omnibus
1638 1942 1745 1984 locis
1773 1943 1817 1984 in
1841 1942 1911 1985 die

1094 1998 1236 2048 nubis,
1263 2003 1306 2040 et
1334 1998 1540 2049 caliginis.
1577 1999 1772 2050 Quando.
1810 1999 1909 2042 Glo-

1095 2055 1158 2096 ria
1176 2055 1304 2097 Patri.
1333 2054 1528 2105 Quando.

1324 2138 1372 2177 In
1393 2138 1442 2177 11.
1462 2138 1682 2179 Nocturno.

1146 2204 1244 2243 Ant.
1273 2202 1461 2246 Salvabo
1487 2216 1663 2255 gregem
1685 2217 1845 2255 meum,
1870 2210 1913 2247 et

1095 2272 1181 2301 non
1201 2260 1281 2302 erit
1299 2260 1412 2302 ultra
1429 2261 1473 2302 in
1492 2263 1699 2314 rapinam.

1147 2324 1243 2363 Ant.
1291 2322 1582 2373 Congregabit
1616 2335 1730 2373 eum,
1763 2326 1807 2369 et
1842 2335 1911 2364 cu-

1095 2377 1257 2419 stodiet
1284 2390 1392 2427 eum,
1421 2379 1531 2420 sicut
1558 2385 1709 2432 pastor
1735 2392 1912 2430 gregem

1095 2447 1230 2475 suum.

1146 2496 1244 2535 Ant.
1273 2493 1409 2536 Laeva
1425 2496 1515 2547 ejus
1539 2495 1618 2538 sub
1640 2496 1782 2548 capite
1800 2508 1910 2546 meo,

1095 2557 1138 2593 et
1157 2551 1336 2593 dextera
1354 2551 1468 2592 illius
1494 2552 1813 2605 amplexabitur
1829 2564 1910 2595 me.

1146 2604 1195 2655 V·
1235 2612 1470 2664 Adiuvabit
1506 2626 1601 2655 eam
1632 2613 1752 2654 Deus
1789 2612 1910 2654 vultu

1095 2681 1185 2710 suo.
1232 2667 1281 2719 Rg.
1305 2669 1426 2711 Deus
1452 2669 1496 2710 in
1521 2670 1665 2712 medio
1695 2671 1794 2722 ejus,
1822 2681 1910 2710 non

1093 2725 1447 2767 commovebitur.
