2040 2976
757 220 794 252 In
821 218 941 252 feriali
968 216 1103 250 Officio
1130 214 1177 248 ud
1204 213 1378 247 Primam.

270 321 329 353 Ad
350 319 520 352 Abs-olm.
539 316 659 359 Capit.
681 316 715 348 in
735 315 842 348 Dom.
861 320 895 347 et
911 312 1030 346 Feriis

221 379 286 411 per
307 369 463 400 Annum.
490 366 535 398 ab
562 368 639 398 Oct.
667 364 812 397 l'cntcc.
839 372 957 404 usquc
983 359 1031 392 ad

221 416 433 449 Adventum
460 413 666 447 exclusive.

255 475 400 515 Lectio
423 474 575 513 brevis.
684 472 731 510 ΙΙ.
748 470 897 510 Thess.
913 470 947 506 23.
964 467 1001 507 b.

221 531 473 634 Dominus
493 543 637 580 autem
657 535 812 585 dirigat
835 531 969 574 corda
988 535 1031 572 et

327 599 512 650 corpora
527 598 675 635 nostra
686 592 729 632 in
744 590 924 632 caritate
938 586 1031 635 Dei,

217 660 259 696 et
279 653 486 707 patientia
501 649 669 692 Christi.
699 649 764 688 Tu
782 651 926 688 autem
945 644 1032 684 Do-

217 712 330 752 mine
349 710 554 751 miserere
573 705 708 747 nobis.

276 767 321 817 lx‘g.
347 767 443 807 Deo
462 763 634 815 gratias.

277 836 377 874 l'ost
400 835 513 874 Lcct.
534 833 708 873 brevem
730 831 882 871 dicitur

277 891 322 941 Y.
356 893 630 947 AdjutOrium
663 893 859 930 nostrum
890 885 933 926 in
960 886 1034 925 no·
1099 908 1100 913 =

219 955 332 995 mine
351 950 535 993 Demini.
576 950 623 1000 Rg.
647 945 729 997 Qui
752 943 853 985 fecit
877 941 1035 984 coelum

222 1016 265 1052 et
283 1016 453 1051 terram.

277 1063 322 1114 Y.
348 1066 609 1110 Benedicite.
642 1066 687 1116 Rg.
709 1063 839 1103 Deus.

279 1131 431 1172 Bened.
465 1130 670 1172 Dominus
693 1140 773 1168 nos
796 1123 1036 1171 benedicat,

222 1197 265 1233 et
293 1190 347 1231 ab
375 1188 491 1230 omni
517 1186 631 1228 malo
659 1181 877 1231 defendat,
910 1186 953 1222 et
981 1178 1036 1220 ad

222 1248 352 1288 vitam
380 1244 590 1298 perducat
618 1243 837 1283 aeternam:
865 1243 907 1279 et
934 1235 1036 1278 fide-

221 1303 323 1344 lium
339 1302 491 1343 animae
506 1312 584 1353 per
599 1294 940 1339 misericordiam
954 1292 1037 1334 Dei

221 1359 493 1411 requiescant
511 1357 553 1397 in
571 1367 689 1408 pace.
721 1357 768 1407 R.
787 1351 938 1393 Amen.

483 1431 773 1460 —ss-smsss

407 1516 468 1556 In
494 1513 660 1556 feriali
687 1511 854 1553 Officio

468 1567 530 1607 ad
560 1567 797 1606 Primum.

245 1692 251 1702 ‚
280 1638 403 1679 Pater
418 1643 575 1679 noster.
611 1636 698 1677 Ave
711 1635 857 1675 Maria.
884 1631 1039 1674 Credo.

229 1697 277 1742 ,V-
292 1699 410 1740 Deus
429 1699 471 1738 in
491 1697 758 1749 adjutdrium.
777 1696 835 1735 14.

530 1777 735 1826 Hymnus.

322 1854 389 1882 am
409 1841 516 1882 lucis
537 1845 634 1882 orto
654 1839 794 1881 sidere

346 1898 486 1938 Deum
506 1898 731 1949 precemur
751 1894 980 1947 supplices,

306 1953 364 1995 Ut
382 1954 424 1994 in
445 1953 607 1995 diurnis
627 1951 795 1994 {lctibus

306 2010 399 2050 Nos
420 2014 562 2051 servet
581 2021 605 2049 a
623 2007 889 2050 nocentibus.

259 2083 464 2133 Linguam
484 2082 717 2124 refraenans
735 2082 958 2133 temperet,

305 2138 373 2180 Ne
391 2138 477 2180 litis
495 2138 650 2179 horror
668 2140 851 2178 insonet:

307 2195 460 2236 Visum
481 2193 667 2235 fovendo
687 2195 900 2243 contegat,

309 2251 376 2292 Ne
395 2251 608 2292 vanitates
627 2249 806 2290 hauriat.

257 2324 351 2365 Sint
369 2336 477 2376 pura
496 2322 640 2364 cordis
658 2323 817 2371 intima,

311 2379 508 2421 Absistat
527 2384 570 2420 et
588 2378 805 2420 vecordia:

311 2435 460 2477 Carnis
479 2440 591 2477 terat
611 2434 857 2487 superbiam

309 2492 445 2533 Potus
465 2491 634 2543 cibique
654 2491 853 2543 parcitas.

265 2566 317 2606 l't
338 2578 434 2606 cum
455 2563 547 2606 dies
567 2562 836 2612 abscesserit,

311 2621 583 2672 Noctemque
603 2633 698 2660 sors
718 2618 948 2667 rediixerit‚

312 2676 459 2718 Mundi
479 2689 558 2729 per
577 2675 879 2717 abstinentiam

311 2733 399 2786 Ipsi
419 2734 623 2774 canamus
640 2731 833 2782 gloriam.

1115 315 1204 354 Deo
1223 310 1343 352 Patri
1363 308 1420 349 sit
1438 306 1588 358 gloria,

1158 368 1349 419 Eiusque
1370 363 1452 405 soli
1470 362 1592 411 Filio,

1160 424 1268 465 Cum
1287 421 1449 475 Spiritu
1471 417 1701 467 Paraclito,

1158 480 1296 529 Nunc,
1317 483 1359 520 et
1378 490 1456 530 per
1477 487 1604 517 omne
1624 472 1844 515 saeculum.

1340 534 1492 575 Amen.

1142 602 1224 641 Per
1245 600 1428 639 Annum.
1458 599 1556 637 Ant.
1579 594 1708 637 Beati
1729 593 1803 647 qui
1822 595 1909 635 ilm-

1084 658 1245 700 bulant.

1363 725 1558 766 l'salmus
1578 725 1643 764 513.

1121 799 1209 862 ,ᾖ
1217 800 1293 830 eus
1313 787 1356 827 in
1374 783 1548 826 nomine
1564 787 1641 823 tuo
1657 779 1827 822 salvum
1840 791 1912 820 me

1234 845 1315 885 fac:
1333 843 1356 868 *
1377 846 1419 883 et
1445 841 1489 882 in
1516 839 1677 881 virtute
1703 841 1780 879 tua
1806 834 1912 888 judi-

1198 910 1204 920 ’·
1235 913 1285 942 ca
1304 912 1384 940 me.

1138 964 1257 1004 Deus
1277 959 1434 1003 exaudi
1454 957 1700 1000 orationem
1717 967 1874 996 meam:
1888 953 1912 979 *

1087 1019 1263 1061 auribus
1282 1017 1460 1071 percipe
1478 1012 1614 1056 verba
1633 1012 1722 1054 oris
1740 1010 1836 1052 mei.

1140 1079 1354 1131 Quoniam
1365 1076 1492 1119 alieni
1500 1074 1832 1116 insurrexerunt
1841 1069 1914 1112 ad-

1087 1139 1261 1179 versum
1288 1147 1374 1184 me,
1407 1138 1450 1175 et
1482 1132 1619 1173 fortes
1649 1129 1915 1183 quaesierunt

1089 1194 1275 1235 animam
1289 1204 1445 1232 meam:
1463 1190 1487 1215 *
1508 1193 1551 1230 et
1569 1200 1659 1229 non
1673 1185 1915 1240 proposue-

1089 1255 1188 1292 runt
1202 1250 1345 1290 Deum
1361 1251 1461 1288 ante
1477 1246 1763 1298 conspectum
1778 1254 1916 1284 suum.

1140 1311 1254 1352 Ecce
1282 1309 1396 1351 enim
1423 1308 1545 1348 Deus
1573 1305 1751 1358 adjuvat
1778 1315 1864 1344 me:
1891 1302 1915 1327 *

1090 1373 1133 1410 et
1160 1366 1374 1408 Dominus
1402 1365 1632 1416 susceptor
1662 1365 1730 1403 est
1759 1359 1916 1401 animae

1088 1437 1209 1466 meae.

1142 1485 1305 1526 Averte
1331 1482 1446 1524 mala
1474 1479 1658 1522 inimicis
1685 1477 1811 1519 meis:
1828 1476 1853 1502 *
1873 1479 1918 1518 et

1090 1542 1134 1582 in
1152 1541 1336 1582 veritate
1354 1544 1430 1581 tua
1451 1535 1657 1590 disperde
1674 1534 1784 1576 illos.

1142 1600 1401 1644 Voluntarie
1429 1596 1686 1640 sacrificabo
1713 1593 1809 1643 tibi,
1827 1593 1852 1619 *
1873 1597 1918 1634 et

1092 1657 1334 1701 confitebor
1379 1655 1543 1698 nomini
1587 1658 1665 1696 tuo
1709 1649 1919 1693 Domine:

1094 1715 1297 1768 quoniam
1316 1714 1480 1755 bonum
1500 1716 1582 1753 est:

1145 1775 1359 1826 Quoniam
1396 1787 1450 1816 ex
1487 1772 1605 1815 omni
1635 1768 1919 1812 tribulatione

1094 1832 1289 1885 eripuisti
1319 1844 1404 1872 me:
1430 1831 1454 1856 *
1488 1834 1532 1871 et
1561 1839 1693 1881 super
1719 1825 1919 1867 inimicos

1093 1902 1215 1930 meos
1236 1887 1436 1940 despexit
1456 1885 1609 1927 oculus
1628 1895 1781 1925 meus..

1149 1956 1241 1990 Post
1265 1956 1324 1990 I's.
1356 1956 1459 1991 Deus
1484 1955 1524 1990 in
1544 1953 1700 1990 nomine
1723 1955 1802 1988 tuo.
1835 1951 1923 1985 loco

1098 2004 1158 2037 ΡΞ.
1176 2004 1429 2041 Confitemini.
1458 2004 1598 2038 dicitur
1620 2011 1720 2037 unus
1740 2009 1789 2035 ex
1808 1998 1923 2033 infra-

1100 2053 1253 2095 scriptis
1280 2053 1454 2089 Psalmis,
1480 2051 1691 2086 seeundum
1708 2048 1843 2083 Ferias
1869 2046 1924 2081 di-

1100 2100 1258 2134 stinctis.
1296 2101 1465 2135 Subbuto
1491 2106 1616 2134 autem
1642 2099 1821 2133 dicuntur
1844 2099 1924 2130 tan-

1100 2153 1177 2182 tum
1202 2153 1278 2182 tres
1303 2148 1457 2184 Psalmi.
1484 2149 1581 2182 sieut
1607 2148 1645 2181 in
1669 2144 1806 2180 Festis.

1302 2254 1451 2291 Feria
1477 2251 1715 2290 Secunda.

1376 2314 1571 2354 l'salmus
1591 2314 1655 2352 23.

1099 2379 1317 2486 Domini
1351 2389 1417 2425 est
1448 2388 1581 2433 terra,
1614 2387 1658 2424 et
1694 2377 1922 2435 plenitudo

1204 2441 1308 2492 ejus:
1330 2442 1353 2465 *
1378 2439 1496 2481 orbis
1516 2441 1748 2488 terrarum,
1772 2441 1816 2479 et
1831 2435 1924 2487 uni-

1100 2498 1213 2537 versi
1234 2498 1306 2549 qui
1325 2496 1523 2538 habitant
1541 2497 1584 2537 in
1605 2509 1669 2538 eo.

1153 2558 1261 2607 Quia
1288 2558 1382 2610 ipse
1411 2570 1542 2610 super
1566 2556 1703 2598 maria
1727 2552 1925 2596 fundavit

1102 2627 1214 2678 eum:
1233 2615 1255 2639 *
1276 2620 1319 2656 et
1347 2626 1478 2666 super
1503 2614 1681 2654 flumina
1705 2610 1925 2665 praepara-

1102 2675 1162 2711 vlt
1183 2682 1289 2710 eum.

1153 2731 1259 2780 Quis
1292 2729 1498 2772 ascendet
1534 2730 1578 2770 in
1610 2733 1806 2770 montem
1837 2725 1925 2767 Do-
