2040 2976
184 208 250 244 32*

393 200 592 234 Pin-issimi
618 200 758 234 Cordis
784 201 823 234 B.
842 200 888 234 M.
907 200 949 233 V.
975 219 988 224 -
1016 201 1041 234 1.

1068 207 1104 235 et
1127 202 1156 235 3
1182 201 1283 244 Sept.
1309 220 1320 224 —
1346 201 1466 235 Index
1493 176 1686 244 alphabet.

187 302 357 344 clericis
389 306 434 343 et
462 300 604 350 laicis,
636 299 692 342 de
722 313 847 342 more
879 301 1016 342 sacris

186 359 469 407 initiarentur,
493 356 702 409 doctique
725 370 777 399 ac
800 359 1015 410 spectatae

185 416 289 457 vitae
315 414 514 456 hemines
538 413 596 456 ad
622 413 669 455 id
698 413 831 456 officii
857 426 1015 455 munus

185 472 490 523 deligerentur.
546 471 756 512 Decrevit
787 471 1014 523 praeterea,

184 535 232 571 ut
258 541 350 570 rem
375 527 567 569 divinam
595 527 772 569 facienti
798 529 1012 580 episcopo

185 585 441 628 sacerdetes
467 597 620 626 omnes
644 586 848 626 astarent.
888 583 1014 625 Idem

183 642 370 684 instituit
389 646 437 683 ut
450 640 713 694 patriarcha,
733 641 908 693 primas,
926 653 1012 682 me-

184 699 479 752 tropolitanus
508 697 722 739 adversus
754 700 1014 750 episcopum

184 769 273 798 non
291 755 432 797 ferant
447 754 717 804 sententiam,
736 754 820 795 nisi
834 755 1012 806 aposto-

183 813 268 854 lica
288 811 552 853 auctoritate
571 810 678 852 fulti.
706 810 830 852 Vixit
843 810 887 851 in
906 823 1013 863 pon—

184 869 355 911 tificatu
380 880 520 909 annos
543 867 698 909 decem
718 872 763 909 et
781 872 894 908 octo.
927 867 1013 907 Ha-

186 926 279 968 buit
311 924 610 967 ordinationes
644 926 832 976 quatuor
864 936 1015 965 mense

185 981 432 1031 Decembri,
460 980 618 1033 quibus
643 980 810 1022 creavit
833 979 1013 1032 presby-

184 1044 306 1081 teros
333 1037 561 1087 tredecim,
594 1037 806 1079 diaconos
834 1041 1016 1089 septem,

186 1097 424 1148 episcopos
448 1106 528 1146 per
553 1091 728 1135 diversa
750 1093 851 1135 loca
874 1092 1016 1135 trede-

186 1153 281 1193 cim.
319 1151 543 1193 Antonino
568 1151 834 1203 imperatore
858 1152 1016 1203 marty-

186 1209 251 1250 rio
277 1209 514 1250 coronatus
542 1212 624 1257 est,
651 1211 695 1248 et
721 1206 922 1259 sepultus
946 1206 1018 1248 via

186 1265 345 1318 Appia,
363 1276 506 1316 prope
522 1263 825 1305 coemeterium
840 1262 1017 1312 Callisti,

187 1321 376 1374 septimo
395 1318 622 1361 Kalendas
641 1318 926 1372 Septembris.

243 1378 293 1418 Β.
316 1377 566 1418 Honestum
590 1376 704 1418 fecit.
732 1376 784 1417 7*

244 1441 375 1475 Lectio
400 1452 434 1475 v.
460 1446 496 1475 et
520 1442 569 1475 vi.
598 1441 731 1476 Pastor
753 1441 891 1477 bonus.
917 1446 957 1475 ut
982 1441 1019 1474 in

190 1488 288 1523 festo
319 1489 353 1523 S.
380 1489 521 1523 Felicis
553 1490 712 1526 (mutato
746 1489 929 1531 nominc),
958 1489 1019 1522 die

138 1542 140 1545 ’
190 1537 247 1570 30.
275 1537 373 1576 Maii.
398 1538 441 1573 7*

1117 299 1159 332 In
1185 298 1248 332 ΙΙΙ.
1266 298 1466 332 Nocturno
1488 297 1661 331 Homilia
1685 298 1723 332 in
1748 297 1894 341 Evang.

1067 348 1109 383 Si
1125 347 1213 392 quis
1227 347 1321 383 vult.
1344 350 1383 380 ut
1408 346 1445 379 in
1471 345 1609 380 eodem
1627 345 1733 380 Coffi.
1748 347 1779 380 2.
1796 346 1894 380 loco.

1067 425 1300 467 Dominica
1330 429 1436 478 post
1469 423 1683 465 Octavam
1717 421 1896 463 Assum-

1228 481 1392 535 ptionis
1420 480 1469 521 B.
1497 479 1649 521 Mariae
1676 478 1729 520 V.

1067 545 1330 587 Purissimi
1356 543 1530 587 cordis
1557 543 1609 585 B.
1637 541 1815 584 Mariae
1839 541 1896 583 V.

1324 599 1480 643 Duplex
1503 602 1638 645 majus.

1121 653 1257 687 Omnia
1286 658 1327 687 ut
1356 653 1456 688 inter
1478 653 1575 688 festa
1602 662 1674 697 pro
1701 650 1897 694 aliquibus

1068 702 1166 735 locis
1189 701 1322 736 eadem
1350 701 1565 736 Dominica.

1222 766 1743 794 -———0.w*———-—

1108 831 1335 894 FESTA
1374 829 1857 894 SEPTEMBRIS.

1108 991 1112 995 ⁴
1268 944 1352 999 Die
1371 929 1402 997 1
1421 954 1706 1009 Septembris.

1102 1023 1144 1064 S.
1163 1021 1405 1064 Ludovioi
1426 1022 1560 1072 Regis
1581 1021 1868 1063 Confessoris.

1254 1078 1516 1121 Semiduplex.
1539 1077 1600 1119 (m.
1621 1080 1645 1112 t.
1667 1078 1717 1117 v.)

1124 1134 1262 1168 Omnia
1286 1138 1326 1168 ut
1350 1133 1390 1167 in
1413 1133 1524 1168 Brev.
1550 1133 1612 1168 die
1636 1133 1689 1168 25.
1713 1134 1813 1177 Aug.

1123 1187 1256 1222 Lectio
1290 1187 1340 1221 ix.
1373 1186 1420 1220 de
1451 1185 1629 1229 AEgidio,
1662 1191 1698 1221 et
1729 1185 1902 1230 ejusdem

1072 1246 1268 1270 commem.
1291 1235 1330 1268 in
1347 1234 1478 1277 Laud„
1501 1234 1589 1269 Ant.
1613 1239 1649 1269 et
1663 1229 1709 1276 V.
1724 1233 1900 1275 variatis;

1073 1283 1212 1318 deinde
1238 1283 1295 1318 Ss.
1319 1282 1534 1317 Duodecim
1559 1283 1735 1317 Fratrum
1759 1282 1867 1316 Mart.

1266 1363 1351 1404 Die
1371 1363 1409 1403 3.
1429 1360 1712 1414 Septembris.

1073 1428 1115 1469 S.
1135 1426 1399 1468 Elisabeth
1421 1426 1527 1476 Reg.
1546 1422 1785 1474 Portugall.
1803 1420 1903 1464 Vid.

1357 1483 1619 1526 Semiduplex.

1127 1537 1264 1572 Omnia
1295 1542 1335 1571 ut
1365 1537 1404 1571 in
1427 1535 1631 1571 Breviario
1656 1534 1719 1569 die
1743 1533 1776 1568 8.
1798 1531 1904 1567 Julii.

771 1646 928 1686 Index
958 1645 1322 1695 alphabeticus.

188 1737 283 1765 Alexii
298 1736 379 1763 Conf.
399 1735 475 1769 dupl.
493 1735 535 1761 21.
551 1734 627 1761 Julii.
886 1738 946 1764 pag.
969 1730 1020 1756 19*

189 1772 327 1806 Alphonsi
346 1770 444 1798 Mariae
463 1770 499 1796 de
516 1769 576 1803 Lig.
596 1769 656 1803 Ep„
676 1767 756 1794 Conf.
776 1766 849 1793 Eccl.
869 1767 950 1793 Doct.

258 1806 334 1841 dupl.
354 1806 395 1832 24.
409 1805 481 1838 Aug.
966 1800 1020 1826 31*

188 1841 317 1868 Anaeleti
331 1841 418 1874 Papae
432 1843 460 1866 et
474 1840 554 1866 Mart.
573 1838 650 1872 dupl.
670 1838 711 1864 13.
725 1837 744 1864 J
746 1837 802 1863 ulii.
969 1835 1020 1862 16*

187 1876 337 1910 Augustini
351 1875 443 1909 Episc.
457 1878 484 1901 et
499 1874 579 1901 Conf.
599 1873 676 1907 dupl.
696 1873 719 1899 7.
739 1871 825 1899 Junii.
985 1869 1020 1896 9³⁶

187 1917 337 1945 Benedicti
352 1917 401 1943 XI.
416 1917 502 1950 Papae
517 1918 544 1942 et
558 1914 640 1941 Conf.
661 1913 737 1948 dupl.
757 1914 781 1940 7.
795 1912 873 1940 Julii.
970 1911 1020 1937 13*

188 1952 325 1979 Bonifacii
339 1952 386 1979 IV.
402 1952 488 1985 Papae
503 1953 530 1977 et
544 1949 625 1977 Conf.
647 1948 722 1983 dupl.
742 1949 782 1974 29.
797 1947 871 1981 Maji.
985 1946 1020 1973 6*

188 1990 315 2020 coffiem.
331 1991 389 2018 OO.
400 1990 604 2018 Ss.Suff101-um
618 1987 722 2014 Pontis.
737 1987 764 2014 S.
776 1987 811 2014 R.
822 1987 853 2013 E.
873 1986 911 2013 du
932 1986 951 2012 l.

257 2027 340 2053 Dom.
352 2026 374 2052 1.
384 2033 441 2052 non
451 2024 553 2059 imped.
564 2032 590 2057 p.
601 2023 661 2050 Oct.
672 2022 714 2050 Ss.
726 2022 803 2049 Petri
813 2025 841 2048 et
850 2022 912 2048 Pau
923 2021 939 2048 i.
970 2020 1020 2047 11*

188 2061 289 2088 Cordis
302 2060 450 2087 Purissimi
464 2060 495 2086 B.
511 2059 547 2086 M.
562 2059 595 2086 V.
615 2058 692 2092 dupl.
706 2057 769 2092 maj.
789 2058 872 2084 Dom.
886 2059 952 2091 post

257 2096 317 2123 Oct.
333 2096 480 2129 Assumpt.
968 2090 1021 2118 32*

187 2134 335 2163 Elisabeth
350 2135 418 2168 Reg.
432 2133 584 2167 Portugall.
599 2133 662 2159 Vid.
682 2131 779 2159 semid.
798 2132 824 2158 3.
837 2130 914 2165 Sept.
968 2130 1020 2157 32*

190 2170 343 2197 Eleutherii
358 2170 443 2203 Papae
457 2172 485 2195 et
499 2169 580 2194 Mart.
600 2167 638 2194 du
659 2167 676 2193 l.
697 2167 719 2193 1.
734 2166 819 2194 Junii.
986 2165 1020 2191 7*

188 2204 317 2239 Emygdii
331 2204 355 2230 E
376 2203 423 2230 isc.
438 2207 466 2230 et
481 2203 562 2230 Mart.
581 2203 640 2237 dup
652 2223 658 2229 .
678 2202 702 2228 9.
716 2202 788 2235 Aug.
968 2200 1021 2226 21*

188 2239 305 2272 Eugenii
318 2238 340 2266 1.
379 2246 440 2272 apae
454 2242 481 2264 et
495 2238 576 2264 Conf.
596 2237 671 2271 dupl.
690 2237 713 2263 2.
729 2236 815 2263 Junii.
986 2234 1021 2260 ὅθ

188 2273 306 2308 Eugenii
319 2273 371 2300 111.
386 2274 472 2307 Papae
486 2276 513 2299 et
527 2272 608 2299 Conf.
628 2271 704 2305 dupl.
723 2273 748 2298 8.
762 2270 841 2298 Julii.
970 2269 1020 2296 14*

187 2315 294 2343 Felicis
308 2323 325 2342 a
339 2314 493 2342 Cantalicio
508 2314 588 2340 Conf.
608 2313 704 2340 semid.
724 2313 765 2339 21.
781 2312 854 2346 Maii.
985 2311 1020 2338 3*

187 2350 287 2377 Felicis
301 2351 322 2377 Ι.
337 2350 423 2384 Papae
437 2352 464 2375 et
477 2349 558 2375 Mart.
578 2349 654 2382 dupl.
673 2349 715 2374 30.
731 2348 803 2381 Maii.
986 2346 1020 2372 G*

187 2385 288 2412 Felicis
303 2385 338 2412 II.
355 2385 442 2419 Papae
455 2386 483 2410 et
497 2383 578 2410 Mart.
598 2384 636 2410 du
657 2383 674 2410 l.
694 2383 735 2410 29.
750 2383 828 2410 Julii.
970 2381 1020 2407 19*

188 2420 358 2447 Ferdinandi
372 2420 440 2453 Reg.
455 2418 536 2445 Conf.
555 2418 623 2444 semi
645 2439 650 2444 .
670 2419 694 2444 8.
709 2418 795 2445 Junii.
985 2416 1021 2442 9¹²¹

188 2459 329 2490 Gallicani
344 2461 426 2486 Mart.
445 2459 521 2493 dupl.
541 2459 582 2485 25.
598 2458 684 2486 Junii.
969 2457 1020 2483 11*

189 2496 321 2523 Gulielmi
335 2494 464 2522 Abbatis.
484 2493 560 2528 dupl.
581 2493 623 2520 27.
638 2493 724 2520 Junii.
968 2492 1020 2519 11ἦε

188 2534 355 2563 Hormisdae
370 2534 455 2568 Papae
471 2537 498 2560 et
513 2532 594 2559 Conf.
615 2532 692 2565 dupl.
712 2532 751 2558 14.
766 2531 837 2566 Aug.
968 2531 1020 2558 28*

189 2570 357 2604 Hyacinthae
371 2568 452 2596 Conf.
472 2567 548 2602 dupl.
569 2567 609 2594 18.
624 2567 696 2600 Aug.
968 2566 1020 2592 29¹¹·

188 2609 290 2636 Irenaei
305 2608 396 2643 Episc.
410 2611 438 2634 et
452 2607 533 2634 Mart.
554 2606 631 2640 dupl.
649 2606 674 2631 4.
689 2605 766 2632 Julii.
971 2605 1022 2631 13*

190 2643 291 2670 Isidori
306 2642 444 2677 Agricolae
459 2642 540 2668 Conf.
559 2641 635 2675 dupl.
656 2641 696 2666 15.
711 2639 783 2672 Maii.
987 2640 1022 2666 3*

191 2684 311 2720 joannis
325 2692 342 2710 a
355 2683 383 2710 S.
398 2682 531 2710 Facundo
545 2681 627 2709 Conf.
647 2681 723 2715 dupl.
744 2681 784 2707 15.
799 2680 885 2707 Junii.
971 2681 1022 2706 10*

1071 1729 1190 1756 Joannis
1200 1729 1335 1763 Baptistae
1346 1728 1382 1755 de
1391 1727 1475 1755 Rossi
1489 1727 1570 1754 Conf.
1589 1726 1645 1761 dpl.
1665 1726 1706 1753 23.
1719 1726 1792 1760 Maii.
1828 1727 1855 1752 10-
1871 1725 1907 1752 3*

1072 1764 1190 1791 Joannis
1206 1765 1227 1790 I.
1242 1764 1328 1798 Papae
1341 1766 1369 1790 et
1383 1763 1464 1789 Mart.
1484 1762 1523 1789 du
1542 1762 1560 1789 1.
1579 1762 1620 1789 27.
1635 1761 1708 1794 Maji.
1870 1759 1907 1786 3*

1072 1799 1190 1826 Joannis
1207 1798 1399 1832 Nepomuceni
1413 1798 1495 1824 Mart.
1534 1796 1590 1831 upl.
1611 1797 1652 1823 17.
1666 1795 1739 1830 Maii.
1871 1794 1907 1821 3*

1072 1837 1181 1865 Leonis
1195 1838 1246 1865 III.
1262 1838 1348 1871 Papae
1362 1840 1390 1864 et
1404 1836 1485 1864 Conf.
1504 1835 1580 1870 dupl.
1601 1836 1641 1862 12.
1655 1833 1742 1862 Junii.
1871 1833 1907 1860 9*

1073 1873 1178 1900 Leonis
1192 1873 1240 1900 IV.
1255 1873 1341 1907 Papae
1355 1875 1384 1898 et
1397 1871 1478 1899 Conf.
1497 1871 1574 1906 dupl.
1594 1871 1635 1898 17.
1650 1869 1727 1897 Julii.
1854 1868 1905 1895 17*

1072 1908 1211 1935 Ludovici
1223 1907 1308 1941 Regis
1321 1907 1402 1934 Conf.
1419 1906 1566 1940 semidupl.
1587 1906 1610 1932 1.
1624 1905 1700 1939 Sept.
1853 1903 1906 1930 32*

1072 1947 1177 1975 Mariae
1190 1948 1222 1974 B.
1237 1947 1270 1974 V.
1285 1946 1378 1973 Auxil.
1394 1945 1495 1973 Christ.
1515 1945 1591 1979 dupl.
1605 1944 1668 1978 maj.
1686 1943 1728 1972 24.
1742 1943 1815 1977 Maii.
1870 1942 1906 1969 3*

1073 1983 1170 2009 Mariae
1184 1981 1356 2016 Magdalenae
1371 1981 1407 2008 de
1421 1981 1521 2007 Pazzis
1535 1980 1611 2014 Virg.
1631 1978 1707 2014 dupl.
1725 1979 1750 2005 3.
1764 1977 1850 2005 Junii.
1869 1977 1906 2004 9*

1072 2021 1220 2050 paschalis
1234 2021 1344 2055 Baylon
1358 2020 1439 2047 Gonf.
1459 2019 1534 2054 dupl.
1553 2019 1595 2046 22.
1609 2017 1682 2052 Maii.
1870 2016 1906 2043 3*

1072 2057 1155 2084 Pauli
1170 2057 1191 2083 1.
1205 2057 1294 2090 Papae
1308 2059 1335 2083 et
1349 2055 1431 2082 Conf.
1451 2055 1527 2089 dupl.
1545 2055 1570 2081 3.
1584 2053 1660 2081 Juiii.
1854 2051 1906 2078 1⁴2*

1073 2091 1166 2126 Philip
1188 2091 1196 2117 i
1210 2091 1294 2119 Nerei
1308 2090 1389 2117 Conf.
1408 2089 1484 2124 dupl.
1499 2089 1523 2116 2.
1537 2088 1644 2116 elassis.
1664 2088 1705 2115 26.
1721 2086 1793 2121 Maii.
1870 2086 1906 2113 3*

1074 2127 1117 2153 Pii
1131 2127 1153 2153 I.
1193 2129 1250 2153 ont.
1265 2129 1293 2152 et
1305 2126 1387 2152 Mart.
1406 2124 1485 2158 dupl.
1506 2124 1546 2151 11.
1561 2123 1640 2151 Juiii.
1855 2121 1907 2148 16*

1074 2161 1270 2195 Prodigiorum
1284 2161 1316 2187 B.
1330 2160 1367 2187 M.
1381 2160 1415 2187 V.
1434 2159 1512 2193 dupl.
1523 2159 1587 2193 maj.
1606 2159 1630 2186 9.
1645 2158 1664 2186 J
1666 2158 1722 2185 ulii.
1855 2156 1906 2183 16*

1072 2201 1165 2228 Rochi
1180 2200 1262 2227 Conf.
1281 2199 1358 2234 dupl.
1378 2199 1418 2225 16.
1434 2198 1505 2232 Aug.
1853 2195 1906 2222 29*

1072 2239 1187 2268 Silverii
1201 2241 1287 2274 Papae
1301 2242 1329 2266 et
1342 2238 1423 2265 Mart.
1443 2237 1521 2272 dupl.
1540 2238 1582 2264 20.
1597 2236 1684 2264 Junii.
1855 2234 1907 2261 10³⁹

1073 2275 1207 2309 Stephani
1221 2275 1243 2302 Ι.
1258 2275 1344 2308 Papae
1358 2276 1386 2300 et
1399 2273 1480 2300 Mart.
1501 2272 1576 2306 dupl.
1596 2272 1620 2299 2.
1634 2271 1681 2299 Au
1701 2292 1707 2298 .
1854 2269 1906 2296 20*

1073 2309 1233 2344 Symmachi
1246 2310 1333 2343 Papae
1347 2311 1375 2335 et
1389 2307 1471 2335 Conf.
1490 2307 1567 2341 dupl.
1587 2307 1627 2333 19.
1641 2307 1680 2334 Ju
1693 2306 1718 2332 'i.
1855 2304 1906 2331 18*

1073 2348 1348 2383 'transfigurationis
1361 2340 1397 2374 D.
1411 2347 1444 2374 N.
1455 2346 1483 2374 J.
1493 2346 1524 2374 c.
1544 2346 1621 2380 dupl.
1635 2346 1658 2372 1.
1672 2346 1706 2372 01.
1725 2346 1749 2372 6.
1763 2344 1835 2379 Aug.
1854 2343 1906 2370 21*

1107 2400 1142 2403 —-
1176 2399 1211 2403 —
1247 2383 1361 2410 Octava.
1381 2381 1458 2416 dupl.
1479 2382 1519 2408 13.
1533 2381 1605 2414 Aug.
1853 2378 1905 2405 27*

1073 2422 1185 2452 Urbani
1200 2424 1221 2450 Ι.
1236 2423 1322 2457 Papae
1336 2425 1363 2448 et
1377 2422 1459 2448 Mart.
1479 2420 1563 2454 dupl.‚
1575 2420 1618 2446 28.
1633 2419 1705 2453 Maji.
1871 2417 1906 2444 ὃ*

1074 2458 1183 2486 Urbani
1198 2458 1235 2485 ΙΙ.
1249 2458 1336 2491 Papae
1350 2460 1377 2484 et
1391 2455 1472 2483 conf.
1491 2455 1569 2489 dupl.
1590 2455 1631 2481 19.
1645 2454 1718 2488 Aug.
1854 2452 1907 2479 30*

1073 2497 1227 2525 Veronicae
1241 2497 1276 2524 de
1289 2497 1308 2524 J
1310 2495 1410 2523 ulianis
1425 2495 1501 2529 Virg.
1521 2494 1597 2528 dupl.
1616 2493 1658 2520 27.
1673 2492 1750 2520 Julii.
1856 2491 1906 2518 19*

1074 2532 1196 2560 Victoris
1210 2532 1232 2559 I.
1247 2532 1334 2565 Papae
1351 2534 1379 2558 et
1393 2530 1484 2563 Mart„
1503 2528 1659 2556 Innocentii
1673 2528 1694 2555 I.
1711 2528 1797 2562 Papae
1811 2530 1838 2554 et

1144 2567 1234 2599 Conf..
1248 2565 1361 2594 Nazarii
1375 2569 1403 2592 et
1417 2564 1492 2591 Celsi
1508 2564 1572 2590 Mm.
1592 2563 1669 2597 dupl.
1687 2562 1728 2590 28.
1743 2562 1825 2590 Juliiae
1855 2561 1907 2622 ἐξὲξ

1854 2635 1908 2662 26*

1855 2673 1908 2701 31*

1075 2602 1213 2629 Vincentii
1227 2609 1243 2628 a
1256 2601 1346 2628 Paulo
1360 2600 1441 2627 Cous.
1461 2599 1537 2633 dupl.
1557 2598 1598 2624 24.
1613 2598 1631 2624 J
1634 2598 1690 2624 ulii.

1075 2640 1161 2675 xysti
1176 2641 1212 2668 II.
1228 2641 1315 2674 Papae
1329 2643 1356 2666 et
1370 2639 1452 2666 Mart.
1471 2638 1549 2672 dupl.
1568 2638 1608 2664 11.
1623 2637 1695 2671 Aug.

1074 2680 1230 2715 Zephyrini
1245 2680 1332 2714 Papae
1346 2682 1374 2708 et
1389 2678 1470 2705 Mart.
1489 2677 1567 2711 dupl.
1587 2677 1629 2704 26.
1644 2675 1716 2710 Aug.

958 2741 1256 2770 „ow
