2040 2976
735 215 778 248 In
801 213 1053 248 Dedicatione
1075 212 1269 246 Ecclesiae.

200 313 300 353 Ant.
340 310 594 353 AEdificavit
626 310 803 362 Moyses
835 309 970 352 altare

146 370 337 411 Domino
355 369 465 410 Deo.
708 407 713 410 .

200 421 252 474 V.
277 426 470 467 Domum
492 429 614 466 tuam
631 423 819 465 Domine
845 421 972 464 decet

148 481 407 524 sanctitado.
472 481 523 533 R1.
563 481 614 521 In
654 478 971 531 longiti'idinem

149 537 327 580 dierum.

203 597 331 636 Pater
357 597 516 636 noster.

201 652 446 694 Absolutio.
475 648 646 690 Exai'idi
663 648 862 690 Domine.

202 705 252 756 V.
276 707 302 748 J
303 707 388 749 ube
408 706 579 748 domne.

201 764 363 806 Bened.
390 762 702 805 Benedictione
721 762 945 814 perpetua.

147 831 214 873 De
237 830 350 873 libro
379 830 572 873 secundo
597 830 970 887 Paralipomenon.

275 897 426 939 Lectio
444 899 468 939 i.
686 899 787 951 Cap.
806 898 842 938 7.

360 962 626 1015 complesset
648 961 855 1003 Salomon
879 960 969 1001 fun-

152 1051 163 1074 ..
194 1062 247 1076 χ
281 1019 388 1062 dens
410 1031 582 1072 preces,
609 1018 721 1070 ignis
744 1016 971 1058 descendit

155 1072 251 1100 *³³
281 1076 335 1120 de
366 1075 496 1126 coelo,
528 1079 572 1117 et
599 1074 825 1117 devoravit
851 1073 971 1114 holo-

149 1137 300 1176 causta
317 1137 360 1175 et
375 1132 588 1174 victimas:
608 1136 652 1173 et
669 1131 873 1182 majestas
883 1130 971 1171 Do-

147 1191 251 1232 mini
284 1188 484 1242 implevit
519 1188 709 1230 domum.
751 1187 846 1228 Nec
876 1188 971 1239 pot—

149 1251 272 1289 erant
297 1244 549 1287 sacerdotes
574 1243 744 1295 ingredi
760 1243 973 1296 templum

148 1302 342 1352 Domini,
371 1314 423 1343 eo
453 1300 571 1353 quod
598 1300 823 1353 implesset
846 1300 973 1352 maje-

149 1365 239 1402 stas
253 1358 430 1400 Domini
447 1357 659 1410 templum
672 1356 859 1398 Domini.
887 1355 974 1398 Sed

150 1421 194 1458 et
221 1428 372 1457 omnes
399 1414 476 1455 fssii
503 1413 640 1455 Israel
666 1413 874 1455 videbant
902 1412 972 1454 de-

150 1471 431 1514 scendentem
448 1471 602 1522 ignem,
623 1475 666 1512 et
684 1470 868 1521 gloriam
885 1469 974 1510 Do-

148 1529 253 1570 mini
272 1540 404 1581 super
429 1526 622 1569 domum:
651 1531 695 1568 et
720 1528 973 1568 corruentes

148 1585 276 1639 proni
293 1585 339 1626 in
350 1589 513 1626 terram
531 1595 662 1636 super
676 1582 974 1635 pavimentum

150 1646 335 1684 stratum
347 1639 505 1693 lapide,
521 1639 814 1681 adoraverunt
829 1644 872 1681 et
884 1639 973 1680 lau-

151 1697 364 1740 daverunt
381 1696 634 1738 Dominum:
659 1695 875 1746 Quoniam
896 1695 972 1737 bo-

149 1767 250 1805 nus,
280 1753 484 1807 quoniam
507 1752 552 1793 in
577 1751 787 1794 saeculum
810 1751 973 1793 miseri-

148 1810 298 1853 cordia
325 1810 426 1862 ejus.
461 1809 560 1851 Rex
583 1813 745 1858 autem,
772 1813 815 1850 et
835 1808 974 1850 omnis

148 1866 340 1920 populus
367 1865 654 1908 immolabant
680 1865 880 1907 victimas
905 1877 974 1907 co-

150 1936 245 1964 ram
268 1923 471 1965 Domino.
505 1922 717 1964 Mactavit
743 1922 873 1972 igitur
898 1934 976 1963 rex

151 1979 359 2021 Salomon
405 1978 591 2028 hostias,
645 1978 782 2020 boum
824 1977 977 2029 viginti

153 2035 240 2077 duo
259 2034 409 2085 millia,
428 2037 614 2076 arietum
632 2039 807 2076 centum
824 2034 977 2086 viginti

151 2091 300 2133 millia:
338 2095 381 2133 et
419 2090 640 2133 dedicavit
677 2090 856 2132 domum
893 2091 976 2133 Dei

151 2161 239 2199 rex,
259 2152 302 2190 et
321 2148 549 2189 universus
567 2147 768 2200 populus.

201 2205 252 2257 R'·
279 2205 331 2245 In
356 2203 630 2246 dedicatione
648 2203 802 2257 templi
821 2203 974 2245 decan-

151 2260 274 2303 tabat
298 2260 488 2313 populus
507 2260 695 2302 laudem:
712 2262 735 2286 *
757 2261 814 2302 Et
835 2261 880 2301 in
900 2273 974 2302 ore

154 2319 306 2358 eorum
354 2317 494 2359 dulcis
545 2317 780 2359 resonabat
829 2329 975 2358 sonus.

151 2368 202 2419 V.
221 2372 424 2414 Fundata
445 2378 511 2415 est
531 2373 689 2415 domus
709 2374 888 2415 Domini
907 2387 974 2415 su-

152 2442 233 2482 pra
255 2429 463 2471 verticem
487 2430 710 2478 montium,
733 2434 776 2472 et
801 2430 975 2472 venient

154 2485 210 2527 ad
230 2498 326 2527 eam
348 2498 498 2527 omnes
519 2485 695 2527 Gentes.
722 2486 789 2527 Et.

205 2539 365 2581 Bened.
392 2540 650 2593 Unigenitus
668 2542 762 2584 Dei.

460 2608 610 2649 Lectio
630 2610 668 2649 ii.

222 2676 452 2718 acerdotes
478 2680 624 2717 autem
649 2676 823 2718 stabant
848 2677 892 2717 in
918 2677 976 2718 of-

231 2733 342 2774 ficiis
362 2732 465 2774 suis:
490 2737 533 2774 et
551 2732 717 2774 Levitae
740 2733 783 2774 in
803 2734 976 2784 organis

1022 306 1264 349 carminum
1288 305 1480 354 Domini,
1510 317 1608 356 quae
1636 303 1739 345 fecit
1763 303 1848 344 Da-

1022 363 1096 405 vid
1123 375 1201 404 rex
1225 362 1282 404 ad
1305 361 1575 403 laudandum
1597 360 1849 402 Dominum:

1024 419 1241 471 Quoniam
1259 419 1302 460 in
1321 419 1534 460 aeternum
1550 416 1850 459 misericordia

1024 478 1132 534 ejus,
1158 476 1344 528 hymnos
1369 473 1516 516 David
1539 476 1745 516 canentes
1769 486 1850 526 per

1026 546 1181 576 manus
1200 545 1315 574 suas:
1343 544 1477 585 porro
1503 531 1757 573 sacerdotes
1783 542 1849 571 ca-

1023 590 1185 632 nebant
1202 589 1320 631 tubis
1340 593 1439 630 ante
1461 601 1557 638 eos,
1578 590 1850 639 cunctusque

1022 646 1159 689 Israel
1178 645 1333 688 stabat.
1360 644 1657 687 Sanctificavit
1674 655 1850 696 quoque

1023 704 1229 746 Salomon
1260 701 1453 743 medium
1485 701 1584 742 atrii
1616 705 1716 742 ante
1743 705 1849 742 tem-

1023 761 1144 813 plum
1170 759 1365 800 Domini:
1398 757 1619 799 obtalerat
1647 757 1762 799 enim
1789 756 1851 798 ibi

1024 816 1292 865 holocausta,
1313 819 1357 856 et
1377 814 1530 867 adipes
1549 813 1850 866 pacificorum:

1027 874 1127 926 quia
1151 872 1287 914 altare
1313 873 1498 920 aeneum,
1529 869 1649 923 quod
1672 870 1850 919 fecerat,

1025 943 1113 972 non
1143 931 1319 982 poterat
1351 928 1564 969 sustinere
1592 926 1852 968 holocausta

1026 992 1070 1028 et
1093 985 1307 1028 sacrificia
1332 989 1375 1027 et
1400 984 1564 1036 adipes
1599 983 1722 1024 Fecit
1746 994 1850 1034 ergo

1026 1043 1233 1085 Salomon
1251 1041 1575 1083 solemnitatem
1592 1040 1637 1080 in
1651 1041 1851 1091 tempore

1027 1099 1102 1141 illo
1123 1103 1294 1151 septem
1312 1097 1478 1146 diebus,
1498 1100 1541 1138 et
1560 1095 1700 1137 omnis
1714 1095 1853 1136 lsra'el
1899 1123 1901 1125 -

1029 1169 1127 1197 cum
1147 1168 1216 1205 eo,
1245 1153 1429 1196 ecclesia
1447 1165 1605 1203 magna
1623 1150 1767 1201 valde,
1796 1150 1850 1193 ab

1027 1212 1207 1254 introitu
1232 1210 1391 1252 Emath
1418 1221 1556 1261 usque
1584 1207 1641 1250 ad
1664 1207 1851 1249 Torren-
1898 1233 1900 1237 v

1026 1273 1116 1310 tem
1134 1267 1328 1320 AEgypti.
1360 1266 1571 1318 Fecitque
1595 1264 1666 1306 die
1692 1265 1850 1306 octavo

1027 1324 1271 1373 collectam,
1300 1335 1353 1365 eo
1379 1321 1499 1374 quod
1524 1321 1774 1363 dedicasset
1794 1320 1851 1361 al-

1025 1384 1118 1424 tare
1144 1385 1314 1433 septem
1339 1378 1511 1428 diebus,
1541 1382 1585 1420 et
1604 1377 1851 1419 solemnita-

1025 1437 1114 1480 tem
1134 1437 1400 1479 celebrasset
1420 1435 1574 1477 diebus
1593 1439 1773 1487 septem.

1077 1495 1128 1549 R
1160 1492 1361 1535 Fundata
1394 1496 1460 1534 est
1488 1490 1645 1533 domus
1672 1491 1852 1532 Domini

1025 1563 1158 1603 supra
1177 1549 1387 1591 verticem
1410 1548 1641 1597 montium,
1670 1551 1714 1588 et
1739 1547 1851 1589 exal-

1025 1610 1119 1649 tata
1147 1611 1214 1648 est
1242 1618 1374 1658 super
1402 1617 1555 1646 omnes
1583 1603 1735 1645 colles:
1753 1606 1775 1629 ¹*
1794 1604 1852 1645 Et

1024 1663 1200 1706 venient
1223 1661 1279 1704 ad
1304 1675 1401 1704 eam
1425 1673 1576 1702 omnes
1601 1660 1781 1709 GenteS‚
1809 1664 1853 1701 et

1026 1720 1188 1762 dicent:
1208 1718 1360 1760 Gloria
1378 1717 1459 1759 tibi
1473 1717 1672 1758 Domine.
1700 1715 1750 1767 Y.
1766 1716 1851 1758 Ve-

1025 1777 1194 1818 nientes
1221 1780 1368 1817 autem
1394 1774 1570 1816 venient
1594 1786 1693 1815 cum
1712 1773 1850 1815 exsul-

1025 1834 1202 1882 tatione,
1220 1834 1449 1885 portantes
1468 1830 1712 1883 manipulos
1736 1843 1851 1871 suos.

1024 1891 1082 1932 Et
1099 1889 1284 1932 venient.

1079 1944 1239 1985 Bened.
1268 1945 1454 1998 Spiritus
1475 1943 1615 1985 sancti
1632 1942 1782 1994 gratia.

1327 2000 1478 2041 Lectio
1499 2000 1552 2039 iii.

1100 2057 1398 2111 omplevitque
1429 2056 1637 2098 Salomon
1673 2055 1852 2098 domum

1110 2114 1302 2165 Domini,
1329 2118 1372 2155 et
1391 2113 1571 2155 domum
1590 2112 1719 2164 regis,
1745 2118 1788 2155 et
1808 2115 1851 2155 o-

1025 2171 1142 2212 mnia
1154 2183 1253 2222 quae
1263 2169 1541 2223 disposuerat
1551 2169 1596 2209 in
1611 2168 1745 2211 corde
1760 2182 1852 2220 suo,

1026 2231 1075 2269 ut
1102 2227 1267 2268 faceret
1290 2226 1334 2267 in
1363 2225 1495 2267 domo
1518 2225 1710 2276 Domini,
1739 2230 1783 2267 et
1808 2226 1852 2267 in

1027 2283 1159 2325 domo
1179 2295 1268 2333 sua,
1291 2286 1335 2324 et
1352 2283 1640 2335 prosperatus
1660 2287 1736 2324 est.
1764 2282 1852 2335 Ap—

1026 2340 1172 2393 paruit
1191 2344 1337 2381 autem
1357 2339 1397 2380 ei
1413 2338 1788 2388 Dominusnocte,
1809 2343 1853 2380 et

1027 2396 1101 2437 ait:
1145 2394 1308 2437 Audivi
1345 2394 1588 2437 orationem
1623 2399 1764 2444 tuam,
1808 2398 1852 2436 et

1028 2452 1140 2504 elegi
1163 2452 1309 2493 locum
1332 2451 1464 2493 istum
1486 2451 1592 2492 mihi
1609 2451 1653 2492 in
1673 2451 1852 2492 domum

1028 2508 1242 2550 sacrificii.
1290 2508 1335 2550 Si
1367 2507 1567 2550 clausero
1601 2507 1775 2557 coelum,
1808 2511 1853 2548 et

1027 2565 1175 2618 pluvia
1193 2577 1282 2606 non
1301 2565 1491 2615 fluxerit,
1519 2568 1563 2606 et
1584 2563 1851 2604 mandavero

1028 2625 1072 2663 et
1094 2623 1351 2674 praecepero
1373 2620 1574 2670 locustae,
1602 2623 1651 2661 ut
1670 2618 1853 2660 devoret

1027 2682 1208 2728 terram,
1236 2682 1281 2719 et
1306 2680 1468 2719 misero
1492 2674 1785 2729 pestilentiam
1808 2673 1852 2714 in

1028 2734 1242 2787 populum
1259 2747 1419 2776 meum:
1447 2733 1682 2775 conversus
1707 2734 1852 2772 autem
