2040 2976
630 179 835 214 Dominica
858 178 926 213 IX.
946 181 1038 221 post
1060 177 1326 212 Pentecosten.

1800 176 1868 212 269

154 287 316 324 sumus,
340 274 583 315 secundum
608 279 653 316 te
672 276 821 316 vivere
841 273 983 315 valea-

154 344 262 372 mus.
289 331 374 372 Per
392 330 641 372 Dominum.

157 413 309 455 Lectio
335 413 476 454 sancti
494 412 722 464 Evangelii
743 409 983 454 secundum

478 468 655 510 Lucam.

257 541 411 582 Lectio
432 541 501 591 vii.
701 539 804 590 Cap.
819 539 879 578 16.

154 598 231 705 In
248 603 324 645 illo
339 604 552 655 tempore:
571 602 695 643 Dixit
713 601 738 642 J
741 596 841 643 esus
857 600 983 642 disci-

219 659 334 712 pulis
354 659 444 700 suis
462 658 720 711 parabolam
738 657 865 699 hanc:
892 656 983 697 Ho-

154 728 227 756 mo
249 714 427 767 quidam
443 719 536 756 erat
551 714 685 763 dives,
703 713 777 766 qui
791 712 984 754 habebat

154 771 361 813 villicum:
375 775 419 812 et
433 770 506 812 hic
518 769 769 811 diffamatus
786 773 854 810 est
863 767 984 821 apud

155 827 294 876 illum,
328 827 453 879 quasi
485 826 746 879 dissipasset
777 825 895 867 bona
921 824 983 876 ip-

155 885 256 924 sius.
282 883 340 924 Et
357 883 537 935 reliqua.

247 965 441 1006 Homilia
469 964 608 1007 sancti
635 964 894 1016 Hieronymi

438 1021 702 1074 Presbyteri.

170 1086 349 1130 Epistola
373 1084 444 1119 151.
470 1083 520 1118 ad
540 1083 754 1126 Algashrm,
780 1084 915 1125 quaest.
939 1082 970 1114 6.

499 1136 588 1166 tom.
612 1132 643 1165 3.

162 1190 281 1251 ΐῆῙΙ
306 1188 587 1242 dispensator
613 1189 751 1240 iniqui
775 1191 984 1230 mammo-

167 1246 251 1309 ’ἐζῇ
277 1259 362 1295 nae,
408 1244 575 1287 domini
620 1257 731 1286 voce
768 1245 986 1295 laudatur,

167 1280 246 1328 *4
279 1300 399 1354 quod
427 1300 483 1343 de
511 1314 559 1343 re
585 1301 735 1353 iniqua
760 1301 844 1342 sibi
869 1302 985 1353 justi-

155 1358 263 1400 tiam
279 1358 557 1411 praepararit3
578 1362 622 1399 et
637 1370 796 1410 passus
812 1357 985 1410 dispen-

156 1413 228 1456 dia
256 1413 458 1455 dominus
484 1413 635 1455 laudat
667 1413 986 1466 dispensatoris

155 1469 444 1522 prudentiam,
470 1469 591 1521 quod
615 1469 828 1511 adversus
849 1469 985 1511 domi-

155 1539 260 1567 num
279 1525 458 1578 quidem
476 1525 784 1576 fraudulenter,
804 1525 884 1567 sed
903 1538 985 1578 pro

156 1594 204 1623 se
222 1580 463 1635 prudenter
482 1582 636 1633 egerit:
662 1587 826 1634 quanto
845 1583 986 1633 magis

157 1638 368 1688 Christus,
387 1638 463 1690 qui
480 1637 648 1679 nullum
667 1637 875 1680 damnum
894 1652 985 1679 sus-

154 1695 292 1737 tinere
326 1699 494 1747 potest,
541 1699 585 1735 et
623 1706 788 1746 pronus
826 1699 893 1736 est
930 1695 986 1736 ad

156 1751 450 1800 clementiam,
499 1749 699 1792 laudabit
744 1751 986 1803 discipulos

774 1807 983 1819 ·····

155 1868 267 1914 sunt,
285 1862 596 1905 misericordes
615 1862 799 1904 fuerint?

440 1945 594 1987 Lectio
616 1945 701 1986 viii.

246 2014 404 2067 enique
422 2019 528 2067 post
548 2013 807 2067 parabolam
825 2015 986 2056 intulit:

267 2071 326 2113 Et
345 2083 428 2122 ego
447 2071 575 2112 vobis
595 2069 714 2112 dico:
740 2071 893 2112 Facite
911 2084 986 2112 vo-

156 2126 225 2168 bis
255 2129 420 2168 amicos
453 2126 509 2168 de
541 2127 691 2178 iniquo
724 2129 986 2168 mammona.

156 2183 407 2224 Mammona
419 2187 566 2224 autem
580 2195 670 2223 non
681 2182 986 2233 Hebraeorum,

157 2239 237 2281 sed
264 2239 473 2291 Syrorum
504 2238 652 2290 lingua
684 2238 849 2280 divitiae
882 2252 986 2280 nun-

158 2297 400 2348 cupantur,
414 2294 535 2346 quod
561 2294 617 2336 de
641 2294 873 2346 iniquitate
900 2295 985 2336 col-

156 2351 284 2392 lectae
310 2351 406 2392 sint.
443 2350 488 2391 Si
512 2362 617 2401 ergo
642 2350 850 2402 iniquitas
874 2351 986 2392 bene

158 2405 414 2459 dispensata
457 2406 642 2448 vertitur
681 2406 726 2446 in
764 2406 987 2457 justitiam:

159 2467 323 2515 quanto
360 2461 499 2512 magis
534 2473 680 2502 sermo
719 2461 906 2511 divinus,
942 2462 987 2503 in

159 2531 247 2570 quo
264 2518 383 2560 nulla
401 2522 468 2559 est
481 2517 700 2568 iniquitas,
716 2517 792 2568 qui
810 2522 854 2558 et
867 2518 987 2570 Apo-

159 2574 284 2616 stolis
313 2573 507 2615 creditus
535 2577 618 2622 est,
655 2573 691 2613 si
717 2572 830 2614 bene
858 2573 988 2616 fuerit

159 2629 450 2682 dispensatus,
467 2628 796 2680 dispensatores
810 2642 915 2670 suos
929 2629 986 2671 le-

158 2686 280 2728 vabit
299 2686 341 2726 in
363 2683 548 2727 coelum?

313 2825 378 2850 Pars
393 2824 502 2850 AEstiva.

1339 269 1492 309 Lectio
1514 269 1568 308 ix.

1122 339 1381 381 uamobrem
1409 340 1621 391 sequitur:
1654 339 1739 389 Qui
1762 338 1867 380 fide-

1157 396 1210 437 lis
1236 401 1302 437 est
1327 395 1371 436 in
1395 396 1587 446 minimo,
1612 396 1698 437 1100
1722 400 1800 446 est,
1825 395 1868 436 in

1037 452 1301 502 carnalibus3
1322 456 1365 493 et
1384 451 1428 492 in
1446 452 1595 493 multis
1611 451 1754 493 fidelis
1775 452 1868 502 erit,

1036 508 1121 550 hoc
1136 513 1214 558 est,
1229 508 1272 548 in
1288 507 1600 560 spiritualibus.
1623 508 1708 558 Qui
1722 513 1869 550 autem

1036 565 1079 604 in
1107 577 1246 617 parvo
1275 564 1449 616 iniquus
1479 569 1561 614 est,
1594 569 1641 605 ut
1673 577 1761 605 non
1794 564 1869 606 det

1036 620 1245 663 fratribus
1265 620 1322 662 ad
1341 619 1565 670 utendum,
1586 621 1706 673 quod
1726 634 1751 661 a
1770 621 1868 662 Deo

1036 689 1118 729 pro
1149 676 1352 718 omnibus
1381 681 1449 718 est
1477 679 1686 727 creatum3
1714 677 1797 719 iste
1825 682 1869 719 et

1037 733 1080 774 in
1099 733 1316 786 spirituali
1333 733 1523 786 pecunia
1538 733 1775 774 dividenda
1794 734 1869 774 ini-

1039 802 1150 841 quus
1180 790 1272 839 erit,
1298 795 1346 831 ut
1371 803 1459 831 non
1484 802 1566 843 pro
1592 790 1869 840 necessitate,

1038 845 1118 887 sed
1149 859 1232 898 pro
1266 846 1469 898 personis
1503 846 1750 888 doctrinam
1781 846 1869 887 Do-

1037 902 1143 942 mini
1162 902 1342 944 dividat.
1369 902 1414 944 Si
1433 908 1591 952 autem,
1611 902 1762 954 inquit,
1781 915 1869 943 car-

1037 958 1160 1000 nales
1187 958 1379 1009 divitias,
1408 972 1507 1011 quae
1536 959 1754 1008 labuntur,
1782 971 1871 999 non

1037 1014 1150 1056 bene
1162 1014 1442 1068 dispensatis:
1454 1028 1581 1056 veras
1593 1017 1870 1066 aeternasque
1907 1043 1909 1045 -

1041 1070 1216 1112 divitias
1242 1071 1457 1113 doctrinae
1484 1071 1569 1113 Dei
1595 1071 1693 1123 quis
1720 1070 1871 1112 credet

1041 1125 1188 1168 vobis?

1094 1195 1158 1234 Te
1176 1192 1322 1233 Deum
1339 1191 1582 1233 laudamus.
1603 1193 1663 1233 13.

1094 1260 1166 1301 Ad
1202 1258 1364 1299 Bened.
1406 1258 1506 1298 Ant.
1547 1257 1621 1298 Ait
1652 1257 1870 1298 Dominus

1041 1311 1202 1353 villico:
1230 1313 1253 1337 *
1283 1311 1398 1363 Quid
1428 1312 1514 1354 hoc
1544 1312 1677 1354 aadio
1714 1312 1769 1355 de
1801 1312 1869 1354 te?

1039 1367 1177 1409 redde
1208 1369 1424 1410 rationem
1456 1369 1737 1411 villicationis
1770 1375 1870 1419 tuae,

1039 1424 1222 1476 alleluia.

1093 1491 1145 1540 ys,
1170 1489 1387 1530 Dominus
1414 1490 1632 1540 regnavit,
1663 1490 1869 1532 decerem

1038 1544 1190 1586 induit.
1226 1550 1278 1601 R·
1296 1544 1444 1587 Induit
1464 1546 1681 1587 Dominus
1702 1546 1870 1588 fortitu-

1039 1600 1197 1651 dinem,
1216 1606 1260 1643 et
1279 1602 1510 1654 praecinxit
1529 1615 1577 1643 se
1597 1603 1771 1644 virtute.

1093 1670 1166 1711 Ad
1187 1669 1361 1719 Magnis.
1392 1668 1491 1709 Ant.
1521 1666 1635 1718 Quid
1659 1667 1827 1717 faciam,
1847 1669 1870 1694 *

1040 1722 1142 1774 quia
1174 1722 1377 1763 dominus
1408 1734 1532 1763 meus
1570 1723 1712 1764 aufert
1744 1736 1769 1764 a
1801 1736 1870 1765 me

1038 1777 1372 1835 villicationem?
1414 1777 1589 1819 Fodere
1617 1791 1704 1820 non
1733 1779 1870 1829 valeo,

1038 1833 1289 1876 mendicare
1310 1834 1540 1876 erubesco:
1564 1835 1656 1876 scio
1682 1835 1787 1887 quid
1811 1836 1869 1876 fa-

1039 1890 1162 1939 ciam,
1187 1895 1235 1932 ut
1258 1904 1357 1932 cum
1378 1892 1551 1932 amotus
1573 1891 1698 1933 fuero
1720 1904 1746 1932 a
1764 1891 1871 1932 villi-

1039 1947 1228 1997 catione,
1273 1948 1488 2000 recipiant
1526 1959 1596 1988 me
1633 1948 1677 1988 in
1713 1947 1871 1989 domos

1038 2016 1152 2044 suas.

1093 2061 1148 2114 V.
1162 2068 1387 2118 Dirigatur
1398 2068 1587 2110 Domine
1604 2068 1746 2109 oratio
1761 2081 1870 2109 mea.

1043 2124 1094 2176 R.
1125 2123 1247 2164 Sicut
1283 2124 1511 2165 incensum
1547 2125 1591 2165 in
1629 2127 1871 2177 conspectu

1038 2183 1128 2220 tuo.

1315 2256 1411 2268 ,,
1431 2249 1473 2276 4³>
1497 2258 1594 2269 ,,

1252 2350 1531 2400 Dominica
1561 2351 1653 2400 IX.

1151 2423 1294 2470 post
1335 2418 1770 2478 Pentecosten.

1381 2503 1545 2544 Oratio.

1126 2575 1274 2615 ateant
1296 2587 1424 2615 aures
1448 2574 1762 2616 misericordiae
1781 2578 1884 2615 tuae-

1142 2630 1332 2671 Domine
1356 2630 1562 2682 precibus
1587 2630 1868 2682 supplicanti-

1039 2698 1129 2726 um:
1166 2690 1211 2727 et
1245 2691 1294 2727 ut
1329 2686 1581 2738 petentibus
1618 2684 1869 2727 desiderata

1599 2812 1661 2845 18⁸
