2040 2976
656 210 698 243 In
724 209 850 243 Festis
875 209 916 242 B.
941 208 1074 241 Maria:
1098 207 1142 241 V.
1167 217 1236 249 pcr
1260 215 1411 239 annum.

225 304 419 351 Montes,
456 302 570 343 sicut
600 314 701 343 cera
734 301 952 342 fluxerunt
982 314 1006 342 a

175 360 286 400 facie
305 359 498 400 Demini:
523 359 547 384 *
572 371 598 399 a
621 358 732 399 facie
757 357 937 398 Domini
962 370 1006 398 o-

176 416 288 456 mnis
307 420 436 456 terra.

227 471 609 512 Annuntiaverunt
654 469 756 511 coeli
800 470 1007 521 justitiam

176 529 282 578 ejus:
309 528 333 552 *
362 532 406 568 et
433 526 637 567 viderunt
669 539 822 567 omnes
854 526 1007 578 pepuli

175 583 361 634 gloriam
381 585 483 635 ejus.

229 638 565 680 Confundantur
605 650 775 687 omnes,
824 638 898 690 qui
935 637 1006 678 ad-

178 698 304 737 erant
323 694 556 747 sculptilia:
571 694 595 719 *
611 699 655 735 et
672 694 746 746 qui
765 694 1007 744 gloriantur

176 752 219 792 in
239 751 482 792 simulacris
502 750 603 791 suis.

228 807 427 849 Adorate
443 820 543 848 eum
558 818 709 847 omnes
725 805 883 855 Angeli
903 806 1008 857 ejus:

176 864 199 890 *
219 863 397 912 audivit,
426 867 469 904 et
486 863 637 903 laetata
657 866 724 902 est
742 861 857 901 Sion.

228 920 286 961 Et
319 919 648 960 exsultaverunt
680 917 782 957 fssjae
813 917 838 957 J
840 916 957 966 udae,
985 917 1008 943 *

176 980 360 1028 propter
377 975 535 1027 judicia
553 979 629 1015 tua
647 973 853 1014 Domine:

230 1031 448 1082 Quoniam
462 1035 510 1072 tu
524 1030 740 1071 Deminus
755 1029 1008 1070 Altissimus

178 1100 311 1140 super
326 1099 501 1129 omnem
519 1091 683 1128 terram
690 1086 735 1125 τ’*
748 1085 875 1126 nimis
895 1085 1008 1126 exal-

176 1146 294 1185 tatus
314 1157 361 1185 es
381 1156 513 1195 super
533 1155 686 1184 omnes
706 1141 825 1183 deos.

230 1200 313 1250 Qui
330 1199 508 1250 diligitis
519 1199 768 1247 Dominum,
787 1197 906 1239 odite
920 1210 1008 1238 ma-

178 1256 282 1296 lum:
313 1256 337 1281 *
369 1255 564 1297 custodit
592 1254 809 1296 Dominus
842 1254 1009 1294 animas

178 1314 431 1353 sanct6rum
456 1314 651 1360 suorum,
680 1310 735 1352 de
757 1323 890 1351 manu
909 1323 1009 1362 pec-

179 1369 340 1409 catoris
359 1368 563 1409 liberabit
583 1380 671 1409 eos.

231 1424 329 1465 Lux
357 1429 455 1465 orta
483 1429 550 1465 est
581 1424 713 1475 justo,
741 1423 765 1448 *
802 1427 846 1464 et
878 1423 1010 1464 rectis

180 1480 314 1522 corde
341 1480 503 1521 laetitia.

230 1536 461 1577 Laetamini
489 1536 589 1587 justi
615 1535 659 1575 in
686 1535 895 1576 Demino:
919 1535 943 1561 *
969 1540 1012 1576 et

181 1592 449 1633 confitemini
462 1592 688 1633 memoriae
704 1591 1011 1632 sanctificatio-

181 1661 570 1754 mffiffisbignare
614 1716 684 1744 me
728 1702 909 1745 laudare
951 1708 1012 1752 te,

181 1760 321 1810 Virgo
359 1762 546 1801 sacrata:
583 1759 641 1801 da
670 1759 775 1800 mihi
806 1759 1013 1800 virtatem

183 1820 338 1857 contra
356 1815 506 1857 hostes
525 1820 636 1857 tuos.

234 1871 334 1910 Ant.
359 1871 465 1914 Post
483 1876 658 1924 partum
677 1872 701 1898 *
719 1872 859 1923 Virgo
878 1871 1012 1912 invio-

182 1928 271 1969 lata
296 1928 592 1980 permansisti,
619 1928 703 1970 Dei
729 1928 929 1969 Genitrix
953 1928 1014 1967 in-

182 1983 360 2026 tercede
380 1997 462 2036 pro
485 1983 624 2026 nobis.

452 2040 655 2080 Psalmus
675 2039 741 2080 97.

184 2091 414 2198 Cantate
449 2097 642 2137 Domino
677 2096 898 2137 canticum
939 2108 1013 2137 no-

278 2165 395 2192 vum:
414 2153 437 2177 *
459 2153 562 2204 quia
579 2152 797 2194 mirabilia
816 2152 930 2193 fecit.

235 2207 431 2249 Salvavit
459 2207 543 2249 sibi
576 2208 761 2250 dextera
788 2209 894 2260 ejus:
918 2209 942 2234 *
971 2213 1015 2250 et

182 2263 411 2305 brachium
434 2269 633 2305 sanctum
654 2265 756 2316 ejus.

235 2319 404 2360 Notum
435 2319 539 2361 fecit
567 2320 783 2361 Dominus
821 2320 1014 2362 salutare

183 2388 324 2416 suum:
343 2375 367 2401 *
386 2375 431 2416 in
451 2378 695 2428 conspectu
714 2376 923 2418 Gentium
949 2389 1013 2418 re-

183 2431 347 2475 velavit
366 2431 576 2483 justitiam
595 2445 729 2472 suam.

235 2487 513 2529 Recordatus
574 2492 641 2529 est
694 2488 1012 2530 misericordiae
1097 2473 1114 2507 ᾖ

185 2557 291 2595 suae,
312 2544 336 2570 *
357 2548 400 2585 et
427 2543 627 2585 veritatis
656 2557 748 2585 suae
777 2544 928 2585 domui
952 2546 1013 2586 Is·

184 2600 287 2641 raeL

236 2655 457 2698 Viderunt
475 2668 628 2697 omnes
650 2655 824 2696 termini
843 2660 975 2696 terrae
990 2656 1014 2681 *

186 2713 377 2754 salutare
395 2712 480 2754 Dei
498 2711 647 2753 nostri.

1110 301 1134 341 J
1135 301 1302 342 ubilate
1317 301 1416 343 Deo
1437 301 1580 342 omnis
1601 305 1734 343 terra:
1751 302 1776 327 *
1787 314 1890 351 ,can-

1058 359 1162 406 tate,
1183 362 1227 398 et
1249 357 1478 407 exsultate,
1497 361 1541 398 et
1556 357 1744 410 psallite.

1110 413 1292 454 Psallite
1319 413 1512 454 Demino
1545 413 1590 454 in
1625 413 1809 465 cithara,
1846 414 1891 455 in

1060 469 1228 511 cithara
1257 474 1300 510 et
1327 482 1438 511 voce
1464 469 1639 522 psalmi:
1657 467 1682 495 *
1706 469 1751 510 in
1771 470 1891 511 tubis

1061 525 1311 575 ductilibus,
1332 530 1376 566 et
1395 538 1506 567 voce
1523 525 1645 566 tubae
1663 527 1848 567 corneae.

1112 581 1303 622 Jubilate
1329 581 1374 622 in
1398 583 1642 634 conspectu
1666 581 1783 633 regis
1802 582 1890 623 Do-

1059 637 1180 678 mini:
1199 638 1223 663 *
1242 639 1473 679 moveatur
1491 650 1624 687 mare,
1644 642 1688 679 et
1705 638 1892 690 plenita-

1062 693 1119 734 do
1139 695 1244 745 ejus:
1269 693 1390 735 orbis
1408 696 1641 743 terrarum,
1659 698 1704 735 et
1724 694 1799 746 qui
1818 693 1891 735 ha-

1060 749 1203 791 bitant
1223 750 1267 789 in
1289 762 1353 791 eo.

1112 805 1315 846 Flumina
1341 805 1555 858 plaudent
1581 818 1724 855 manu,
1762 805 1892 846 simul

1060 866 1235 902 montes
1271 861 1554 903 exsultabunt
1590 874 1616 902 a
1650 863 1894 914 conspectu

1061 917 1257 958 Domini:
1276 918 1299 943 *
1319 918 1528 969 quoniam
1554 917 1675 959 venit
1700 917 1894 969 judicare

1061 978 1235 1015 ter-ram.
1295 978 1298 982 ’

1113 1030 1138 1070 J
1139 1029 1338 1072 udicabit
1360 1030 1514 1072 orbem
1532 1032 1751 1072 terrarum
1768 1029 1814 1070 in
1835 1030 1894 1082 ju-

1062 1086 1193 1136 stitia,
1211 1087 1235 1112 *
1254 1091 1298 1128 et
1315 1086 1508 1139 pepulos
1527 1087 1572 1127 in
1592 1086 1812 1138 aequitate.

1117 1154 1218 1195 Ant.
1250 1155 1357 1197 Post
1387 1160 1565 1208 partum
1593 1155 1732 1207 Virgo
1760 1154 1894 1196 invio-

1062 1212 1151 1254 lata
1177 1212 1476 1265 permansisti,
1502 1211 1588 1253 Dei
1611 1211 1811 1252 Genitrix
1835 1211 1895 1251 in-

1063 1269 1241 1311 tercede
1259 1281 1343 1321 pro
1361 1267 1500 1310 nobis.

1116 1334 1167 1387 V.
1194 1338 1340 1389 Elegit
1365 1350 1463 1379 eam
1480 1337 1619 1387 Deus,
1648 1341 1692 1378 et
1715 1336 1896 1388 praeele-

1063 1395 1127 1446 git
1164 1407 1273 1436 eam.
1316 1398 1367 1449 R.
1404 1395 1457 1435 In
1492 1392 1778 1435 tabernaculo
1815 1404 1896 1434 suo

1064 1451 1264 1493 habitare
1292 1451 1398 1492 facit
1426 1463 1534 1507 eam.

1119 1514 1248 1554 Pater
1275 1516 1437 1553 noster.

1119 1574 1367 1615 Absolutio.
1395 1575 1436 1614 A
1452 1571 1649 1613 vinculis.

1118 1625 1168 1675 Ys.
1195 1629 1220 1670 J
1222 1629 1308 1670 ube
1328 1628 1490 1670 domne
1508 1627 1783 1670 benedicere.

1117 1694 1280 1736 Bened.
1306 1692 1572 1744 Evangelica
1590 1693 1734 1735 lectio.

1065 1776 1219 1817 Lectio
1245 1776 1385 1818 sancti
1406 1775 1633 1826 Evangelii
1657 1774 1899 1817 secundum

1395 1831 1570 1873 Lucam.

1168 1893 1321 1935 Lectio
1341 1893 1410 1934 vii.
1452 1900 1458 1904 '
1567 1892 1670 1945 Cap.
1685 1893 1736 1932 11.
1752 1891 1792 1932 d.

1066 1953 1144 2060 In
1176 1957 1252 1998 illo
1285 1958 1503 2010 tempore:
1534 1957 1768 2009 Loquente
1795 1957 1820 1998 J
1822 1969 1901 1998 esu

1130 2013 1187 2055 ad
1201 2013 1366 2063 turbas,
1386 2012 1603 2055 ext611ens
1618 2026 1774 2056 vocem
1793 2025 1902 2066 quae-

1069 2070 1171 2112 dam
1186 2070 1342 2112 maliet
1357 2069 1413 2111 de
1427 2069 1558 2111 turba
1574 2069 1684 2112 dixit
1698 2069 1775 2111 illi:
1791 2070 1900 2111 Bea-

1067 2131 1139 2223 tus
1159 2131 1328 2177 venter,
1354 2126 1429 2179 qui
1452 2130 1497 2167 te
1519 2126 1725 2178 portavit.
1760 2126 1818 2168 Et
1837 2127 1901 2167 re-

1083 2195 1197 2235 1qua.

1162 2260 1354 2302 Homilia
1381 2259 1646 2301 venerabilis
1673 2259 1810 2302 Bedae

1353 2316 1616 2369 Presbyteri.

1191 2374 1273 2409 Lib.
1297 2375 1327 2409 4.
1353 2384 1436 2417 cap.
1460 2374 1513 2408 49.
1539 2373 1578 2407 in
1602 2373 1692 2409 Luc.
1717 2373 1766 2407 11.

1073 2437 1095 2462 ³⁴⁸
1120 2445 1187 2488 ;;-·,
1215 2443 1354 2481 agnae
1406 2430 1656 2472 devotionis
1708 2434 1752 2471 et
1797 2429 1903 2472 fidei

1158 2480 1189 2540 f>
1242 2487 1338 2528 haec
1353 2486 1510 2528 mulier
1525 2485 1784 2535 ostenditur,
1803 2499 1902 2538 quae

1242 2543 1398 2585 scribis
1427 2548 1471 2584 et
1499 2542 1731 2596 pharisaeis
1753 2542 1901 2590 Demi-

1069 2614 1173 2641 num
1190 2599 1462 2642 tentantibus
1487 2599 1617 2640 simul
1638 2603 1682 2640 et
1699 2597 1901 2651 blasphe-

1068 2656 1299 2706 mantibus,
1314 2660 1437 2697 tanta
1453 2656 1544 2707 ejus
1557 2654 1901 2697 incarnationem

1068 2725 1162 2763 prae
1178 2712 1382 2754 omnibus
1398 2712 1649 2754 sinceritate
1664 2710 1901 2762 cognoscit,
