2040 2976
651 222 825 256 Officium
851 230 1011 264 parvum
1037 220 1076 254 Β.
1102 219 1232 253 Mariae
1258 220 1360 261 Virg.

1770 215 1859 259 [153]

157 319 280 373 plum
306 318 500 368 Domini,
532 317 768 359 sacrarium
796 316 982 369 Spiritus

159 375 310 417 sancti:
335 374 428 417 sola
449 375 541 416 sine
561 373 761 427 exemplo
781 373 983 426 placuisti

158 432 349 474 Domino
377 435 529 473 nostro
557 430 661 472 Jesu
688 430 878 471 Christo:
906 442 983 471 ora

157 501 239 541 pro
276 487 462 541 pupulo,
497 486 708 529 interveni
739 498 820 539 pro
853 485 982 535 clero,

159 544 380 587 intercede
394 556 475 597 pro
488 543 649 585 deveto
662 542 848 584 femineo
864 555 982 583 sexu.

211 602 345 654 Kyrie
379 601 551 642 eleison.
603 599 778 641 Christe
808 598 981 641 eleison.

160 658 293 710 Kyrie
312 657 486 699 eleison.
545 695 551 700 .

210 712 261 763 V.
297 713 510 756 Dominus
546 712 783 755 vobiscum.
835 712 884 765 Rv.
925 711 983 752 Et

159 783 259 812 cum
277 770 431 824 spiritu
448 774 536 812 tuo.

489 827 653 869 Oratio.

158 880 340 987 DeuS‚
369 883 443 935 qui
468 882 523 925 de
548 883 690 925 beatae
713 882 863 924 Mariae
886 882 982 924 Vir-

261 940 373 991 ginis
392 943 517 982 utero
532 939 729 982 Verbum
746 944 880 988 tuum,
896 940 981 979 An-

158 996 258 1048 gelo
285 997 526 1046 nuntiante,
558 1008 732 1038 carnem
759 997 982 1048 suscipere

159 1052 354 1094 voluisti:
388 1058 552 1106 praesta
582 1051 852 1105 supplicibus
879 1052 982 1102 tuis3

158 1115 206 1151 ut
235 1110 309 1162 qui
343 1122 446 1151 vere
483 1122 579 1151 eam
606 1109 873 1151 Genitricem
899 1109 983 1150 Dei

159 1165 393 1217 credimus,
432 1167 522 1218 ejus
556 1164 674 1219 apud
705 1171 748 1208 te
779 1166 982 1207 interces-

159 1222 352 1264 sionibus
377 1222 639 1275 adjuvemur.
672 1222 757 1264 Per
781 1221 984 1264 eumdem

159 1278 380 1321 Christum
397 1280 633 1321 Dominum
651 1283 859 1320 nostrum.

211 1337 261 1388 Rz.
287 1336 440 1378 Amen.

208 1393 293 1433 Pro
315 1394 492 1435 Sanctis.
526 1396 625 1437 Ant.
646 1395 795 1437 Sancti
814 1393 909 1435 Dei.
935 1400 981 1436 ut

158 1462 299 1502 supra.
330 1449 435 1502 [149]
678 1456 681 1458 '

429 1515 497 1552 Ad
519 1515 719 1555 Primam.

214 1568 306 1608 Ave
324 1567 472 1609 Maria.

208 1621 258 1670 V.
284 1623 405 1665 Deus
423 1624 467 1665 in
486 1624 759 1678 adiutorium.

466 1690 676 1741 Hymnus.

292 1752 477 1800 emente,
495 1763 642 1793 rerum
663 1751 885 1803 Cenditor‚

309 1806 463 1848 Nostri
483 1807 602 1859 quod
621 1807 724 1850 olim
743 1809 941 1861 cerporis

233 1863 414 1904 Sacrata
433 1863 487 1905 ab
508 1863 607 1906 alvo
626 1865 820 1916 Virginis

233 1918 467 1961 Nascendo
487 1920 671 1962 formam
690 1923 940 1975 sumpseris.

185 1985 321 2026 Maria
339 1984 479 2026 Mater
496 1986 660 2036 gratiae,

234 2039 388 2081 Dulcis
405 2040 569 2082 Parens
589 2041 840 2093 clementiae,

235 2096 304 2138 Tu
323 2109 404 2138 nos
423 2096 478 2138 ab
496 2096 624 2140 hoste
643 2101 837 2151 protege,

234 2153 291 2195 Et
308 2153 460 2194 mortis
479 2152 589 2195 hora
608 2155 793 2208 suscipe.

185 2219 209 2258 J
210 2231 298 2268 esu,
316 2218 397 2260 tibi
416 2219 472 2260 sit
489 2218 638 2270 glotia,

237 2275 321 2324 Qui
339 2279 466 2316 natus
487 2288 533 2317 es
553 2276 608 2318 de
626 2277 818 2329 Virgine,

237 2331 347 2372 Cum
365 2331 505 2382 Patre,
525 2337 569 2374 et
587 2332 700 2375 almo
720 2334 894 2387 Spiritu,

235 2388 286 2428 In
305 2387 570 2440 sempiterna
589 2389 760 2431 saecula.

471 2445 624 2487 Amen.

214 2508 310 2549 Ant.
340 2508 583 2559 Assumpta
602 2510 679 2548 est.

425 2574 622 2615 Psalmus
650 2577 715 2616 53.

267 2645 285 2691 κ,
293 2642 368 2672 eus
389 2631 433 2672 in
450 2631 624 2673 nomine
640 2636 718 2674 tuo
734 2632 901 2674 salvum
915 2645 985 2674 me

202 2690 285 2751 ²12³?
308 2687 395 2728 fac:
426 2689 451 2715 *
483 2693 527 2729 et
557 2688 601 2728 in
630 2689 790 2730 virtute
822 2693 897 2730 tua
925 2690 984 2741 ju-

1086 315 1206 357 Deus
1240 315 1398 358 exaudi
1431 315 1673 356 oratiunem
1702 326 1861 355 meam:

1035 371 1059 398 *
1078 371 1256 413 auribus
1274 372 1454 425 percipe
1473 371 1608 413 verba
1628 371 1716 413 oris
1735 370 1831 411 mei.

1089 428 1304 478 Quoniam
1354 428 1483 470 alieni
1533 428 1861 469 insurrexerunt

1036 484 1268 526 adversum
1282 498 1362 535 me,
1383 490 1426 527 et
1442 485 1579 526 fortes
1596 484 1862 536 quaesierunt

1036 541 1224 583 animam
1255 554 1415 583 meam:
1447 541 1471 567 *
1505 546 1548 583 et
1579 553 1668 582 non
1700 552 1861 593 propo-

1036 599 1216 639 suerunt
1252 598 1396 639 Deum
1436 602 1537 639 ante
1578 598 1862 650 conspectum

1036 668 1173 696 suum.

1086 711 1202 753 Ecce
1232 711 1346 753 enim
1370 711 1490 753 Deus
1519 710 1695 762 adjuvat
1723 723 1809 751 me:
1838 710 1861 735 *

1037 773 1080 810 et
1107 768 1321 809 Dominus
1353 769 1584 819 susceptor
1613 771 1679 809 est
1705 767 1861 808 animae

1035 837 1156 866 meae.

1088 881 1252 923 Averte
1275 880 1390 922 mala
1414 881 1599 922 inimicis
1622 880 1746 922 meis:
1771 880 1794 906 *
1820 884 1863 921 et

1035 939 1080 980 in
1098 939 1282 980 veritate
1301 942 1376 979 tua
1396 937 1602 990 disperde
1621 937 1730 978 illos.

1088 994 1347 1037 Voluntarie
1372 994 1629 1036 sacrificabo
1653 994 1748 1044 tibi,
1772 994 1795 1019 *
1821 999 1863 1035 et

1038 1051 1281 1094 confitebor
1325 1051 1489 1092 nemini
1534 1056 1612 1093 tuo
1656 1050 1863 1092 Domine:

1038 1108 1244 1161 queniam
1270 1107 1435 1149 bonum
1464 1112 1545 1149 est:

1089 1165 1305 1216 Quoniam
1339 1177 1393 1206 ex
1430 1164 1549 1205 omni
1582 1163 1863 1206 tribulatic'me

1037 1222 1235 1275 eripuisti
1260 1234 1349 1262 me:
1381 1222 1404 1246 *
1434 1226 1477 1262 et
1505 1233 1638 1274 super
1664 1221 1863 1262 inimicos

1035 1291 1159 1320 meos
1179 1278 1380 1331 despexit
1400 1277 1552 1319 oculus
1571 1290 1705 1319 meus.

1089 1339 1240 1381 Gloria
1259 1339 1390 1380 Patri.

1313 1414 1505 1454 psalmus
1526 1416 1590 1453 84.

1036 1469 1349 1574 Benedixisti
1379 1479 1568 1521 Domine
1601 1484 1763 1520 terram
1799 1484 1862 1520 tu-

1141 1549 1225 1577 am:
1260 1535 1284 1561 *
1321 1536 1517 1578 avertisti
1562 1536 1862 1588 captivitatem

1035 1594 1183 1636 Jacob.

1090 1650 1313 1692 Remisisti
1324 1649 1597 1701 iniquitatem
1608 1648 1749 1702 plebis
1760 1653 1863 1690 tuae:

1035 1709 1059 1735 *
1084 1707 1297 1760 operuisti
1322 1706 1468 1748 omnia
1493 1708 1676 1758 peccata
1701 1707 1863 1746 eurum.

1086 1768 1296 1819 Mitigasti
1328 1779 1502 1808 omnem
1534 1767 1643 1807 iram
1674 1771 1810 1808 tuam:
1838 1767 1861 1792 *

1036 1825 1231 1866 avertisti
1258 1824 1313 1866 ab
1342 1824 1406 1865 ira
1430 1823 1739 1874 indignationis
1762 1828 1860 1864 tuae.

1089 1886 1307 1927 Converte
1325 1898 1406 1927 nos
1424 1885 1546 1926 Deus
1565 1884 1767 1925 salutaris
1786 1896 1860 1925 no-

1036 1943 1173 1983 sterz*
1185 1946 1229 1983 et
1248 1943 1397 1983 averte
1415 1941 1525 1982 iram
1543 1945 1665 1982 tuam
1684 1953 1709 1981 a
1724 1940 1861 1982 nobis.

1086 2002 1312 2054 Numquid
1344 2002 1388 2043 in
1420 2003 1631 2044 aeternum
1661 2002 1861 2043 irasceris

1035 2057 1185 2101 nobis?
1211 2059 1234 2085 *
1263 2064 1338 2100 aut
1365 2058 1577 2100 extendes
1605 2058 1715 2099 iram
1741 2063 1862 2100 tuam

1036 2129 1062 2157 a
1080 2116 1361 2167 generatiOne
1381 2115 1424 2156 in
1443 2113 1792 2167 generati6nem?

1087 2176 1207 2217 Deus
1249 2181 1298 2217 tu
1335 2177 1573 2217 conversus
1616 2176 1860 2218 vivificabis

1036 2245 1132 2274 nos:
1150 2233 1174 2258 *
1195 2237 1238 2274 et
1261 2232 1387 2285 plebs
1409 2237 1484 2274 tua
1502 2232 1725 2274 laetabitur
1744 2233 1787 2273 in
1806 2238 1861 2275 te.

1090 2293 1284 2335 Ostende
1319 2292 1448 2335 nobis
1479 2293 1668 2335 Demine
1699 2294 1861 2335 miseri-

1038 2349 1234 2391 cordiam
1256 2354 1391 2392 tuam:
1409 2351 1433 2377 *
1458 2355 1501 2392 et
1525 2350 1715 2393 salutare
1738 2355 1862 2392 tuum

1038 2405 1095 2447 da
1112 2405 1250 2448 nobis.
1507 2430 1509 2432 v

1090 2462 1281 2504 Audiam
1323 2462 1427 2515 quid
1467 2463 1672 2516 loquatur
1713 2463 1757 2503 in
1790 2475 1860 2504 me

1036 2518 1250 2560 Dominus
1273 2519 1407 2560 Deus:
1432 2521 1456 2547 *
1482 2519 1687 2572 quoniam
1713 2519 1859 2571 loque-

1036 2580 1107 2617 tur
1126 2588 1280 2628 pacem
1299 2575 1343 2616 in
1360 2575 1536 2628 plebem
1555 2588 1688 2616 suam.

1088 2632 1145 2674 Et
1175 2645 1308 2685 super
1340 2637 1516 2674 sanctos
1548 2644 1667 2673 suos:
1693 2633 1717 2658 *
1742 2636 1786 2672 et
1816 2630 1860 2671 in

1038 2702 1124 2738 eos,
1145 2689 1219 2742 qui
1238 2692 1551 2731 convertuntur
1570 2687 1627 2729 ad
1645 2700 1732 2729 cor.

1087 2746 1403 2788 Verumtamen
1458 2757 1600 2797 prope
1656 2744 1860 2785 timentes
