2040 2976
195 193 290 237 [328]

194 288 497 342 spectantibus
509 289 734 331 dominum
745 303 883 341 suum,
900 305 1024 344 quan-

195 345 252 387 do
269 347 515 387 revertatur
531 359 556 387 a
571 347 747 399 nuptiis.
773 346 820 396 Y.
832 348 1024 399 Vigilate

195 414 316 453 ergo,
352 402 454 454 quia
481 403 658 444 nescitis
688 416 775 455 qua
801 404 909 446 hora
935 405 1023 447 Do-

193 459 334 500 minus
354 464 500 500 vester
519 463 730 501 venturus
752 461 818 502 sit.
856 461 913 503 Et
931 474 1023 503 vos.

198 515 349 557 Gloria
367 516 498 557 Patri.
525 515 583 557 Et
601 529 694 558 vos.

498 577 649 618 Lectio
670 577 723 617 ix.

196 630 338 736 Tria
359 639 505 676 autem
529 640 630 677 sunt
649 635 773 686 signa
793 634 1023 684 evidentia,

291 690 449 743 quibus
477 691 709 744 probatur,
738 697 884 734 utrum
912 705 1021 744 prae-

192 748 364 789 dicator
398 761 424 789 a
456 749 648 790 Domino
687 749 743 791 sit
774 749 933 789 missus
966 747 1023 790 ad

191 804 478 855 Evangelium
522 804 867 857 praedicandum.
933 804 1023 845 Pri-

191 874 311 902 mum
337 866 405 903 est
430 862 670 903 auctoritas
695 862 926 911 mittentis,
952 874 1021 903 cu-

191 917 380 969 jusmodi
403 922 470 959 est
490 918 735 968 Pontificis‚
764 923 808 960 et
832 918 1023 960 maxime

191 973 419 1015 Pontificis
438 974 621 1024 Summi,
642 975 717 1027 qui
737 980 804 1016 est
824 974 925 1016 loco
943 975 1022 1016 Pe-

190 1031 263 1079 tri,
287 1030 376 1071 imo
395 1030 419 1071 J
424 1043 501 1071 esu
522 1030 700 1072 Christi:
725 1030 842 1072 unde
868 1031 943 1083 qui
967 1030 1022 1072 ab

193 1099 246 1128 eo
265 1086 461 1136 mittitur,
482 1099 507 1127 a
527 1086 701 1128 Christo
719 1087 916 1129 mittitur.
951 1087 1023 1129 Se-

192 1143 384 1185 cundum
426 1148 494 1185 est
534 1143 655 1185 zelus
697 1144 939 1186 animarum
979 1145 1023 1185 in

190 1203 393 1254 persona,
413 1213 512 1252 quae
529 1201 725 1251 mittitur,
747 1201 923 1253 quando
945 1203 1023 1242 sci—

190 1257 310 1306 licet,
337 1256 642 1309 principaliter
667 1257 826 1309 quaerit
845 1258 929 1298 Dei
947 1257 1022 1299 ho-

190 1316 354 1362 norem,
374 1318 418 1354 et
438 1313 682 1355 animarum
697 1314 894 1356 salutem.
919 1314 1023 1355 Ter-

191 1370 299 1411 tium
321 1375 387 1412 est
407 1370 702 1420 fructificatio,
729 1376 772 1412 et
791 1371 1022 1412 conversio

191 1426 453 1468 auditorum.
480 1427 565 1468 Per
584 1428 775 1479 primum
797 1433 898 1469 sunt
918 1431 1023 1469 min-

192 1484 240 1525 tii
260 1484 419 1533 Patris,
445 1496 525 1536 per
545 1484 787 1526 secundum
806 1484 918 1535 Filii,
944 1497 1024 1538 per

192 1540 369 1582 tertium
389 1541 576 1592 Spiritus
597 1542 748 1583 saneti.
777 1542 845 1583 De
863 1542 1024 1594 primo:

191 1597 279 1638 Pro
316 1597 517 1650 patribus
556 1598 642 1639 tuis
679 1599 771 1639 nati
809 1603 910 1640 sunt
945 1599 1025 1640 tibi

192 1654 281 1694 filii.
323 1655 390 1695 De
417 1654 628 1696 secundo:
658 1655 761 1696 Non
786 1655 902 1696 enim
925 1668 1023 1697 nos-

193 1713 407 1763 metipsos
430 1711 743 1763 praedicamus,
770 1711 850 1753 sed
874 1712 1024 1754 Jesum

195 1767 418 1808 Christum
443 1767 683 1809 Dominum
709 1773 920 1810 nostrum.
956 1769 1024 1810 De

193 1823 342 1865 tertio:
369 1824 503 1865 Posui
522 1836 620 1873 VOS,
647 1829 696 1866 ut
719 1824 844 1874 eatis,
873 1830 916 1867 et
939 1825 1023 1866 fru-

195 1886 314 1922 ctum
347 1880 558 1930 afferatis‚
600 1886 644 1922 et
680 1881 846 1923 fructus
878 1887 1025 1924 vester

194 1939 379 1979 maneat.
406 1937 463 1978 Et
484 1937 558 1989 qui
578 1937 640 1979 sic
658 1938 856 1987 mittitur,
875 1943 1025 1991 potest

195 1992 342 2035 dicere
370 1993 495 2035 illud:
532 1994 721 2046 Spiritus
749 1994 928 2036 Domini
956 2009 1023 2036 su-

163 2081 177 2098 .
193 2062 273 2102 per
291 2063 372 2099 me,
394 2063 446 2092 eo
469 2050 589 2102 quod
610 2051 782 2093 tinxerit
799 2064 880 2092 me.

247 2106 309 2147 Te
328 2106 471 2148 Deum
491 2106 732 2148 laudamus.
751 2108 808 2148 13.

475 2203 558 2245 Die
577 2205 615 2245 9.
634 2204 657 2245 J
660 2204 745 2246 ulii.

260 2266 614 2316 Prodigiorum
634 2269 685 2310 B.
704 2269 882 2312 Mariae
902 2270 958 2312 V.

433 2326 573 2360 alicubi
594 2329 664 2361 sub
683 2329 794 2363 titulo

404 2379 630 2430 Reginae
650 2382 822 2424 Pacis.

458 2443 610 2487 Duplex
630 2446 761 2485 majus

249 2499 385 2533 Omnia
420 2505 457 2533 ut
492 2500 527 2533 in
555 2500 680 2534 Festis
717 2502 753 2534 B
787 2502 830 2534 M.
857 2502 897 2534 X.
932 2503 1024 2548 [133]

198 2559 281 2582 curn
306 2559 411 2591 sequ.

251 2601 293 2633 ln
324 2601 410 2634 A.nt
444 2601 492 2633 ad
523 2600 571 2633 xi
563 2600 677 2642 1,,1111
712 2601 736 2634 Ι.
769 2576 883 2644 Vesp.
918 2608 953 2635 et
987 2603 1020 2635 iu

196 2648 331 2727 ἲΙέηιίἰ.
362 2648 515 2682 dicitur:
544 2654 649 2682 tuam
677 2652 848 2683 sanctam
879 2650 1024 2686 festivi—

254 2703 322 2727 em.

482 192 553 225 Die
571 194 600 225 9.
619 192 723 226 Julii.
750 192 903 234 Prodig.
925 193 963 226 B.
983 192 1028 226 M.
1047 193 1090 227 V.
1105 213 1117 217 -
1134 195 1189 227 Ss.
1209 193 1361 227 Nicolai
1381 199 1416 227 et
1433 194 1517 228 Soc.
1536 194 1621 228 Mm.

1352 291 1522 333 Eadem
1538 290 1634 333 Die.

1182 356 1251 396 Ss.
1270 355 1465 396 Nicolai
1486 360 1529 395 et
1549 355 1807 398 Sociorum

1262 409 1404 461 Marty
1408 423 1502 450 rum
1523 410 1728 451 Gorcom.

1411 471 1575 514 Duplex.

1134 523 1271 557 Omnia
1309 523 1355 557 de
1387 523 1531 558 Comm.
1569 524 1666 567 plur.
1696 523 1804 558 Mart.
1835 523 1906 567 [35]

1080 577 1220 614 praeter
1243 572 1454 616 sequentia.

1418 625 1580 666 Oratio.

1168 691 1262 728 eus,
1290 679 1364 730 qui
1389 681 1641 720 sanctorum
1665 679 1908 732 Martyrum

1176 738 1353 777 tuorum
1388 735 1564 777 Nicolai
1601 740 1645 778 et
1677 736 1909 778 Sociorum

1077 793 1168 844 ejus
1191 792 1436 844 gloriosum
1460 805 1543 845 pro
1566 792 1654 834 fide
1677 798 1753 834 tua
1771 795 1908 835 certa-

1076 862 1177 891 men
1205 849 1464 890 aeternitatis
1494 848 1645 891 latirea
1671 848 1908 892 decorasti:

1077 904 1272 947 concede
1291 905 1527 958 propitius3
1545 911 1594 948 ut
1613 907 1767 948 eorum
1783 906 1908 947 meri-

1077 963 1134 1004 tis
1159 968 1203 1004 et
1227 962 1489 1012 imitatione,
1515 964 1736 1004 certantes
1758 962 1802 1004 in
1824 967 1908 1005 ter-

1077 1019 1154 1069 ris,
1181 1032 1280 1061 cum
1302 1019 1411 1072 ipsis
1436 1019 1640 1061 coronari
1664 1021 1910 1061 mereamur

1076 1077 1120 1117 in
1140 1077 1274 1118 coelis.
1301 1077 1386 1117 Per
1405 1076 1653 1118 Dominum.

1132 1138 1175 1172 In
1205 1138 1231 1171 I.
1260 1138 1461 1171 Nocturno
1495 1137 1698 1171 Lectiones
1732 1138 1779 1172 de
1809 1137 1907 1173 Scri-

1079 1191 1190 1229 ptura
1216 1190 1449 1220 occurrente.

1311 1248 1360 1286 In
1384 1247 1434 1286 ΙΙ.
1459 1247 1683 1286 Nocturno.

1383 1308 1418 1347 Ι
1422 1308 1534 1348 ectio
1554 1308 1606 1348 iv.

1085 1368 1368 1431 -aeculum
1387 1366 1605 1410 decimum
1624 1373 1798 1410 sextum
1815 1368 1910 1410 Cal-

1082 1405 1173 1480 '525'152
1196 1425 1384 1466 vinianae
1403 1424 1636 1478 pravitatis
1651 1423 1910 1467 tumultibus

1098 1478 1173 1508 ³³⁴2*
1195 1481 1497 1532 memorabile,
1526 1482 1696 1534 insigne
1716 1481 1910 1524 christia-

1077 1550 1146 1579 nae
1172 1538 1477 1580 fortitudinis·
1466 1552 1510 1579 1n
1533 1539 1688 1590 Belgio
1714 1538 1815 1580 tulit
1839 1551 1910 1580 ex-

1079 1594 1283 1647 emplum.
1324 1595 1454 1637 Anno
1489 1594 1707 1648 siquidem
1737 1595 1911 1637 millesi-

1077 1664 1151 1692 mo
1194 1652 1544 1704 quingentesimo
1585 1652 1910 1704 septuagesimo

1078 1707 1292 1757 secundo,
1337 1708 1641 1751 novemdecim
1682 1709 1911 1761 Martyres,

1077 1764 1211 1815 vulgo
1241 1764 1601 1815 Gorcomienses‚
1636 1765 1681 1806 in
1711 1765 1909 1808 cruciati-

1077 1820 1161 1863 bus
1207 1820 1491 1871 sustinendis,
1542 1835 1625 1875 pro
1672 1821 1911 1864 asserenda

1078 1878 1186 1920 reali
1212 1878 1422 1931 Corporis
1449 1877 1611 1929 Christi
1635 1879 1680 1920 in
1704 1878 1910 1920 Euchari—

1078 1935 1162 1976 stia
1180 1935 1431 1988 praesentia,
1452 1948 1503 1977 ac
1523 1935 1714 1977 Romani
1730 1935 1909 1978 Pontifi-

1078 1991 1141 2033 cis
1168 1991 1351 2034 visibilis
1374 1992 1587 2034 Ecclesiae
1613 1992 1771 2045 eapitis
1795 1992 1910 2046 prin-

1079 2048 1229 2101 cipatu
1299 2048 1577 2099 singulariter
1650 2049 1910 2091 enituerunt.

1078 2105 1215 2146 Erant
1253 2105 1283 2146 ii
1321 2105 1532 2147 Nicolaus
1567 2105 1747 2147 Pickius
1784 2117 1908 2157 guar-

1079 2161 1251 2212 dianus‚
1287 2175 1387 2203 cum
1415 2161 1511 2203 aliis
1540 2167 1642 2205 octo
1671 2161 1908 2204 sacerdoti-

1077 2217 1176 2268 buS‚
1209 2224 1253 2260 et
1281 2218 1456 2260 duobus
1483 2219 1606 2260 laicis
1635 2217 1801 2260 ordinis
1828 2219 1909 2260 fra-

1077 2280 1193 2317 trum
1236 2275 1456 2316 Minorum
1503 2275 1558 2318 de
1603 2274 1910 2317 Observantia:

1076 2337 1167 2374 tres
1186 2331 1384 2384 parochi:
1409 2345 1520 2373 unus
1546 2331 1754 2374 sacerdos
1774 2345 1909 2374 saecu-

1077 2388 1191 2439 laris,
1211 2388 1320 2430 alter
1335 2389 1572 2431 canonicus
1587 2388 1800 2440 regularis
1815 2401 1908 2430 san-

1079 2445 1137 2487 cti
1163 2445 1416 2496 Augustini:
1442 2445 1758 2487 Dominicanus
1785 2458 1909 2494 unuS‚

1078 2507 1122 2543 et
1163 2502 1254 2543 bini
1289 2502 1751 2544 Praemonstratenses:
1797 2515 1909 2555 quos

1078 2570 1230 2600 omnes
1276 2563 1381 2611 post
1425 2559 1538 2600 arcis
1580 2558 1908 2600 Gorcomiensis

1078 2614 1347 2656 deditionem
1366 2614 1587 2666 foedifragi
1605 2615 1800 2657 haeretici
1819 2627 1908 2657 car-

1078 2670 1261 2721 ceribus,
1280 2671 1555 2713 contumeliis
1575 2671 1907 2723 durissimisque

1077 2728 1319 2778 tormentis,
1343 2741 1426 2780 pro
1447 2740 1527 2770 suo
1550 2728 1594 2769 in
1614 2727 1907 2770 orthodoxam
