2040 2976
671 205 742 238 Die
771 204 818 237 16.
843 203 948 236 Julii.
996 201 1197 243 Triumphi
1224 200 1258 233 S.
1284 199 1429 233 Crucis.

194 303 285 344 Aut
319 302 417 354 quis
451 299 692 342 descendet
718 299 763 340 in
792 297 1023 352 abyssum?

195 360 279 401 hoc
299 363 385 407 est,
413 357 633 399 Christum
653 369 678 397 a
696 356 882 397 mertuis
902 368 1024 398 revo-

195 418 306 458 care.
367 414 455 456 Sed
493 412 600 466 quid
636 411 743 455 dicit
778 412 1024 465 Scriptura?

195 473 341 525 Prope
360 476 432 513 est-
446 469 630 512 verbum
649 470 692 510 in
713 482 791 511 ore
810 474 900 519 tuo,
919 475 963 512 et
981 470 1025 510 in

195 528 330 571 corde
357 533 452 569 tuo:
484 526 571 568 hoc
600 531 667 568 est
694 525 878 568 verbum
906 525 1025 574 fidei,

198 584 317 638 quod
343 582 650 637 praedicamus.
690 583 803 633 Quia
830 583 867 623 si
894 581 1025 623 confi-

195 641 330 683 tearis
349 641 393 681 in
413 652 489 681 ore
511 644 589 680 tuo
609 639 847 680 Deminum
865 639 890 680 J
894 651 1026 688 esum,

197 703 240 740 et
267 698 311 738 in
339 696 475 738 corde
503 701 581 738 tuo
611 695 870 745 credideris,
908 695 1027 747 quod

196 755 318 796 Deus
349 754 472 795 illum
505 753 735 795 suscitavit
767 766 792 794 a
823 752 1027 802 mertuis‚

198 811 345 853 salvus
364 811 460 852 eris.

251 879 301 930 R.
316 877 434 918 Ecce
454 887 535 926 ego
554 875 681 916 mitto
697 888 777 916 vos
793 875 905 916 sicut
922 887 1027 916 oves

198 934 244 974 in
262 932 410 974 medio
430 932 652 985 luperum‚
672 931 778 973 dicit
796 931 1028 973 Deminus:

199 995 221 1018 *
241 990 397 1031 Estete
417 1001 523 1040 ergo
542 989 783 1042 prudentes
810 989 923 1030 sicut
941 1001 1027 1030 ser-

197 1048 370 1100 pentes,
400 1051 445 1087 et
474 1045 698 1098 simplices
725 1045 839 1087 sicut
866 1044 1028 1086 colum-

198 1103 279 1145 bae.
330 1100 380 1150 V.
404 1102 521 1143 Dum
548 1100 695 1143 lucem'
719 1101 909 1151 habetiS‚
938 1103 1028 1143 cre-

198 1159 289 1201 dite
321 1159 364 1199 in
396 1159 556 1208 lucem,
593 1163 641 1200 ut
673 1158 751 1199 filii
782 1158 891 1199 lucis
924 1158 1028 1200 sitis.

198 1217 365 1258 Estete.

510 1289 660 1330 Lectio
681 1288 720 1327 ii.

202 1356 385 1464 Corde
401 1360 516 1401 enim
532 1359 725 1401 creditur
741 1359 797 1401 ad
808 1359 1030 1412 justitiam:

291 1430 367 1459 ore
393 1421 541 1457 autem
566 1416 785 1458 confessio
810 1416 860 1458 fit
885 1415 942 1457 ad
965 1428 1029 1457 sa-

198 1474 345 1516 lutem.
396 1473 514 1514 Dicit
549 1474 664 1515 enim
696 1473 939 1526 Scriptura:
976 1473 1031 1514 0-

199 1531 327 1580 mnis,
347 1530 422 1582 qui
442 1529 582 1571 credit
601 1530 646 1570 in
664 1529 802 1579 illum,
822 1542 910 1572 non
931 1542 1031 1571 con-

200 1586 415 1629 fundetur.
449 1586 553 1628 Non
578 1586 694 1627 enim
720 1592 787 1628 est
808 1586 1032 1628 distinctio

199 1643 342 1685 Judaei
366 1649 410 1685 et
430 1643 593 1685 Graeci:
618 1656 719 1684 nam
743 1643 860 1684 idem
884 1643 1032 1684 Demi-

200 1713 280 1741 nus
301 1700 512 1749 emnium,
540 1698 666 1741 dives
691 1700 734 1740 in
761 1712 931 1749 omnes,
959 1700 1034 1752 qui

200 1759 409 1798 invocant
432 1756 566 1797 illum.
601 1756 756 1797 Omnis
781 1757 914 1806 enim,
942 1756 1031 1809 qui-

202 1816 390 1864 cumque
433 1813 704 1854 invocaverit
745 1825 906 1854 nomen
943 1813 1031 1854 De-

201 1869 322 1918 mini,
351 1868 499 1910 salvus
528 1869 620 1911 erit.
661 1869 898 1919 Quemodo
927 1882 1031 1920 ergo

201 1925 486 1976 invocabunt,
511 1926 555 1967 in
580 1939 710 1978 quem
729 1939 818 1967 non
838 1925 1032 1968 credide-

202 1982 325 2024 runt?
368 1982 458 2024 Aut
495 1982 722 2036 quomodo
758 1982 940 2024 credent
977 1983 1033 2032 ei,

204 2051 334 2090 quem
366 2051 455 2080 non
484 2037 740 2081 audierunt?
797 2038 1033 2090 Quomodo

204 2100 350 2137 autem
391 2094 571 2138 audient
610 2096 703 2137 sine
739 2094 1033 2149 praedicante?

204 2151 439 2202 Quomodo
464 2165 571 2194 vero
597 2152 920 2205 praedicabunt,
951 2153 1035 2194 nisi

203 2207 457 2249 mittantur?
518 2210 632 2251 sicut
686 2209 900 2262 scriptum
954 2214 1035 2251 est:

205 2265 347 2315 Quam
365 2266 556 2318 speciesi
575 2265 713 2319 pedes
735 2266 1034 2317 evangelizan-

204 2321 1035 2374 tiumpacem,evangelizantiumbona!

259 2391 309 2443 R.
348 2386 511 2429 Tellite
545 2387 691 2438 jugum
724 2400 870 2429 meum
904 2400 1037 2440 super

205 2455 304 2492 vos,
337 2442 444 2485 dicit
476 2444 710 2493 D6minus,
744 2449 787 2485 et
821 2444 978 2486 discite
1011 2457 1037 2486 a

205 2512 286 2550 me,
307 2500 410 2552 quia
428 2500 546 2542 mitis
567 2513 674 2550 sum,
694 2506 738 2541 et
751 2500 926 2542 humilis
942 2513 1035 2542 cor-

207 2555 277 2598 de:
294 2560 316 2584 *
330 2557 355 2597 J
358 2569 491 2608 ugum
511 2557 627 2598 enim
645 2569 791 2598 meum
808 2559 942 2598 suave
958 2562 1036 2606 est,

207 2618 251 2654 et
284 2625 394 2654 onus
426 2626 572 2654 meum
602 2613 710 2654 leve.
754 2612 803 2659 V.
835 2613 891 2654 Et
920 2614 1036 2654 inve-

207 2669 334 2711 nietis
371 2670 570 2721 requiem
607 2668 835 2710 animabus
866 2669 1037 2710 vestris.

207 2725 229 2765 J
232 2738 365 2777 ugum
385 2727 511 2767 enim.

1386 294 1538 334 Lectio
1557 293 1611 332 iii.

1084 348 1206 455 Sed
1233 364 1320 394 non
1349 365 1501 394 omnes
1529 351 1743 395 obediunt
1766 351 1906 393 Evan-

1160 409 1286 462 gelio.
1322 409 1461 450 Isaias
1482 409 1597 451 enim
1617 408 1738 451 dicit:
1757 407 1906 449 Demi-

1078 480 1132 509 ne
1173 467 1270 520 quis
1308 465 1495 508 credidit
1530 464 1699 508 auditui
1730 463 1908 507 nostro?

1078 525 1196 575 Ergo
1224 522 1335 565 fides
1362 536 1417 565 ex
1441 521 1610 572 auditu,
1637 520 1813 563 auditus
1837 534 1909 563 au-

1078 587 1168 624 tem
1187 593 1268 634 per
1285 580 1470 622 verbum
1488 579 1659 621 Christi.
1685 578 1774 620 Sed
1793 577 1911 620 dico:

1078 637 1305 690 Numquid
1332 636 1421 678 nOn
1449 634 1701 678 audierunt?
1734 635 1791 677 Et
1819 635 1909 688 qui-

1080 695 1182 737 dem
1213 695 1258 735 in
1286 706 1463 736 omnem
1489 698 1653 734 terram
1682 691 1817 734 exivit
1843 704 1911 734 so-

1079 766 1161 794 nus
1182 754 1352 801 eorum,
1382 755 1426 792 et
1449 750 1493 791 in
1511 749 1622 791 fines
1642 749 1762 791 orbis
1780 754 1911 791 terrae

1080 809 1216 851 verba
1237 811 1401 850 eorum.
1435 806 1523 848 Sed
1542 806 1660 848 dico:
1684 805 1912 858 Numquid

1080 866 1218 908 Israel
1244 878 1332 907 non
1360 862 1593 915 cognevit?
1621 863 1793 904 Primus
1821 862 1912 903 Μό-

1080 936 1182 976 yses
1215 921 1334 964 dicit:
1369 922 1466 972 Ego
1499 918 1557 961 ad
1588 919 1914 961 aemulationem

1082 993 1162 1022 vos
1194 978 1413 1021 adducam
1445 979 1489 1019 in
1520 990 1609 1018 non
1640 981 1831 1028 gentem:
1867 975 1912 1016 in

1081 1042 1257 1088 gentem
1287 1035 1580 1088 insipientem,
1618 1034 1663 1074 in
1691 1033 1801 1074 iram
1831 1044 1913 1073 vos

1081 1095 1264 1136 mittam.
1323 1093 1462 1134 Isaias
1499 1095 1647 1132 autem
1682 1089 1833 1139 audet,
1869 1094 1914 1130 et

1083 1150 1202 1194 dicit:
1246 1150 1364 1192 Tota
1409 1148 1479 1191 die
1525 1146 1715 1200 expandi
1758 1158 1913 1187 manus

1082 1221 1203 1250 meas
1228 1207 1285 1249 ad
1306 1206 1519 1260 populum
1539 1218 1630 1247 non
1649 1202 1913 1252 credentem,

1084 1270 1127 1308 et
1147 1264 1535 1307 contradicentem.

1141 1324 1190 1374 Ra
1215 1323 1333 1364 Dum
1352 1319 1572 1364 steteritis.
1592 1318 1644 1372 [7]

1141 1386 1183 1419 In
1207 1385 1252 1419 II.
1277 1384 1387 1418 Noct.
1416 1382 1518 1417 Lect.
1542 1381 1739 1426 Scriptum
1766 1386 1834 1417 est.
1869 1383 1916 1418 de

1088 1434 1232 1468 Comm.
1258 1433 1396 1476 Apost.
1418 1432 1467 1476 [9]

1139 1482 1311 1517 Homilia
1336 1483 1374 1516 in
1398 1483 1544 1525 Evang.
1572 1482 1718 1516 Euntes
1747 1479 1787 1514 in
1810 1489 1916 1513 mun-

1086 1529 1187 1564 dum.
1213 1535 1254 1565 ut
1284 1531 1322 1564 in
1346 1531 1548 1565 Breviario
1575 1530 1637 1564 die
1662 1530 1694 1564 8.
1720 1530 1818 1572 Aug.
1837 1526 1915 1562 487.
1992 1570 1997 1575 ¹

1088 1589 1172 1613 cum
1198 1579 1278 1622 RR„
1304 1579 1351 1613 de
1376 1579 1521 1614 Comm.
1546 1579 1684 1622 Apost.
1706 1575 1776 1619 [11]

1353 1656 1438 1697 Die
1459 1656 1518 1696 16.
1538 1655 1563 1696 J
1565 1654 1652 1696 ulii.

1229 1720 1494 1772 Triumphi
1517 1718 1772 1761 S:·Grucis.

1348 1779 1503 1822 Duplex
1526 1779 1660 1822 majus.

1306 1833 1368 1874 In
1388 1833 1425 1874 1.
1449 1831 1701 1884 vesperis,

1143 1893 1231 1926 Ant.
1255 1895 1291 1926 et
1313 1891 1437 1935 Capit.
1461 1891 1507 1926 de
1525 1891 1644 1925 Laud.
1666 1889 1774 1933 [337];
1799 1890 1861 1925 Ps.
1877 1890 1919 1925 ut

1090 1941 1127 1974 in
1145 1940 1171 1975 I.
1189 1940 1305 1984 Vesp.
1323 1940 1370 1974 de
1389 1939 1594 1975 Communi
1610 1940 1748 1983 Apost.
1765 1937 1813 1981 [2]

1141 1994 1352 2045 Hymnus.
1405 1991 1578 2033 Vexilla
1624 1991 1741 2042 regis
1785 1990 1916 2044 pred·-

1087 2053 1202 2090 eunt.
1225 2049 1318 2089 278.

1142 2103 1192 2154 V.
1218 2104 1468 2148 Adoramus
1492 2110 1536 2147 te
1562 2105 1751 2156 Christe,
1777 2110 1822 2147 et
1845 2105 1917 2147 be-

1087 2161 1331 2204 nedicimus
1358 2162 1448 2204 tibi.
1495 2164 1547 2215 R.
1580 2162 1691 2212 Quia
1718 2175 1798 2215 per
1826 2174 1918 2204 cru-

1089 2231 1184 2260 cem
1203 2224 1324 2261 tuam
1343 2217 1570 2261 redemisti
1588 2218 1810 2261 mundum.

1143 2276 1214 2318 Ad
1234 2276 1408 2327 Magnis.
1437 2277 1537 2317 Ant.
1566 2276 1603 2318 O
1625 2275 1756 2325 Crux,
1776 2274 1918 2328 splen-

1089 2331 1234 2373 didior
1258 2332 1426 2374 cunctis
1451 2332 1596 2382 astris,
1619 2331 1784 2373 mundo
1809 2331 1917 2373 cele-

1088 2388 1197 2439 bris,
1225 2388 1475 2431 hominibus
1501 2389 1686 2430 multum
1709 2387 1919 2438 amabilis,

1089 2445 1283 2487 sanctior
1307 2445 1537 2495 universis,
1565 2458 1664 2497 quae
1684 2444 1779 2487 sola
1801 2444 1919 2486 fuisti

1090 2501 1222 2553 digna
1266 2504 1448 2555 portare
1499 2501 1711 2543 talentum
1753 2499 1919 2542 mundi:

1090 2557 1218 2599 dulce
1244 2557 1425 2609 lignum,
1459 2557 1610 2599 dulces
1635 2557 1802 2607 clavos,
1827 2555 1919 2598 dul-

1089 2614 1156 2655 cia
1175 2614 1321 2656 ferens
1344 2613 1558 2667 pendera:
1583 2613 1705 2655 salva
1727 2615 1918 2666 praesen-

1089 2675 1178 2711 tem
1204 2672 1425 2712 catervam
1450 2671 1493 2711 in
1517 2669 1604 2712 tuis
1627 2669 1759 2711 hedie
1782 2667 1919 2710 laudi-

1088 2726 1171 2767 bus
1191 2729 1512 2778 congregatam.
