2040 2976
612 250 683 284 Die
710 251 758 284 16.
784 250 889 284 Julii.
936 250 1139 294 Triumphi
1164 252 1198 287 S.
1225 253 1370 287 Crucis

138 344 387 395 tenebatur,
414 344 557 397 primo
582 347 750 398 impetu
775 345 967 398 capiunt.

139 401 327 443 Alarcos
346 400 507 442 deinde
528 400 708 451 ducunt,
727 402 803 444 ubi
823 415 870 444 se
889 414 968 443 rex

138 457 224 499 illis
257 457 472 499 Navarrae
508 458 743 509 conjunxit.
796 458 967 500 Maure-

138 527 236 556 rum
262 526 356 563 rex,
386 513 460 566 qui
484 513 706 565 ingentem
735 515 968 556 Giennium

139 573 422 614 contraxerat
437 571 686 621 exercitum,
703 571 778 613 ubi
790 577 968 614 nostros

139 627 356 681 cemperit
399 627 443 668 in
487 626 710 669 radicibus
754 629 969 670 montium

139 683 409 734 consedisse,
429 683 651 736 equitatus
669 690 841 737 partem
859 699 967 738 prae-

138 742 272 791 misit,
302 753 402 793 quae
427 740 642 782 mentium
666 741 722 783 ad
746 743 969 793 angustias

138 797 456 851 incompositos
507 797 677 839 insidiis
729 801 969 851 exciperet,

140 855 237 908 ipse
272 854 449 896 lentieri
484 854 623 906 gradu
664 868 763 896 cum
799 855 968 909 reliquo

141 911 424 964 subsequitur
452 912 659 953 exercitu.
714 912 969 965 Alphensus

138 974 287 1011 tamen
323 981 403 1010 rex
437 968 632 1020 equitum
664 970 749 1021 jam
780 975 970 1012 turmam

139 1028 319 1067 miserat
339 1025 395 1067 ad
418 1038 591 1067 summa
608 1027 823 1068 mentium
843 1040 968 1069 occu-

141 1082 306 1136 panda,
333 1082 407 1133 qui
429 1082 591 1133 fugatis
611 1085 787 1125 strenue
806 1084 970 1125 Mauris

140 1139 303 1181 montis
334 1138 562 1191 planitiem
595 1139 759 1191 (Navas
791 1141 969 1182 Tolosae

140 1197 315 1247 vocant)
334 1198 530 1245 tenuere,
558 1197 714 1238 castris
733 1197 879 1239 locum
898 1196 969 1239 de-

141 1252 298 1305 legere.
352 1253 502 1294 Laetus
538 1253 812 1306 Alphensus,
850 1255 971 1307 quod

141 1310 368 1351 cacumina
392 1310 460 1351 sui
484 1311 699 1352 montium
723 1311 970 1364 profligatis

140 1366 342 1409 hostibus
367 1369 625 1418 tenuissent,
655 1381 829 1410 omnem
852 1369 972 1420 jubet

141 1423 381 1466 exercitum
414 1437 468 1466 eo
501 1425 809 1467 conscendere.
850 1425 970 1466 Diffi-

141 1480 235 1522 cilis
261 1480 500 1523 admodum
524 1487 618 1524 erat
639 1484 863 1532 ascensuS‚
892 1482 971 1524 sed

141 1550 167 1578 a
195 1537 346 1590 peritis
374 1537 574 1579 locorum
603 1539 826 1581 turmatim
852 1539 971 1581 ducti

142 1593 199 1635 ad
230 1594 404 1645 fastigia
441 1596 603 1636 montis
636 1609 789 1638 omnes
824 1598 970 1637 evase-

141 1655 253 1700 runt,
275 1656 319 1693 et
338 1664 392 1693 eo
412 1651 485 1694 die
503 1653 797 1706 proximeque
817 1653 971 1706 praelio

142 1707 455 1750 abstinuerunt.
508 1709 654 1752 Nocte
682 1710 842 1761 media,
872 1723 970 1762 quae

142 1763 258 1806 diem
284 1778 310 1807 a
333 1768 543 1819 superato
564 1772 713 1809 monte
734 1768 973 1810 secundam

142 1826 210 1863 est
229 1826 477 1874 consecuta,
498 1823 722 1866 christiani
738 1837 846 1866 voce
861 1837 971 1878 prae-

142 1878 265 1920 conis
296 1878 499 1931 jubentur
527 1886 697 1922 mentes
724 1894 804 1934 per
833 1894 972 1923 sacra-

141 1935 377 1977 mentalem
403 1937 725 1979 confessionem
750 1938 973 1987 mundare,

143 1993 331 2045 corpora
350 1996 513 2044 curare,
533 2008 664 2045 arma,
684 2007 822 2047 equos
843 2008 971 2047 expe-

144 2046 248 2098 dire,
269 2049 440 2100 signum
458 2064 618 2104 pugnae
638 2052 779 2105 prima
797 2051 894 2092 luce
912 2051 972 2092 in-

142 2105 252 2147 tenti
272 2110 542 2160 exspectare.
577 2109 707 2160 Quod
730 2114 821 2150 tam
840 2108 972 2150 emni-

143 2174 217 2202 um
248 2162 407 2215 plausu
437 2166 817 2218 gratulationeque
851 2166 972 2206 exce-

144 2222 268 2282 ptum
293 2224 374 2269 est,
405 2226 456 2262 ut
479 2227 671 2272 noctem,
703 2221 824 2274 quod
846 2220 973 2263 tarda

143 2280 237 2325 1ret‚
254 2275 514 2320 incusarent.

194 2335 246 2387 Rz.
275 2332 391 2374 Crux
415 2334 531 2375 alma
556 2334 708 2386 fulget,
737 2347 816 2387 per
843 2347 973 2386 quam

144 2387 262 2429 salus
293 2388 467 2431 reddita
499 2395 566 2431 est
596 2390 776 2432 mundo:
798 2391 820 2416 *
857 2391 973 2432 Crux

144 2444 317 2496 repellit
371 2458 500 2487 omne
553 2447 732 2496 crimen,
792 2446 973 2499 alleluja.

143 2500 194 2552 V.
215 2501 332 2543 Crux
352 2503 495 2553 vincit,
517 2504 634 2545 Crux
653 2508 817 2554 regnat.
848 2503 973 2545 Crux.

445 2562 598 2603 Lectio
618 2561 671 2602 vi.

148 2613 297 2721 Orta
324 2614 422 2656 luce
451 2621 494 2657 et
522 2628 547 2656 a
574 2616 721 2657 multis
753 2627 877 2656 sacra
905 2628 972 2656 ac-

255 2672 384 2723 cepta
427 2672 720 2721 Eucharistia,
771 2672 826 2713 ab
879 2671 974 2712 aliis

145 2726 512 2780 archiepiscopali
539 2728 846 2770 benedictione
873 2727 973 2769 loco

146 2784 464 2825 communienis
483 2786 700 2836 suscepta,
719 2783 974 2836 Alphensus

1021 345 1191 387 eductis
1218 346 1420 388 emnibus
1449 347 1590 399 cepiis
1621 347 1760 389 aciem
1788 348 1847 388 in-

1021 403 1194 452 struxit,
1227 416 1353 444 curas
1381 403 1493 445 inter
1519 416 1646 455 reges
1672 417 1724 446 ac
1748 406 1847 457 pro-

1021 471 1144 500 ceres
1162 460 1352 511 partivit.
1383 460 1515 502 Haud
1532 466 1679 502 tamen
1699 466 1848 514 potest

1022 516 1272 557 summatim
1291 516 1391 567 dici,
1422 530 1552 570 quem
1576 518 1762 571 quisque
1787 518 1847 558 lo-

1022 586 1121 614 cum
1148 573 1351 623 tenuerit,
1381 586 1512 626 quam
1540 575 1724 627 quisque
1751 588 1848 628 par-

1021 634 1111 671 tem
1142 629 1349 671 tuendam
1382 632 1619 683 acceperit:
1654 632 1761 673 satis
1795 644 1849 673 ex

1022 688 1180 727 eventu
1198 689 1480 740 perspicuum
1500 693 1566 729 est
1581 689 1725 730 emnia
1738 701 1848 741 prae-

1022 743 1252 785 clarissimi
1289 743 1410 785 ducis
1448 744 1666 797 Alphensi
1702 745 1849 786 munia

1021 801 1258 842 fortissime
1310 801 1719 854 sapientissimeque
1774 801 1848 844 ob-

1020 857 1135 899 iisse.
1171 858 1397 899 Consertis
1416 858 1547 908 igitur
1565 858 1766 900 manibus
1786 861 1849 910 (ut

1022 914 1191 966 reliqua
1219 927 1332 955 nunc
1361 916 1709 967 praetermittam)
1744 916 1849 957 acri-

1022 976 1089 1013 ter
1116 975 1358 1024 pugnatum
1387 977 1469 1021 est,
1498 974 1749 1025 ancepsque
1775 973 1851 1014 diu

1022 1028 1207 1070 victeria
1238 1029 1334 1078 fuit,
1368 1028 1481 1070 adeo
1514 1033 1563 1070 ut
1594 1029 1850 1082 Alphensus

1023 1098 1101 1126 rex
1133 1084 1189 1127 ad
1221 1085 1486 1127 Toletanum
1519 1086 1757 1127 antistitem
1791 1086 1851 1128 di-

1024 1147 1159 1183 ceret:
1185 1142 1274 1194 Eja,
1300 1141 1643 1195 archiepiscope,
1670 1142 1740 1184 hic
1758 1156 1850 1193 nos,

1023 1197 1093 1239 hic
1106 1199 1354 1240 moriamur.
1384 1199 1465 1240 Cui
1479 1198 1852 1252 archiepiscopus:

1023 1255 1315 1308 Nequaquam
1334 1255 1585 1305 moriemur,
1606 1268 1632 1297 o
1652 1269 1744 1307 rex,
1763 1257 1850 1297 imo

1024 1311 1207 1354 feliciter
1226 1312 1461 1354 vincemus.
1495 1311 1625 1362 Quod
1645 1318 1688 1354 et
1708 1313 1850 1354 faven-

1023 1368 1142 1410 tibus
1188 1370 1357 1422 superis
1403 1369 1567 1411 factum
1609 1374 1685 1411 est.
1737 1370 1851 1411 Nam

1023 1425 1165 1470 Mauri
1210 1427 1314 1468 victi
1359 1439 1410 1467 ac
1455 1426 1677 1467 occisiene
1718 1427 1852 1467 occisi

1025 1490 1135 1526 sunt.
1196 1484 1293 1524 Rex
1335 1485 1487 1524 eerum
1529 1496 1627 1524 cum
1663 1485 1852 1535 quatuor

1026 1540 1245 1594 equitibus
1265 1539 1424 1593 pro'elio
1444 1540 1546 1590 fuga
1565 1552 1612 1581 se
1631 1539 1852 1581 subduxit.

1024 1599 1226 1640 Ducenta
1258 1596 1392 1637 millia
1420 1596 1672 1638 Maurarum
1706 1599 1853 1638 occisa

1023 1657 1342 1704 memorantur,
1382 1667 1481 1695 cum
1514 1667 1568 1696 ex
1600 1654 1762 1696 nostris
1795 1654 1853 1695 vi-

1025 1713 1133 1763 ginti
1163 1712 1354 1764 quinque
1388 1711 1529 1752 solum
1556 1711 1715 1752 fuerint
1743 1710 1853 1753 desi-

1027 1768 1178 1810 derati.
1202 1769 1401 1820 Miraque
1420 1769 1464 1808 in
1478 1767 1565 1809 hoc
1578 1768 1737 1821 pro'elio
1754 1781 1853 1809 con-

1026 1826 1229 1876 tigerunt.
1268 1825 1487 1866 Numerus
1520 1824 1708 1877 primum
1742 1825 1852 1866 occi-

1027 1884 1177 1923 serum
1200 1882 1244 1922 in
1269 1886 1391 1923 tanta
1416 1881 1638 1934 paucitate
1659 1880 1853 1922 christia-

1026 1941 1194 1980 norum.
1223 1939 1339 1980 Crux
1357 1938 1463 1979 item
1481 1938 1524 1978 in
1543 1937 1688 1978 medio
1706 1938 1853 1978 confli-

1027 2000 1117 2044 ctu,
1145 2008 1244 2036 cum
1271 1994 1410 2036 nostri
1436 1994 1625 2035 maxime
1652 1993 1854 2035 laborare

1026 2050 1294 2102 viderentur,
1328 2050 1560 2104 Alphenso
1591 2050 1853 2103 quampluri-

1027 2110 1197 2160 misque
1218 2108 1313 2149 aliis
1332 2108 1427 2149 visa
1446 2112 1513 2148 est
1531 2107 1574 2147 in
1594 2109 1704 2148 aere.
1738 2107 1853 2148 Prae-

1026 2166 1147 2206 terea
1179 2165 1312 2213 Crux,
1355 2177 1454 2216 quae
1484 2164 1722 2217 praesulem
1753 2170 1852 2207 ante

1026 2220 1290 2263 Toletanum
1326 2221 1380 2262 de
1421 2234 1545 2263 more
1580 2221 1852 2273 gestabatur,

1026 2277 1093 2319 bis
1126 2277 1348 2328 (incelumi
1379 2278 1585 2329 signifero
1619 2278 1851 2320 Dominico

1025 2334 1282 2385 Paschasio,
1310 2334 1540 2376 Toletanae
1565 2335 1764 2377 ecclesiae
1785 2347 1850 2375 ca-

1026 2391 1199 2442 nonico)
1220 2391 1359 2432 aciem
1377 2390 1571 2432 hestium
1590 2390 1761 2433 sublata
1779 2403 1851 2443 pe-

1026 2447 1227 2488 netravit.
1262 2447 1464 2500 Denique
1489 2445 1546 2488 ad
1570 2446 1852 2500 praesentiam

1026 2503 1226 2554 imaginis
1270 2503 1415 2545 beatae
1453 2503 1645 2554 Virginis
1691 2503 1852 2553 Mariae,

1029 2572 1127 2611 quae
1146 2560 1190 2600 in
1208 2560 1380 2601 vexillis
1402 2560 1533 2611 regiis
1552 2558 1727 2611 depicta
1747 2564 1851 2609 erat,

1026 2616 1178 2666 ingens
1209 2617 1462 2658 Maurorum
1492 2613 1727 2656 multitudo
1759 2617 1851 2656 cer-

1026 2672 1123 2712 ruit.
1187 2673 1332 2722 Quare
1368 2677 1411 2714 et
1448 2670 1568 2724 quod
1605 2670 1851 2712 christianis

1027 2728 1276 2780 symbolum
1308 2741 1359 2769 ac
1390 2729 1558 2777 insigne
1592 2727 1709 2768 Crux
1741 2731 1851 2776 erat,

1027 2784 1276 2838 triumphus
1329 2788 1494 2826 sanctae
1549 2783 1700 2824 Crucis
1755 2782 1852 2825 haec
