2040 2976
188 201 257 236 548

481 200 550 233 Dic
575 200 630 233 241.
656 200 753 241 Aug.

189 294 584 345 Longobarderum
607 307 720 346 rege,
742 307 901 345 magno
925 296 1020 347 pre-

189 351 252 392 tio
280 350 578 404 redemptum,
608 351 810 392 Ticinum
836 351 1019 393 transla—

189 412 282 448 tum
310 412 393 457 est,
424 407 574 459 ibique
602 407 844 449 honorifice
873 406 1020 448 condi·

189 469 292 505 tum.

241 521 291 571 Rg.
310 520 402 562 Iste
421 524 489 562 est
508 520 593 572 qui.
612 520 696 572 [54]

240 587 281 620 ln
305 587 367 621 III.
392 587 590 621 Nocturno
616 588 787 621 Homilia
811 588 846 621 in
870 587 1014 628 Evang.

189 634 264 672 Vos
285 637 378 672 estis
396 637 455 672 sal
471 641 594 673 terrae,
622 636 668 669 de
687 635 889 669 Communi
907 634 1015 668 Doct.

190 683 216 715 ].
234 683 332 716 loco.
359 685 428 729 [64]

242 739 282 772 In
310 739 428 773 Laud.
458 740 498 773 fit
526 751 722 774 commem.
753 740 787 774 S.
814 737 1015 772 Hermetis.

242 796 341 835 Ant.
370 796 456 844 Qui
484 797 579 838 odit
607 798 797 838 animam
825 809 948 838 suam
975 796 1019 836 in

190 852 276 894 hoc
295 852 471 903 mundo,
494 853 538 894 in
562 854 697 895 vitam
721 855 930 895 aeternam
950 865 1020 894 cu—

191 908 330 950 stedit
349 921 456 950 eam.

243 965 292 1016 V.
341 969 493 1011 Justus
544 975 592 1011 ut
639 970 786 1022 palma
834 969 1020 1011 florebit.

192 1027 241 1078 Rv.
276 1025 397 1067 Sicut
434 1026 592 1068 cedrus
624 1026 779 1068 Libani
814 1026 1020 1078 multipli-

191 1082 373 1124 cabitur.
702 1097 706 1100 ¹

242 1146 356 1187 Vesp.
376 1145 421 1178 de
440 1155 555 1187 sequ„
574 1154 658 1177 cum
677 1145 833 1177 comem.
852 1142 1016 1185 praeced.

190 1199 225 1226 et
250 1195 283 1227 S.
310 1193 463 1226 Sabinae
489 1192 595 1225 Mart.

401 1281 486 1322 Die
511 1282 577 1322 29.
606 1282 807 1332 Augusti.

356 1340 413 1378 In
449 1338 848 1380 Decollatione

261 1400 430 1441 Sancti
455 1400 486 1441 J
488 1400 665 1441 oannis
691 1401 949 1451 Baptistae.

450 1460 605 1503 Duplex
624 1461 757 1501 maius,

403 1522 464 1562 In
489 1522 525 1563 Ι.
553 1522 803 1572 vesperis.

243 1576 328 1609 Ant.
355 1576 400 1610 de
423 1576 542 1610 Laud.
561 1580 640 1623 5523
660 1577 720 1611 Ps.
743 1582 783 1611 ut
804 1577 842 1610 in
859 1577 884 1610 Ι.
900 1577 1016 1619 Vesp.

191 1623 237 1657 de
256 1624 456 1657 Communi
483 1625 619 1666 Apost.
647 1628 694 1671 [2]

269 1676 529 1727 Capitulum.
744 1677 831 1717 Jac.
853 1679 880 1716 1.
900 1677 939 1717 b.

192 1739 428 1880 Beatus
449 1740 526 1789 vir,
551 1740 626 1792 qui
645 1740 798 1782 suffert
815 1741 1020 1782 tentatio-

320 1808 434 1836 nem:
457 1796 664 1848 queniam
687 1810 786 1838 cum
804 1797 1019 1850 probatus

319 1851 460 1902 fuerit,
480 1853 667 1905 accipiet
682 1856 893 1895 corenam
907 1854 1020 1904 vitae,

192 1918 324 2002 guam
363 1909 615 1960 repromisit
647 1910 770 1951 Deus
806 1910 1020 1961 diligenti-

223 1975 274 2003 us
301 1975 359 2004 se.

502 2013 712 2063 Hymnus.

308 2088 384 2116 eus
404 2079 580 2118 tuerum
597 2078 782 2120 militum

317 2131 433 2182 Sors,
454 2138 497 2175 et
516 2136 690 2184 confina,
709 2135 951 2187 praemium,

270 2186 445 2229 Laudes
465 2191 670 2232 canentes
689 2191 896 2243 Martyris

271 2242 467 2286 Abselve
486 2258 601 2287 nexu
620 2247 822 2288 criminis.

220 2307 303 2349 Hic
321 2320 480 2362 nempe
499 2311 650 2352 mundi
667 2313 839 2363 gaudia,

271 2363 328 2406 Et
346 2363 508 2406 blanda
526 2366 727 2408 fraudum
745 2369 908 2420 pabula

271 2418 446 2462 Imbuta
465 2421 565 2463 felle
585 2422 813 2475 deputans,

269 2475 475 2518 Pervenit
492 2477 549 2518 ad
568 2479 776 2521 coelestia.

228 2541 382 2581 l'oenas
402 2542 594 2583 cucurrit
612 2542 797 2594 fortiter,

270 2596 327 2637 Et
347 2597 523 2639 sustulit
540 2598 735 2648 viriliter,

271 2651 566 2705 Fundensque
588 2666 671 2705 pro
695 2659 740 2695 te
757 2656 1021 2706 sanguinem,

269 2709 454 2750 AEterna
474 2708 591 2751 dona
609 2710 820 2762 possidet.

801 201 842 233 In
870 200 1135 234 Decollatione
1162 201 1196 233 S.
1222 198 1386 233 Joannis
1412 198 1612 240 Baptistae.

1099 292 1168 335 Ob
1188 293 1274 334 hoc
1294 293 1475 345 precatu
1496 290 1686 343 supplici

1151 349 1215 390 Te
1233 348 1459 401 poscimus
1478 347 1689 400 piissime3

1150 407 1202 447 In
1221 405 1307 447 hoc
1325 403 1550 457 triumpho
1571 403 1779 455 Martyris

1150 462 1335 504 Dimitte
1353 473 1516 502 noxam
1537 459 1734 501 servulis.

1098 528 1216 568 Laus
1236 532 1280 569 et
1299 526 1505 580 perennis
1524 525 1665 576 gleria

1150 583 1270 625 Patri
1289 583 1356 633 sit,
1376 587 1508 634 atque
1527 581 1652 631 Filio,

1150 641 1312 682 Sancto
1333 639 1462 681 simul
1478 638 1712 687 ParaclitQ

1151 698 1202 738 In
1222 697 1490 749 sempiterna
1509 695 1683 736 saecula.
1711 694 1864 735 Amen.

1126 749 1175 799 3³⁷.
1208 758 1362 799 Gloria
1399 762 1444 799 et
1479 756 1650 798 honere
1685 753 1910 797 coronasti

1074 827 1174 856 eum
1206 815 1407 856 Domine.
1460 813 1511 865 Ru.
1547 814 1605 854 Et
1641 810 1909 854 constituisti

1074 884 1174 912 eum
1194 884 1328 924 super
1348 874 1486 924 epera
1499 872 1708 911 manuum
1722 870 1908 910 tuarum.

1127 933 1198 974 Ad
1218 934 1391 983 Magnis.
1418 935 1519 976 Ant.
1544 935 1681 976 Misso
1701 932 1908 976 Heredes

1074 993 1355 1046 spiculatore,
1375 992 1590 1046 praecepit
1604 990 1827 1045 amputari
1841 1002 1909 1031 ca-

1074 1055 1154 1102 put
1172 1050 1197 1091 J
1200 1050 1355 1092 oannis
1378 1050 1422 1090 in
1443 1051 1632 1091 carcere.
1667 1049 1766 1099 Quo
1786 1046 1907 1088 audi-

1073 1111 1130 1156 το,
1155 1106 1361 1159 discipuli
1379 1107 1470 1158 ejus
1489 1107 1713 1155 venerunt,
1738 1109 1782 1146 et
1799 1102 1908 1145 tule-

1074 1167 1175 1205 runt
1190 1175 1352 1216 corpus
1367 1163 1470 1214 ejus,
1485 1166 1529 1203 et
1542 1163 1787 1214 posuerunt
1800 1157 1909 1201 illud

1074 1219 1118 1259 in
1135 1221 1432 1261 monumento.

1411 1279 1576 1320 Oratio.

1076 1332 1263 1439 Sancti
1281 1337 1306 1378 J
1309 1337 1463 1379 oannis
1478 1337 1697 1388 Baptistae
1710 1334 1906 1374 Praecur-

1169 1394 1282 1435 seris
1315 1398 1359 1435 et
1390 1392 1598 1445 Martyris
1634 1391 1699 1433 tui
1737 1391 1919 1443 quaesu-·

1073 1463 1170 1492 mus
1187 1450 1393 1492 Domine:
1411 1448 1664 1492 veneranda
1682 1446 1908 1495 festivitas,

1074 1507 1276 1549 salutaris
1295 1507 1445 1548 auxilii
1463 1505 1591 1548 nobis
1610 1508 1794 1558 praestet
1808 1501 1907 1544 effe—

1074 1569 1209 1606 ctum:
1228 1564 1313 1615 Qui
1331 1564 1443 1606 vivis
1463 1568 1507 1606 et
1525 1574 1695 1614 regnas.

1127 1632 1277 1667 Deinde
1302 1634 1343 1666 fit
1368 1642 1565 1666 commem.
1590 1629 1756 1675 praeced.

1130 1685 1228 1725 Ant.
1255 1685 1475 1728 ODoctor
1495 1684 1675 1738 Optime,
1692 1682 1906 1725 Ecclesiae

1073 1747 1238 1783 sanctae
1253 1742 1412 1793 lumen,
1426 1741 1558 1784 beate
1571 1742 1829 1792 Augustine‚
1844 1738 1906 1780 di-

1073 1801 1186 1840 vinae
1211 1798 1322 1850 legis
1348 1801 1531 1848 amator,
1557 1797 1799 1851 deprecare
1822 1808 1906 1849 pro

1073 1854 1201 1897 nobis
1221 1855 1380 1897 Filium
1398 1855 1493 1897 Dei.

1127 1909 1177 1960 V.
1193 1916 1219 1957 J
1220 1921 1368 1958 ustum
1387 1915 1574 1958 deduxit
1591 1913 1808 1956 Dominus
1826 1925 1907 1966 per

1073 1972 1166 2013 vias
1192 1978 1348 2014 rectas.
1389 1971 1440 2023 R.
1458 1971 1516 2014 Et
1540 1970 1735 2013 ostendit
1756 1969 1821 2010 illi
1841 1981 1906 2010 re-

1071 2041 1207 2079 gnum
1234 2029 1329 2070 Dei.

1415 2083 1580 2124 Oratio.

1148 2147 1276 2190 desto
1305 2145 1703 2199 supplicatienibus
1730 2144 1906 2194 nostris,

1194 2205 1475 2255 omnipotens
1502 2203 1640 2244 Deus:
1675 2206 1719 2244 et
1748 2200 1906 2254 quibus

1074 2257 1282 2300 fiduciam
1306 2257 1539 2312 sperandae
1563 2259 1741 2313 pietatis
1765 2258 1905 2301 indul-

1073 2326 1161 2364 ges,
1182 2315 1483 2357 intercedente
1502 2315 1636 2358 beato
1656 2316 1906 2366 Augustino

1075 2370 1339 2413 Confessore
1389 2377 1467 2414 tuo
1513 2377 1647 2424 atque
1691 2373 1906 2415 Pontifice

1073 2429 1298 2469 consuetae
1323 2428 1638 2471 misericordiae
1663 2429 1808 2471 tribue
1832 2429 1904 2472 be-

1072 2485 1228 2534 nignus
1248 2483 1463 2526 effectum.

1131 2552 1273 2587 Postea
1297 2553 1332 2587 S.
1359 2552 1514 2587 Sabinae
1539 2552 1647 2586 Mart.

1130 2604 1228 2644 Ant.
1248 2604 1395 2647 Simile
1411 2610 1479 2647 est
1494 2619 1677 2658 regnum
1692 2607 1907 2650 coelerum

1074 2659 1239 2701 homini
1254 2662 1520 2713 negotiateri
1535 2664 1751 2716 quaerenti
1764 2663 1905 2706 bonas

1074 2720 1348 2767 margaritas:
1379 2719 1557 2760 inventa
1586 2733 1672 2761 una
1697 2720 1905 2772 pretiosa,
