2040 2976
659 153 763 210 Infra
784 177 1081 212 Hebdomadam
1103 189 1138 212 v.
1162 179 1339 221 Augusti.

156 268 396 311 novissimo
420 267 668 309 manifestat
687 267 896 310 malitiam
916 282 982 311 su-

157 338 238 366 am.
273 325 478 377 Nequam
506 328 573 366 est
597 323 750 365 oculus
774 323 911 375 lividi,
940 329 983 367 et

157 383 360 423 avertens
395 381 551 423 faciem
587 392 727 429 suam,
765 385 808 422 et
841 380 981 433 despi-

157 437 275 479 ciens
310 438 498 479 animam
535 450 668 479 suam.
717 437 983 479 Insatiabilis

158 494 310 536 oculus
337 493 487 547 cupidi
510 494 555 534 in
578 497 704 546 parte
726 493 983 546 iniquitatis:

157 563 245 592 non
288 550 517 593 satiabitur
567 549 709 591 donec
753 553 983 591 consumat

156 607 397 649 arefaciens
426 607 615 648 animam
642 619 776 647 suam.
818 606 982 648 Oculus

156 663 296 705 malus
325 663 382 705 ad
409 662 540 704 mala:
567 666 611 704 et
637 675 726 704 non
754 662 983 704 satiabitur

155 732 286 772 pane,
319 719 398 762 sed
428 718 629 770 indigens
661 723 705 760 et
734 719 779 760 in
805 719 982 762 tristitia

157 777 239 819 erit
257 789 388 829 super
403 788 599 818 mensam
617 788 752 816 suam.

203 836 255 888 131.
286 832 453 885 Gyrum
472 831 583 874 coeli.
601 832 693 873 252.

450 891 604 933 Lectio
624 891 679 932 iii.

150 942 280 1049 Fili
304 946 341 986 si
363 944 515 994 habeS,
539 944 723 986 benefac
746 949 909 995 tecum,
938 950 981 987 et

254 1002 352 1043 Deo
390 1000 543 1052 dignas
580 1000 826 1043 oblationes
863 1001 982 1043 ofler.

155 1058 325 1100 Memor
362 1062 457 1099 esto
495 1057 702 1109 quoniam
738 1070 858 1098 mors
894 1070 982 1099 non

153 1113 317 1163 tardat,
343 1118 387 1155 et
409 1114 720 1155 testamentum
742 1113 981 1155 inferorum

155 1170 258 1222 quia
277 1168 626 1212 demonstratum
646 1174 713 1211 est
730 1169 826 1211 tibi:
849 1174 978 1212 testa-

153 1228 349 1268 mentum
371 1226 485 1268 enim
512 1225 638 1278 hujus
665 1225 816 1267 mundi
839 1232 981 1268 morte

153 1283 375 1324 morietur.
428 1282 543 1324 Ante
575 1287 764 1324 mortem
799 1282 982 1325 benefac

155 1341 296 1381 amico
315 1344 404 1389 tu0,
426 1337 470 1381 et
489 1338 731 1380 secundum
749 1339 864 1381 vires
882 1344 980 1381 tuas

154 1396 440 1449 experrigens
467 1394 524 1437 da
548 1396 744 1448 pauperi.
780 1396 882 1438 Non
908 1396 980 1438 de-

154 1447 367 1495 frauderis
391 1465 418 1493 a
441 1451 512 1494 die
531 1451 669 1502 bono,
698 1457 742 1494 et
764 1453 981 1506 particula

153 1507 258 1550 boni
282 1508 386 1551 doni
409 1521 497 1551 non
516 1513 560 1550 te
577 1511 825 1562 praetereat.
861 1510 904 1551 N
906 1523 978 1551 on-

153 1577 209 1606 ne
233 1565 328 1606 aliis
352 1565 572 1617 relinques
598 1563 774 1607 dolores
799 1571 842 1608 et
860 1566 979 1609 labo—

153 1634 224 1663 res
242 1626 343 1663 tuos
362 1622 407 1663 in
426 1620 638 1664 divisione
658 1622 812 1664 sortis?
837 1623 917 1674 Da,
937 1629 980 1666 et

154 1678 321 1731 accipe,
351 1683 395 1720 et
422 1678 609 1730 justifica
636 1679 825 1721 animam
849 1685 979 1722 tuam.

153 1734 268 1777 Ante
298 1734 466 1777 obitum
491 1738 615 1776 tuum
649 1738 834 1788 operare
862 1738 979 1789 justi—

152 1790 272 1832 tiam:
303 1791 508 1843 quoniam
531 1803 619 1832 non
644 1796 710 1833 est
734 1791 853 1845 apud
875 1794 978 1835 infe-

153 1859 228 1888 ros
246 1847 442 1889 invenire
462 1846 617 1888 cibum.

199 1906 250 1956 R.
282 1905 444 1947 Emitte
463 1904 661 1946 Domine.
680 1906 773 1947 252.

392 2013 459 2050 Fe
471 2013 549 2050 ria
573 2013 742 2050 Sexta.

296 2068 363 2108 De
389 2066 504 2108 libro
528 2066 842 2109 >Ecclesiastici

226 2127 377 2169 Lectio
397 2128 421 2168 i.
717 2128 819 2180 Cap.
839 2128 896 2168 21.

155 2187 287 2292 -ili
317 2186 535 2240 peccasti?
572 2200 661 2230 non
694 2187 871 2238 adjicias
903 2190 978 2230 ite-

165 2213 210 2279 4
266 2257 376 2285 rum:
408 2243 488 2286 sed
520 2249 563 2286 et
596 2243 652 2287 de
683 2244 878 2297 pristinis
907 2243 977 2286 de-

153 2302 335 2351 precare
357 2305 406 2342 ut
429 2300 509 2342 tibi
528 2300 811 2343 dimittantur.
845 2300 980 2350 Quasi

153 2368 178 2396 a
200 2356 312 2398 facie
337 2356 506 2398 colubri
528 2358 629 2409 fuge
653 2359 851 2410 peccata:
880 2362 924 2398 et
943 2357 980 2398 si

152 2413 392 2455 accesseris
429 2413 486 2456 ad
522 2413 613 2464 illa,
652 2413 891 2466 suscipient
923 2417 979 2454 te.

151 2468 316 2511 Dentes
335 2469 491 2520 leonis,
516 2470 670 2512 dentes
691 2471 799 2521 ejus,
818 2469 978 2510 interfi-

150 2525 313 2567 cientes
352 2526 519 2567 animas
554 2525 791 2568 hominum.
846 2526 979 2575 Quasi

149 2581 407 2635 rhomphaea
425 2581 493 2624 bis
517 2585 647 2624 acuta
666 2582 807 2623 omnis
825 2581 978 2634 iniqui-

148 2643 233 2688 tas,
269 2638 415 2691 plagae
448 2639 563 2680 illius
591 2651 680 2679 non
708 2643 776 2679 est
803 2637 979 2679 sanitas.

149 2694 410 2747 Obiurgatio
436 2700 480 2738 et
503 2694 669 2747 injuriae
694 2693 979 2736 annullabunt

1796 171 1860 207 261

1036 267 1338 309 substantiam:
1364 272 1408 309 et
1433 268 1590 310 domus
1616 281 1714 321 quae
1733 268 1860 309 nimis

1034 324 1233 376 locuples
1268 328 1352 373 est,
1390 324 1680 366 annullabitur
1713 326 1860 377 super-

1035 379 1121 421 bia:
1154 380 1218 421 sic
1246 379 1490 422 substantia
1517 381 1695 433 superbi
1723 380 1859 423 eradi-

1037 436 1216 478 cabitur.

1083 496 1133 547 R.
1164 493 1233 533 Da
1253 492 1368 533 mihi.
1386 493 1479 534 253.

1340 554 1491 595 Lectio
1512 555 1549 595 ii.

1031 604 1348 711 Deprecatio
1375 605 1582 657 pauperis
1611 618 1665 646 ex
1693 617 1768 647 ore
1793 619 1860 647 us-

1150 673 1234 713 que
1264 660 1321 702 ad
1350 673 1476 702 aures
1506 662 1596 713 ejus
1624 663 1860 713 perveniet,

1036 723 1079 760 et
1103 717 1309 770 judicium
1333 717 1536 758 festinato
1563 717 1765 760 adveniet
1790 719 1860 760 illi.

1036 774 1119 824 Qui
1145 773 1239 816 odit
1264 773 1602 825 correptionem,
1630 775 1860 825 vestigium

1036 836 1103 873 est
1122 830 1383 883 peccatoris:
1408 835 1451 871 et
1472 830 1544 882 qui
1563 830 1688 871 timet
1707 831 1860 881 Deum,

1035 889 1316 928 convertetur
1335 885 1391 928 ad
1410 898 1487 927 cor
1507 899 1644 927 suum.
1673 886 1816 928 Notus
1836 901 1861 928 a

1034 943 1163 994 longe
1183 948 1341 996 potens
1361 943 1507 993 lingua
1522 942 1690 984 audaci:
1710 948 1753 984 et
1768 957 1859 984 sen-

1035 1002 1157 1041 satus
1178 1000 1260 1041 scit
1277 999 1367 1041 labi
1384 1012 1431 1040 se
1451 999 1506 1040 ab
1526 999 1635 1051 ipso.
1661 999 1745 1049 Qui
1760 999 1860 1041 aedi-

1034 1056 1138 1098 ficat
1163 1056 1343 1098 domum
1369 1068 1492 1096 suam
1510 1055 1743 1107 impendiis
1763 1055 1860 1097 alie-

1034 1112 1118 1162 nis,
1147 1112 1271 1165 quasi
1291 1112 1366 1164 qui
1386 1111 1551 1162 colligit
1568 1111 1740 1164 lapides
1758 1125 1861 1153 suos

1033 1168 1077 1209 in
1096 1168 1250 1210 hieme.
1284 1168 1454 1221 Stuppa
1474 1168 1658 1209 coHecta
1678 1170 1860 1220 synago-

1034 1237 1089 1275 ga
1125 1225 1418 1278 peccantium‚
1462 1229 1505 1266 et
1543 1225 1860 1266 consummatio

1033 1281 1209 1323 illerum
1228 1281 1402 1322 flamma
1420 1281 1542 1332 ignis.

1082 1343 1132 1394 R.
1163 1338 1338 1380 Initium
1357 1338 1595 1390 sapientiae.
1613 1338 1707 1379 253.

1329 1400 1482 1441 Lectio
1504 1400 1558 1440 iii.

1123 1451 1165 1492 ia
1191 1451 1470 1503 peccantium
1499 1451 1776 1504 complanata
1802 1452 1859 1493 la-

1137 1507 1331 1560 pidibus,
1357 1513 1401 1549 et
1425 1508 1468 1548 in
1494 1508 1579 1549 fine
1603 1508 1777 1550 illerum
1800 1511 1859 1549 in-

1033 1565 1128 1615 feri,
1149 1570 1192 1606 et
1206 1563 1420 1614 tenebrae,
1441 1569 1484 1606 et
1503 1578 1658 1617 poenae.
1688 1565 1771 1615 Qui
1791 1578 1859 1606 eu-

1033 1621 1171 1663 stodit
1189 1621 1406 1673 justitiam,
1427 1621 1666 1663 continebit
1685 1634 1858 1663 sensum

1033 1679 1135 1731 ejus.
1190 1678 1520 1719 Consummatio
1557 1678 1726 1719 timoris
1762 1678 1859 1728 Dei,

1033 1735 1247 1788 sapientia
1279 1739 1323 1776 et
1354 1747 1519 1776 sensus.
1559 1735 1661 1776 Non
1694 1734 1858 1776 erudie-

1031 1796 1119 1842 tur,
1155 1791 1228 1844 qui
1253 1804 1341 1833 non
1368 1796 1435 1832 est
1461 1791 1636 1843 sapiens
1661 1792 1705 1832 in
1730 1791 1858 1833 bono.

1032 1848 1113 1890 Est
1132 1853 1278 1889 autem
1297 1848 1524 1900 sapientia,
1546 1860 1644 1899 quae
1665 1847 1858 1889 abundat

1032 1905 1076 1945 in
1095 1904 1227 1945 malo:
1253 1909 1297 1945 et
1321 1916 1409 1945 non
1434 1908 1501 1945 est
1526 1916 1679 1945 sensus
1698 1903 1774 1945 ubi
1793 1909 1858 1945 est

1033 1960 1292 2002 amaritudo.
1319 1960 1510 2002 Scientia
1529 1960 1738 2012 sapientis
1752 1965 1858 2001 tam-

1034 2030 1165 2070 quam
1183 2015 1410 2058 inundatio
1426 2016 1679 2067 abundabit,
1699 2021 1743 2058 et
1760 2029 1857 2058 con-

1032 2073 1176 2115 silium
1206 2073 1321 2114 illius
1353 2073 1466 2114 sicut
1498 2073 1595 2114 fons
1628 2074 1731 2115 vitae
1762 2074 1856 2125 per-

1031 2134 1189 2171 manet.

1080 2185 1131 2237 Ru
1159 2185 1357 2227 Verbum
1374 2185 1582 2238 iniquum.
1601 2187 1696 2229 254.

1292 2293 1588 2331 >sabbato,

1171 2346 1241 2388 De
1268 2346 1381 2388 libro
1409 2346 1718 2389 Ecclesiastici.

1106 2406 1259 2447 Lectio
1280 2407 1303 2447 i.
1590 2407 1692 2457 Cap.
1712 2406 1773 2445 32.

1126 2469 1319 2508 ectorem
1337 2472 1381 2509 te
1396 2467 1660 2520 posuerunt?
1679 2466 1768 2508 noli
1786 2478 1854 2507 ex-

1140 2523 1252 2566 tolli:
1285 2529 1382 2566 esto
1410 2524 1455 2565 in
1480 2524 1565 2564 illis
1594 2523 1718 2575 quasi
1744 2534 1854 2563 unus

1033 2593 1086 2622 ex
1110 2581 1229 2634 ipsis.
1275 2580 1435 2622 Curam
1459 2580 1633 2622 illorum
1657 2578 1784 2627 habe,
1813 2582 1855 2618 et

1032 2637 1095 2678 sic
1121 2637 1319 2688 conside,
1348 2642 1392 2679 et
1417 2637 1536 2678 omni
1561 2648 1664 2677 cura
1687 2639 1761 2676 tua
1784 2646 1853 2674 ex-

1031 2693 1181 2745 plicita
1195 2693 1417 2736 recumbe:
1436 2698 1484 2734 ut
1497 2691 1657 2734 laeteris
1671 2694 1854 2743 propter
