2040 2976
443 221 516 255 Die
539 220 599 255 30.
622 219 720 262 Aug.
767 218 803 253 S.
827 218 944 252 Rosae
968 227 988 251 a
1014 216 1049 251 S.
1074 216 1197 250 Maria
1221 216 1326 258 Virg.
1351 215 1533 249 Limanae.

135 317 304 359 cautela
331 316 539 359 teneatis:
565 327 620 356 ne
639 327 720 367 per
739 314 826 356 hoc
846 312 967 366 quod

134 387 159 416 a
186 374 314 416 vobis
343 378 512 415 rectum
540 372 714 424 geritur,
742 371 867 412 favor
892 373 967 411 aut

135 431 278 482 gratia
303 430 495 471 humana
522 428 789 481 requiratur:
816 439 872 468 ne
891 439 964 478 ap-

134 489 299 541 petitus
334 486 477 528 laudis
513 485 738 537 subrepat,
774 489 817 525 et
845 482 967 535 quod

133 544 240 585 foris
270 543 535 592 ostenditur,
568 542 685 583 intus
713 554 739 582 a
763 537 966 581 mercede

134 602 353 642 vacuetur.
381 601 498 641 Ecce
518 598 633 640 enim
652 596 966 649 Redemptoris

135 669 246 699 voce
266 657 420 699 decem
439 655 640 706 virgines,
667 659 711 696 et
731 665 884 696 omnes
905 651 965 694 di-

135 717 292 755 cuntur
333 713 542 764 virgines,
585 716 629 752 et
670 716 817 752 tamen
853 710 967 751 intra

134 769 418 812 beatitudinis
464 770 637 820 januam
679 780 768 808 non
814 778 967 807 omnes

136 832 238 868 sunt
248 828 458 879 receptae:
476 825 579 877 quia
590 826 741 866 earum
752 822 966 875 quaedam,

136 883 239 925 dum
257 882 312 924 de
331 881 582 933 virginitate
603 893 682 922 sua
701 880 886 931 gloriam
905 879 967 920 fo-

135 940 195 981 ris
216 941 446 991 expetunt,
482 938 526 978 in
554 937 672 979 vasis
701 936 791 978 suis
821 935 967 977 oleum

135 995 299 1037 habere
319 994 562 1036 noluerunt.

189 1057 240 1108 R.
256 1052 368 1093 Haec
387 1056 454 1093 est
468 1050 607 1102 Virgo
628 1049 816 1102 sapiens,
837 1061 967 1101 quam

136 1108 351 1150 Dominus
381 1106 633 1158 vigilantem
662 1105 838 1155 invenit,
869 1118 967 1157 quae

137 1164 333 1217 acceptis
362 1161 658 1216 lampadibus,
687 1161 875 1214 sumpsit
904 1174 967 1203 se-

137 1234 236 1263 cum
251 1220 416 1262 oleum:
433 1226 456 1250 *
477 1219 535 1261 Ε1
550 1219 752 1261 veniente
763 1218 967 1268 Domino,

137 1277 334 1319 introivit
349 1290 449 1318 cum
464 1289 517 1318 eo
534 1276 590 1318 ad
605 1275 791 1328 nuptias.
804 1271 856 1324 V.
880 1275 967 1316 Me-

137 1334 209 1376 dia
235 1339 365 1376 nocte
390 1333 555 1376 clamor
578 1333 719 1374 factus
740 1336 824 1374 est:
852 1332 968 1373 Ecce

137 1404 327 1444 sponsus
346 1390 476 1440 venit,
492 1392 608 1432 exite
628 1389 805 1431 obviam
825 1389 874 1430 ei.
902 1389 969 1430 Et.

422 1449 574 1490 Lectio
592 1449 678 1490 viii.

140 1501 264 1610 Sed
287 1503 408 1556 prius
429 1502 714 1556 quaerendum
740 1501 868 1544 nobis
888 1506 965 1551 est,

227 1560 333 1612 quid
352 1560 408 1602 sit
434 1573 617 1611 regnum
636 1558 866 1608 coelorum,
895 1563 970 1600 aut

138 1630 214 1658 cur
240 1617 394 1658 decem
412 1615 653 1667 virginibus
677 1617 968 1667 comparetur,

139 1686 238 1726 quae
267 1673 399 1715 etiam
426 1673 616 1724 virgines
651 1671 892 1725 prudentes
926 1677 970 1713 et

138 1730 272 1771 fatuae
301 1730 512 1772 dicantur.
559 1729 676 1771 Dum
702 1729 816 1770 enim
837 1728 967 1770 coelo-

138 1800 234 1828 rum
261 1800 444 1838 regnum
472 1791 656 1836 constat,
686 1786 787 1838 quia
818 1798 968 1838 repro-

137 1843 295 1885 borum
315 1843 460 1884 nullus
479 1842 733 1894 ingreditur,
758 1842 891 1884 etiam
909 1842 967 1883 fa-

137 1900 224 1942 tuis
242 1899 483 1951 virginibus
503 1913 581 1941 cur
599 1898 740 1941 simile
759 1911 857 1941 esse
872 1911 968 1951 per-

139 1955 340 1998 hibetur?
377 1956 465 1998 Sed
493 1955 720 1998 sciendum
743 1955 873 1997 nobis
892 1961 969 2005 est,

141 2011 262 2065 quod.
272 2025 393 2066 saepe
404 2013 449 2053 in
461 2025 587 2054 sacro
600 2012 777 2064 eloquio
787 2025 969 2064 regnum

141 2068 357 2110 coelorum
387 2069 619 2122 praesentis
646 2068 859 2121 temporis
889 2069 968 2110 Ec-

141 2124 274 2166 clesia
292 2125 460 2166 dicitur.
494 2125 563 2167 De
582 2138 671 2177 quo
696 2125 782 2167 3110
807 2125 852 2166 111
870 2126 969 2167 1000

141 2181 356 2222 Ι)0111111115
375 2180 495 2223 dicit:
514 2181 659 2223 Mittet
677 2181 814 2223 Filius
832 2181 969 2223 homi-

141 2237 208 2278 nis
233 2237 430 2288 Angelos
458 2250 577 2288 suos,
606 2243 650 2280 et
678 2238 886 2289 colligent
915 2238 970 2280 de

141 2307 277 2344 regno
293 2295 384 2346 eius
405 2295 549 2335 omnia
568 2294 785 2336 scandala.
812 2295 970 2347 Neque

142 2350 257 2391 enim
274 2350 318 2390 in
336 2350 412 2391 illo
439 2362 575 2401 regno
598 2351 903 2401 beatitudinis,
927 2352 970 2392 in

142 2419 230 2458 quo
250 2419 338 2459 pax
357 2419 526 2448 summa
545 2411 622 2457 est,
646 2408 830 2450 inveniri
850 2410 970 2449 50311-

143 2462 242 2504 (1313
260 2465 480 2516 poterunt,
500 2476 599 2516 quae
618 2464 889 2515 colligantur.

190 2523 241 2574 R.
271 2518 417 2560 Media
454 2525 586 2562 nocte
623 2520 788 2562 clamor
829 2521 970 2562 factus

142 2581 227 2617 est:
253 2579 276 2604 *
309 2576 425 2617 Ecce
458 2588 648 2628 sponsus
679 2577 818 2626 venit,
855 2579 970 2619 exite

143 2631 318 2673 obviam
343 2632 392 2673 ei.
422 2629 473 2681 V.
496 2631 740 2674 Prudentes
755 2633 969 2683 Virgines,

143 2691 292 2740 aptate
336 2693 506 2730 vestras
549 2689 790 2741 lampades.
843 2690 969 2731 Ecce.

145 2743 295 2786 Gloria
313 2745 444 2786 Patri.
480 2746 607 2786 Ecce.

1082 311 1158 346 Pro
1184 311 1241 346 Ss.
1266 311 1352 345 Mm.
1378 310 1506 346 Felice
1532 314 1568 345 et
1591 310 1781 344 Adaucto.

1320 372 1472 413 Lectio
1491 372 1545 413 ix,

1108 431 1204 481 elix,
1224 429 1506 471 Diocletiano
1527 433 1572 470 et
1587 427 1851 469 Maximiano

1025 493 1100 534 mg]
1124 486 1476 540 imperatoribus,
1500 490 1683 538 propter
1709 485 1852 524 susce-

1018 551 1142 599 ptam
1171 543 1331 585 Christi
1363 542 1621 593 religionem
1655 552 1852 592 compre-

1019 603 1192 650 hensus,
1219 601 1263 641 in
1290 599 1514 651 Serapidis
1541 597 1755 650 templum
1780 596 1851 638 ad-

1020 658 1179 701 ductus
1216 662 1293 699 est.
1354 656 1434 697 Cui
1470 655 1718 696 sacrificare
1755 666 1854 695 011111

1019 715 1255 768 juberetur,
1294 725 1344 754 os
1380 711 1603 752 simulacri
1639 709 1854 763 conspuit.

1020 773 1117 823 Quo
1137 771 1265 820 facto,
1291 769 1440 810 statim
1462 770 1577 808 aerea
1597 769 1742 809 statua
1762 768 1853 807 cor-

1019 829 1115 870 ruit.
1145 826 1276 878 Quod
1297 838 1395 867 cum
1414 827 1574 866 iterum
1593 836 1644 865 30
1660 823 1792 865 101110
1812 823 1855 862 111

1020 884 1118 927 aede
1158 882 1367 926 Mercurii
1406 881 1650 932 Dianaeque
1691 879 1855 921 factum

1021 946 1154 991 esset,
1187 938 1427 992 impietatis
1463 942 1506 979 et
1533 936 1717 987 magicae
1750 935 1855 977 artis

1021 999 1263 1046 accusatus,
1279 994 1470 1048 equuleo
1484 995 1726 1046 torquetur.
1749 993 1855 1033 Mox

1022 1054 1079 1096 ad
1099 1051 1341 1096 secundum
1361 1050 1417 1093 ab
1432 1049 1553 1092 Urbe
1572 1049 1767 1102 lapidem
1786 1049 1857 1090 via

1023 1110 1217 1152 Ostiensi
1245 1108 1437 1157 ducitur,
1464 1111 1513 1148 ut
1541 1106 1684 1148 securi
1710 1105 1855 1147 ferire-

1021 1173 1103 1209 tur.
1132 1166 1211 1208 Cui
1229 1166 1342 1207 inter
1356 1164 1472 1206 viam
1486 1162 1662 1205 oblatus
1679 1161 1858 1214 quidam

1023 1224 1312 1272 Christianus,
1359 1234 1458 1262 cum
1495 1219 1688 1261 Felicem
1725 1221 1855 1270 agno-

1021 1293 1149 1322 scens
1178 1279 1235 1321 ad
1263 1278 1521 1331 martyrium
1549 1276 1650 1318 duci
1675 1275 1856 1326 videret,

1020 1338 1117 1389 Ego
1140 1348 1329 1389 quoque,
1350 1335 1468 1377 clara
1486 1347 1596 1376 voce
1615 1333 1768 1386 inquit,
1788 1335 1856 1375 03-

1023 1394 1133 1444 dem,
1161 1406 1246 1446 qua
1265 1393 1359 1443 iste,
1377 1392 1475 1443 lege
1494 1391 1613 1434 vivo:
1636 1403 1719 1442 ego
1740 1393 1855 1432 eum-

1023 1450 1124 1492 dem
1142 1450 1167 1491 J
1170 1463 1293 1491 esum
1315 1449 1539 1491 Christum
1559 1448 1668 1490 0010.
1700 1448 1856 1499 Itaque

1022 1507 1214 1549 Felicem
1239 1506 1480 1555 osculatus,
1507 1519 1606 1547 cum
1633 1517 1686 1547 eo
1713 1504 1857 1546 securi

1021 1563 1276 1617 percutitur,
1285 1563 1417 1604 tertio
1426 1561 1653 1604 Kalendas
1662 1562 1856 1614 Septem-

1022 1620 1122 1662 bris.
1169 1620 1300 1671 Cujus
1332 1632 1493 1661 nomen
1527 1631 1626 1660 cum
1658 1619 1857 1669 ignotum

1023 1682 1141 1719 esset
1177 1676 1453 1726 Christianis,
1489 1676 1526 1716 is
1554 1674 1748 1717 Adaucti
1780 1676 1855 1714 no-

1021 1734 1137 1775 mine
1162 1733 1420 1775 nobilitatus
1447 1738 1524 1783 est,
1554 1732 1675 1784 quod
1703 1736 1856 1772 sancto

1022 1790 1206 1843 Martyri
1228 1789 1363 1831 Felici
1389 1789 1602 1831 adauctus
1626 1789 1683 1830 sit
1706 1788 1762 1829 ad
1786 1800 1855 1829 co-

1021 1849 1184 1888 ronam.

1071 1905 1137 1945 Te
1156 1904 1300 1945 Deum
1319 1902 1559 1944 laudamus.
1579 1903 1636 1943 13.

1071 1970 1114 2003 In
1142 1970 1261 2004 Laud.
1287 1970 1327 2003 fit
1352 1979 1547 2003 commem.
1573 1968 1630 2002 Ss.
1656 1968 1741 2001 Mm.

1071 2022 1171 2062 Ant.
1199 2020 1344 2062 Vestri
1365 2019 1512 2073 capilli
1527 2020 1685 2072 capitis
1702 2032 1854 2061 omnes

1022 2076 1240 2119 numerati
1259 2081 1374 2118 sunt:
1398 2076 1536 2118 nolite
1554 2077 1722 2118 timere:
1748 2076 1854 2118 mul-

1022 2135 1078 2176 tis
1097 2133 1352 2186 passeribus
1372 2133 1577 2175 meliores
1597 2134 1702 2175 estis
1721 2146 1814 2175 vos.

1071 2192 1122 2243 V.
1149 2193 1446 2236 Exsultabunt
1472 2194 1612 2236 sancti
1635 2194 1679 2235 in
1705 2194 1854 2246 gloria.

1020 2254 1070 2304 Ην.
1091 2250 1381 2293 Laetabuntur
1400 2251 1444 2292 in
1463 2250 1680 2293 cubilibus
1701 2251 1802 2292 suis.

1357 2311 1519 2352 Oratio.

1023 2364 1358 2470 Maiestatem
1386 2373 1508 2410 tuam
1534 2368 1724 2411 Domine
1754 2370 1852 2420 sup-

1146 2425 1284 2478 plices
1302 2427 1554 2467 exoramus:
1574 2431 1622 2467 ut
1641 2425 1755 2466 sicut
1771 2437 1853 2465 nos

1023 2482 1177 2532 jugiter
1197 2484 1451 2524 sanctorum
1469 2484 1648 2524 tuorum
1667 2493 1853 2523 comme-

1022 2538 1266 2580 moratione
1311 2538 1527 2581 laetificas:
1575 2539 1635 2580 ita
1680 2549 1854 2589 semper

1023 2595 1344 2648 supplicatione
1365 2594 1586 2649 defendas
1622 2595 1707 2636 Per
1726 2594 1853 2634 Dfim.

1072 2656 1259 2700 Vesperae
1282 2666 1304 2690 a
1329 2655 1452 2699 Capit.
1478 2655 1526 2689 de
1551 2652 1738 2697 sequenti,
1763 2662 1849 2687 cum

1021 2715 1217 2739 commem.
1242 2704 1408 2748 praeced.
1861 2696 1871 2708 ’
