2040 2976
652 182 754 215 Infra
779 180 1076 215 Hebdomadam
1101 181 1122 214 i.
1148 180 1324 222 Augusti.

139 288 267 317 omne
300 275 592 319 desiderabile
624 278 664 320 ei
695 291 783 320 non
815 284 965 332 potest

140 333 396 385 comparari.

190 391 240 442 R.
267 388 424 440 Magna
445 390 570 431 enim.
588 391 679 432 237.

440 446 592 487 Lectio
613 446 667 486 iii.

139 498 276 604 Ego
301 502 515 554 sapientia
537 503 689 546 habito
708 504 750 545 in
771 505 965 554 consilio,

244 563 289 599 et
309 557 490 600 eruditis
508 559 720 601 intersum
739 560 965 611 cogitatio-

138 614 278 656 nibus.
306 614 457 656 Timor
475 615 653 657 Demini
677 616 772 658 odit
789 616 965 658 malum:

140 670 442 722 arrogantiam,
460 676 504 712 et
519 672 778 724 superbiam,
794 678 837 714 et
850 673 965 714 viam

138 739 335 779 pravam,
372 731 417 768 et
448 739 498 768 os
530 727 723 779 bilingue
756 728 965 771 detestor.

139 783 286 824 Meum
314 788 380 825 est
407 783 654 834 consilium,
687 789 731 826 et
763 785 966 837 aequitas,

139 851 237 880 mea
261 844 328 880 est
352 838 600 892 prudentia,
629 853 727 883 mea
755 846 822 883 est
845 841 964 883 forti-

139 895 259 937 tudo.
286 896 371 937 Per
389 909 459 937 me
478 909 606 948 reges
625 903 826 949 regnant,
846 903 889 940 et
908 898 964 939 le-

139 964 242 1002 gum
279 951 532 994 conditores
563 954 676 1006 justa
710 953 966 996 decernunt:

139 1020 219 1060 per
238 1021 307 1049 me
326 1009 547 1061 principes
565 1011 800 1062 imperant,
827 1015 871 1052 et
889 1023 966 1063 po-

139 1065 283 1106 tentes
320 1064 563 1107 decernunt
598 1067 817 1118 justitiam.
870 1068 965 1118 Ego

140 1119 370 1172 diligentes
394 1134 464 1163 me
490 1121 641 1173 diligo:
670 1129 714 1165 et
741 1124 815 1176 qui
839 1137 965 1166 mane

138 1176 319 1227 vigilant
337 1176 394 1218 ad
412 1190 493 1227 me,
512 1178 733 1222 invenient
751 1193 832 1222 me.

190 1232 241 1289 Rz.
269 1233 378 1283 Quae
398 1239 508 1275 sunt.
527 1235 619 1276 237.

324 1341 508 1377 Feria
545 1342 784 1390 Quinta.

255 1396 325 1436 De
349 1394 575 1436 Parabolis
596 1395 852 1437 Salomenis.

218 1456 370 1498 Lectio
390 1456 414 1496 i.
700 1457 802 1509 Cap.
822 1458 886 1497 10.

141 1514 326 1621 1111118
354 1516 531 1568 sapiens
558 1516 754 1558 laetificat
781 1522 967 1570 patrem:

252 1571 367 1612 filius
408 1585 514 1614 vero
558 1573 716 1615 stultus
757 1574 968 1615 moestitia

140 1632 208 1669 est
226 1628 377 1669 matris
396 1631 499 1670 suae.
526 1629 600 1671 Nil
615 1629 862 1682 prederunt
876 1630 966 1671 the-

141 1684 258 1724 sa1'1ri
276 1684 530 1737 impietatis:
556 1687 718 1738 justitia
737 1699 843 1728 vero
862 1686 966 1728 libe-

140 1739 255 1782 rabit
277 1753 301 1781 3
324 1746 477 1784 1110110.
509 1742 611 1784 Non
635 1743 800 1794 affliget
818 1743 967 1784 Demi-

140 1809 221 1837 nus
241 1795 355 1839 fame
375 1798 563 1840 animam
581 1799 697 1851 justi,
724 1804 767 1841 et
785 1798 966 1840 insidias

140 1852 375 1905 impiorum
419 1854 656 1897 subvertet.
713 1855 967 1906 Egestatem

142 1911 324 1961 operata
343 1915 410 1952 est
427 1924 581 1952 manus
599 1914 794 1954 remissa:
813 1925 966 1953 manus

141 1970 289 2007 autem
311 1965 489 2008 fertium
512 1966 685 2010 divitias
707 1973 846 2021 parat.
883 1968 967 2018 Qui

141 2022 291 2063 nititur
316 2022 572 2074 mendaciis,
606 2024 676 2066 hic
701 2025 844 2077 pascit
867 2037 966 2065 ven-

141 2082 227 2118 tos:
243 2077 360 2120 idem
379 2084 525 2121 autem
539 2080 635 2133 ipse
650 2081 847 2132 sequitur
863 2092 966 2121 aves

142 2133 351 2175 volantes.
386 2135 469 2186 Qui
492 2138 732 2188 cengregat
750 2137 794 2177 in
812 2148 967 2186 messe,

142 2189 257 2231 filius
283 2191 458 2244 sapiens
479 2198 560 2234 est:
590 2193 665 2245 qui
689 2198 835 2234 autem
860 2197 966 2233 ster-

141 2246 195 2287 tit
214 2249 378 2297 aestate‚
399 2247 514 2289 filius
535 2249 812 2290 confusionis.

193 2304 243 2355 R.
269 2303 320 2343 In
338 2303 566 2357 principio.
585 2306 678 2346 235.

447 2360 598 2400 Lectio
619 2360 658 2399 ii.

141 2410 438 2516 Benedictio
465 2417 644 2458 Domini
675 2430 807 2470 super
835 2423 968 2470 caput

238 2472 352 2523 justi:
377 2485 427 2513 os
447 2478 593 2514 autem
611 2473 847 2526 impierum
866 2475 967 2527 epe-

141 2528 199 2569 rit
222 2528 438 2579 iniquitas.
491 2529 703 2570 Memoria
735 2530 835 2579 justi
869 2542 967 2571 cum

142 2584 360 2626 lafidibus:
386 2590 430 2626 et
452 2597 612 2626 nomen
634 2585 869 2637 impiorum
890 2599 966 2638 pu-

143 2642 316 2682 trescet.
359 2641 543 2693 Sapiens
576 2640 710 2682 corde
742 2643 967 2694 praecepta

143 2697 339 2749 suscipit:
359 2697 516 2739 stultus
532 2696 714 2738 caeditur
729 2697 967 2748 labiis.'Qui

1018 279 1212 321 ambulat
1233 280 1504 333 simpliciter,
1530 282 1722 324 ambulat
1742 295 1840 324 con—

1017 334 1218 377 fidenter:
1245 337 1320 389 qui
1344 342 1490 379 autem
1513 338 1727 391 depravat
1751 339 1843 379 vias

1018 405 1136 442 suas,
1167 393 1422 435 manifestus
1451 395 1542 436 erit.
1583 396 1667 445 Qui
1695 396 1844 437 annuit

1018 448 1165 499 oculo,
1205 449 1328 492 dabit
1363 449 1576 492 dolerem:
1609 457 1652 493 et
1685 452 1843 494 stultus

1017 504 1146 547 labiis
1167 505 1483 548 verberabitur.

1070 562 1120 613 R.
1149 561 1318 613 Gyrum
1338 562 1449 604 coeli.
1468 564 1562 604 235.

1315 617 1469 657 Lectio
1491 617 1543 657 iii.

1020 669 1195 776 Vena
1213 674 1331 723 vitae,
1351 686 1401 715 os
1421 675 1536 726 justi:
1561 681 1604 717 et
1623 688 1673 716 os
1693 676 1843 728 impio-

1122 743 1218 771 rum
1230 731 1375 783 eperit
1385 731 1668 782 iniquitatem.
1685 732 1845 773 Odium

1019 786 1203 828 stiscitat
1227 787 1359 827 rixas:
1391 791 1435 828 et
1460 788 1662 829 universa
1687 788 1846 829 delicta

1021 842 1165 895 eperit
1192 843 1362 884 caritas.
1403 844 1453 883 In
1481 843 1608 885 labiis
1637 844 1845 896 sapientis

1019 898 1236 940 invenitur
1282 899 1511 951 sapientia:
1557 905 1600 942 et
1640 901 1761 951 virga
1802 901 1845 941 in

1020 954 1154 997 dorso
1180 957 1272 1008 ejus
1297 957 1371 1009 qui
1395 956 1561 1007 indiget
1587 956 1732 998 corde.
1774 957 1845 998 Sa-

1019 1011 1190 1064 pientes
1221 1012 1498 1054 abscondunt
1525 1013 1764 1054 scientiam:
1797 1026 1846 1054 os

1020 1073 1167 1109 autem
1191 1068 1314 1110 stulti
1333 1068 1579 1110 confusioni
1598 1069 1847 1121 proximum

1021 1128 1098 1164 est.
1135 1124 1389 1166 Substantia
1415 1124 1577 1175 divitis,
1601 1125 1707 1166 urbs
1726 1125 1844 1166 forti-

1019 1178 1181 1220 tudinis
1200 1181 1304 1232 ejus:
1322 1193 1461 1233 pavor
1476 1184 1730 1234 pauperum,
1751 1182 1844 1232 ege-

1021 1240 1111 1277 stas
1138 1238 1302 1277 00111111.
1339 1237 1463 1289 Opus
1491 1238 1591 1289 iusti
1617 1236 1673 1278 ad
1697 1238 1846 1278 vitam:

1019 1291 1186 1334 fructus
1210 1298 1356 1335 autem
1379 1293 1503 1345 impii
1525 1293 1581 1335 ad
1603 1296 1846 1346 peccatum.
1894 1316 1896 1318 v

1070 1351 1120 1401 R.
1148 1349 1312 1391 Emitte
1331 1349 1531 1391 Demine.
1549 1350 1642 1390 236.

1249 1458 1283 1494 F
1295 1469 1318 1495 e
1331 1458 1372 1494 ri
1385 1469 1410 1494 a
1442 1458 1470 1495 S
1482 1469 1505 1495 e
1517 1470 1543 1494 x
1554 1462 1570 1494 t
1583 1470 1618 1495 a.

1130 1512 1198 1551 De
1225 1510 1454 1552 Parabolis
1479 1510 1735 1552 Salomonis.

1096 1571 1247 1613 Lectio
1268 1573 1292 1612 i.
1592 1572 1693 1623 Cap.
1711 1574 1767 1611 14.

1021 1636 1082 1684 ‘Q
1093 1631 1244 1684 apiens
1269 1631 1426 1672 111111ίο1
1451 1631 1642 1673 aedificat
1667 1631 1845 1673 domum

1021 1675 1087 1733 Q
1135 1694 1272 1729 suam:
1323 1689 1533 1740 insipiens
1578 1691 1844 1730 exstructam

1020 1757 1196 1796 quoque
1215 1744 1416 1786 manibus
1437 1744 1644 1786 destruet.
1682 1744 1843 1785 Ambu-

1018 1801 1112 1841 lans
1131 1806 1252 1842 recto
1272 1801 1437 1850 itinere,
1457 1807 1500 1843 et
1518 1802 1676 1842 timens
1691 1801 1844 1850 Deum,

1019 1857 1261 1909 despicitur
1280 1857 1334 1898 ab
1356 1870 1424 1907 eo,
1446 1858 1520 1910 qui
1538 1857 1685 1898 infami
1704 1856 1843 1908 gradi-

1018 1918 1089 1954 tur
1106 1913 1187 1954 via.
1223 1914 1274 1954 In
1300 1926 1376 1955 ore
1404 1914 1525 1955 stulti
1547 1914 1670 1964 virga
1695 1915 1842 1966 super-

1018 1969 1120 2011 biae:
1151 1969 1269 2011 labia
1300 1975 1446 2011 autem
1477 1970 1739 2022 sapientium
1774 1983 1842 2010 cu-

1019 2026 1215 2068 stediunt
1235 2039 1322 2067 eos.
1357 2026 1443 2068 Ubi
1465 2039 1553 2067 non
1577 2032 1676 2068 sunt
1694 2026 1842 2075 boves,

1018 2084 1220 2135 praesepe
1252 2084 1440 2123 vacuum
1472 2087 1552 2124 est:
1592 2082 1667 2124 ubi
1700 2088 1844 2124 autem

1018 2139 1220 2190 phirimae
1239 2140 1427 2190 segetes,
1451 2138 1512 2180 ibi
1529 2139 1758 2181 manifesta
1778 2143 1844 2180 est

1018 2194 1231 2236 fortiti'ido
1251 2194 1389 2236 bovis.
1423 2195 1569 2237 Testis
1594 2196 1737 2237 fidelis
1756 2208 1843 2236 non

1018 2253 1239 2291 mentitur:
1283 2251 1453 2303 profert
1489 2257 1634 2294 autem
1669 2251 1842 2292 menda-

1019 2306 1133 2348 cium
1154 2306 1336 2348 dolesus
1354 2308 1491 2349 testis.

1071 2363 1121 2413 R.
1147 2363 1217 2404 Da
1235 2363 1350 2404 mihi.
1368 2365 1463 2405 236.

1328 2418 1479 2459 Lectio
1499 2418 1538 2458 ii.

1022 2453 1227 2576 Quaerit
1267 2474 1437 2517 derisor
1479 2476 1752 2528 sapientiam,
1797 2479 1840 2515 et

1120 2544 1209 2573 non
1227 2533 1404 2573 invenit:
1431 2531 1632 2574 doctrina
1654 2531 1837 2584 pruden-

1018 2587 1126 2628 tium
1159 2588 1308 2629 facilis.
1361 2587 1487 2630 Vade
1520 2593 1671 2630 contra
1702 2587 1840 2626 virum

1020 2643 1211 2693 stultum,
1233 2649 1277 2685 et
1295 2645 1434 2686 nescit
1452 2644 1567 2685 labia
1586 2642 1840 2696 prudentiae.

1018 2699 1240 2751 Sapientia
1290 2700 1435 2741 callidi
1485 2705 1551 2741 est
1599 2697 1839 2748 intelligere
