2040 2976
405 232 581 272 Officium
606 238 780 271 votivum
805 237 851 270 dc
877 236 1124 270 Immaculata
1151 236 1331 278 Concept.
1358 236 1397 268 Β.
1425 236 1470 269 M.
1496 236 1537 269 V.

182 335 232 385 Rz.
246 331 365 374 Nihil
374 333 648 385 inquinatum
657 333 701 374 in
712 346 808 375 eam
818 333 957 374 incur-

131 388 201 430 rit:
209 390 232 414 *
245 388 419 430 Candor
431 394 498 431 est
508 389 616 431 lucis
629 391 805 431 aeternae
817 394 860 431 et
871 390 959 442 spe-

131 444 278 486 culum
310 445 403 486 sine
435 445 617 487 macula.
655 444 705 495 V.
735 447 816 487 Est
844 446 958 487 enim

129 499 226 542 haec
242 501 486 553 speciosior
501 501 605 552 sole,
623 507 666 544 et
682 502 769 543 luci
783 514 957 554 compa-

130 559 230 598 rata
244 557 462 599 invenitur
485 558 647 611 purior.
686 558 862 600 Candor
881 563 958 599 est.

431 620 582 658 Lectio
602 619 655 657 vi.

207 674 314 722 tque
356 670 463 712 illud
499 671 543 711 in
578 671 730 724 primis
762 671 957 713 solemne

241 739 416 779 quoque
440 727 520 768 fuit
540 726 696 769 iisdem
717 727 957 770 decessori-

130 782 212 824 bus
238 783 416 832 nostris,
444 783 691 825 doctrinam
720 783 774 826 de
802 785 957 825 Imma-

130 838 275 880 culata
287 840 371 881 Dei
386 840 538 882 Matris
554 841 855 894 Conceptione
870 854 957 882 sar—

130 900 222 937 tam
243 899 495 949 tectamque
524 897 643 938 omni
667 910 781 947 cura,
810 898 956 939 studio

132 957 176 994 et
204 954 482 996 contentione
508 954 631 996 tueri.
670 954 843 995 Etenim
871 967 958 996 non

130 1009 275 1051 solum
293 1009 541 1052 nullatenus
555 1010 676 1063 passi
691 1016 802 1059 sunt,
817 1011 958 1063 ipsam

131 1064 375 1124 doctrinam
390 1067 546 1119 quovis
561 1067 694 1109 modo
710 1080 735 1108 a
751 1068 959 1120 quopiam

129 1122 271 1163 notari
295 1127 428 1174 atque
446 1123 630 1173 traduci,
654 1136 807 1165 verum
827 1125 958 1165 etiam

129 1177 261 1229 longe
276 1179 457 1221 ulterius
467 1180 702 1232 progressi,
712 1181 958 1233 perspicuis

129 1232 500 1278 declarationibus
514 1237 770 1289 iteratisque
789 1237 958 1278 vicibus

128 1290 373 1334 edixerunt:
407 1293 665 1335 Doctrinam
692 1306 777 1345 qua
803 1294 958 1335 Imma—

130 1348 320 1391 culatam
367 1349 560 1400 Virginis
613 1350 958 1402 Conceptionem

129 1405 408 1456 profitemur,
445 1419 559 1455 esse,
594 1408 764 1458 suoque
802 1408 958 1449 merito

129 1460 281 1503 haberi
335 1475 433 1504 cum
488 1463 785 1505 ecclesiastico
840 1464 960 1505 cultu

130 1517 259 1570 plane
280 1520 530 1569 consonam,
550 1522 735 1571 eamque
755 1522 959 1570 veterem,

131 1586 183 1615 ac
201 1587 342 1627 prope
362 1575 652 1617 universalem
672 1581 716 1618 et
736 1577 959 1628 ejusmodi,

119 1643 263 1682 quam
277 1632 479 1673 Romana
492 1632 691 1674 Ecclesia
711 1633 795 1675 sibi
813 1633 959 1675 foven—

132 1686 234 1729 dam
248 1688 544 1741 tuendamque
559 1690 813 1742 susceperit,
827 1694 959 1742 atque

132 1746 309 1786 omnino
329 1743 514 1796 dignam,
540 1759 639 1798 quae
658 1746 702 1787 in
720 1759 846 1787 sacra
864 1746 960 1799 ipsa

131 1800 321 1852 liturgia,
360 1802 786 1855 solemnioribusque
822 1803 959 1855 preci-

131 1856 214 1900 bus
242 1860 539 1911 usurparetur.
578 1859 736 1911 Neque
763 1859 831 1900 his
860 1872 959 1901 con-

131 1914 253 1963 tenti,
277 1919 325 1956 ut
349 1915 446 1967 ipsa
471 1914 526 1956 de
551 1915 838 1957 Immaculato
864 1916 959 1957 Vir-

133 1970 244 2021 ginis
271 1970 498 2023 Coneeptu
526 1971 727 2013 doctrina
751 1972 962 2013 inviolata

133 2029 402 2079 persisteret,
413 2028 668 2080 opinionem
682 2028 784 2070 huic
800 2027 960 2070 doctri-

133 2096 202 2124 nae
234 2083 485 2134 adversam,
518 2084 610 2126 sive
641 2084 836 2137 publice,
869 2085 961 2126 sive

133 2140 354 2192 privatim,
394 2140 573 2182 defendi
607 2154 740 2193 posse
779 2144 960 2183 severis-

134 2196 242 2238 sime
277 2197 561 2250 prohibuere,
596 2200 782 2250 eamque
819 2197 961 2239 multi-

133 2252 236 2304 plici
254 2254 391 2295 veluti
404 2253 584 2295 vulnere
600 2254 845 2296 confectam
864 2267 961 2296 esse

134 2308 377 2352 voluerunt.

185 2365 235 2415 R.
262 2366 442 2417 Signum
464 2380 669 2418 magnum
692 2366 894 2419 apparuit
917 2366 961 2406 in

135 2421 265 2463 coelo:
291 2422 448 2464 Mulier
473 2425 631 2465 amicta
655 2423 765 2472 sole,
794 2427 839 2464 et
858 2422 962 2466 vluna

134 2476 216 2518 sub
247 2477 435 2530 pedibus
468 2479 573 2530 ejus:
596 2478 619 2501 *
650 2479 706 2520 Et
738 2479 782 2519 in
815 2478 961 2530 capite

136 2534 226 2585 ejus
257 2536 422 2575 corona
457 2534 681 2576 stellarum
718 2534 962 2576 duodecim.

134 2586 183 2633 V.
209 2589 356 2632 Induit
380 2603 477 2631 eam
494 2591 709 2632 Dominus
732 2590 961 2632 vestimen-

135 2646 193 2686 tis
221 2645 388 2695 salutis‚
416 2645 671 2688 indumento
701 2647 890 2698 justitiae,
919 2651 962 2687 et

137 2702 261 2753 quasi
285 2714 493 2754 sponsam
516 2702 687 2744 ornavit
711 2715 807 2743 eam
827 2704 961 2743 moni-

135 2757 250 2799 libus
268 2758 368 2799 suis.
397 2759 464 2799 Et.
491 2758 643 2800 Gloria
661 2758 792 2799 Patri.
820 2759 887 2800 Et.

1224 330 1273 368 In
1300 330 1371 369 ΙΙΙ.
1399 331 1621 370 Nocturno.

1064 389 1163 429 Ant.
1186 388 1481 434 Sanctimonia
1501 398 1544 435 et
1562 393 1837 459 magnificen-

1011 445 1072 486 tia
1096 446 1120 472 *
1144 445 1188 486 in
1214 446 1517 500 Conceptione
1545 451 1650 502 ejus3
1679 463 1838 492 annun—

1011 502 1119 543 tiate
1147 501 1191 542 in
1219 503 1420 546 omnibus
1450 505 1627 558 populis
1655 501 1840 557 gloriam

1012 559 1113 610 ejus.

1066 619 1163 658 Ant.
1201 616 1427 660 Laetamini
1459 631 1610 660 omnes
1636 619 1695 645 *
1683 633 1727 660 in
1751 619 1839 661 Do-

1011 672 1141 722 mino,
1161 678 1205 715 et
1222 674 1488 716 confitemini
1504 676 1730 717 memoriae
1746 689 1839 717 san-

1012 729 1176 771 ctitatis
1197 731 1298 782 ejus.

1065 788 1164 828 Ant.
1210 786 1376 828 Notum
1419 787 1522 829 fecit
1560 790 1583 815 *
1624 789 1840 830 Dominus

1013 853 1125 894 opus
1150 855 1291 885 suum:
1317 844 1360 884 in
1386 847 1627 897 conspectu
1646 846 1841 896 gentium

1012 898 1225 941 revelavit
1243 900 1427 950 gloriam
1448 901 1680 943 Genitricis
1700 915 1802 943 suae.

1064 951 1113 1001 Υ.
1128 956 1346 998 Exaltabo
1362 962 1406 999 te
1417 957 1616 1007 Domine,
1634 958 1841 1009 quoniam

1012 1013 1245 1075 suscepisti
1274 1026 1355 1055 me.
1402 1012 1449 1062 Rg.
1483 1014 1578 1055 Nec
1611 1013 1841 1056 delectasti

1011 1067 1210 1110 immicos
1229 1083 1352 1111 meos
1374 1083 1505 1123 super
1523 1083 1603 1112 me.

1020 1146 1168 1188 Lectio
1195 1148 1334 1189 sancti
1353 1147 1580 1199 Evangelii
1602 1147 1842 1190 secundum

1336 1204 1511 1246 Lucam.

1114 1259 1265 1299 Lectio
1288 1259 1354 1298 vii.
1536 1259 1637 1309 Cap.
1653 1259 1683 1297 1.
1700 1270 1734 1297 c.

1060 1334 1088 1360 n
1108 1320 1182 1361 illo
1202 1321 1415 1373 temporez
1434 1321 1594 1362 Missus
1615 1325 1681 1362 est
1698 1319 1840 1370 Ange-

1077 1377 1145 1417 lus
1173 1376 1353 1418 Gabriel
1379 1390 1403 1418 a
1429 1378 1526 1419 Deo
1552 1377 1596 1417 in
1622 1376 1843 1418 civitatem

1014 1433 1225 1483 Galilaeae,
1253 1434 1322 1475 cui
1341 1447 1501 1476 nomen
1519 1433 1759 1483 Nazareth,
1787 1432 1843 1475 ad

1012 1490 1239 1541 Virginem
1275 1490 1590 1544 desponsatam
1623 1491 1736 1540 viro,
1774 1490 1844 1531 cui

1013 1559 1172 1588 nomen
1198 1553 1291 1589 erat
1315 1548 1339 1588 J
1343 1547 1498 1600 oseph,
1524 1548 1578 1589 de
1605 1547 1737 1588 domo
1757 1547 1841 1588 Da-

1013 1602 1104 1653 vid,
1131 1608 1174 1644 et
1199 1616 1358 1645 nomen
1381 1604 1575 1655 Virginis
1601 1604 1750 1644 Maria.
1787 1604 1844 1644 Et

1013 1658 1192 1711 reliqua.

1017 1734 1205 1775 Homilia
1228 1735 1367 1777 sancti
1392 1735 1592 1776 Tharasii
1616 1735 1838 1788 Episcopi.

1122 1797 1178 1830 De
1207 1796 1265 1829 Pr
1259 1796 1510 1829 esentatione
1536 1795 1695 1838 Deipar
1696 1806 1726 1827 e

1094 1856 1268 1910 {uibus
1301 1861 1344 1897 te
1377 1855 1581 1897 laudibus
1610 1854 1844 1897 cumulabi-

1018 1913 1021 1917 “
1019 1880 1114 1947 ¹¹⁸5
1128 1933 1136 1954 ι
1166 1926 1275 1962 mus,
1289 1912 1450 1953 Maria?
1479 1912 1516 1953 O
1537 1911 1707 1964 puella
1696 1924 1844 1951 1mma

1017 1976 1089 1988 *r
1106 1943 1136 1996 ’ἢ
1167 1969 1327 2018 culata3
1353 1982 1379 2010 o
1404 1969 1527 2019 virgo
1553 1967 1796 2020 impolluta;
1818 1980 1844 2008 o

1014 2026 1245 2067 mulierum
1289 2027 1610 2074 ornamentum,
1657 2024 1846 2065 filiarum

1014 2081 1145 2123 nitor!
1187 2082 1224 2122 O
1257 2086 1396 2123 mater
1426 2081 1565 2132 Virgo
1598 2086 1764 2130 sancta,
1795 2086 1844 2122 tu

1014 2138 1247 2180 benedicta
1275 2138 1387 2179 inter
1412 2138 1634 2188 mulieres3
1659 2142 1708 2179 tu
1735 2137 1844 2179 cele-

1014 2195 1141 2236 brata
1158 2199 1343 2247 propter
1364 2195 1673 2245 innocentiam3
1696 2198 1744 2235 tu
1769 2193 1843 2235 ob-

1015 2251 1183 2302 signata
1202 2251 1461 2302 virginitate.
1487 2250 1557 2292 Tu
1576 2250 1737 2292 Adami
1755 2263 1842 2291 ma-

1014 2307 1163 2349 ledicti
1200 2308 1409 2360 expiati03
1445 2312 1493 2349 tu
1530 2306 1667 2349 debiti
1703 2307 1841 2348 Hevae

1015 2364 1188 2405 solutio.
1216 2364 1285 2405 Tu
1299 2363 1452 2408 Abelis
1472 2360 1705 2417 purissima
1724 2362 1841 2404 obla-

1014 2421 1091 2470 tio;
1115 2421 1506 2473 primogenitorum
1532 2420 1743 2469 delectus3
1766 2419 1840 2459 im-

1014 2476 1279 2518 maculatum
1311 2477 1582 2518 sacrificium.
1626 2476 1694 2516 Tu
1723 2475 1843 2516 Enos

1017 2532 1060 2572 in
1080 2533 1223 2574 Deum
1243 2546 1345 2586 spes
1364 2546 1453 2575 non
1471 2532 1642 2586 pudore
1662 2530 1843 2584 suffusa3

1014 2593 1062 2630 tu
1087 2589 1239 2631 Enoch
1267 2590 1373 2632 inita
1397 2590 1549 2641 gratia,
1579 2593 1622 2630 et
1649 2588 1692 2628 in
1721 2590 1840 2628 secu-

1015 2658 1108 2686 ram
1126 2646 1262 2687 vitam
1281 2646 1495 2697 migratio.
1523 2645 1591 2687 Tu
1611 2644 1708 2685 Noe
1729 2656 1841 2692 arca,

1015 2706 1059 2742 et
1095 2702 1301 2743 seeundae
1342 2701 1686 2753 regenerationis
1723 2699 1842 2752 apud

1018 2759 1163 2800 Deum
1182 2759 1442 2801 conciliatio.
1485 2758 1554 2799 Tu
1572 2756 1693 2807 regni
1717 2762 1761 2798 et
1779 2768 1843 2798 sa·
