2040 2976
702 232 911 266 Commune
937 230 1051 264 unius
1076 229 1266 273 Martyris.

178 331 346 373 Servite
372 329 564 371 Dumino
590 329 634 369 in
659 328 832 369 timore:
859 326 883 352 *
912 330 955 367 et

129 387 343 430 exsultate
364 387 404 428 ei
423 399 523 427 cum
541 387 744 427 tremore.

179 442 514 497 Apprehendite
561 440 849 493 disciplinam,
884 451 955 480 ne-

130 500 306 554 quando
343 501 558 541 irascatur
589 497 824 546 Dominus,
856 496 879 522 *
913 500 956 537 et

128 558 319 611 pereatis
339 556 394 598 de
413 556 484 597 via
503 557 624 607 justa.

181 614 291 655 Cum
317 612 530 655 exarserit
554 612 599 652 in
622 610 746 652 brevi
770 610 835 650 ira
855 609 956 661 ejus

129 672 152 698 *
176 671 295 713 beati
315 682 467 711 omnes
488 668 562 720 qui
582 666 811 709 confidunt
828 666 873 706 in
892 677 957 706 eo.

186 730 284 769 Ant.
312 725 560 767 Praedicans
579 725 852 777 praeceptum
869 721 956 762 Do-

129 784 245 833 mini,
265 783 526 825 constitutus
549 786 615 823 est
633 781 676 821 in
695 783 843 820 monte
863 791 956 819 san-

132 846 203 882 cto
224 841 324 892 ejus.

187 900 285 939 Ant.
319 898 436 938 Voce
462 908 561 937 mea
588 895 612 920 *
639 893 695 935 ad
721 892 958 934 Dominum
1016 891 1071 952 2²3}

132 954 330 995 clamavi:
350 957 394 994 et
410 951 631 994 exaudivit
649 949 790 1001 mede
809 953 958 989 monte

132 1015 283 1052 sancto
304 1022 395 1051 suo.

420 1064 618 1104 Psalmus
646 1064 681 1103 3.

136 1116 370 1222 Dumine
405 1120 511 1174 quid
546 1119 826 1172 multiplicati
860 1122 961 1159 sunt

237 1181 312 1233 qui
338 1178 549 1222 tribulant
575 1176 667 1218 me?
695 1177 718 1202 *
746 1175 872 1216 multi
899 1174 960 1215 in-

133 1242 317 1289 surgunt
336 1235 570 1278 adversum
588 1246 670 1275 me.

184 1294 311 1336 Multi
327 1293 478 1335 dicunt
499 1291 655 1332 animae
671 1302 798 1330 meae:
816 1289 839 1314 *
858 1288 962 1329 Non

134 1356 201 1394 est
220 1350 337 1392 salus
355 1349 441 1402 ipsi
460 1349 504 1389 in
524 1348 620 1389 Deo
641 1347 742 1398 ejus.

185 1409 255 1450 Tu
298 1411 445 1448 autem
490 1403 679 1445 Dumine
731 1403 962 1454 susceptor

134 1478 258 1507 meus
280 1477 337 1514 eS,
356 1463 379 1488 *
399 1461 539 1513 gloria
563 1473 671 1510 mea,
696 1464 739 1502 et
765 1458 962 1501 exaltans

136 1526 268 1575 caput
286 1533 443 1562 meum.

186 1578 312 1620 Voce
326 1589 425 1618 mea
439 1574 496 1616 ad
510 1574 749 1616 Duminum
765 1572 963 1614 clamavi:

135 1636 159 1660 *
188 1639 232 1676 et
259 1632 482 1676 exaudivit
508 1644 579 1673 me
608 1630 662 1672 de
689 1634 839 1671 monte
868 1641 963 1669 san-

136 1696 209 1733 cto
237 1703 329 1732 suo.

187 1748 282 1799 Ego
302 1746 507 1796 dormivi,
534 1749 577 1787 et
596 1745 831 1797 soporatus
851 1755 963 1783 sum:

135 1805 159 1830 *
183 1809 227 1846 et
250 1802 491 1852 exsurrexi,
516 1802 618 1854 quia
636 1800 853 1842 Dominus
873 1811 963 1839 sus—

137 1861 255 1913 cepit
273 1872 355 1901 me.

187 1917 290 1958 Non
325 1914 490 1958 timebo
527 1913 662 1954 millia
697 1912 852 1966 pupuli
884 1912 962 1953 cir-

138 1973 384 2015 cumdantis
407 1984 493 2012 me:
511 1971 535 1996 *
557 1973 743 2020 exsurge
763 1969 963 2018 Dumine,

140 2030 309 2072 salvum
327 2041 397 2070 me
417 2028 485 2069 fac
505 2027 626 2068 Deus
645 2038 780 2067 meus.

191 2086 407 2137 Quoniam
442 2089 491 2126 tu
521 2082 778 2136 percussisti
811 2094 964 2123 omnes

138 2143 422 2185 adversantes
437 2140 544 2181 mihi
558 2139 652 2181 sine
667 2151 813 2180 causa:
823 2138 846 2164 *
863 2137 964 2179 den-

137 2205 204 2242 tes
223 2200 508 2252 peccatorum
527 2196 783 2238 contrivisti.

190 2255 370 2298 Domini
390 2259 456 2296 est
475 2253 608 2295 salus:
627 2253 650 2278 *
675 2257 719 2294 et
738 2264 870 2304 super
888 2253 965 2304 po-

138 2313 290 2366 pulum
309 2316 433 2353 tuum
451 2309 702 2352 benedictio
722 2314 808 2350 tua.

195 2367 291 2407 Ant.
338 2369 458 2408 Voce
498 2378 598 2407 mea
638 2365 694 2407 ad
730 2365 967 2406 Dominum

140 2424 340 2466 clamavi:
360 2428 403 2465 et
419 2421 640 2464 exaudivit
659 2434 730 2463 me
746 2421 800 2464 de
818 2425 966 2462 monte

140 2485 292 2522 sancto
313 2493 404 2521 suo.

195 2530 244 2581 V.
284 2536 435 2578 Gloria
466 2538 510 2576 et
543 2533 712 2575 honere
745 2533 968 2575 coronasti

141 2606 240 2635 eum
276 2593 476 2634 Domine.
528 2591 575 2642 Rss.
610 2591 667 2631 Et
703 2589 968 2631 constituisti

142 2663 241 2691 eum
260 2662 392 2702 super
409 2650 545 2701 opera
558 2649 766 2688 manuum
783 2647 968 2688 tuarum.

199 2704 324 2748 Pater
343 2710 504 2746 noster.

195 2760 438 2801 Absolutio.
468 2759 642 2802 Exaudi
660 2759 859 2800 Domine.

1065 322 1116 369 V.
1139 324 1251 366 Jube
1272 324 1443 366 domne.

1065 379 1227 419 Bcncd.
1259 380 1569 423 Benedictione
1590 382 1816 434 perpetua.

1065 445 1268 479 Lectiones
1295 451 1500 489 sequentes
1526 445 1551 479 I.
1579 446 1688 480 Noct.
1715 447 1845 488 legun-

1014 498 1074 527 tur
1094 493 1132 526 in
1150 493 1265 527 Festo
1284 494 1465 536 Min-tyris
1488 499 1523 526 ct
1541 494 1750 527 l‘ontitieis.

1067 546 1108 579 In
1140 546 1255 579 Festo
1288 552 1413 579 autem
1444 546 1598 589 Martyr.
1629 557 1704 580 non
1736 547 1844 581 l‘ont.

1014 595 1193 637 leguntur
1218 605 1304 638 quac
1333 594 1492 627 inferius
1524 595 1663 637 posita,-
1693 601 1779 629 sunt
1808 596 1843 629 in

1016 643 1218 678 Communi
1244 643 1394 686 plurim.
1421 642 1527 676 Mart.
1551 641 1619 685 [37]

1120 709 1183 748 De
1203 705 1389 747 Actibus
1409 706 1739 758 Apostolorum.

1147 773 1297 813 Lectio
1319 772 1341 811 i.
1477 772 1660 823 Cap.2().
1674 771 1711 811 d.

1016 842 1150 890 123
1192 832 1344 874 Mileto
1378 832 1539 873 Paulus
1575 833 1753 874 mittens
1789 833 1843 873 E-

1019 881 1021 895 ’
1106 944 1109 946 ‚
1193 889 1397 942 phesum,
1440 889 1617 930 vocavit
1657 889 1844 941 majores

1038 949 1055 965 k'
1072 941 1082 957 ⁸
1108 945 1134 973 3³
1193 951 1299 988 natu
1338 946 1560 987 Ecclesiae.
1620 946 1705 995 Qui
1746 959 1845 986 cum

1012 1006 1235 1045 venissent
1254 1002 1311 1044 ad
1330 1015 1445 1052 eum,
1474 1007 1517 1044 et
1541 1002 1669 1043 simul
1689 1007 1845 1051 essent,

1014 1060 1123 1102 dixit
1153 1061 1229 1102 eis:
1266 1060 1362 1102 Vos
1390 1060 1510 1100 scitis
1539 1072 1564 1100 a
1593 1059 1735 1111 prima
1764 1058 1845 1108 die,

1015 1131 1101 1169 qua
1123 1118 1345 1168 ingressus
1369 1129 1465 1157 sum
1482 1116 1525 1157 in
1544 1115 1714 1165 Asiam,
1744 1117 1846 1168 qua-

1013 1174 1111 1215 liter
1139 1173 1369 1215 vobiscum
1401 1186 1480 1225 per
1513 1185 1642 1214 omne
1671 1178 1847 1225 tempus

1014 1231 1185 1280 fuerim,
1223 1230 1417 1271 serviens
1444 1229 1636 1270 Domino
1671 1242 1770 1270 cum
1803 1241 1846 1270 o-

1014 1287 1103 1327 mni
1123 1286 1377 1335 humilitate,
1398 1291 1441 1327 et
1460 1285 1662 1335 lacrimis,
1692 1290 1736 1327 et
1756 1290 1846 1327 ten-

1014 1343 1275 1393 tationibus,
1317 1355 1416 1394 quae
1453 1342 1559 1383 mihi
1594 1342 1848 1384 acciderunt

1016 1413 1070 1442 ex
1104 1400 1273 1441 insidiis
1305 1399 1579 1441 Judaeorum:
1621 1398 1846 1451 quomodo

1015 1456 1121 1498 nihil
1142 1456 1435 1498 subtraxerim
1453 1456 1634 1506 utilium,
1665 1469 1752 1508 quo
1771 1455 1846 1496 mi-

1014 1526 1097 1555 nus
1113 1514 1415 1555 annuntiarem
1429 1512 1565 1563 vobis,
1582 1517 1625 1554 et
1641 1512 1848 1554 docerem

1015 1583 1096 1612 vos
1121 1570 1309 1623 publice,
1338 1574 1381 1611 et
1399 1582 1479 1622 per
1499 1569 1668 1618 domos,
1696 1569 1847 1610 testifi-

1017 1640 1120 1668 cans
1148 1626 1329 1676 Judaeis,
1367 1631 1499 1679 atque
1529 1625 1776 1667 Gentilibus
1804 1626 1848 1666 in

1016 1684 1159 1725 Deum
1197 1683 1520 1736 poenitentiam,
1563 1688 1606 1724 et
1638 1682 1773 1724 fidem
1804 1682 1848 1722 in

1015 1741 1254 1782 Dominum
1295 1745 1496 1782 nostrum
1537 1740 1561 1781 J
1565 1753 1688 1781 esum
1729 1739 1848 1780 Chri-

1017 1804 1143 1840 stum.
1187 1798 1244 1839 Et
1268 1810 1383 1838 nunc
1408 1810 1510 1838 ecce
1537 1796 1739 1848 alligatus
1765 1808 1848 1847 ego

1017 1855 1184 1908 spiritu,
1204 1853 1318 1896 vado
1341 1854 1384 1894 in
1403 1853 1660 1895 Jerusalem:
1687 1866 1786 1905 quae
1805 1853 1849 1893 in

1017 1925 1069 1953 ea
1083 1914 1266 1953 ventura
1287 1911 1372 1951 sint
1391 1910 1506 1959 mihi,
1524 1910 1748 1960 ign6rans:
1767 1909 1850 1950 nisi

1019 1967 1139 2020 quod
1164 1968 1351 2020 Spiritus
1379 1972 1557 2009 sanctus
1589 1979 1669 2019 per
1697 1978 1849 2007 omnes

1017 2025 1217 2066 civitates
1242 2023 1348 2064 mihi
1366 2025 1655 2076 protestatur,
1685 2022 1850 2064 dicens:

1018 2081 1226 2133 quoniam
1258 2080 1431 2121 vincula
1466 2085 1509 2121 et
1544 2079 1849 2121 tribulationes

1017 2139 1041 2179 J
1045 2137 1304 2189 erosolymis
1323 2149 1394 2178 me
1413 2141 1602 2178 manent.
1639 2135 1727 2178 Sed
1744 2135 1851 2177 nihil

1016 2194 1175 2236 horum
1199 2195 1370 2235 vereor:
1409 2206 1490 2235 nec
1517 2193 1631 2234 facio
1661 2193 1850 2234 animam

1018 2263 1161 2292 meam
1175 2250 1485 2302 pretiosiorem
1497 2262 1629 2302 quam
1643 2262 1725 2299 me,
1737 2248 1851 2291 dum-

1018 2306 1152 2348 modo
1173 2310 1473 2348 consummem
1495 2319 1671 2355 cursum
1693 2319 1850 2355 meum,

1020 2368 1063 2405 et
1081 2363 1370 2404 ministerium
1389 2362 1527 2413 verbi,
1556 2362 1676 2415 quod
1700 2362 1851 2414 accepi

1020 2433 1045 2461 a
1059 2419 1250 2461 Dumino
1267 2419 1292 2460 J
1295 2431 1382 2469 esu,
1409 2419 1637 2461 testificari
1655 2419 1850 2469 Evange-

1019 2476 1125 2517 lium
1143 2476 1297 2526 gratiae
1316 2476 1410 2517 Dei.

1076 2534 1125 2584 Rg.
1148 2533 1240 2574 Iste
1260 2537 1437 2575 sanctus
1460 2545 1543 2585 pro
1562 2532 1660 2584 lege
1678 2531 1763 2573 Dei
1783 2530 1851 2571 sui

1020 2589 1205 2631 certavit
1238 2602 1379 2641 usque
1411 2589 1468 2631 ad
1498 2593 1707 2637 mortem,
1749 2592 1792 2628 et
1825 2599 1851 2626 a

1020 2645 1167 2687 verbis
1209 2646 1446 2698 impiorum
1490 2658 1579 2686 non
1619 2643 1783 2686 timuit:
1829 2645 1851 2669 *

1019 2702 1248 2744 Fundatus
1273 2703 1388 2744 enim
1409 2707 1503 2743 erat
1528 2713 1661 2753 supra
1679 2700 1850 2740 firmam

1020 2763 1204 2812 petram.
1227 2755 1275 2806 Υ.
1289 2759 1381 2800 Iste
1402 2763 1469 2800 est
1489 2758 1564 2810 qui
1584 2755 1850 2809 contempsit
