2040 2976
582 1125 953 1175 COMMUNE
998 1126 1406 1176 VIRGINUM.

888 1208 1093 1225 *cs——

356 1264 417 1304 In
442 1263 479 1304 Ι.
498 1263 746 1314 vesperis.

200 1326 295 1365 Ant.
320 1327 425 1366 Haec
445 1329 512 1366 est
525 1325 663 1376 Virgo
683 1325 867 1377 sapiens,
882 1326 905 1351 *
921 1330 965 1367 et

144 1393 230 1422 una
249 1380 303 1423 de
321 1384 502 1423 numero
521 1381 795 1434 prudentum.

404 1448 599 1489 Psalmus
619 1450 711 1489 109.

247 1512 250 1515 ·
270 1512 274 1515 ·
293 1512 297 1516 ·
316 1507 389 1558 1023
398 1502 478 1544 ixit
519 1503 733 1544 D6minus
773 1504 963 1545 Domino

157 1650 191 1675 .⁴„
244 1656 245 1659 ,
301 1612 318 1645 ἶ
374 1613 388 1666 ’,ξῖ
415 1616 539 1657 meis:

156 1674 195 1721 :12
243 1665 309 1707 232„
323 1670 388 1733 A}
461 1673 615 1715 Donec
641 1685 802 1726 ponam
828 1673 964 1714 inimi-

267 1734 276 1735 ’
415 1742 492 1771 cos
523 1734 639 1780 tuos,
670 1730 694 1756 *
727 1730 964 1772 scabellum

142 1784 306 1837 pedum
323 1787 508 1827 tuorum.

194 1841 376 1894 Virgam
395 1842 569 1884 virttitis
587 1846 676 1884 tuae
693 1845 862 1885 emittet
876 1843 963 1885 Do-

142 1899 284 1939 minus
311 1911 365 1940 ex
384 1898 504 1940 Sion:
522 1899 546 1926 *
567 1899 790 1941 dominare
813 1900 859 1940 in
877 1902 963 1941 me-

145 1953 219 1996 dio
238 1954 513 1996 inimicorum
528 1957 714 1997 tuorum.

195 2010 360 2052 Tecum
387 2011 651 2064 principium
677 2012 722 2052 in
742 2011 812 2053 die
831 2011 963 2053 virtu-

144 2066 201 2108 tis
215 2071 302 2108 tuae
318 2067 362 2107 in
377 2067 684 2120 splendoribus
699 2070 964 2109 sanctorum:

144 2123 168 2149 *
188 2135 242 2165 ex
260 2126 386 2165 utero
403 2128 504 2166 ante
519 2124 746 2166 luciferum
763 2124 892 2176 genui
907 2129 963 2166 te.

195 2179 363 2221 Juravit
388 2180 617 2231 Dominus,
648 2185 691 2222 et
715 2193 804 2222 non
826 2181 963 2233 poeni-

144 2235 256 2278 tebit
290 2248 404 2278 eum:
438 2237 463 2263 ¹⁸¹
498 2237 566 2278 Tu
604 2250 650 2279 es
678 2236 884 2279 sacerdos
918 2237 963 2278 in

146 2294 355 2334 aeternum
378 2293 618 2335 secundum
642 2293 840 2336 ordinem
858 2294 962 2336 Mel-

145 2348 388 2390 chisedech.

195 2404 408 2446 Dominus
424 2418 450 2446 a
464 2405 629 2447 dextris
644 2406 742 2457 tuis,
758 2407 782 2433 *
797 2407 963 2449 confre-

145 2460 208 2511 git
226 2460 270 2500 in
290 2460 360 2502 die
378 2461 455 2502 irae
474 2474 565 2503 suae
583 2475 720 2514 reges.

195 2516 220 2557 J
221 2516 417 2558 udicabit
432 2517 476 2557 in
488 2518 748 2569 nationibus,
763 2519 963 2572 implebit

145 2575 309 2613 ruinas:
341 2573 364 2599 *
400 2574 710 2625 conquassabit
742 2576 887 2628 capita
918 2576 963 2616 in

145 2633 262 2670 terra
282 2629 528 2670 multorum.

196 2685 264 2726 De
289 2687 484 2727 torrente
507 2685 551 2726 in
573 2685 645 2727 via
668 2686 805 2729 bibet:
823 2688 846 2714 *
865 2701 962 2741 pro-

146 2742 297 2792 pterea
315 2741 525 2783 exaltabit
543 2746 683 2795 caput.

150 1540 198 1617 ἐξ]
243 1552 330 1614 UT)
414 1572 528 1601 meo:
554 1560 577 1586 *
603 1559 716 1601 Sede
744 1573 769 1601 a
797 1560 964 1602 dextris

163 1616 183 1632 ἠ·
307 1620 324 1636 e

1075 1267 1169 1304 Ant.
1202 1266 1306 1304 Haec
1329 1266 1396 1303 est
1416 1262 1555 1313 Virgo
1579 1262 1768 1315 sapiens,
1797 1267 1840 1305 et
1888 1272 1889 1276 ’

1016 1330 1102 1359 una
1120 1318 1176 1360 de
1193 1322 1375 1360 numero
1394 1318 1668 1371 prudentum.

1070 1387 1167 1434 Ant.
1205 1388 1311 1426 Haec
1339 1388 1406 1426 est
1431 1385 1569 1436 Virgo
1599 1385 1786 1438 sapiens,
1814 1385 1839 1411 *

1019 1453 1148 1493 quam
1162 1441 1376 1482 Dominus
1395 1441 1646 1493 vigilantem
1664 1442 1840 1483 invenit.

1285 1517 1480 1556 l’salnms
1504 1518 1577 1556 112.

1081 1579 1240 1621 audate
1267 1581 1393 1632 pueri
1418 1580 1673 1622 D6minum:
1699 1581 1723 1607 *
1750 1581 1838 1622 lau-

1109 1636 1210 1678 date
1228 1650 1387 1679 nomen
1403 1637 1591 1678 Domini.

1068 1697 1133 1739 Sit
1159 1710 1318 1739 nomen
1342 1698 1521 1739 Domini
1547 1697 1838 1747 benedictum,

1016 1754 1041 1780 *
1073 1767 1127 1796 ex
1159 1754 1242 1796 hoc
1273 1767 1402 1805 nunc,
1439 1759 1482 1796 et
1513 1766 1653 1806 usque
1685 1754 1729 1795 in
1761 1756 1839 1795 sae-

1017 1810 1172 1852 culum.

1067 1871 1109 1912 A
1133 1871 1239 1912 solis
1265 1875 1364 1913 ortu
1385 1884 1524 1923 usque
1548 1871 1604 1913 ad
1623 1873 1837 1921 occasum,

1016 1927 1040 1953 *
1059 1927 1279 1970 laudabile
1299 1941 1459 1970 nomen
1477 1928 1665 1969 Domini.

1066 1988 1277 2029 Excelsus
1317 2001 1447 2041 super
1486 2001 1637 2029 omnes
1671 1988 1837 2030 Gentes

1015 2044 1241 2094 Dominus,
1259 2045 1283 2071 *
1303 2050 1346 2086 et
1374 2057 1505 2097 super
1534 2044 1671 2086 coelos
1698 2044 1838 2096 gloria

988 2096 992 2163 Ι
1017 2101 1117 2152 ejus.

1070 2161 1176 2211 Quis
1191 2161 1304 2203 sicut
1316 2162 1530 2203 D6minus
1540 2161 1661 2203 Deus
1675 2167 1837 2214 noster,

1019 2217 1093 2269 qui
1120 2217 1164 2258 in
1192 2217 1291 2259 altis
1319 2217 1502 2268 habitat,
1530 2218 1554 2244 *
1583 2222 1626 2259 et
1658 2218 1838 2261 humilia

1016 2274 1195 2326 respicit
1214 2274 1257 2314 in
1277 2274 1390 2316 coelo
1410 2279 1453 2316 et
1471 2275 1515 2315 in
1533 2273 1674 2316 terra?

1067 2334 1289 2376 Suscitans
1318 2348 1343 2376 a
1369 2339 1487 2376 terra
1518 2337 1712 2389 inopem,
1740 2337 1765 2362 *
1793 2340 1837 2378 et

1017 2390 1072 2432 de
1091 2391 1285 2433 stercore
1306 2391 1476 2443 erigens
1495 2395 1750 2445 pauperem:

1066 2450 1126 2493 Ut
1136 2451 1324 2494 collocet
1336 2465 1433 2494 eum
1446 2465 1545 2494 cum
1553 2453 1837 2506 principibus,

1015 2507 1039 2533 *
1059 2520 1157 2548 cum
1175 2508 1445 2561 principibus
1464 2509 1618 2563 p6puli
1637 2509 1714 2550 sui.

1068 2568 1152 2618 Qui
1169 2568 1367 2611 habitare
1381 2570 1484 2611 facit
1499 2570 1691 2611 sterilem
1701 2570 1745 2610 in
1760 2569 1834 2610 do-

1014 2637 1097 2675 mo,
1113 2625 1137 2651 *
1153 2630 1337 2667 matrem
1355 2626 1546 2668 filiorum
1564 2626 1796 2668 laetantem.

1069 2688 1165 2728 Ant.
1214 2690 1318 2733 Haec
1365 2696 1432 2733 est
1471 2691 1608 2742 Virgo
1650 2690 1834 2742 sapiens,

1016 2758 1147 2798 quam
1164 2747 1377 2789 Dominus
1396 2747 1644 2799 vigilantem
1662 2746 1836 2788 invenit.
