2040 2976
221 211 293 256 [82]

381 309 468 351 111.
503 308 620 351 Alia
646 309 877 352 Romilia.

222 370 368 413 Lectio
397 371 538 412 sancti
555 370 779 422 Evangelii
802 372 1039 414 secundum

500 427 764 469 Matthaeum.

326 494 470 533 Lectio
495 495 558 533 x-ii.
707 496 807 544 (lap.
827 496 879 533 15³.
898 494 935 533 d.

265 559 294 586 n
318 545 393 587 illo
419 548 631 599 tempore:
658 547 781 588 Dixit
803 547 959 589 Petrus
983 548 1040 590 ad

282 602 445 644 Jesum:
472 603 588 645 Ecce
611 615 692 644 nos
717 603 970 656 reliquimus
996 607 1038 646 ό-

216 659 349 709 mnia,
376 663 420 701 et
439 660 577 701 secuti
595 672 744 701 sumus
767 665 827 702 te:
853 661 956 713 quid
975 674 1037 703 er-

217 727 273 766 go
295 715 377 757 erit
396 714 545 758 nobis?
575 717 631 758 Et
649 716 828 769 reliqua.

268 788 328 826 De
355 785 547 826 Homilia
574 784 833 827 venerabilis
861 784 995 826 Bedae

498 841 762 894 Presbyteri.

385 905 423 937 ln
451 904 578 938 Natali
604 907 636 938 S.
665 904 868 937 Benedicti.

252 959 403 1021 ingjgim
424 959 524 997 sunt
544 955 719 996 ordines
737 955 975 997 electorum
993 954 1037 995 in

252 1010 314 1065 ,³21³
333 1026 339 1058 j
363 1011 521 1063 judicio
543 1012 690 1053 futuri:
718 1024 829 1052 unus
849 1011 1036 1063 judican-

251 1068 253 1078 ’
291 1061 337 1091 -Ὰ
361 1068 470 1109 tium
497 1080 595 1109 cum
621 1068 827 1118 Demino,
863 1067 918 1109 de
947 1068 1036 1120 qui-

214 1123 296 1165 bus
323 1123 408 1165 hoc
435 1124 535 1166 loco
563 1126 793 1174 memorat,
834 1124 908 1176 qui
940 1124 1036 1166 reli-

215 1182 401 1232 querunt
431 1181 591 1231 omnia,
626 1186 669 1222 et
696 1180 835 1222 secuti
863 1185 963 1222 sunt
990 1181 1036 1222 il-

213 1237 317 1278 lum:
336 1237 446 1278 alius
457 1237 787 1289 judicandarum
799 1250 824 1278 a
833 1237 1036 1287 Domino,

215 1293 289 1345 qui
307 1306 395 1335 non
415 1293 591 1346 quidem
611 1294 756 1335 omnia
775 1307 853 1335 sua
871 1294 1036 1346 pariter

212 1350 494 1403 reliquerunt,
513 1349 591 1392 sed
611 1350 665 1392 de
683 1350 751 1391 his
769 1354 916 1392 tamen
937 1363 1034 1403 quae

213 1406 447 1457 habebant,
484 1406 760 1458 quotidianas
793 1406 898 1448 dare
926 1407 1034 1449 elee-

212 1465 417 1516 mesynas
442 1463 603 1505 Christi
625 1463 891 1516 pauperibus
915 1466 1034 1505 cura-

212 1519 332 1561 bant:
359 1519 475 1561 unde
501 1525 545 1561 et
569 1519 759 1561 audituri
784 1525 884 1561 sunt
907 1520 951 1561 in
975 1522 1033 1572 ju-

214 1575 342 1617 dicio:
360 1577 519 1618 Venite
537 1576 758 1618 benedicti
776 1577 918 1618 Patris
937 1577 1034 1626 mei,

212 1632 437 1685 possidete
473 1635 771 1685 praeparatum
807 1632 934 1674 vobis
970 1646 1034 1675 re-

212 1701 345 1739 gnum
364 1701 389 1730 a
409 1689 719 1731 constitutione
737 1688 898 1730 mundi.
929 1689 1034 1730 Esu-

213 1745 293 1786 rivi
313 1745 443 1794 enim,
468 1750 511 1787 et
531 1745 714 1787 dedistis
732 1745 838 1786 mihi
855 1745 1033 1787 mandu-

214 1804 327 1843 care:
346 1802 473 1852 sitivi,
491 1806 534 1843 et
553 1801 735 1843 dedistis
754 1801 859 1842 mihi
873 1801 1034 1844 bibere.

273 1860 319 1911 Rg.
339 1859 428 1900 Iste
459 1862 525 1900 est
556 1859 630 1911 qui
655 1862 754 1900 ante
778 1859 921 1900 Deum
945 1872 1033 1900 ma-

212 1927 319 1966 gnas
346 1915 539 1959 virtutes,
558 1917 763 1967 operatus
790 1919 872 1965 est,
907 1920 950 1957 et
978 1915 1033 1957 de

214 1971 330 2012 omni
341 1971 474 2013 corde
486 1984 565 2012 suo
580 1971 774 2013 laudavit
783 1971 1033 2013 Dominum:

219 2030 239 2051 ¹*
260 2028 361 2080 Ipse
387 2027 631 2069 intercedat
657 2040 738 2081 pro
766 2028 961 2080 peccatis
990 2030 1033 2070 ό-

213 2084 376 2124 mnium
393 2084 667 2137 populorum.
703 2080 748 2131 δ”.
765 2085 881 2126 Ecce
900 2084 1032 2126 homo

213 2140 304 2181 sine
323 2140 508 2192 querela,
528 2153 656 2182 verus
671 2142 753 2183 Dei
770 2141 923 2191 cultor,
938 2141 1032 2183 abs-

211 2196 353 2238 tinens
380 2209 427 2237 se
451 2196 505 2238 ab
532 2198 649 2239 omni
674 2200 807 2252 epere
829 2198 962 2248 malo,
991 2203 1034 2240 et

211 2254 470 2304 permanens
485 2253 529 2294 in
543 2254 790 2296 innocentia
805 2267 893 2295 sua.
920 2255 1033 2308 Ipse.

506 2312 650 2353 Lectio
674 2314 753 2353 viii.

286 2369 340 2411 ed
366 2374 410 2411 et
437 2370 726 2423 reproborum
750 2371 861 2414 duos
887 2371 948 2414 ibi
971 2372 1031 2414 fu-

294 2429 418 2467 turos
438 2426 614 2468 erdines
627 2428 815 2469 Demino
830 2431 1033 2471 narrante

213 2484 519 2535 comperimus:
546 2496 678 2524 unum
696 2486 862 2535 eorum,
891 2486 965 2538 qui
987 2485 1032 2526 fi-

214 2538 285 2580 dei
325 2538 569 2580 christianae
606 2540 822 2592 mysteriis
861 2541 1033 2592 initiati,

211 2597 347 2648 opera
374 2594 478 2637 fidei
511 2598 713 2637 exercere
742 2599 1032 2647 contemnunt,

211 2651 369 2703 quibus
398 2651 442 2692 in
470 2651 629 2703 judicio
658 2654 857 2693 testatur:
884 2654 1032 2695 Disce-

847 214 1053 247 Commune

951 2737 1173 2773 *5433*-

1081 214 1283 247 Abbutum.

1091 305 1182 347 dite
1201 318 1227 347 a
1244 317 1315 346 me
1333 303 1554 346 maledicti
1570 304 1614 346 in
1631 304 1776 356 ignem
1790 306 1911 346 aeter-

1089 375 1208 412 num,
1237 361 1310 413 qui
1334 362 1608 413 praeparatus
1634 366 1701 403 est
1723 360 1912 410 diabolo,

1090 423 1134 460 et
1149 417 1313 470 angelis
1328 418 1432 470 ejus:
1451 417 1612 459 esurivi
1625 417 1751 467 enim,
1769 421 1812 459 et
1824 429 1913 459 non

1091 474 1272 516 dedistis
1290 474 1397 515 mihi
1414 473 1690 516 manducare.
1713 473 1914 515 Alterum

1091 533 1252 581 eorum,
1273 531 1347 583 qui
1366 530 1499 572 fidem
1518 534 1562 572 et
1574 530 1783 582 mysteria
1794 529 1912 571 Chri-

1091 588 1147 629 sti
1178 587 1247 629 vel
1283 600 1520 639 numquam
1554 588 1803 639 suscepere,
1842 585 1914 628 vel

1091 646 1338 697 susceptam
1373 656 1453 697 per
1489 643 1757 697 apostasiam
1792 642 1912 685 dese-

1090 703 1230 742 ruere:
1257 700 1311 742 de
1334 700 1491 753 quibus
1511 699 1631 742 dicit:
1659 699 1744 750 Qui
1767 703 1913 741 autem

1089 769 1177 798 non
1198 756 1350 806 credit,
1370 758 1454 809 jam
1471 756 1686 809 judicatus
1707 760 1787 798 est:
1812 755 1914 808 quia

1089 826 1177 855 non
1199 813 1338 855 credit
1359 813 1403 854 in
1426 813 1601 855 nomine
1619 812 1828 864 unigeniti
1845 812 1912 853 Fi-

1089 870 1134 910 lii
1151 870 1245 912 Dei.

1143 934 1191 974 R·
1226 931 1319 973 Sint
1350 930 1487 973 lumbi
1514 931 1650 973 vestri
1676 928 1913 983 praecincti,

1090 992 1141 1029 et‘
1170 987 1360 1030 lucernae
1398 987 1602 1029 ardentes
1637 987 1681 1028 in
1711 986 1912 1028 manibus

1089 1044 1261 1086 vestris:
1288 1049 1310 1071 ²*
1339 1045 1396 1086 Et
1424 1057 1504 1086 vos
1535 1044 1698 1086 similes
1731 1043 1911 1085 homini-

1088 1099 1171 1142 bus
1203 1100 1559 1154 exspectantibus
1593 1100 1817 1142 deminum
1845 1112 1912 1141 su·

1089 1170 1179 1208 um,
1209 1157 1384 1210 quando
1412 1159 1656 1199 revertatur
1684 1170 1709 1198 a
1735 1156 1912 1209 nuptiis.

1092 1210 1140 1261 V.
1156 1214 1349 1265 Vigilate
1369 1226 1489 1265 ergo,
1510 1214 1611 1267 quia
1629 1213 1807 1256 nescitis
1827 1225 1913 1265 qua

1088 1271 1198 1312 hora
1215 1270 1430 1312 Dominus
1450 1275 1595 1312 vester
1613 1273 1821 1312 venturus
1845 1268 1912 1311 sit.

1089 1328 1145 1369 Et
1162 1340 1253 1369 vos.
1281 1326 1431 1368 Gloria
1448 1327 1579 1369 Patri.
1602 1327 1661 1369 Et
1679 1339 1769 1368 vos.

1391 1404 1540 1445 Lectio
1561 1403 1613 1443 ix.

1178 1475 1299 1505 erum
1319 1464 1386 1505 his
1406 1477 1505 1506 cum
1518 1463 1675 1505 timere
1691 1467 1734 1519 et
1746 1462 1912 1516 pavere

1191 1520 1339 1562 debito
1359 1520 1580 1574 paulisper
1601 1520 1911 1561 commemora-

1087 1577 1158 1626 tis,
1183 1577 1239 1619 ad
1262 1576 1487 1618 laetissima
1504 1577 1652 1630 petius
1670 1576 1848 1618 Domini
1867 1579 1911 1618 et

1087 1633 1326 1676 Salvateris
1344 1634 1483 1676 nostri
1501 1635 1718 1686 promissa
1733 1645 1911 1675 conver-

1087 1692 1229 1732 tamus
1265 1690 1471 1732 auditum.
1532 1689 1774 1732 Videamus
1813 1702 1911 1743 quae

1086 1750 1219 1788 tantae
1243 1747 1383 1798 gratia
1404 1746 1595 1800 pietatis:
1625 1759 1713 1788 non
1735 1747 1911 1788 aeternae

1086 1803 1390 1845 tantummodo
1411 1803 1514 1845 vit'ae
1532 1803 1715 1856 praemia
1739 1803 1828 1844 suis
1847 1816 1910 1845 se-

1089 1859 1310 1912 quacibus,
1329 1859 1408 1902 sed
1427 1864 1471 1901 et
1483 1859 1714 1912 praesentis
1729 1862 1912 1901 munera

1086 1916 1318 1969 pollicetur
1351 1917 1519 1959 eximia.
1566 1916 1624 1958 Et
1657 1916 1815 1966 omnis,
1850 1916 1910 1958 in-

1089 1973 1192 2026 quit,
1212 1973 1286 2025 qui
1299 1973 1523 2026 reliquerit
1537 1972 1727 2022 domum,
1745 1972 1816 2015 vel
1829 1972 1910 2014 fra-

1086 2034 1192 2080 tres,
1220 2035 1294 2071 aut
1314 2032 1504 2080 sorores,
1531 2034 1606 2071 aut
1621 2034 1808 2082 patrem,
1836 2033 1911 2072 aut

1086 2091 1282 2137 matrem,
1302 2091 1377 2128 aut
1390 2088 1584 2136 uxorem,
1603 2091 1678 2128 aut
1692 2086 1818 2136 filios,
1837 2090 1912 2128 aut

1087 2155 1231 2195 agros,
1253 2147 1436 2196 propter
1454 2155 1613 2184 nomen
1631 2156 1791 2193 meum,
1815 2144 1910 2184 cen-

1085 2200 1254 2253 tuplum
1273 2200 1468 2252 accipiet,
1488 2204 1532 2241 et
1550 2200 1683 2241 vitam
1702 2201 1911 2242 aeternam

1084 2256 1340 2309 possidebit.
1386 2256 1469 2307 Qui
1498 2256 1612 2298 enim
1638 2256 1823 2298 terrenis
1851 2255 1908 2297 af-

1085 2312 1270 2355 fectibus
1308 2313 1400 2357 sive
1436 2312 1789 2366 possessionibus
1824 2325 1906 2366 pro

1085 2369 1245 2411 Christi
1286 2369 1548 2423 discipulatu
1588 2369 1908 2420 renuntiaverit,

1086 2438 1172 2478 quo
1204 2425 1304 2479 plus
1337 2426 1381 2467 in
1414 2427 1503 2479 ejus
1537 2428 1730 2468 amerern
1766 2425 1907 2479 profe-

1085 2483 1202 2532 cerit,
1236 2495 1288 2524 eo
1321 2483 1470 2536 plures
1501 2483 1707 2532 inveniet,
1748 2482 1822 2535 qui
1860 2494 1907 2523 se

1084 2539 1253 2580 interno
1280 2542 1503 2592 suscipere
1535 2539 1711 2588 affectu,
1743 2543 1787 2580 et
1819 2539 1907 2580 suis

1085 2595 1303 2647 gaudeant
1321 2597 1567 2637 sustentare
1587 2589 1850 2637 substantiis.

1142 2656 1200 2697 Te
1218 2657 1361 2698 Deum
1379 2656 1618 2698 laudamus.
1642 2657 1699 2698 13.
