2040 2976
166 227 238 263 430

169 323 335 362 ximum
353 326 580 372 tamquam
599 332 647 360 se
666 317 835 371 ipsum?
861 319 1003 368 Quan-

170 376 413 429 doquidem
432 389 521 417 non
541 375 683 426 diligit
702 380 747 416 et
767 387 814 416 se
834 372 1002 426 ipsum?

168 435 249 475 Est
273 433 438 485 quippe
458 432 630 484 impius,
650 437 694 473 et
711 431 903 483 iniquus:
929 430 1004 481 qui

169 495 316 531 autem
327 486 1005 539 diligitiniquitatem,nonplane

170 546 326 597 diligit,
348 545 427 586 sed
448 545 543 586 odit
563 544 753 586 animam
773 556 909 584 suam.

226 607 277 657 R.
291 602 386 644 Sint
399 601 536 643 lumbi
553 600 690 642 vestri
704 599 944 653 praecincti,
963 603 1007 640 et

170 659 364 700 lucernae
392 657 599 699 ardentes
632 657 676 698 in
703 655 908 697 manibus
935 668 1007 695 ve·

171 715 287 757 stris:
306 722 328 745 *
339 715 395 756 Et
410 727 492 756 vos
504 713 668 755 similes
678 711 930 754 hominibus
944 724 1008 752 ex-

172 771 478 823 spectantibus
490 770 718 812 d6minum
728 782 867 818 suum,
885 780 1009 820 quan-

172 827 231 869 do
247 830 495 869 revertatur
511 840 536 868 a
550 826 729 879 nuptiis.
752 821 803 873 V.
814 825 1008 875 Vigilate

173 897 297 936 ergo,
327 885 430 936 quia
456 883 638 925 nescitis
669 895 754 935 qua
778 881 888 922 hora
914 881 1009 922 Dfis

172 946 319 983 vester
335 944 546 982 venturus
565 940 632 981 sit.
651 939 719 980 Et.
749 938 914 979 Gloria.
942 938 1009 979 Et.

176 1014 249 1047 Pro
285 1013 340 1046 ὃς.
374 1012 640 1055 Symphorosa
675 1014 711 1043 ct
741 1014 889 1051 septem
919 1008 1009 1041 filiis

471 1060 718 1103 Martyribus.

451 1113 647 1153 Lectio
685 1113 738 1151 ix.

200 1166 523 1220 ymphor6sa
557 1164 806 1211 Tiburtina,
846 1162 1011 1204 Getulii

131 1273 134 1275 ,
215 1222 476 1274 “Martyris
504 1234 634 1270 uxor,
663 1234 718 1262 ex
750 1232 804 1260 eo
838 1224 1012 1272 septem

178 1280 293 1321 filios
317 1278 509 1332 peperit,
534 1277 852 1326 Crescentium,
881 1275 1012 1316 Julia-

178 1350 297 1385 num,
325 1335 366 1376 N
370 1334 596 1383 emesium,
622 1333 913 1383 Primitivum,
940 1332 964 1372 J
967 1345 1011 1373 u-

177 1395 355 1442 stinum,
393 1393 636 1439 Stacteum,
674 1395 717 1431 et
751 1389 1013 1440 Eugenium:

180 1450 253 1502 qui
270 1461 423 1490 omnes
437 1453 623 1500 propter
640 1446 890 1488 christianae
909 1444 1013 1486 fidei

179 1506 503 1558 professionem
522 1516 610 1545 una
629 1516 729 1544 eum
747 1507 905 1551 matre,
924 1501 1013 1543 Ad-

179 1563 303 1603 riano
359 1562 648 1613 imperatore,
707 1558 1015 1611 comprehensi

179 1623 291 1660 sunt.
321 1619 518 1673 Quorum
535 1618 680 1669 pietas
698 1615 847 1657 multis
863 1616 1013 1656 variis-

181 1687 265 1726 que
283 1676 454 1715 tentata
471 1673 711 1726 suppliciis,
727 1685 828 1713 cum
843 1671 1015 1712 stabilis

180 1733 473 1784 permaneret,
493 1735 650 1778 mater,
671 1741 770 1781 quae
790 1728 891 1768 filiis
910 1728 1016 1769 fidei

181 1789 393 1838 magistra
429 1786 588 1834 fuerat,
630 1785 720 1826 dux
755 1784 923 1826 eisdem
959 1784 1016 1825 ad

180 1843 438 1895 martyrium
464 1842 644 1884 exstitit.
683 1841 799 1882 Nam
824 1853 933 1882 saxo
960 1839 1017 1882 ad

184 1899 348 1941 collum
367 1899 558 1949 alligato,
573 1898 617 1938 in
633 1898 927 1950 profluentem
945 1896 1016 1938 de-

182 1957 337 2008 jicitur:
372 1956 494 2007 cujus
526 1967 690 2007 corpus
720 1953 1018 2005 conquisitum

183 2026 207 2054 a
247 2012 379 2053 fratre
421 2013 512 2063 ejus
549 2011 749 2062 Eugenio
793 2010 1018 2061 sepelitur.

183 2068 405 2110 Postridie
426 2069 517 2120 ejus
538 2067 635 2117 diei,
655 2067 729 2120 qui
748 2067 828 2108 fuit
844 2065 1018 2108 decimo

186 2125 338 2178 quinto
362 2124 589 2166 Kalendas
614 2123 821 2175 Augusti,
847 2127 1021 2175 septem

185 2183 342 2223 fratres
375 2181 533 2231 singuli
568 2181 624 2222 ad
656 2180 807 2233 palum
842 2179 1020 2230 alligati,

186 2238 309 2280 varie
345 2243 446 2278 sunt
480 2237 710 2278 interfecti.
764 2236 1020 2278 Crescentio

185 2299 336 2346 guttur
364 2293 481 2334 ferro
514 2293 802 2344 transfigitur:
843 2292 1020 2334 Juliano

187 2355 343 2404 peetus
379 2349 650 2391 confoditur:
696 2349 906 2390 Nemesio
945 2361 1022 2390 cor

186 2406 587 2449 transverberatur:
613 2405 843 2447 Primitivo
866 2405 1021 2457 trajici-

187 2469 260 2505 tur
287 2461 538 2504 umbilicus:
575 2462 774 2503 Justinus
806 2461 1022 2503 membra-

74 2546 82 2555 .
156 2558 160 2563 .
188 2520 267 2562 tim
286 2521 474 2560 secatur:
502 2519 704 2560 Stacteus
722 2518 822 2559 telis
845 2518 1023 2568 configi-

189 2581 279 2618 tur:
315 2575 540 2626 Eugenius
569 2587 594 2615 a
620 2575 804 2626 pectore
836 2574 881 2614 in
913 2572 1023 2615 duas

189 2637 341 2685 partes
370 2630 592 2672 dividitur.
633 2631 702 2671 Ita
733 2635 835 2671 octo
863 2629 1024 2670 hestiae

191 2689 290 2730 Deo
327 2687 590 2739 gratissimae
632 2691 733 2727 sunt
774 2685 1025 2726 immolatae.

194 2745 395 2797 Corpora
408 2744 452 2784 in
467 2742 726 2784 altissimam
740 2742 915 2783 feveam
924 2754 1024 2794 pro-

575 225 645 258 Dic¹
674 225 723 258 w.
748 224 852 258 ¹Iulii.
900 226 934 257 S.
960 224 1155 257 Vincentii
1182 234 1201 256 a
1228 223 1349 257 Paulo
1376 222 1485 257 Conf.

1058 318 1169 368 jecta
1194 321 1296 357 sunt
1320 316 1391 357 via
1414 314 1664 363 Tiburtina,
1689 327 1808 356 nono
1835 313 1891 355 ab

1059 373 1177 414 Urbe
1202 371 1369 424 lapide:
1395 384 1494 424 quae
1519 373 1678 424 postea
1701 371 1893 412 Romam

1057 429 1287 478 translata,
1314 427 1495 469 condita
1518 432 1618 469 sunt
1638 427 1683 467 in
1707 426 1893 468 ecclesia

1059 485 1199 527 sancti
1220 485 1379 535 Angeli
1398 485 1442 525 in
1461 484 1642 536 piscina.

1116 551 1279 592 Quando
1292 554 1418 584 autem
1428 549 1505 583 alia
1517 548 1579 582 die
1591 547 1817 589 celebratur,
1825 546 1898 581 erit

1368 601 1522 641 Lectio
1544 601 1597 640 ix.

1158 672 1212 700 oc
1256 671 1362 709 ergo
1407 658 1682 710 praeceptum
1717 655 1896 697 Demini

1173 717 1414 762 teneamus
1433 718 1482 755 ut
1496 725 1580 754 nos
1597 712 1786 753 invicem
1803 710 1896 752 dili-

1061 775 1227 824 gamus,
1243 777 1287 813 et
1305 768 1520 823 quidquid
1538 767 1658 810 aliud
1671 767 1896 821 praecepit,

1062 829 1291 871 faciemus:
1330 826 1539 879 quoniam
1577 823 1793 877 quidquid
1829 830 1898 866 est

1063 885 1201 934 aliud,
1234 884 1305 925 hic
1341 882 1567 924 habemus.
1621 881 1896 922 Discernitur

1064 942 1229 994 quippe
1261 940 1345 981 ista
1385 938 1564 980 dilectio
1597 938 1653 980 ab
1686 937 1760 979 illa
1793 937 1896 980 dile-

1064 998 1229 1048 ctione,
1274 1009 1360 1049 qua
1399 1008 1447 1037 se
1487 995 1676 1036 invicem
1712 994 1899 1045 diligunt

1063 1054 1280 1095 hemines:
1294 1065 1395 1093 nam
1410 1057 1459 1093 ut
1475 1051 1809 1101 discerneretur,
1824 1050 1898 1092 ad-

1064 1111 1259 1162 junctum
1282 1114 1365 1150 est:
1406 1108 1529 1149 Sicut
1554 1107 1687 1149 dilexi
1712 1120 1803 1148 vos.
1840 1107 1900 1149 Ut

1067 1166 1173 1219 quid
1193 1167 1308 1208 enim
1328 1165 1468 1216 diligit
1486 1177 1568 1205 nos
1586 1164 1797 1213 Christus,
1815 1164 1899 1204 nisi

1066 1229 1113 1265 ut
1132 1225 1318 1274 regnare
1337 1224 1561 1275 possimus
1581 1234 1682 1262 cum
1699 1219 1898 1262 Christo?

1066 1280 1139 1322 Ad
1163 1280 1251 1321 hoc
1279 1291 1385 1329 ergo
1413 1283 1457 1319 et
1481 1290 1564 1318 nos
1589 1277 1778 1319 invicem
1806 1277 1899 1319 dili-

1066 1340 1239 1388 gamus,
1284 1341 1332 1377 ut
1378 1334 1661 1376 dilectionem
1702 1339 1901 1376 nostram

1067 1394 1369 1435 discernamus
1389 1404 1414 1432 a
1433 1390 1607 1440 ceteris,
1634 1391 1708 1443 qui
1731 1403 1821 1432 non
1844 1390 1901 1432 ad

1067 1450 1153 1492 hoe
1179 1462 1226 1491 se
1251 1449 1438 1489 invicem
1463 1447 1666 1498 diligunt,
1693 1448 1795 1499 quia
1819 1460 1902 1489 nee

1068 1507 1264 1557 diligunt.
1319 1505 1403 1554 Qui
1446 1509 1593 1545 autem
1633 1516 1681 1545 se
1716 1508 1902 1559 propter

1068 1562 1319 1605 habendum
1342 1561 1487 1602 Deum
1514 1560 1718 1610 diligunt,
1743 1560 1829 1613 ipsi
1854 1573 1902 1602 se

1069 1619 1273 1670 diligunt;
1294 1630 1400 1667 ergo
1417 1621 1465 1657 ut
1480 1629 1528 1657 se
1548 1616 1742 1666 diligant,
1757 1617 1903 1658 Deum

1069 1675 1265 1726 diligunt.
1326 1674 1430 1715 Non
1473 1677 1541 1714 est
1583 1673 1682 1714 haec
1723 1671 1902 1714 dilectio

1068 1733 1112 1773 in
1145 1731 1348 1774 omnibus
1384 1728 1651 1772 hominibus:
1688 1729 1819 1782 pauci
1855 1742 1903 1770 se

1068 1790 1310 1842 propterea
1351 1787 1557 1837 diligunt,
1599 1791 1648 1827 ut
1690 1786 1747 1827 sit
1781 1786 1904 1827 Deus

1070 1846 1216 1887 omnia
1235 1845 1278 1885 in
1299 1843 1515 1885 emnibus.
1557 1843 1619 1884 Te
1639 1842 1793 1883 Deum.
1820 1843 1878 1883 13.

1120 1911 1165 1944 In
1192 1910 1312 1944 Laud.
1337 1919 1471 1943 comm.
1498 1908 1554 1943 Ss.
1579 1907 1803 1952 Martyrum.

1123 1965 1222 2003 Ant.
1251 1961 1397 2003 Vestri
1412 1960 1561 2014 capilli
1577 1959 1735 2012 capitis
1751 1971 1904 2000 omnes

1070 2017 1288 2059 numerati
1308 2022 1424 2059 sunt:
1446 2017 1583 2058 nolite
1602 2016 1773 2057 timere:
1798 2014 1905 2056 mul·

1071 2075 1128 2116 tis
1148 2074 1402 2127 passeribus
1421 2073 1628 2114 meliores
1649 2072 1756 2113 estis
1775 2083 1867 2112 vos.

1124 2132 1175 2183 W.
1203 2133 1501 2176 Exsultabunt
1521 2133 1662 2174 sancti
1687 2133 1731 2173 in
1755 2131 1906 2184 gloria.

1071 2194 1122 2245 R.
1150 2191 1439 2232 Laetabantur
1461 2191 1505 2230 in
1527 2189 1746 2231 cubilibus
1767 2188 1867 2229 suis.

1124 2254 1241 2296 Vesp.
1267 2263 1287 2286 a
1311 2252 1404 2295 Cap.
1430 2251 1477 2285 de
1499 2262 1605 2295 sequ.
1631 2259 1767 2284 comm.
1790 2257 1906 2292 praec.

1342 2338 1426 2379 Die
1447 2338 1505 2378 19.
1524 2337 1548 2378 J
1552 2337 1642 2378 ulii:

1149 2407 1192 2447 S.
1211 2406 1467 2448 Vincentii
1485 2416 1517 2446 a.
1534 2406 1690 2447 Paulo
1710 2405 1832 2447 Conf.

1408 2469 1577 2512 DupleX:

1128 2530 1264 2565 Omnia
1298 2530 1344 2563 de
1378 2530 1522 2564 Comm.
1553 2528 1662 2563 Conf.
1692 2537 1770 2561 non
1795 2526 1904 2560 Pont.

1076 2577 1145 2620 [67]
1166 2583 1307 2621 praeter
1331 2588 1437 2621 sequ.
1461 2576 1520 2618 (m.
1545 2582 1569 2610 t.
1593 2579 1642 2618 v.)

1414 2629 1579 2670 Oratio.

1166 2697 1262 2734 eus,
1308 2684 1382 2736 qui
1423 2683 1481 2724 ad
1517 2679 1907 2732 evangelizandum

1172 2739 1453 2792 pauperibus,
1473 2743 1517 2780 et
1534 2737 1822 2779 ecclesiastici
1840 2739 1907 2782 or-
