2040 2976
504 184 606 219 Infra
629 185 923 220 Hebdomadam
946 187 972 221 Ι.
996 192 1087 231 post
1111 187 1189 223 Oct.
1213 189 1469 224 pentecostes.

140 289 209 317 am
229 288 310 328 ego
329 280 564 328 cognesco:
583 283 627 321 et
647 278 854 323 delictum
872 295 957 324 me-

139 345 212 373 um
244 337 397 374 contra
427 346 496 375 me
531 339 598 376 est
634 348 822 390 semper,
859 339 960 390 quia

139 388 218 431 tibi
237 389 320 431 soli
338 390 530 442 peccavi.
557 390 624 432 Et.

443 454 594 497 Lectio
612 455 652 496 ii.

217 515 322 557 tiam
350 517 585 568 antequam
616 517 843 562 adolerent
871 519 958 562 adi-

238 584 351 625 pem,
365 572 568 615 veniebat
581 587 690 626 puer
705 575 958 627 sacerdetis,

137 633 181 670 et
223 627 397 670 dicebat
436 628 692 673 immolanti:
744 632 813 674 Da
853 633 958 674 mihi

138 697 321 735 carnem,
339 689 388 726 ut
406 697 593 738 coquam
611 688 845 731 sacerdeti:
870 703 958 732 non

138 741 252 782 enim
265 741 477 795 accipiam
492 755 518 784 a
531 747 575 785 te
590 756 764 786 carnem
775 751 957 797 coctam,

137 797 217 839 sed
230 798 419 840 crudam.
442 799 716 853 Dicebatque
730 802 792 843 illi
806 805 956 846 immo-

135 853 245 895 lans:
264 854 529 897 Incendatur
542 857 728 909 primum
742 859 861 910 juxta
874 873 958 902 mo-

135 922 228 951 rem
240 909 372 952 hedie
387 910 535 965 adeps,
554 918 598 955 et
611 913 716 956 tolle
731 914 810 957 tibi
826 929 956 968 quan-

134 970 415 1020 tumcumque
447 967 670 1011 desiderat
701 971 844 1013 anima
870 978 955 1014 tua.

136 1022 220 1072 Qui
238 1023 511 1076 respendens
535 1025 677 1077 ajebat
702 1027 756 1069 ei:
782 1028 825 1069 N
827 1032 955 1080 equa-

136 1090 280 1130 quam:
311 1093 425 1122 nunc
452 1081 566 1123 enim
595 1081 735 1133 dabis,
764 1084 955 1137 aliequin

133 1134 284 1176 tollam
297 1135 350 1176 vi.
367 1136 473 1178 Erat
488 1150 592 1189 ergo
607 1142 838 1191 peccatum
852 1154 954 1194 pue-

132 1193 280 1233 rorum
302 1192 465 1244 grande
489 1195 615 1236 nimis
640 1208 788 1238 coram
805 1197 952 1239 Demi-

132 1260 205 1290 no:
225 1249 326 1301 quia
340 1249 619 1293 retrahebant
634 1251 830 1295 hemines
848 1267 874 1296 a
888 1267 951 1296 sa-

133 1305 297 1348 crificio
316 1306 503 1348 Demini.

184 1366 234 1416 R.
259 1366 488 1409 Exaudisti
505 1368 691 1411 Domine
711 1371 951 1413 oratienem

131 1422 246 1464 servi
272 1423 350 1474 tui,
377 1429 426 1466 ut
452 1424 715 1468 aedificarem
740 1428 952 1481 templum

130 1479 294 1520 nomini
306 1484 398 1522 tuo:
416 1483 438 1506 *
454 1480 656 1532 Benedic‚
672 1488 715 1525 et
730 1484 951 1526 sanctifica

131 1534 309 1576 domum
359 1536 487 1578 istam
535 1538 578 1578 in
629 1540 950 1592 sempiternum,

129 1591 250 1632 Deus
264 1591 412 1633 Israel.
438 1588 489 1640 V.
507 1593 706 1645 Demine,
721 1596 795 1648 qui
810 1600 950 1639 custe-

130 1646 197 1689 dis
222 1653 400 1701 pactum
432 1662 531 1691 cum
564 1652 701 1693 servis
732 1653 834 1703 tuis,
878 1654 951 1706 qui

130 1703 352 1746 ambulant
378 1718 527 1748 coram
550 1712 594 1749 te
619 1708 662 1749 in
690 1713 786 1751 toto
816 1710 950 1752 corde

130 1773 222 1802 suo.
246 1760 449 1804 Benedic.

424 1825 575 1866 Lectio
596 1826 650 1865 iii.

199 1888 342 1930 Amuel
373 1894 518 1931 autem
548 1890 820 1933 ministrabat
849 1896 948 1933 ante

222 1943 377 1986 faciem
392 1945 578 1996 Domini,
592 1959 712 2000 puer,
728 1950 948 1990 accinctus

129 1999 276 2052 ephod
300 2000 427 2043 lineo.
474 2003 531 2044 Et
554 2003 744 2045 tunicam
767 2016 948 2056 parvam

127 2055 314 2098 faciebat
340 2057 379 2098 ei
406 2064 544 2101 mater
573 2072 661 2109 sua,
690 2072 820 2111 quam
847 2059 946 2101 affe-

66 2142 69 2143 ν
127 2111 252 2154 rebat
287 2114 458 2156 statutis
496 2115 666 2165 diebus,
708 2116 946 2158 ascendens

128 2182 227 2210 cum
240 2169 332 2211 viro
345 2183 435 2221 suo,
446 2177 494 2214 ut
504 2172 749 2214 immolaret
758 2172 947 2214 hostiam

128 2224 374 2267 solemnem.
409 2227 466 2270 Et
496 2227 718 2270 benedixit
744 2229 845 2270 Heli
876 2229 944 2269 El—

127 2293 248 2322 canae
279 2286 323 2324 et
352 2284 479 2325 uxeri
516 2285 621 2337 ejus:
658 2284 854 2337 dixitque
890 2285 944 2326 ei:

1011 283 1188 326 Reddat
1229 285 1309 327 tibi
1344 286 1555 330 Deminus
1592 302 1739 331 semen
1776 291 1830 333 de

1010 340 1191 382 muliere
1205 340 1297 392 hac,
1311 355 1392 395 pro
1407 343 1574 386 fo'enore
1591 346 1710 398 quod
1725 359 1832 389 com-

1010 396 1200 439 modasti
1229 397 1430 440 Domino.
1469 400 1526 442 Et
1558 401 1755 445 abierunt
1786 404 1830 444 in

1010 452 1156 493 locum
1174 466 1309 495 suum.
1337 455 1543 498 Visitavit
1563 470 1665 509 ergo
1684 459 1830 501 Demi-

1011 521 1091 550 nus
1109 509 1291 560 Annam,
1309 516 1353 553 et
1372 513 1582 566 concepit,
1602 519 1644 556 et
1658 517 1830 569 peperit

1009 569 1099 606 tres
1118 565 1243 616 filios,
1269 572 1312 608 et
1331 567 1439 609 duas
1458 568 1584 610 filias:
1609 575 1653 612 et
1671 572 1829 623 magni-

1010 621 1166 663 ficatus
1190 627 1257 664 est
1279 636 1388 676 puer
1406 625 1579 667 samuel
1606 627 1723 679 apud
1741 628 1828 669 De-

1009 678 1182 720 minum.

1061 741 1112 793 R.
1137 740 1255 781 Audi
1273 740 1460 783 Demine
1479 742 1694 795 hymnum,
1719 750 1762 786 et
1786 758 1827 787 o-

1010 795 1238 846 ratienem,
1269 810 1398 849 quam
1425 811 1576 841 servus
1607 806 1706 842 tuus
1734 807 1829 843 orat

1010 864 1158 893 coram
1175 858 1219 894 te
1238 853 1385 895 hodie:
1403 859 1452 896 ut
1470 855 1555 897 sint
1576 856 1689 898 eculi
1706 858 1769 898 tui
1788 871 1827 899 a·

1009 909 1133 960 perti,
1148 915 1191 951 et
1208 923 1333 952 aures
1348 915 1436 952 tuae
1451 911 1639 962 intentae,
1655 910 1677 935 *
1690 914 1828 966 Super

1010 963 1188 1007 domum
1205 967 1332 1008 istam
1352 967 1422 1009 die
1441 980 1492 1009 ac
1510 974 1649 1011 nocte.
1675 964 1726 1015 V.
1744 970 1826 1011 Re-

1009 1021 1129 1073 spice
1144 1022 1331 1065 Demine
1351 1023 1405 1065 de
1420 1025 1667 1067 sanctuario
1682 1031 1769 1076 tuo,
1785 1031 1828 1068 et

1009 1076 1064 1118 de
1101 1079 1275 1120 excelso
1319 1080 1530 1121 coelerum
1566 1080 1826 1123 habitaculo.

1008 1133 1156 1187 Super.
1186 1134 1333 1178 Gleria
1352 1137 1482 1178 Patri.
1510 1137 1660 1190 Super.

1058 1257 1170 1297 Feriu
1186 1258 1230 1292 V.
1249 1258 1463 1292 celebratur
1474 1258 1629 1292 Festum
1643 1259 1826 1303 Corporis

1007 1305 1159 1339 Christi.

1056 1357 1095 1391 si
1115 1368 1159 1391 ea
1178 1358 1238 1391 die
1254 1361 1427 1391 occurrat
1442 1358 1595 1392 Festum
1609 1358 1761 1401 Duplex
1780 1371 1826 1394 ex

1004 1406 1214 1447 majoribus
1236 1406 1297 1439 vel
1316 1406 1476 1448 alicujus
1499 1406 1677 1440 Doctoris
1700 1408 1825 1442 Eccle-

1005 1453 1083 1495 siae,
1112 1454 1339 1487 transfertur
1366 1460 1455 1497 post
1480 1456 1677 1488 Octavam:
1707 1456 1739 1489 si
1766 1466 1825 1490 oc-

1004 1507 1130 1535 currat
1152 1502 1257 1535 aliud
1274 1502 1427 1545 Duplex
1448 1503 1511 1536 vel
1534 1503 1691 1546 aliquod
1709 1504 1825 1537 Semi-

1005 1549 1158 1592 dupleX,
1184 1555 1247 1583 aut
1272 1550 1453 1593 Simplex,
1480 1551 1526 1584 de
1552 1551 1606 1584 cis
1632 1551 1728 1584 nihil
1752 1553 1801 1586 tit.

1054 1606 1155 1639 Infra
1175 1606 1358 1640 Octavam
1380 1617 1457 1641 non
1479 1608 1519 1641 fit
1540 1607 1586 1641 de
1604 1608 1729 1651 Festo,
1750 1610 1825 1643 nisi

1003 1654 1115 1688 fuerit
1151 1654 1319 1697 Duplex:
1367 1655 1641 1698 Semiduplicia
1679 1662 1822 1691 tantum

1004 1708 1350 1737 commemorantur
1377 1703 1416 1736 in
1442 1703 1614 1746 utrisque
1640 1705 1823 1748 Vesperis

1003 1755 1038 1784 et
1061 1751 1258 1785 Laudibus
1288 1751 1369 1785 sine
1395 1752 1443 1785 ix.
1468 1752 1663 1792 Lectione:
1690 1763 1760 1787 nec
1783 1754 1823 1788 fit

1003 1799 1049 1832 de
1079 1799 1194 1833 Festo
1224 1800 1378 1843 Duplici
1408 1800 1544 1842 majori
1574 1801 1636 1834 vel
1662 1802 1821 1845 alicujus

1001 1847 1180 1881 Doctoris
1212 1848 1398 1882 Ecclesiae
1431 1848 1635 1891 translato,
1666 1850 1741 1883 nisi
1774 1851 1822 1885 sit

1001 1895 1135 1938 primae
1152 1895 1214 1929 vel
1228 1896 1408 1930 secundae
1422 1896 1573 1938 classis;
1588 1896 1634 1932 de
1648 1896 1821 1941 Simplici

1001 1943 1041 1976 fit
1062 1948 1208 1977 tantum
1226 1944 1536 1978 commemoratio
1556 1946 1702 1989 absque
1719 1956 1820 1981 nona

999 1990 1181 2025 Lectione
1205 1992 1251 2025 de
1274 2002 1332 2026 eo:
1355 1992 1430 2026 nisi
1454 1997 1628 2027 occurrat
1650 1993 1689 2027 in
1705 1993 1819 2028 Festo

999 2038 1165 2082 Duplici,
1183 2039 1287 2082 quod
1304 2050 1379 2073 non
1398 2040 1447 2074 sit
1463 2040 1597 2082 primae
1615 2041 1762 2075 classis.

1051 2090 1094 2124 In
1112 2091 1173 2124 die
1192 2091 1347 2126 Octavae
1364 2103 1441 2127 non
1460 2092 1500 2126 fit
1516 2093 1591 2126 nisi
1608 2093 1654 2127 de
1672 2093 1818 2127 Nativi—

999 2142 1076 2172 tate
1097 2138 1132 2173 S.
1152 2138 1325 2183 Joannis,
1349 2144 1384 2174 et
1405 2141 1451 2175 de
1475 2141 1590 2175 Festo
1608 2141 1664 2176 Ss.
1681 2142 1816 2184 Apost.

999 2186 1102 2220 Petri
1119 2192 1155 2221 et
1172 2187 1293 2231 Pauli,
1312 2189 1374 2223 vel
1392 2189 1438 2223 de
1456 2190 1532 2224 alio
1549 2200 1597 2225 ex
1615 2190 1816 2225 solemnio-

998 2234 1115 2277 ribus,
1142 2235 1175 2268 si
1199 2241 1409 2278 occurrant,
1435 2247 1521 2271 cum
1547 2248 1815 2273 commemora-

998 2282 1102 2316 tione
1120 2281 1285 2317 Oc'cavae.
