2040 2976
643 235 818 271 Officium
842 244 1003 278 parvum
1028 234 1068 268 B.
1092 233 1224 268 Murice
1248 233 1352 275 Virg.

200 331 324 372 Tunc
344 329 489 372 dicent
511 329 623 370 inter
642 327 822 369 Gentes:
838 326 863 353 *
881 325 969 367 Ma-

149 387 371 439 gnifieavit
410 385 626 427 D6minus
675 383 820 425 facere
871 395 969 424 eum

150 456 223 486 eis.
332 471 334 473 »

200 499 495 552 Magnificavit
508 497 723 539 Dominus
737 495 882 537 facere
896 507 969 536 no-

149 557 335 599 biseum:
353 556 377 582 *
395 555 499 597 facti
517 566 664 596 sumus
683 553 893 594 laetantes.

202 613 417 655 Converte
447 611 635 653 Domine
671 608 970 662 captivitatem

150 674 357 719 nostram,
371 669 396 695 *
417 668 528 710 sieut
546 671 718 709 torrens
736 666 781 706 in
794 664 970 706 Austro.

203 726 288 776 Qui
301 725 514 767 seminant
527 724 572 764 in
585 722 786 772 lacrimis,
800 721 824 748 *
841 721 886 762 in
901 733 970 762 ex-

151 782 383 824 sultatione
402 784 576 823 metent.

202 839 368 880 Euntes
382 837 504 879 ibant
518 841 562 879 et
575 834 748 885 flebant,
761 834 786 861 *
804 833 972 876 mitten-

152 899 219 937 tes
239 894 402 936 semina
422 906 511 935 sua.

142 959 148 966 ·
202 951 440 993 Venientes
479 953 625 991 autem
659 947 835 990 venient
874 959 973 988 eum

153 1007 457 1057 exsultatione,
475 1006 499 1033 *
529 1006 757 1059 portantes
779 1004 973 1055 manipu-

152 1064 220 1106 los
240 1076 353 1105 suos.

206 1119 357 1161 GlOria
372 1118 502 1161 Patri.

416 1181 613 1223 Psalmus
633 1183 717 1222 126.

248 1237 303 1279 isi
332 1236 565 1278 Dominus·
582 1233 867 1276 aedificaverit
901 1233 974 1274 do-

264 1306 399 1343 mum,
426 1292 450 1319 *
482 1292 527 1333 in
558 1304 717 1333 vanum
752 1289 975 1332 laborave-

154 1355 255 1392 runt
274 1350 348 1402 qui
367 1348 585 1391 aedificant
605 1361 711 1389 eam.

204 1406 302 1448 Nisi
319 1406 443 1447 Dfius
466 1404 725 1446 custodierit
745 1403 976 1452 civitatem,

155 1463 178 1489 *
202 1463 363 1504 frustra
385 1461 537 1512 vigilat
557 1460 631 1513 qui
654 1459 848 1501 cust6dit
871 1471 977 1501 eam.

205 1519 380 1561 Vanum
421 1522 488 1559 est
528 1517 655 1558 vobis
699 1521 800 1557 ante
835 1515 978 1556 lucem

157 1578 350 1627 surgere:
369 1575 394 1601 *
413 1574 578 1625 surgite
601 1577 838 1625 postquam
857 1570 977 1613 sede-

157 1632 270 1682 ritis,
300 1631 382 1683 ‘qui
413 1629 688 1672 manducatis
715 1641 875 1681 panem
901 1627 977 1669 do-

155 1688 274 1729 loris.

210 1745 319 1786 Cum
360 1742 531 1785 dederit
572 1741 744 1783 dilectis
785 1740 874 1782 suis
911 1752 977 1781 so-

156 1810 319 1839 mnum:
345 1796 369 1822 *
398 1807 501 1837 ecce
533 1793 769 1835 haereditas
801 1791 979 1834 Domini

158 1853 251 1895 filii:
268 1864 448 1901 merces⁷
467 1851 635 1892 fructus
652 1849 829 1891 ventris.

209 1909 329 1951 Sicut
353 1910 524 1959 sagittae
549 1907 594 1947 in
615 1919 748 1947 manu
771 1904 979 1959 potentis:

158 1965 182 1991 *
200 1965 262 2006 ita
280 1964 361 2007 filii·
379 1965 671 2005 excuss6rum.

210 2021 373 2062 Beatus
397 2019 464 2060 vir
490 2019 564 2071 qui
587 2017 785 2070 implevit
812 2016 980 2058 deside—

159 2078 271 2124 rium
289 2089 415 2118 suum
439 2088 493 2117 ex
515 2075 638 2127 ipsis:
657 2074 681 2100 ’⁸¹
699 2086 787 2115 non
804 2073 980 2115 confun-

160 2134 287 2176 detur
315 2145 414 2174 cum
440 2131 645 2183 loquetur
676 2130 862 2171 inimicis
890 2129 981 2170 suis

159 2191 203 2231 in
226 2193 366 2242 porta.

213 2246 364 2287 Gloria
382 2244 512 2286 Patri.

423 2307 620 2349 Psalmus
640 2307 722 2347 127.

162 2360 330 2465 Beati
362 2373 531 2410 omnes,
568 2359 642 2412 qui
672 2359 825 2400 timent
856 2358 983 2408 Dfim,

264 2419 288 2445 *
317 2417 389 2469 qui
419 2415 642 2459 ambulant
667 2415 711 2456 in
737 2415 818 2455 viis
847 2415 948 2467 ejus.

214 2473 409 2515 Labores
439 2474 643 2513 manuum
676 2473 851 2513 tuarum
884 2470 985 2522 quia

1755 226 1845 270 [157]

1022 323 1322 367 manducabis:
1346 325 1371 352 *
1393 324 1549 367 beatus
1576 336 1638 373 eS‚
1666 327 1710 365 et
1732 321 1846 364 bene

1021 380 1102 423 tibi
1120 381 1212 423 erit.

1073 438 1195 480 Uxor
1216 442 1292 479 tua
1312 438 1424 479 sieut
1441 437 1543 480 vitis
1563 436 1801 486 abundans,
1823 436 1847 463 *

1023 494 1067 535 in
1084 494 1292 536 lateribus
1312 494 1468 536 domus
1487 498 1586 535 tuae.

1074 550 1173 592 Filii
1194 551 1258 592 tui
1281 550 1393 592 sicut
1415 550 1600 592 novellae
1624 549 1847 599 olivarum,

1024 609 1048 636 *
1065 608 1110 649 in
1129 607 1311 649 circuitu
1328 620 1492 649 mensae
1510 612 1610 649 tuae.

1075 665 1191 707 Eece
1225 664 1287 705 sic
1321 663 1606 706 benedicetur
1636 663 1792 713 homo,
1825 663 1848 690 *

1027 722 1100 775 qui
1123 722 1248 763 timet
1270 721 1517 762 Deminum.

1076 778 1316 820 Benedicat
1334 777 1414 819 tibi
1427 776 1643 818 Dominus
1662 789 1717 818 ex
1734 776 1850 818 Sion:

1025 837 1050 864 *
1075 840 1118 877 et
1141 835 1292 877 videas
1315 834 1433 877 bona
1451 833 1692 876 Jerusalem
1717 833 1849 875 omni-

1025 892 1107 934 bus
1127 891 1281 934 diebus
1300 891 1403 933 vitae
1422 895 1521 932 tuae.

1077 949 1135 990 Et
1154 947 1305 990 videas
1323 947 1438 988 filios
1457 946 1646 988 filiorum
1665 948 1851 995 tuorum,

1027 1007 1050 1032 *
1069 1018 1224 1060 pacem
1245 1017 1376 1058 super
1393 1004 1541 1045 Israel.

1080 1066 1232 1109 Gloria
1249 1065 1380 1107 Patri.

1082 1143 1180 1182 Ant.
1206 1138 1391 1181 Pulchra
1416 1151 1474 1188 es,
1501 1143 1544 1180 et
1567 1137 1739 1186 deeora,
1763 1136 1853 1177 filia

1027 1196 1285 1239 Jerusalem:
1309 1195 1516 1238 terribilis
1538 1199 1588 1237 ut
1611 1195 1853 1236 castrorum

1029 1254 1144 1296 acies
1164 1253 1376 1295 ordinata.

1082 1338 1338 1389 Capitulum.
1528 1333 1657 1374 Eceli.
1677 1333 1740 1372 24.
1761 1332 1798 1372 b.

1028 1387 1112 1494 In*
1133 1391 1291 1445 plateis
1322 1390 1434 1432 sieut
1464 1389 1783 1430 cinnamomum
1812 1391 1855 1429 et
1898 1401 1902 1441 f

1095 1448 1338 1490 balsamum
1362 1447 1650 1488 aromatizans
1673 1443 1855 1485 odorem
1898 1446 1901 1471 ’-

1030 1504 1150 1546 dedi:
1193 1504 1318 1556 quasi
1357 1501 1534 1555 myrrha
1576 1501 1715 1543 electa
1753 1499 1855 1542 dedi

1030 1562 1288 1603 suavitatem
1316 1559 1476 1602 od6ris.

1082 1628 1132 1679 R.
1161 1622 1256 1663 Deo
1276 1620 1449 1672 gratias,

1082 1691 1132 1743 ys.
1158 1691 1266 1732 Post
1289 1694 1463 1742 parturn
1484 1689 1623 1739 Virgo
1647 1686 1857 1729 inviolata

1030 1746 1320 1801 permansisti.
1369 1750 1419 1801 R.
1455 1745 1540 1787 Dei
1568 1744 1769 1786 Genitrix
1795 1743 1856 1783 in·
1898 1752 1900 1754 ’

1031 1804 1209 1847 tercede
1227 1815 1308 1856 pro
1327 1802 1465 1844 nobis.

1083 1873 1219 1925 Kyrie
1251 1871 1425 1913 eleison.
1478 1870 1652 1912 Christe
1683 1869 1857 1912 eleison.
1904 1907 1905 1911 ,

1032 1930 1166 1982 Kyrie
1186 1929 1360 1970 eleison.

1087 1993 1135 2043 Χ
1172 1992 1387 2034 D6minus
1424 1991 1663 2034 vobiscum.
1716 1993 1762 2043 R».
1802 1990 1860 2031 Et
1899 2001 1905 2014 ³

1034 2063 1134 2092 eum
1153 2049 1308 2102 spiritu
1325 2053 1413 2090 tuo.

1367 2129 1530 2171 Oratio.

1121 2187 1363 2229 amulorum
1389 2188 1580 2236 tuorum,
1610 2188 1859 2239 quaesumus

1899 1948 1905 2001 ἰ

1129 2244 1336 2293 Domine,
1373 2242 1542 2285 delictis
1579 2243 1777 2295 ignosce:
1812 2246 1860 2283 ut
1902 2254 1903 2257 ’

1036 2301 1110 2352 qui
1133 2300 1213 2342 tibi
1234 2300 1407 2353 placere
1428 2299 1483 2341 de
1499 2299 1676 2341 «actibus
1696 2299 1859 2340 nostris

1035 2369 1122 2398 non
1153 2356 1366 2406 valemus,
1405 2353 1652 2397 Genitricis'
1668 2355 1766 2396 Filii
1796 2355 1860 2396 tui

1036 2413 1213 2454 Domini
1231 2413 1371 2454 nostri
1390 2412 1703 2454 intercessione
1724 2411 1858 2452 salve-

1036 2483 1147 2511 mur:
1169 2470 1252 2520 Qui
1269 2474 1414 2511 tecum
1432 2469 1539 2511 vivit
1558 2474 1601 2510 et
1619 2472 1782 2520 regnat.
1827 2492 1830 2493 ν
