2040 2976
693 238 734 271 B.
756 238 889 271 Mariae
914 239 957 272 V.
984 239 1030 273 de
1058 240 1344 274 Consolatione.

209 332 260 384 R.
288 331 409 374 Sicut
433 330 590 372 cedrus
611 331 803 374 exaltata
822 345 919 374 sum
943 333 986 374 in

158 388 338 436 Libano,
350 393 395 430 et
410 388 522 429 sicut
538 389 772 440 cypressus
782 389 826 429 in
836 394 986 431 monte

155 445 274 487 Sion:
299 444 425 497 quasi
447 443 625 496 myrrha
649 443 799 494 electa,
823 446 846 470 *
870 445 986 487 Dedi

155 501 418 543 suavitatem
437 499 599 541 odoris.
623 492 675 544 V.
691 500 748 542 Et
767 501 880 543 sicut
899 502 984 543 cin-

153 559 406 599 namomum
434 562 478 598 et
507 556 753 598 balsamum
779 561 984 607 aromati-

154 626 270 655 zans.
295 612 423 655 Dedi.

464 665 616 706 Lectio
638 680 674 706 v.

156 720 373 827 mulier
397 727 559 767 amicta
582 725 687 767 sole.
722 726 858 768 Plane
881 729 982 767 ami-

288 787 359 824 cta
394 781 558 823 lumine
595 787 820 834 tamquam
855 784 983 825 vesti-

152 840 313 880 mento.
348 838 451 879 Non
480 838 669 891 percipit
693 839 808 880 forte
837 842 983 880 carna-

151 895 221 936 lis:
252 894 455 935 nimirum
479 895 707 947 spirituale
733 900 816 943 est,
845 895 982 937 stulti-

151 951 214 993 tia
234 950 298 992 illi
323 950 507 992 videtur.
543 951 646 992 Non
669 952 734 992 sic
751 951 984 993 videbatur

152 1007 390 1060 Apostolo,
425 1007 499 1059 qui
526 1006 717 1048 dicebat:
749 1007 984 1049 Induimini

151 1064 390 1104 Dominum
409 1063 434 1104 J
436 1076 560 1104 esum
579 1063 814 1104 Christum.
843 1065 983 1114 Quam

151 1119 375 1161 familiaris
387 1120 427 1160 ei
437 1119 552 1161 facta
564 1132 610 1160 es
620 1120 826 1160 Domina!
843 1122 983 1171 Quam

151 1175 373 1228 proxima,
408 1176 497 1217 imo
536 1189 668 1228 quam
703 1177 856 1218 intima
886 1177 983 1218 fieri

150 1231 364 1273 meruisti:
407 1237 616 1283 quantam
652 1232 858 1274 invenisti
889 1235 983 1284 gra-

150 1288 256 1329 tiam
275 1287 395 1341 apud
414 1287 529 1329 eum!
561 1289 613 1328 In
631 1293 676 1330 te
695 1294 854 1338 manet,
874 1294 917 1331 et
935 1294 983 1330 tu

150 1344 195 1384 in
215 1356 279 1393 eo,
306 1349 351 1385 et
369 1345 505 1386 vestis
529 1357 639 1394 eum,
664 1349 708 1386 et
730 1346 903 1387 vestiris
927 1345 982 1387 ab

152 1413 216 1442 eo.
251 1400 402 1442 Vestis
431 1413 531 1442 eum
557 1401 802 1443 substantia
830 1402 982 1451 carnis,

152 1461 196 1498 et
212 1457 342 1498 vestit
361 1456 434 1498 ille
451 1462 496 1498 te
515 1457 656 1508 gloria
675 1471 765 1498 suae
785 1459 982 1509 majesta-

151 1513 219 1554 tis.
254 1513 407 1554 Vestis
433 1513 574 1554 solem
602 1513 735 1562 nube,
763 1514 857 1555 sole
886 1515 983 1566 ipsa

150 1569 335 1611 vestiris.
367 1569 546 1610 Novum
570 1570 684 1610 enim
707 1570 811 1611 fecit
833 1570 981 1611 Domi-

151 1638 233 1666 nus
265 1637 400 1677 super
426 1630 609 1675 terram,
640 1630 689 1667 ut
720 1626 876 1667 mulier
905 1627 982 1667 cir-

152 1682 380 1724 cumdaret
406 1682 560 1724 virum.

204 1743 256 1795 R.
282 1740 395 1789 Quae*
420 1743 488 1781 est
510 1739 612 1789 ista,
642 1752 741 1791 quae
766 1740 984 1791 processit

153 1795 266 1837 sicut
306 1795 393 1845 sol,
437 1800 482 1837 et
522 1796 718 1837 formosa
759 1802 984 1848 tamquam

152 1850 419 1893 Jerusalem?
450 1857 474 1882 *
507 1852 726 1894 Viderunt
756 1866 853 1894 eam
880 1853 983 1893 filiae

152 1907 271 1957 Sion,
298 1912 342 1949 et
364 1907 542 1949 beatam
567 1908 786 1958 dixerunt,
813 1914 856 1950 et
875 1911 983 1959 regi-

152 1975 222 2004 nae
247 1963 537 2005 laudaverunt
565 1977 673 2005 eam.
708 1962 760 2013 V.
786 1965 843 2006 Et
871 1965 983 2005 sicut

153 2018 247 2060 dies
274 2019 396 2061 verni
423 2019 755 2062 circumdabant
782 2033 879 2061 eam
906 2020 982 2061 flo-

153 2087 224 2116 res
259 2078 461 2116 rosarum
498 2082 542 2118 et
579 2076 669 2117 lilia
705 2076 982 2117 convallium.

152 2131 382 2173 Viderunt.
422 2156 427 2161 -

452 2183 604 2223 Lectio
626 2182 678 2222 vi.

232 2256 256 2285 e
286 2246 453 2297 itaque,
485 2245 625 2286 Mater
656 2243 982 2292 misericordiae,

254 2300 556 2342 mediatricem
571 2300 699 2342 nobis
710 2299 829 2352 apud
843 2299 983 2341 solem

151 2357 328 2408 justitiae
360 2357 645 2399 constitutam
679 2356 851 2398 devotis
884 2369 982 2407 sup-

151 2412 464 2464 plicationibus
492 2413 837 2466 interpellamus,
865 2417 913 2454 ut
939 2412 983 2452 in

151 2468 314 2509 lumine
333 2473 409 2510 tuo
428 2469 657 2511 videamus
675 2469 833 2518 lumen,
855 2474 898 2510 et
916 2480 981 2508 so-

151 2523 204 2564 lis
223 2524 411 2574 gratiam
429 2529 506 2566 tuo
526 2529 772 2566 mereamur
788 2524 982 2572 obtentu,

154 2591 285 2631 quam
313 2593 416 2622 vere
449 2581 612 2622 amavit
643 2593 737 2632 prae
771 2579 982 2628 omnibus,

153 2639 197 2676 et
216 2635 398 2686 ornavit,
418 2636 533 2677 stola
551 2636 704 2686 gloriae
723 2634 918 2684 induens,
940 2639 982 2675 et

153 2692 363 2732 coronam
388 2692 728 2744 pulchritudinis
751 2703 919 2743 ponens
938 2691 981 2730 in

151 2747 295 2799 capite
331 2753 419 2790 tuo.
472 2748 608 2790 Plena
644 2761 691 2789 es
727 2747 979 2798 gratiarum,

1769 241 1862 284 [361]

1038 335 1167 387 plena
1200 349 1301 378 rore
1334 336 1520 386 coelesti,
1552 336 1699 378 innixa
1735 350 1867 389 super

1039 393 1256 442 dilectum,
1273 392 1441 434 deliciis
1456 393 1650 434 affluens.
1670 393 1777 435 Ciba
1791 393 1865 435 ho-

1039 449 1110 491 die
1146 453 1365 502 pauperes
1401 453 1502 490 tuos
1537 449 1746 490 Domina:
1781 450 1866 501 ipsi

1039 518 1216 557 quoque
1236 504 1382 545 catelli
1402 504 1456 546 de
1476 504 1600 545 micis
1621 504 1766 554 edant;
1785 518 1866 547 nec

1037 565 1177 613 puero
1202 560 1394 602 Abrahae
1418 565 1598 610 tantum,
1625 561 1704 602 sed
1731 567 1774 602 et
1798 574 1866 602 ca-

1036 617 1162 658 melis
1181 621 1336 669 potum
1354 616 1521 657 tribuas
1539 616 1593 657 de
1609 617 1864 668 superefflu-

1037 674 1127 715 enti
1143 672 1299 725 hydria
1311 678 1404 714 tua:
1425 673 1525 724 quia
1539 677 1587 713 tu
1602 685 1704 713 vere
1719 673 1866 725 puella

1037 742 1084 771 es
1110 728 1362 782 praeelecta,
1391 733 1434 769 et
1458 730 1709 780 praeparata
1733 729 1864 770 Altis-

1036 786 1133 826 simi
1158 785 1281 825 Filio.
1325 784 1454 835 Cujus
1483 783 1632 826 divino
1659 784 1866 826 instinctu

1036 846 1212 883 sanctus
1223 840 1427 882 Pontifex
1442 845 1485 881 et
1499 840 1667 882 Doctor
1679 841 1864 882 Ambro-

1036 898 1140 947 sius,
1166 902 1405 950 postquam
1425 898 1718 947 Augustinum
1738 910 1863 939 sacro

1036 954 1301 1006 baptismate
1321 953 1524 1006 expiavit,
1549 965 1711 994 novum
1730 954 1864 994 homi-

1036 1023 1136 1052 nem
1153 1010 1280 1051 novis
1295 1009 1491 1051 vestibus
1508 1008 1658 1058 induit,
1679 1010 1863 1050 cuculla-

1037 1079 1121 1118 que
1140 1067 1273 1116 nigra,
1294 1070 1337 1107 et
1352 1065 1525 1116 cingulo
1546 1078 1600 1106 ex
1617 1066 1738 1106 corio
1758 1066 1864 1118 ipse,

1034 1128 1082 1164 ut
1106 1123 1254 1171 fertur,
1280 1122 1521 1174 praecinxit.
1554 1122 1693 1172 Hujus
1718 1127 1864 1163 autem

1036 1178 1150 1219 sacri
1180 1178 1339 1228 cinguli
1371 1179 1674 1218 ornamentum
1705 1180 1863 1229 postea

1035 1234 1188 1285 religio
1225 1233 1544 1283 Augustiniana
1581 1246 1755 1284 semper
1793 1246 1863 1284 ge-

1035 1290 1168 1331 stavit
1201 1290 1245 1330 in
1277 1290 1448 1340 signum
1481 1289 1728 1330 devotionis
1761 1302 1864 1340 erga
1914 1325 1916 1327 ,

1035 1347 1211 1388 beatam
1221 1346 1448 1396 Virginem
1458 1345 1651 1394 Mariam,
1666 1350 1864 1387 sanctum

1034 1408 1206 1455 patrem
1221 1403 1525 1453 Augustinum,
1548 1402 1754 1453 piamque
1774 1402 1864 1452 ejus

1035 1463 1220 1499 matrem
1246 1457 1480 1507 Monicam‚
1509 1458 1569 1499 ita
1594 1462 1641 1498 ut
1665 1458 1863 1507 Eugenio

1037 1519 1192 1567 quarto
1217 1513 1493 1565 adprobante
1518 1514 1647 1555 fuerit
1666 1514 1863 1555 instituta

1035 1573 1224 1612 societas
1241 1570 1592 1611 Cincturatorum
1612 1571 1864 1610 sanctorum

1035 1627 1269 1677 Augustini
1293 1631 1335 1667 et
1353 1626 1551 1674 Monicae‚
1576 1631 1619 1666 et
1643 1625 1726 1666 alia
1751 1626 1862 1665 simi-

1034 1683 1087 1724 lis
1117 1682 1198 1724 sub
1230 1682 1506 1723 invocatione
1539 1681 1683 1722 beatae
1712 1681 1862 1721 Mariae

1035 1740 1230 1790 Virginis
1275 1738 1331 1780 de
1378 1738 1706 1786 Consolatione,
1755 1750 1863 1788 quas

1036 1796 1276 1846 Gregorius
1292 1794 1487 1836 decimus
1502 1794 1657 1835 tertius
1670 1794 1713 1834 in
1731 1806 1862 1833 unum

1036 1865 1198 1904 corpus
1216 1851 1402 1900 redegit3
1427 1863 1478 1891 ac
1497 1849 1747 1890 sodalitium
1767 1848 1861 1889 Cin-

1035 1910 1305 1949 cturatorum
1332 1906 1475 1947 beatae
1500 1906 1649 1946 Mariae
1668 1904 1862 1954 Virginis

1034 1964 1174 2005 voluit
1192 1962 1416 2015 appellari,
1434 1961 1632 2013 illudque
1647 1966 1740 2002 tum
1756 1960 1861 2000 Gre-

1034 2019 1182 2070 gorius
1219 2019 1331 2070 ipse,
1372 2023 1465 2059 tum
1500 2017 1625 2058 multi
1661 2016 1733 2057 alii
1771 2015 1861 2066 ejus

1034 2076 1311 2116 successores
1351 2073 1587 2114 innumeris
1627 2071 1778 2123 gratiis
1819 2075 1862 2111 et

1033 2130 1272 2183 privilegiis
1291 2129 1576 2170 cumularunt.

1088 2202 1138 2252 R.
1165 2199 1386 2240 Ornatam.
1413 2197 1512 2249 [141]

1249 2282 1298 2320 In
1325 2282 1396 2320 ΙΙΙ.
1425 2281 1648 2324 Nocturno.

1037 2346 1190 2387 Lectio
1219 2344 1357 2386 sancti
1375 2343 1601 2394 Evangelii
1621 2341 1859 2384 secundum

1360 2401 1536 2442 Lucam.

1112 2462 1264 2503 Lectio
1284 2461 1354 2502 vii.
1579 2462 1680 2512 Cap.
1696 2462 1724 2500 1.
1741 2460 1780 2500 d.

1080 2535 1107 2562 n
1126 2521 1202 2562 illo
1222 2523 1437 2573 tempore:
1454 2521 1705 2570 Exsurgens
1720 2517 1858 2558 Maria

1106 2577 1214 2619 abiit
1245 2577 1289 2617 in
1323 2578 1531 2617 montana
1559 2588 1657 2616 cum
1683 2573 1856 2615 festina-

1032 2635 1150 2675 tione
1175 2633 1219 2673 in
1244 2632 1464 2674 civitatem
1489 2632 1514 2672 J
1516 2630 1612 2672 uda.
1648 2630 1704 2671 Et
1727 2629 1856 2670 intra-

1032 2689 1095 2730 vit
1114 2690 1158 2729 in
1179 2689 1357 2730 domum
1377 2686 1614 2735 Zachariae,
1635 2691 1678 2732 et
1698 2684 1856 2726 saluta-

1031 2745 1094 2787 vit
1112 2744 1349 2786 Elisabeth.
1377 2744 1433 2784 Et
1452 2742 1631 2793 reliqua.
