2040 2976
724 187 926 221 Dominica
950 187 1006 222 Ss.
1031 187 1240 222 Trinitatis.

399 279 476 320 Ad
503 279 697 322 Laudes

341 345 361 369 e
377 340 391 370 t
429 346 453 379 p
471 345 490 370 e
507 346 525 370 r
558 335 595 369 H
612 345 634 370 o
651 346 670 370 r
685 346 707 370 a
724 347 752 371 s.

188 392 286 433 Ant.
312 394 340 432 1.
370 392 520 434 Gleria
542 392 622 434 tibi
646 393 836 436 Trinitas
859 396 880 421 ‘⁸‘
904 409 958 436 ae-

139 447 289 500 qualis,
317 462 402 490 una
427 449 590 499 Deitas,
618 454 661 490 et
688 456 787 492 ante
814 453 958 493 emnia

138 504 308 554 saecula,
329 510 372 547 et
391 517 505 547 nunc
523 510 566 547 et
586 506 629 546 in
646 509 919 559 perpetuum.

188 560 255 600 Ps.
283 562 497 603 Deminus
516 562 724 612 regnavit.
751 564 810 604 14.

184 617 221 657 2.
248 618 369 659 Laus
390 623 433 660 et
450 618 655 670 perennis
669 618 808 669 gleria
822 621 845 646 *
860 621 957 663 Deo

136 673 264 723 Patri,
290 678 334 715 et
356 674 478 724 Filio,
502 679 653 716 sancto
679 675 806 716 simul
830 677 957 719 Para-

137 728 252 779 clito,
270 729 314 770 in
331 730 592 772 saeculorum
611 731 780 772 saecula.

186 787 222 827 3.
251 786 404 827 Gleria
422 785 563 828 laudis
581 787 604 812 *
623 788 798 829 resonet
815 789 859 829 in
878 802 953 831 ore

136 843 342 893 emnium,
376 843 509 892 Patri,
543 843 789 896 genitaeque
825 845 955 896 Proli,

134 899 312 952 Spiritui
359 904 510 941 saneto
558 900 722 952 pariter
773 902 955 944 resaltet

133 954 261 997 laude
280 956 469 1008 perenni.

182 1015 219 1054 4.
260 1011 376 1053 Laus
403 1012 499 1054 Deo
526 1012 660 1062 Patri,
688 1014 712 1038 *
740 1013 954 1066 parilique

132 1067 262 1117 Proli,
281 1072 325 1109 et
342 1067 422 1109 tibi
442 1073 590 1110 sancte
609 1068 755 1110 stadio
775 1071 954 1122 perenni

133 1123 335 1176 Spiritus,
376 1129 526 1180 nostro
563 1127 740 1167 resonet
775 1125 829 1168 ab
867 1139 952 1176 ore,

135 1192 262 1222 omne
281 1193 361 1233 per
380 1194 533 1222 aevum.

180 1237 218 1276 5.
246 1237 315 1278 Ex
335 1249 421 1289 quo
442 1238 594 1289 emnia,
617 1238 640 1264 *
658 1251 738 1291 per
758 1252 887 1291 quem
908 1243 950 1281 ό-

131 1293 258 1342 mnia,
281 1293 325 1334 in
350 1307 437 1346 quo
462 1294 619 1336 omnia:
644 1295 729 1347 ipsi
753 1296 890 1347 gleria
909 1297 951 1337 in

132 1349 302 1390 saecula.

234 1415 491 1467 Capitulum.
600 1417 725 1457 Rom.
741 1418 791 1456 11.
808 1416 846 1457 d.

239 1478 425 1521 altitudo
447 1479 696 1523 divitiarum
715 1483 951 1535 sapientiae,

240 1539 283 1576 et
302 1536 493 1578 scientiae
514 1537 612 1579 Dei:
637 1552 767 1590 quam
790 1540 950 1581 incom-

130 1590 440 1643 prehensibilia
465 1598 565 1635 sunt
591 1594 750 1646 judicia
778 1597 879 1648 ejus,
907 1602 950 1638 et

129 1647 454 1700 investigabiles
473 1650 555 1691 viae
576 1651 681 1703 ejus!

433 1716 640 1768 Hymnus.

256 1788 285 1816 u
302 1775 528 1818 Trinitatis
547 1777 710 1828 Unitas‚

270 1830 432 1873 Orbem
450 1834 653 1885 potenter
673 1847 771 1886 quae
789 1835 914 1885 regis,

229 1887 421 1930 Attende
439 1888 580 1931 laudis
601 1892 829 1940 canticum,

232 1943 362 1994 Quod
381 1945 648 1988 excubantes
666 1947 904 1999 psallimus.

180 2010 312 2050 Ortus
331 2009 516 2061 refulget
533 2010 696 2061 liicifer,

229 2065 449 2118 Praeitque
468 2067 607 2109 solem
625 2069 816 2110 mintius:

232 2120 399 2164 Cadent
418 2123 611 2165 tenebrae
629 2125 837 2166 uectium:

231 2177 327 2218 Lux
346 2183 495 2221 sancta
513 2193 594 2222 nos
613 2180 836 2223 illaminet.

179 2241 276 2283 Deo
292 2242 413 2284 Patri
431 2243 487 2300 sit
504 2244 653 2295 gleria,

231 2298 421 2350 Ejusque
440 2300 523 2341 soli
541 2301 662 2351 Filio,

232 2354 340 2396 Cum
357 2355 522 2408 Spiritu
539 2358 767 2407 Paraclito,

231 2410 369 2462 Nunc,
388 2417 432 2454 et
449 2426 528 2465 per
547 2426 675 2456 omne
694 2413 912 2455 saeculum.

131 2503 133 2505 ,
384 2468 537 2511 Amen.

179 2519 231 2571 V.
264 2527 581 2570 Benedicamus
608 2531 782 2572 Patrem
809 2535 853 2571 et
879 2531 945 2571 Fi-

127 2581 232 2623 lium
255 2596 354 2624 cum
374 2590 524 2627 sancto
544 2586 716 2637 Spiritu.
759 2582 808 2632 Re-
837 2586 946 2628 Lau-

129 2638 280 2680 demus
309 2645 352 2682 et
378 2641 749 2694 superexaltemus
778 2654 876 2683 eum
903 2643 944 2683 in

128 2694 298 2736 saecula.

1768 191 1831 226 139

1065 283 1135 324 Ad
1167 283 1326 325 Bened.
1364 286 1461 326 Ant.
1504 286 1742 328 Benedicta
1776 287 1831 328 sit

1012 340 1171 386 sancta,
1199 339 1384 379 creatrix
1410 345 1453 381 et
1479 341 1760 391 gubernatrix
1787 345 1829 384 ό-

1010 392 1184 442 mnium,
1210 399 1360 436 sancta
1386 401 1429 437 et
1452 396 1674 440 individua
1693 399 1829 440 Trini-

1010 453 1088 498 tas,
1107 462 1221 490 nunc
1241 455 1285 491 et
1304 463 1486 504 semper,
1507 458 1549 495 et
1568 467 1646 506 per
1664 455 1830 498 infinita

1011 505 1171 546 saecula
1191 506 1462 548 saeculorum.

1343 582 1504 623 Oratio.

1092 645 1340 696 mnipotens
1392 647 1653 699 sempiterne
1698 650 1828 700 Deus,

1122 700 1195 752 qui
1211 700 1369 742 dedisti
1383 702 1553 744 famulis
1572 705 1655 746 tuis
1671 706 1713 746 in
1730 719 1827 748 con-

1009 755 1197 797 fessione
1221 769 1336 798 verae
1361 758 1473 808 fidei,
1498 762 1673 802 aeternae
1692 763 1827 804 Trini-

1009 812 1111 853 tatis
1137 813 1320 863 gleriam
1347 817 1594 866 agnoscere,
1621 822 1663 858 et
1687 819 1730 859 in
1753 832 1827 871 po-

1008 869 1143 910 tentia
1152 870 1389 921 majestatis
1401 870 1586 914 adorare
1596 873 1828 916 Unitatem:

1009 927 1272 977 quaesumus3
1298 932 1345 968 ut
1368 928 1561 979 ejusdem
1579 930 1682 971 fidei
1700 931 1826 972 firmi-

1006 983 1113 1031 tate,
1142 981 1196 1023 ab
1229 983 1430 1025 omnibus
1463 998 1634 1038 semper
1666 988 1825 1029 munia-

1006 1050 1103 1078 mur
1122 1036 1328 1080 adversis.
1355 1040 1439 1081 Per
1458 1042 1703 1083 Dominum.

1058 1106 1105 1139 Et
1129 1106 1168 1139 fit
1193 1116 1386 1140 commem.
1412 1107 1635 1143 Dominicae.

1060 1158 1158 1199 Ant.
1198 1157 1354 1198 Est6te
1383 1169 1488 1208 ergo
1513 1159 1827 1211 misericordes,

1005 1211 1118 1252 sicut
1157 1218 1200 1255 et
1235 1215 1366 1255 Pater
1400 1220 1545 1257 vester
1580 1216 1825 1258 misericors

1006 1272 1082 1318 est,
1101 1268 1208 1311 dicit
1227 1270 1452 1311 Dominus.

1057 1329 1107 1379 V.
1133 1330 1346 1373 Deminus
1373 1333 1587 1382 regnavit,
1622 1333 1826 1375 decorem

1002 1384 1150 1428 induit.
1185 1390 1236 1441 R.
1260 1388 1408 1430 Induit
1426 1389 1639 1430 Deminus
1659 1390 1823 1432 fortitu-

1003 1441 1158 1493 dinem,
1178 1449 1222 1486 et
1240 1446 1470 1497 praecinxit
1490 1459 1536 1488 se
1555 1447 1724 1488 virtute.

1334 1515 1497 1555 Oratio.

1002 1564 1178 1671 DeUS,
1194 1570 1237 1610 in
1252 1575 1296 1612 te
1315 1572 1584 1623 sperantium
1604 1572 1824 1622 fortitudo,

1116 1625 1269 1669 adesto
1298 1628 1515 1680 propitius
1543 1628 1822 1670 invocationi-

1003 1681 1084 1724 bus
1112 1684 1288 1724 nostris:
1322 1689 1365 1726 et
1399 1685 1499 1737 quia
1531 1685 1622 1726 sine
1650 1691 1693 1727 te
1720 1686 1824 1727 nihil

1002 1744 1150 1791 potest
1174 1740 1370 1781 mortalis
1396 1741 1637 1792 infirmitas,
1662 1748 1823 1794 praesta

1003 1795 1211 1837 auxilium
1238 1797 1392 1848 gratiae
1421 1802 1524 1848 tuae,
1558 1803 1606 1839 ut
1632 1798 1674 1838 in
1703 1811 1821 1840 exse-

1003 1851 1186 1904 quendis
1200 1852 1416 1895 mandatis
1429 1854 1526 1904 tuis,
1542 1859 1586 1895 et
1600 1854 1822 1896 voluntate

1000 1907 1080 1949 tibi
1125 1914 1168 1950 et
1212 1909 1381 1951 actiene
1425 1910 1687 1962 placeamus.
1739 1912 1822 1953 Per

1000 1964 1248 2007 Deminum.

1271 2030 1338 2066 Ad
1361 2030 1559 2069 Primam.

1054 2080 1198 2114 Psalmi
1237 2085 1275 2114 ut
1312 2081 1349 2114 in
1388 2080 1503 2115 Festo
1543 2082 1697 2125 duplici,
1737 2094 1820 2118 cum

1003 2127 1187 2171 Symbolo
1214 2128 1248 2162 S.
1274 2128 1488 2163 Athanasii.

1268 2193 1335 2230 Ad
1358 2193 1559 2231 Tertiam.
1638 2207 1647 2215 ³

1053 2249 1150 2290 Ant.
1177 2250 1292 2291 Laus
1311 2255 1355 2292 et
1376 2252 1579 2303 perennis
1598 2251 1746 2302 gleria.

1054 2305 1192 2357 Capit.
1222 2306 1258 2347 O
1285 2306 1471 2349 altitudo
1497 2307 1754 2350 divitiarum.
1774 2314 1817 2349 ut

999 2374 1142 2413 supra.

1052 2419 1102 2470 R.
1127 2419 1447 2461 Benedicamus
1474 2420 1657 2470 Patrem,
1683 2426 1726 2462 et
1751 2421 1817 2461 Fi-

999 2475 1114 2525 lium,
1137 2474 1159 2499 *
1177 2475 1285 2516 Cum
1309 2481 1460 2518 sancto
1480 2476 1654 2528 Spiritu.
1682 2477 1815 2517 Bene-

1000 2531 1195 2572 dicamus
1212 2532 1396 2573 Patrem.
1435 2526 1484 2577 V.
1509 2532 1753 2574 Laudemus
1773 2537 1815 2572 et

1000 2588 1370 2640 superexaltemus
1418 2601 1516 2629 eum
1559 2589 1602 2629 in
1646 2587 1814 2628 saecula.

1001 2643 1109 2684 Cum
1136 2649 1298 2686 sancto.
1340 2644 1491 2686 Gleria
1518 2644 1645 2686 Patri.
1680 2644 1813 2684 Bene-

1000 2699 1206 2740 dicamus.
