<?xml version="1.0" encoding="UTF-8"?>
<!DOCTYPE html PUBLIC "-//W3C//DTD XHTML 1.0 Transitional//EN"
    "http://www.w3.org/TR/xhtml1/DTD/xhtml1-transitional.dtd">
<html xmlns="http://www.w3.org/1999/xhtml" xml:lang="en" lang="en">
 <head>
  <title>
</title>
<meta http-equiv="Content-Type" content="text/html;charset=utf-8" />
  <meta name='ocr-system' content='tesseract 3.04.00' />
  <meta name='ocr-capabilities' content='ocr_page ocr_carea ocr_par ocr_line ocrx_word'/>
</head>
<body>
  <div class='ocr_page' id='page_1' title='image "./p3breviariumroma00cathuoft_0905.png"; bbox 0 0 2040 2976; ppageno 0'>
   <div class='ocr_carea' id='block_1_1' title="bbox 531 231 1427 287">
    <p class='ocr_par' dir='ltr' id='par_1_1' title="bbox 531 231 1427 287">
     <span class='ocr_line' id='line_1_1' title="bbox 531 231 1427 287; baseline -0.001 -9"><span class='ocrx_word' id='word_1_1' title='bbox 531 244 603 279; x_wconf 83' lang='lat' dir='ltr'>D&#39;ie</span> <span class='ocrx_word' id='word_1_2' title='bbox 627 246 657 278; x_wconf 75' lang='grc'>3.</span> <span class='ocrx_word' id='word_1_3' title='bbox 680 245 785 279; x_wconf 85' lang='lat' dir='ltr'>Julii.</span> <span class='ocrx_word' id='word_1_4' title='bbox 833 244 868 279; x_wconf 89' lang='lat' dir='ltr'>S.</span> <span class='ocrx_word' id='word_1_5' title='bbox 893 231 1082 278; x_wconf 68' lang='lat' dir='ltr'>Martiaffs</span> <span class='ocrx_word' id='word_1_6' title='bbox 1106 245 1232 287; x_wconf 80' lang='lat' dir='ltr'>Episc.</span> <span class='ocrx_word' id='word_1_7' title='bbox 1259 248 1294 278; x_wconf 90' lang='lat' dir='ltr'>ct</span> <span class='ocrx_word' id='word_1_8' title='bbox 1320 244 1427 278; x_wconf 82' lang='lat' dir='ltr'>Conl&#39;.</span> 
     </span>
    </p>
   </div>
   <div class='ocr_carea' id='block_1_2' title="bbox 1761 245 1853 288">
    <p class='ocr_par' dir='ltr' id='par_1_2' title="bbox 1761 245 1853 288">
     <span class='ocr_line' id='line_1_2' title="bbox 1761 245 1853 288; baseline -0.011 -8"><span class='ocrx_word' id='word_1_9' title='bbox 1761 245 1853 288; x_wconf 88' lang='lat'>[315]</span> 
     </span>
    </p>
   </div>
   <div class='ocr_carea' id='block_1_3' title="bbox 141 300 1856 316">
    <p class='ocr_par' dir='ltr' id='par_1_3' title="bbox 141 300 1856 316">
     <span class='ocr_line' id='line_1_3' title="bbox 141 300 1856 316; baseline 0 2660"><span class='ocrx_word' id='word_1_10' title='bbox 141 300 1856 316; x_wconf 95' lang='lat' dir='ltr'> </span> 
     </span>
    </p>
   </div>
   <div class='ocr_carea' id='block_1_4' title="bbox 143 339 977 727">
    <p class='ocr_par' dir='ltr' id='par_1_4' title="bbox 143 339 975 552">
     <span class='ocr_line' id='line_1_4' title="bbox 195 339 975 393; baseline -0.001 -12"><span class='ocrx_word' id='word_1_11' title='bbox 195 342 246 393; x_wconf 64' lang='grc' dir='ltr'>Η.</span> <span class='ocrx_word' id='word_1_12' title='bbox 266 340 328 382; x_wconf 88' lang='lat' dir='ltr'>br.</span> <span class='ocrx_word' id='word_1_13' title='bbox 355 339 542 382; x_wconf 80' lang='lat' dir='ltr'>Redime</span> <span class='ocrx_word' id='word_1_14' title='bbox 565 353 637 381; x_wconf 93' lang='lat' dir='ltr'>me</span> <span class='ocrx_word' id='word_1_15' title='bbox 656 340 857 389; x_wconf 82' lang='lat' dir='ltr'>Domine,</span> <span class='ocrx_word' id='word_1_16' title='bbox 874 342 896 365; x_wconf 90' lang='lat'>*</span> <span class='ocrx_word' id='word_1_17' title='bbox 917 339 975 380; x_wconf 90' lang='lat' dir='ltr'>Et</span> 
     </span>
     <span class='ocr_line' id='line_1_5' title="bbox 144 394 974 443; baseline -0.002 -4"><span class='ocrx_word' id='word_1_18' title='bbox 144 397 352 439; x_wconf 82' lang='lat' dir='ltr'>miserere</span> <span class='ocrx_word' id='word_1_19' title='bbox 378 396 476 438; x_wconf 89' lang='lat' dir='ltr'>mei.</span> <span class='ocrx_word' id='word_1_20' title='bbox 512 396 710 438; x_wconf 82' lang='lat' dir='ltr'>Redime.</span> <span class='ocrx_word' id='word_1_21' title='bbox 748 394 799 443; x_wconf 65' lang='lat' dir='ltr'>V.</span> <span class='ocrx_word' id='word_1_22' title='bbox 827 397 880 437; x_wconf 92' lang='lat' dir='ltr'>In</span> <span class='ocrx_word' id='word_1_23' title='bbox 907 408 974 437; x_wconf 92' lang='lat' dir='ltr'>ec-</span> 
     </span>
     <span class='ocr_line' id='line_1_6' title="bbox 145 452 975 496; baseline -0.002 -1"><span class='ocrx_word' id='word_1_24' title='bbox 145 454 291 495; x_wconf 79' lang='lat' dir='ltr'>clesiis</span> <span class='ocrx_word' id='word_1_25' title='bbox 317 453 579 496; x_wconf 84' lang='lat' dir='ltr'>benedicam</span> <span class='ocrx_word' id='word_1_26' title='bbox 608 457 653 494; x_wconf 92' lang='lat' dir='ltr'>te</span> <span class='ocrx_word' id='word_1_27' title='bbox 681 453 882 494; x_wconf 70' lang='lat' dir='ltr'>Demine.</span> <span class='ocrx_word' id='word_1_28' title='bbox 918 452 975 494; x_wconf 91' lang='lat' dir='ltr'>Et</span> 
     </span>
     <span class='ocr_line' id='line_1_7' title="bbox 143 508 912 552; baseline -0.003 0"><span class='ocrx_word' id='word_1_29' title='bbox 143 510 362 552; x_wconf 80' lang='lat' dir='ltr'>miserere.</span> <span class='ocrx_word' id='word_1_30' title='bbox 388 508 542 551; x_wconf 81' lang='lat' dir='ltr'>Gloria</span> <span class='ocrx_word' id='word_1_31' title='bbox 559 509 690 550; x_wconf 90' lang='lat' dir='ltr'>Patri.</span> <span class='ocrx_word' id='word_1_32' title='bbox 715 508 912 550; x_wconf 84' lang='lat' dir='ltr'>Redime.</span> 
     </span>
    </p>

    <p class='ocr_par' dir='ltr' id='par_1_5' title="bbox 145 563 977 727">
     <span class='ocr_line' id='line_1_8' title="bbox 195 563 977 616; baseline -0.005 -1"><span class='ocrx_word' id='word_1_33' title='bbox 195 563 247 616; x_wconf 67' lang='lat' dir='ltr'>V·</span> <span class='ocrx_word' id='word_1_34' title='bbox 274 567 497 613; x_wconf 78' lang='lat' dir='ltr'>Memento</span> <span class='ocrx_word' id='word_1_35' title='bbox 533 570 676 612; x_wconf 86' lang='lat' dir='ltr'>nostri</span> <span class='ocrx_word' id='word_1_36' title='bbox 707 570 896 612; x_wconf 81' lang='lat' dir='ltr'>D6mine</span> <span class='ocrx_word' id='word_1_37' title='bbox 932 570 977 611; x_wconf 93' lang='lat' dir='ltr'>in</span> 
     </span>
     <span class='ocr_line' id='line_1_9' title="bbox 145 624 976 681; baseline -0.004 -10"><span class='ocrx_word' id='word_1_38' title='bbox 145 628 424 681; x_wconf 90' lang='lat' dir='ltr'>beneplacito</span> <span class='ocrx_word' id='word_1_39' title='bbox 452 626 609 680; x_wconf 82' lang='lat' dir='ltr'>populi</span> <span class='ocrx_word' id='word_1_40' title='bbox 635 627 709 668; x_wconf 92' lang='lat' dir='ltr'>tui.</span> <span class='ocrx_word' id='word_1_41' title='bbox 751 624 799 675; x_wconf 64' lang='lat' dir='ltr'>R.</span> <span class='ocrx_word' id='word_1_42' title='bbox 831 627 976 668; x_wconf 88' lang='lat' dir='ltr'>Visita</span> 
     </span>
     <span class='ocr_line' id='line_1_10' title="bbox 145 683 622 727; baseline -0.008 0"><span class='ocrx_word' id='word_1_43' title='bbox 145 698 226 727; x_wconf 92' lang='lat' dir='ltr'>nos</span> <span class='ocrx_word' id='word_1_44' title='bbox 253 685 298 726; x_wconf 85' lang='lat' dir='ltr'>in</span> <span class='ocrx_word' id='word_1_45' title='bbox 325 683 506 726; x_wconf 87' lang='lat' dir='ltr'>salutari</span> <span class='ocrx_word' id='word_1_46' title='bbox 532 688 622 726; x_wconf 88' lang='lat' dir='ltr'>tuo.</span> 
     </span>
    </p>
   </div>
   <div class='ocr_carea' id='block_1_5' title="bbox 199 757 711 867">
    <p class='ocr_par' dir='ltr' id='par_1_6' title="bbox 199 757 711 867">
     <span class='ocr_line' id='line_1_11' title="bbox 424 757 703 794; baseline 0 0"><span class='ocrx_word' id='word_1_47' title='bbox 424 757 493 794; x_wconf 90' lang='lat' dir='ltr'>Ad</span> <span class='ocrx_word' id='word_1_48' title='bbox 516 757 703 794; x_wconf 85' lang='lat' dir='ltr'>Sextam.</span> 
     </span>
     <span class='ocr_line' id='line_1_12' title="bbox 199 815 711 867; baseline -0.006 -9"><span class='ocrx_word' id='word_1_49' title='bbox 199 818 298 860; x_wconf 85' lang='lat' dir='ltr'>Ant.</span> <span class='ocrx_word' id='word_1_50' title='bbox 317 815 541 858; x_wconf 81' lang='lat' dir='ltr'>Haurietis</span> <span class='ocrx_word' id='word_1_51' title='bbox 561 827 711 867; x_wconf 92' lang='lat' dir='ltr'>aquas.</span> 
     </span>
    </p>
   </div>
   <div class='ocr_carea' id='block_1_6' title="bbox 146 881 979 1569">
    <p class='ocr_par' dir='ltr' id='par_1_7' title="bbox 148 881 977 1052">
     <span class='ocr_line' id='line_1_13' title="bbox 223 881 893 935; baseline -0.006 -11"><span class='ocrx_word' id='word_1_52' title='bbox 223 882 486 935; x_wconf 84' lang='lat' dir='ltr'>Capitulum.</span> <span class='ocrx_word' id='word_1_53' title='bbox 698 883 726 921; x_wconf 92' lang='lat'>1.</span> <span class='ocrx_word' id='word_1_54' title='bbox 748 881 844 921; x_wconf 89' lang='lat' dir='ltr'>Cor.</span> <span class='ocrx_word' id='word_1_55' title='bbox 867 883 893 920; x_wconf 91' lang='lat'>1.</span> 
     </span>
     <span class='ocr_line' id='line_1_14' title="bbox 148 936 976 1044; baseline -0.004 -60"><span class='ocrx_word' id='word_1_56' title='bbox 148 936 257 1044; x_wconf 83' lang='lat' dir='ltr'>Ex</span> <span class='ocrx_word' id='word_1_57' title='bbox 275 942 374 995; x_wconf 90' lang='lat' dir='ltr'>ipso</span> <span class='ocrx_word' id='word_1_58' title='bbox 398 946 546 984; x_wconf 89' lang='lat' dir='ltr'>autem</span> <span class='ocrx_word' id='word_1_59' title='bbox 563 954 646 984; x_wconf 89' lang='lat' dir='ltr'>vos</span> <span class='ocrx_word' id='word_1_60' title='bbox 670 940 775 983; x_wconf 91' lang='lat' dir='ltr'>estis</span> <span class='ocrx_word' id='word_1_61' title='bbox 794 940 838 981; x_wconf 91' lang='lat' dir='ltr'>in</span> <span class='ocrx_word' id='word_1_62' title='bbox 858 940 976 982; x_wconf 90' lang='lat' dir='ltr'>Chri-</span> 
     </span>
     <span class='ocr_line' id='line_1_15' title="bbox 248 996 977 1052; baseline -0.004 -11"><span class='ocrx_word' id='word_1_63' title='bbox 248 1003 317 1041; x_wconf 89' lang='lat' dir='ltr'>sto</span> <span class='ocrx_word' id='word_1_64' title='bbox 341 999 367 1040; x_wconf 86' lang='lat' dir='ltr'><strong>J</strong></span> <span class='ocrx_word' id='word_1_65' title='bbox 370 1011 462 1048; x_wconf 89' lang='lat' dir='ltr'>esu,</span> <span class='ocrx_word' id='word_1_66' title='bbox 490 998 565 1052; x_wconf 91' lang='lat' dir='ltr'>qui</span> <span class='ocrx_word' id='word_1_67' title='bbox 591 998 734 1040; x_wconf 88' lang='lat' dir='ltr'>factus</span> <span class='ocrx_word' id='word_1_68' title='bbox 759 1002 826 1039; x_wconf 91' lang='lat' dir='ltr'>est</span> <span class='ocrx_word' id='word_1_69' title='bbox 850 996 977 1039; x_wconf 91' lang='lat' dir='ltr'>nobis</span> 
     </span>
    </p>

    <p class='ocr_par' dir='ltr' id='par_1_8' title="bbox 150 1054 976 1164">
     <span class='ocr_line' id='line_1_16' title="bbox 150 1054 976 1108; baseline -0.004 -11"><span class='ocrx_word' id='word_1_70' title='bbox 150 1055 364 1108; x_wconf 82' lang='lat' dir='ltr'>sapientia</span> <span class='ocrx_word' id='word_1_71' title='bbox 383 1068 409 1097; x_wconf 90' lang='lat' dir='ltr'>a</span> <span class='ocrx_word' id='word_1_72' title='bbox 426 1055 536 1105; x_wconf 87' lang='lat' dir='ltr'>Deo,</span> <span class='ocrx_word' id='word_1_73' title='bbox 561 1059 605 1096; x_wconf 93' lang='lat' dir='ltr'>et</span> <span class='ocrx_word' id='word_1_74' title='bbox 622 1054 796 1107; x_wconf 86' lang='lat' dir='ltr'>justitia,</span> <span class='ocrx_word' id='word_1_75' title='bbox 821 1058 865 1096; x_wconf 90' lang='lat' dir='ltr'>et</span> <span class='ocrx_word' id='word_1_76' title='bbox 882 1067 976 1095; x_wconf 89' lang='lat' dir='ltr'>san-</span> 
     </span>
     <span class='ocr_line' id='line_1_17' title="bbox 151 1111 712 1164; baseline -0.002 -11"><span class='ocrx_word' id='word_1_77' title='bbox 151 1111 370 1163; x_wconf 84' lang='lat' dir='ltr'>ctificati0‚</span> <span class='ocrx_word' id='word_1_78' title='bbox 390 1116 435 1154; x_wconf 91' lang='lat' dir='ltr'>et</span> <span class='ocrx_word' id='word_1_79' title='bbox 452 1111 712 1164; x_wconf 84' lang='lat' dir='ltr'>redemptio.</span> 
     </span>
    </p>

    <p class='ocr_par' dir='ltr' id='par_1_9' title="bbox 146 1171 979 1389">
     <span class='ocr_line' id='line_1_18' title="bbox 198 1171 978 1225; baseline -0.001 -13"><span class='ocrx_word' id='word_1_80' title='bbox 198 1173 248 1225; x_wconf 76' lang='lat' dir='ltr'>R».</span> <span class='ocrx_word' id='word_1_81' title='bbox 274 1171 337 1212; x_wconf 90' lang='lat' dir='ltr'>br.</span> <span class='ocrx_word' id='word_1_82' title='bbox 370 1172 594 1214; x_wconf 83' lang='lat' dir='ltr'>Memento</span> <span class='ocrx_word' id='word_1_83' title='bbox 622 1172 762 1214; x_wconf 81' lang='lat' dir='ltr'>nostri</span> <span class='ocrx_word' id='word_1_84' title='bbox 789 1171 978 1212; x_wconf 82' lang='lat' dir='ltr'>Domine</span> 
     </span>
     <span class='ocr_line' id='line_1_19' title="bbox 146 1227 977 1282; baseline -0.002 -12"><span class='ocrx_word' id='word_1_85' title='bbox 146 1230 169 1253; x_wconf 86' lang='lat'>*</span> <span class='ocrx_word' id='word_1_86' title='bbox 197 1229 249 1270; x_wconf 88' lang='lat' dir='ltr'>In</span> <span class='ocrx_word' id='word_1_87' title='bbox 276 1228 556 1282; x_wconf 88' lang='lat' dir='ltr'>beneplacito</span> <span class='ocrx_word' id='word_1_88' title='bbox 588 1228 744 1282; x_wconf 83' lang='lat' dir='ltr'>populi</span> <span class='ocrx_word' id='word_1_89' title='bbox 771 1228 845 1270; x_wconf 91' lang='lat' dir='ltr'>tui.</span> <span class='ocrx_word' id='word_1_90' title='bbox 889 1227 977 1269; x_wconf 92' lang='lat' dir='ltr'>Me-</span> 
     </span>
     <span class='ocr_line' id='line_1_20' title="bbox 147 1280 979 1332; baseline -0.002 -6"><span class='ocrx_word' id='word_1_91' title='bbox 147 1287 308 1327; x_wconf 80' lang='lat' dir='ltr'>mento.</span> <span class='ocrx_word' id='word_1_92' title='bbox 354 1280 404 1332; x_wconf 63' lang='lat' dir='ltr'>V.</span> <span class='ocrx_word' id='word_1_93' title='bbox 437 1285 583 1328; x_wconf 87' lang='lat' dir='ltr'>Visita</span> <span class='ocrx_word' id='word_1_94' title='bbox 613 1298 695 1327; x_wconf 90' lang='lat' dir='ltr'>nos</span> <span class='ocrx_word' id='word_1_95' title='bbox 724 1285 769 1326; x_wconf 92' lang='lat' dir='ltr'>in</span> <span class='ocrx_word' id='word_1_96' title='bbox 798 1284 979 1325; x_wconf 87' lang='lat' dir='ltr'>salutari</span> 
     </span>
     <span class='ocr_line' id='line_1_21' title="bbox 147 1341 918 1389; baseline -0.003 -6"><span class='ocrx_word' id='word_1_97' title='bbox 147 1346 236 1384; x_wconf 92' lang='lat' dir='ltr'>tuo.</span> <span class='ocrx_word' id='word_1_98' title='bbox 263 1342 326 1383; x_wconf 92' lang='lat' dir='ltr'>In.</span> <span class='ocrx_word' id='word_1_99' title='bbox 353 1342 508 1384; x_wconf 84' lang='lat' dir='ltr'>Gloria</span> <span class='ocrx_word' id='word_1_100' title='bbox 525 1342 657 1384; x_wconf 91' lang='lat' dir='ltr'>Patri.</span> <span class='ocrx_word' id='word_1_101' title='bbox 683 1341 918 1389; x_wconf 82' lang='lat' dir='ltr'>Memento.</span> 
     </span>
    </p>

    <p class='ocr_par' dir='ltr' id='par_1_10' title="bbox 146 1397 978 1569">
     <span class='ocr_line' id='line_1_22' title="bbox 196 1397 978 1449; baseline 0 -7"><span class='ocrx_word' id='word_1_102' title='bbox 196 1397 247 1449; x_wconf 63' lang='lat' dir='ltr'>V.</span> <span class='ocrx_word' id='word_1_103' title='bbox 264 1402 512 1445; x_wconf 89' lang='lat' dir='ltr'>Redemisti</span> <span class='ocrx_word' id='word_1_104' title='bbox 524 1416 605 1445; x_wconf 92' lang='lat' dir='ltr'>nos</span> <span class='ocrx_word' id='word_1_105' title='bbox 620 1402 810 1444; x_wconf 72' lang='lat' dir='ltr'>Demine</span> <span class='ocrx_word' id='word_1_106' title='bbox 824 1402 869 1443; x_wconf 89' lang='lat' dir='ltr'>in</span> <span class='ocrx_word' id='word_1_107' title='bbox 883 1404 978 1442; x_wconf 88' lang='lat' dir='ltr'>san-</span> 
     </span>
     <span class='ocr_line' id='line_1_23' title="bbox 146 1458 977 1511; baseline -0.001 -11"><span class='ocrx_word' id='word_1_108' title='bbox 146 1459 277 1510; x_wconf 89' lang='lat' dir='ltr'>guine</span> <span class='ocrx_word' id='word_1_109' title='bbox 306 1465 396 1502; x_wconf 85' lang='lat' dir='ltr'>tuo.</span> <span class='ocrx_word' id='word_1_110' title='bbox 435 1460 486 1511; x_wconf 67' lang='lat' dir='ltr'>Re.</span> <span class='ocrx_word' id='word_1_111' title='bbox 515 1460 573 1502; x_wconf 93' lang='lat' dir='ltr'>Et</span> <span class='ocrx_word' id='word_1_112' title='bbox 599 1459 743 1502; x_wconf 82' lang='lat' dir='ltr'>fecisti</span> <span class='ocrx_word' id='word_1_113' title='bbox 770 1471 852 1501; x_wconf 89' lang='lat' dir='ltr'>nos</span> <span class='ocrx_word' id='word_1_114' title='bbox 880 1458 977 1500; x_wconf 91' lang='lat' dir='ltr'>Deo</span> 
     </span>
     <span class='ocr_line' id='line_1_24' title="bbox 147 1521 515 1569; baseline 0.003 -12"><span class='ocrx_word' id='word_1_115' title='bbox 147 1521 302 1559; x_wconf 87' lang='lat' dir='ltr'>nostro</span> <span class='ocrx_word' id='word_1_116' title='bbox 321 1530 515 1569; x_wconf 88' lang='lat' dir='ltr'>regnum.</span> 
     </span>
    </p>
   </div>
   <div class='ocr_carea' id='block_1_7' title="bbox 198 1591 727 1689">
    <p class='ocr_par' dir='ltr' id='par_1_11' title="bbox 198 1591 727 1689">
     <span class='ocr_line' id='line_1_25' title="bbox 426 1591 700 1628; baseline -0.007 0"><span class='ocrx_word' id='word_1_117' title='bbox 426 1591 495 1628; x_wconf 91' lang='lat' dir='ltr'>Ad</span> <span class='ocrx_word' id='word_1_118' title='bbox 517 1591 700 1627; x_wconf 86' lang='lat' dir='ltr'><strong>Nonam.</strong></span> 
     </span>
     <span class='ocr_line' id='line_1_26' title="bbox 198 1645 727 1689; baseline -0.002 -1"><span class='ocrx_word' id='word_1_119' title='bbox 198 1648 298 1689; x_wconf 88' lang='lat' dir='ltr'><strong>Ant.</strong></span> <span class='ocrx_word' id='word_1_120' title='bbox 318 1647 505 1689; x_wconf 78' lang='lat' dir='ltr'>Exsulta</span> <span class='ocrx_word' id='word_1_121' title='bbox 523 1651 566 1689; x_wconf 92' lang='lat' dir='ltr'>et</span> <span class='ocrx_word' id='word_1_122' title='bbox 584 1645 727 1688; x_wconf 88' lang='lat' dir='ltr'>lauda.</span> 
     </span>
    </p>
   </div>
   <div class='ocr_carea' id='block_1_8' title="bbox 225 1709 896 1763">
    <p class='ocr_par' dir='ltr' id='par_1_12' title="bbox 225 1709 896 1763">
     <span class='ocr_line' id='line_1_27' title="bbox 225 1709 896 1763; baseline -0.004 -11"><span class='ocrx_word' id='word_1_123' title='bbox 225 1711 485 1763; x_wconf 83' lang='lat' dir='ltr'>Capitulum.</span> <span class='ocrx_word' id='word_1_124' title='bbox 646 1712 783 1763; x_wconf 89' lang='lat' dir='ltr'>Apoc.</span> <span class='ocrx_word' id='word_1_125' title='bbox 805 1712 841 1750; x_wconf 71' lang='lat'>4.</span> <span class='ocrx_word' id='word_1_126' title='bbox 858 1709 896 1750; x_wconf 91' lang='lat' dir='ltr'>d.</span> 
     </span>
    </p>
   </div>
   <div class='ocr_carea' id='block_1_9' title="bbox 147 1766 1188 1884">
    <p class='ocr_par' dir='ltr' id='par_1_13' title="bbox 147 1759 1188 1886">
     <span class='ocr_line' id='line_1_28' title="bbox 147 1766 1188 1874; baseline -0.004 -60"><span class='ocrx_word' id='word_1_127' title='bbox 147 1766 364 1874; x_wconf 85' lang='lat' dir='ltr'>Dignus</span> <span class='ocrx_word' id='word_1_128' title='bbox 388 1786 435 1816; x_wconf 89' lang='lat' dir='ltr'>es</span> <span class='ocrx_word' id='word_1_129' title='bbox 458 1773 648 1816; x_wconf 81' lang='lat' dir='ltr'>Domine</span> <span class='ocrx_word' id='word_1_130' title='bbox 672 1773 794 1814; x_wconf 91' lang='lat' dir='ltr'>Deus</span> <span class='ocrx_word' id='word_1_131' title='bbox 818 1776 979 1821; x_wconf 89' lang='lat' dir='ltr'>noster,</span> <span class='ocrx_word' id='word_1_132' title='bbox 1037 1763 1155 1826; x_wconf 36' lang='grc' dir='ltr'>’ᾗ</span> <span class='ocrx_word' id='word_1_133' title='bbox 1180 1782 1188 1821; x_wconf 65' lang='grc' dir='ltr'>ε,</span> 
     </span>
     <span class='ocr_line' id='line_1_29' title="bbox 266 1829 1152 1884; baseline -0.003 -12"><span class='ocrx_word' id='word_1_134' title='bbox 266 1832 467 1884; x_wconf 88' lang='lat' dir='ltr'>accipere</span> <span class='ocrx_word' id='word_1_135' title='bbox 481 1830 678 1882; x_wconf 83' lang='lat' dir='ltr'>gloriam,</span> <span class='ocrx_word' id='word_1_136' title='bbox 697 1834 741 1871; x_wconf 93' lang='lat' dir='ltr'>et</span> <span class='ocrx_word' id='word_1_137' title='bbox 755 1829 979 1878; x_wconf 80' lang='lat' dir='ltr'>honorem,</span> <span class='ocrx_word' id='word_1_138' title='bbox 1070 1836 1152 1871; x_wconf 56' lang='grc' dir='ltr'><strong>ι</strong></span> 
     </span>
    </p>
   </div>
   <div class='ocr_carea' id='block_1_10' title="bbox 149 1887 981 2512">
    <p class='ocr_par' dir='ltr' id='par_1_14' title="bbox 149 1887 980 2164">
     <span class='ocr_line' id='line_1_30' title="bbox 149 1887 980 1939; baseline -0.005 -10"><span class='ocrx_word' id='word_1_139' title='bbox 149 1891 194 1929; x_wconf 89' lang='lat' dir='ltr'>et</span> <span class='ocrx_word' id='word_1_140' title='bbox 224 1887 448 1929; x_wconf 79' lang='lat' dir='ltr'>virtutem:</span> <span class='ocrx_word' id='word_1_141' title='bbox 481 1887 690 1939; x_wconf 83' lang='lat' dir='ltr'>quoniam</span> <span class='ocrx_word' id='word_1_142' title='bbox 721 1888 893 1927; x_wconf 90' lang='lat' dir='ltr'>occisus</span> <span class='ocrx_word' id='word_1_143' title='bbox 921 1898 980 1935; x_wconf 84' lang='lat' dir='ltr'>es,</span> 
     </span>
     <span class='ocr_line' id='line_1_31' title="bbox 150 1942 980 1993; baseline -0.002 -9"><span class='ocrx_word' id='word_1_144' title='bbox 150 1947 195 1984; x_wconf 90' lang='lat' dir='ltr'>et</span> <span class='ocrx_word' id='word_1_145' title='bbox 218 1943 444 1986; x_wconf 81' lang='lat' dir='ltr'>redemisti</span> <span class='ocrx_word' id='word_1_146' title='bbox 467 1956 549 1986; x_wconf 90' lang='lat' dir='ltr'>nos</span> <span class='ocrx_word' id='word_1_147' title='bbox 574 1944 671 1985; x_wconf 93' lang='lat' dir='ltr'>Deo</span> <span class='ocrx_word' id='word_1_148' title='bbox 698 1943 742 1984; x_wconf 89' lang='lat' dir='ltr'>in</span> <span class='ocrx_word' id='word_1_149' title='bbox 769 1942 980 1993; x_wconf 87' lang='lat' dir='ltr'>sanguine</span> 
     </span>
     <span class='ocr_line' id='line_1_32' title="bbox 149 2000 979 2051; baseline -0.001 -11"><span class='ocrx_word' id='word_1_150' title='bbox 149 2003 226 2041; x_wconf 93' lang='lat' dir='ltr'>tuo</span> <span class='ocrx_word' id='word_1_151' title='bbox 249 2012 304 2041; x_wconf 85' lang='lat' dir='ltr'>ex</span> <span class='ocrx_word' id='word_1_152' title='bbox 323 2001 442 2042; x_wconf 91' lang='lat' dir='ltr'>omni</span> <span class='ocrx_word' id='word_1_153' title='bbox 455 2000 584 2051; x_wconf 88' lang='lat' dir='ltr'>tribu,</span> <span class='ocrx_word' id='word_1_154' title='bbox 604 2006 647 2043; x_wconf 91' lang='lat' dir='ltr'>et</span> <span class='ocrx_word' id='word_1_155' title='bbox 661 2000 819 2050; x_wconf 87' lang='lat' dir='ltr'>lingua,</span> <span class='ocrx_word' id='word_1_156' title='bbox 839 2004 884 2040; x_wconf 92' lang='lat' dir='ltr'>et</span> <span class='ocrx_word' id='word_1_157' title='bbox 902 2000 979 2051; x_wconf 83' lang='lat' dir='ltr'>po-</span> 
     </span>
     <span class='ocr_line' id='line_1_33' title="bbox 149 2055 979 2108; baseline -0.002 -11"><span class='ocrx_word' id='word_1_158' title='bbox 149 2055 268 2108; x_wconf 91' lang='lat' dir='ltr'>pulo,</span> <span class='ocrx_word' id='word_1_159' title='bbox 288 2060 333 2098; x_wconf 90' lang='lat' dir='ltr'>et</span> <span class='ocrx_word' id='word_1_160' title='bbox 349 2057 539 2108; x_wconf 84' lang='lat' dir='ltr'>natione,</span> <span class='ocrx_word' id='word_1_161' title='bbox 560 2062 604 2099; x_wconf 91' lang='lat' dir='ltr'>et</span> <span class='ocrx_word' id='word_1_162' title='bbox 622 2056 766 2099; x_wconf 84' lang='lat' dir='ltr'>fecisti</span> <span class='ocrx_word' id='word_1_163' title='bbox 783 2068 865 2097; x_wconf 92' lang='lat' dir='ltr'>nos</span> <span class='ocrx_word' id='word_1_164' title='bbox 881 2055 979 2096; x_wconf 92' lang='lat' dir='ltr'>Deo</span> 
     </span>
     <span class='ocr_line' id='line_1_34' title="bbox 149 2116 516 2164; baseline 0.005 -11"><span class='ocrx_word' id='word_1_165' title='bbox 149 2116 303 2154; x_wconf 91' lang='lat' dir='ltr'>nostro</span> <span class='ocrx_word' id='word_1_166' title='bbox 322 2125 516 2164; x_wconf 91' lang='lat' dir='ltr'>regnum.</span> 
     </span>
    </p>

    <p class='ocr_par' dir='ltr' id='par_1_15' title="bbox 149 2171 981 2386">
     <span class='ocr_line' id='line_1_35' title="bbox 202 2171 979 2226; baseline -0.003 -12"><span class='ocrx_word' id='word_1_167' title='bbox 202 2174 253 2226; x_wconf 65' lang='lat' dir='ltr'>Rt·</span> <span class='ocrx_word' id='word_1_168' title='bbox 278 2173 349 2215; x_wconf 75' lang='lat' dir='ltr'>br..</span> <span class='ocrx_word' id='word_1_169' title='bbox 369 2173 535 2216; x_wconf 89' lang='lat' dir='ltr'>Notam</span> <span class='ocrx_word' id='word_1_170' title='bbox 562 2173 776 2216; x_wconf 80' lang='lat' dir='ltr'>fecistiin</span> <span class='ocrx_word' id='word_1_171' title='bbox 803 2171 979 2225; x_wconf 79' lang='lat' dir='ltr'>populis</span> 
     </span>
     <span class='ocr_line' id='line_1_36' title="bbox 150 2226 979 2282; baseline -0.001 -12"><span class='ocrx_word' id='word_1_172' title='bbox 150 2230 172 2255; x_wconf 85' lang='lat'>*</span> <span class='ocrx_word' id='word_1_173' title='bbox 191 2229 415 2282; x_wconf 82' lang='lat' dir='ltr'>Virtutem</span> <span class='ocrx_word' id='word_1_174' title='bbox 432 2235 563 2273; x_wconf 91' lang='lat' dir='ltr'>tuam.</span> <span class='ocrx_word' id='word_1_175' title='bbox 590 2230 767 2272; x_wconf 87' lang='lat' dir='ltr'>Notam.</span> <span class='ocrx_word' id='word_1_176' title='bbox 792 2226 841 2278; x_wconf 64' lang='lat' dir='ltr'>V.</span> <span class='ocrx_word' id='word_1_177' title='bbox 864 2227 979 2269; x_wconf 91' lang='lat' dir='ltr'>Red-</span> 
     </span>
     <span class='ocr_line' id='line_1_37' title="bbox 151 2284 981 2338; baseline -0.004 -10"><span class='ocrx_word' id='word_1_178' title='bbox 151 2286 294 2328; x_wconf 84' lang='lat' dir='ltr'>emisti</span> <span class='ocrx_word' id='word_1_179' title='bbox 329 2286 374 2328; x_wconf 91' lang='lat' dir='ltr'>in</span> <span class='ocrx_word' id='word_1_180' title='bbox 417 2286 598 2329; x_wconf 90' lang='lat' dir='ltr'>brachio</span> <span class='ocrx_word' id='word_1_181' title='bbox 644 2291 721 2328; x_wconf 93' lang='lat' dir='ltr'>tuo</span> <span class='ocrx_word' id='word_1_182' title='bbox 766 2284 981 2338; x_wconf 82' lang='lat' dir='ltr'>populum</span> 
     </span>
     <span class='ocr_line' id='line_1_38' title="bbox 149 2341 934 2386; baseline -0.005 -2"><span class='ocrx_word' id='word_1_183' title='bbox 149 2346 283 2384; x_wconf 86' lang='lat' dir='ltr'>tuum.</span> <span class='ocrx_word' id='word_1_184' title='bbox 310 2342 542 2386; x_wconf 78' lang='lat' dir='ltr'>Virtutem.</span> <span class='ocrx_word' id='word_1_185' title='bbox 571 2343 733 2384; x_wconf 83' lang='lat' dir='ltr'>Gloria.</span> <span class='ocrx_word' id='word_1_186' title='bbox 759 2341 934 2382; x_wconf 92' lang='lat' dir='ltr'>Notam.</span> 
     </span>
    </p>

    <p class='ocr_par' dir='ltr' id='par_1_16' title="bbox 152 2394 980 2512">
     <span class='ocr_line' id='line_1_39' title="bbox 203 2394 980 2456; baseline -0.006 -10"><span class='ocrx_word' id='word_1_187' title='bbox 203 2394 254 2446; x_wconf 64' lang='lat' dir='ltr'>V·</span> <span class='ocrx_word' id='word_1_188' title='bbox 270 2403 368 2445; x_wconf 79' lang='lat' dir='ltr'>Dfie</span> <span class='ocrx_word' id='word_1_189' title='bbox 382 2404 599 2456; x_wconf 77' lang='lat' dir='ltr'>refugium</span> <span class='ocrx_word' id='word_1_190' title='bbox 613 2403 755 2444; x_wconf 88' lang='lat' dir='ltr'>factus</span> <span class='ocrx_word' id='word_1_191' title='bbox 775 2414 822 2443; x_wconf 91' lang='lat' dir='ltr'>es</span> <span class='ocrx_word' id='word_1_192' title='bbox 840 2400 980 2442; x_wconf 85' lang='lat' dir='ltr'>nobis.</span> 
     </span>
     <span class='ocr_line' id='line_1_40' title="bbox 152 2456 879 2512; baseline -0.006 -11"><span class='ocrx_word' id='word_1_193' title='bbox 152 2456 203 2508; x_wconf 76' lang='lat' dir='ltr'>Rz·</span> <span class='ocrx_word' id='word_1_194' title='bbox 219 2460 261 2500; x_wconf 90' lang='lat' dir='ltr'><strong>A</strong></span> <span class='ocrx_word' id='word_1_195' title='bbox 279 2461 574 2511; x_wconf 85' lang='lat' dir='ltr'>generatione,</span> <span class='ocrx_word' id='word_1_196' title='bbox 594 2465 638 2502; x_wconf 90' lang='lat' dir='ltr'>et</span> <span class='ocrx_word' id='word_1_197' title='bbox 657 2457 879 2512; x_wconf 81' lang='lat' dir='ltr'>progenie.</span> 
     </span>
    </p>
   </div>
   <div class='ocr_carea' id='block_1_11' title="bbox 205 2539 956 2644">
    <p class='ocr_par' dir='ltr' id='par_1_17' title="bbox 205 2539 956 2644">
     <span class='ocr_line' id='line_1_41' title="bbox 357 2539 772 2592; baseline -0.007 -10"><span class='ocrx_word' id='word_1_198' title='bbox 357 2541 419 2582; x_wconf 86' lang='lat' dir='ltr'>In</span> <span class='ocrx_word' id='word_1_199' title='bbox 439 2542 497 2584; x_wconf 90' lang='lat'>11.</span> <span class='ocrx_word' id='word_1_200' title='bbox 521 2539 772 2592; x_wconf 79' lang='lat' dir='ltr'>vesperis.</span> 
     </span>
     <span class='ocr_line' id='line_1_42' title="bbox 205 2599 956 2644; baseline -0.001 -10"><span class='ocrx_word' id='word_1_201' title='bbox 205 2599 343 2634; x_wconf 87' lang='lat' dir='ltr'>Omnia</span> <span class='ocrx_word' id='word_1_202' title='bbox 366 2604 408 2635; x_wconf 90' lang='lat' dir='ltr'>ut</span> <span class='ocrx_word' id='word_1_203' title='bbox 431 2601 471 2634; x_wconf 90' lang='lat' dir='ltr'>in</span> <span class='ocrx_word' id='word_1_204' title='bbox 495 2601 522 2636; x_wconf 91' lang='grc' dir='ltr'>Ι.</span> <span class='ocrx_word' id='word_1_205' title='bbox 539 2601 656 2644; x_wconf 88' lang='lat' dir='ltr'>Vesp.</span> <span class='ocrx_word' id='word_1_206' title='bbox 678 2599 788 2644; x_wconf 88' lang='lat'>[304],</span> <span class='ocrx_word' id='word_1_207' title='bbox 815 2603 956 2642; x_wconf 82' lang='lat' dir='ltr'>praeter</span> 
     </span>
    </p>
   </div>
   <div class='ocr_carea' id='block_1_12' title="bbox 151 2650 979 2818">
    <p class='ocr_par' dir='ltr' id='par_1_18' title="bbox 151 2650 979 2818">
     <span class='ocr_line' id='line_1_43' title="bbox 205 2650 978 2702; baseline -0.008 -7"><span class='ocrx_word' id='word_1_208' title='bbox 205 2650 256 2702; x_wconf 66' lang='lat' dir='ltr'>V.</span> <span class='ocrx_word' id='word_1_209' title='bbox 270 2653 515 2696; x_wconf 84' lang='lat' dir='ltr'>Redemisti</span> <span class='ocrx_word' id='word_1_210' title='bbox 530 2666 612 2695; x_wconf 93' lang='lat' dir='ltr'>nos</span> <span class='ocrx_word' id='word_1_211' title='bbox 623 2652 812 2694; x_wconf 83' lang='lat' dir='ltr'>D6mine</span> <span class='ocrx_word' id='word_1_212' title='bbox 825 2650 869 2690; x_wconf 92' lang='lat' dir='ltr'>in</span> <span class='ocrx_word' id='word_1_213' title='bbox 884 2651 978 2690; x_wconf 88' lang='lat' dir='ltr'>san-</span> 
     </span>
     <span class='ocr_line' id='line_1_44' title="bbox 151 2705 979 2763; baseline -0.007 -11"><span class='ocrx_word' id='word_1_214' title='bbox 151 2710 282 2760; x_wconf 89' lang='lat' dir='ltr'>guine</span> <span class='ocrx_word' id='word_1_215' title='bbox 309 2717 400 2752; x_wconf 91' lang='lat' dir='ltr'>tuo.</span> <span class='ocrx_word' id='word_1_216' title='bbox 446 2713 496 2763; x_wconf 66' lang='lat' dir='ltr'>R.</span> <span class='ocrx_word' id='word_1_217' title='bbox 521 2710 579 2751; x_wconf 92' lang='lat' dir='ltr'>Et</span> <span class='ocrx_word' id='word_1_218' title='bbox 602 2708 746 2751; x_wconf 85' lang='lat' dir='ltr'>fecisti</span> <span class='ocrx_word' id='word_1_219' title='bbox 774 2718 855 2747; x_wconf 91' lang='lat' dir='ltr'>nos</span> <span class='ocrx_word' id='word_1_220' title='bbox 883 2705 979 2747; x_wconf 91' lang='lat' dir='ltr'>Deo</span> 
     </span>
     <span class='ocr_line' id='line_1_45' title="bbox 151 2771 525 2818; baseline -0.003 -11"><span class='ocrx_word' id='word_1_221' title='bbox 151 2771 304 2808; x_wconf 88' lang='lat' dir='ltr'>nostro</span> <span class='ocrx_word' id='word_1_222' title='bbox 332 2779 525 2818; x_wconf 88' lang='lat' dir='ltr'>regnum.</span> 
     </span>
    </p>
   </div>
   <div class='ocr_carea' id='block_1_13' title="bbox 1026 343 1853 607">
    <p class='ocr_par' dir='ltr' id='par_1_19' title="bbox 1026 343 1853 563">
     <span class='ocr_line' id='line_1_46' title="bbox 1083 343 1853 392; baseline -0.003 -10"><span class='ocrx_word' id='word_1_223' title='bbox 1083 343 1153 383; x_wconf 85' lang='lat' dir='ltr'>Ad</span> <span class='ocrx_word' id='word_1_224' title='bbox 1173 343 1345 391; x_wconf 78' lang='lat' dir='ltr'>Magnis.</span> <span class='ocrx_word' id='word_1_225' title='bbox 1376 343 1473 382; x_wconf 82' lang='lat' dir='ltr'>Ant.</span> <span class='ocrx_word' id='word_1_226' title='bbox 1503 343 1701 392; x_wconf 79' lang='lat' dir='ltr'>Regnum</span> <span class='ocrx_word' id='word_1_227' title='bbox 1719 345 1853 390; x_wconf 85' lang='lat' dir='ltr'>tuum,</span> 
     </span>
     <span class='ocr_line' id='line_1_47' title="bbox 1027 395 1852 448; baseline 0.004 -12"><span class='ocrx_word' id='word_1_228' title='bbox 1027 408 1208 446; x_wconf 87' lang='lat' dir='ltr'>regnum</span> <span class='ocrx_word' id='word_1_229' title='bbox 1224 397 1417 438; x_wconf 72' lang='lat' dir='ltr'>Omnium</span> <span class='ocrx_word' id='word_1_230' title='bbox 1432 398 1703 448; x_wconf 70' lang='lat' dir='ltr'>saecuIOrum,</span> <span class='ocrx_word' id='word_1_231' title='bbox 1720 402 1763 439; x_wconf 95' lang='lat' dir='ltr'>et</span> <span class='ocrx_word' id='word_1_232' title='bbox 1778 395 1852 438; x_wconf 94' lang='lat' dir='ltr'>do-</span> 
     </span>
     <span class='ocr_line' id='line_1_48' title="bbox 1026 452 1853 505; baseline 0.002 -13"><span class='ocrx_word' id='word_1_233' title='bbox 1026 452 1206 494; x_wconf 88' lang='lat' dir='ltr'>minatio</span> <span class='ocrx_word' id='word_1_234' title='bbox 1239 457 1314 494; x_wconf 91' lang='lat' dir='ltr'>tua</span> <span class='ocrx_word' id='word_1_235' title='bbox 1345 453 1389 494; x_wconf 92' lang='lat' dir='ltr'>in</span> <span class='ocrx_word' id='word_1_236' title='bbox 1417 454 1535 495; x_wconf 89' lang='lat' dir='ltr'>omni</span> <span class='ocrx_word' id='word_1_237' title='bbox 1560 454 1853 505; x_wconf 79' lang='lat' dir='ltr'>generatione,</span> 
     </span>
     <span class='ocr_line' id='line_1_49' title="bbox 1028 509 1648 563; baseline 0.005 -14"><span class='ocrx_word' id='word_1_238' title='bbox 1028 512 1072 550; x_wconf 94' lang='lat' dir='ltr'>et</span> <span class='ocrx_word' id='word_1_239' title='bbox 1099 509 1435 560; x_wconf 79' lang='lat' dir='ltr'>generationem,</span> <span class='ocrx_word' id='word_1_240' title='bbox 1464 510 1648 563; x_wconf 82' lang='lat' dir='ltr'>alleluja.</span> 
     </span>
    </p>

    <p class='ocr_par' dir='ltr' id='par_1_20' title="bbox 1082 571 1659 607">
     <span class='ocr_line' id='line_1_50' title="bbox 1082 571 1659 607; baseline -0.003 -1"><span class='ocrx_word' id='word_1_241' title='bbox 1082 573 1128 606; x_wconf 84' lang='lat' dir='ltr'>Et</span> <span class='ocrx_word' id='word_1_242' title='bbox 1151 574 1191 607; x_wconf 84' lang='lat' dir='ltr'>fit</span> <span class='ocrx_word' id='word_1_243' title='bbox 1216 582 1410 606; x_wconf 82' lang='lat' dir='ltr'>commem.</span> <span class='ocrx_word' id='word_1_244' title='bbox 1435 571 1659 605; x_wconf 79' lang='lat' dir='ltr'>Dominicae.</span> 
     </span>
    </p>
   </div>
   <div class='ocr_carea' id='block_1_14' title="bbox 1309 654 1579 696">
    <p class='ocr_par' dir='ltr' id='par_1_21' title="bbox 1309 654 1579 696">
     <span class='ocr_line' id='line_1_51' title="bbox 1309 654 1579 696; baseline 0.007 -2"><span class='ocrx_word' id='word_1_245' title='bbox 1309 654 1393 696; x_wconf 91' lang='lat' dir='ltr'>Die</span> <span class='ocrx_word' id='word_1_246' title='bbox 1412 656 1449 696; x_wconf 89' lang='grc'>3.</span> <span class='ocrx_word' id='word_1_247' title='bbox 1467 655 1491 695; x_wconf 91' lang='lat' dir='ltr'><strong>J</strong></span> <span class='ocrx_word' id='word_1_248' title='bbox 1493 655 1579 696; x_wconf 90' lang='lat' dir='ltr'>ulii.</span> 
     </span>
    </p>
   </div>
   <div class='ocr_carea' id='block_1_15' title="bbox 1028 717 1905 1392">
    <p class='ocr_par' dir='ltr' id='par_1_22' title="bbox 1028 717 1905 1392">
     <span class='ocr_line' id='line_1_52' title="bbox 1097 717 1779 772; baseline -0.003 -14"><span class='ocrx_word' id='word_1_249' title='bbox 1097 717 1141 758; x_wconf 86' lang='lat' dir='ltr'>S.</span> <span class='ocrx_word' id='word_1_250' title='bbox 1160 717 1411 760; x_wconf 74' lang='lat' dir='ltr'>Martialis</span> <span class='ocrx_word' id='word_1_251' title='bbox 1432 720 1575 772; x_wconf 80' lang='lat' dir='ltr'>Episc.</span> <span class='ocrx_word' id='word_1_252' title='bbox 1598 724 1639 759; x_wconf 86' lang='lat' dir='ltr'>ct</span> <span class='ocrx_word' id='word_1_253' title='bbox 1660 718 1779 758; x_wconf 78' lang='lat' dir='ltr'>Conf.</span> 
     </span>
     <span class='ocr_line' id='line_1_53' title="bbox 1359 779 1522 822; baseline 0.006 -9"><span class='ocrx_word' id='word_1_254' title='bbox 1359 779 1522 822; x_wconf 78' lang='lat' dir='ltr'>Duplex.</span> 
     </span>
     <span class='ocr_line' id='line_1_54' title="bbox 1081 835 1853 880; baseline 0.003 -11"><span class='ocrx_word' id='word_1_255' title='bbox 1081 835 1217 870; x_wconf 81' lang='lat' dir='ltr'>Omnia</span> <span class='ocrx_word' id='word_1_256' title='bbox 1252 835 1297 869; x_wconf 87' lang='lat' dir='ltr'>dc</span> <span class='ocrx_word' id='word_1_257' title='bbox 1331 835 1474 869; x_wconf 89' lang='lat' dir='ltr'>Comm.</span> <span class='ocrx_word' id='word_1_258' title='bbox 1504 836 1611 870; x_wconf 87' lang='lat' dir='ltr'>Conf.</span> <span class='ocrx_word' id='word_1_259' title='bbox 1643 836 1750 869; x_wconf 86' lang='lat' dir='ltr'>Pont.</span> <span class='ocrx_word' id='word_1_260' title='bbox 1783 837 1853 880; x_wconf 83' lang='lat'>[49]</span> 
     </span>
     <span class='ocr_line' id='line_1_55' title="bbox 1028 884 1404 927; baseline 0 -10"><span class='ocrx_word' id='word_1_261' title='bbox 1028 888 1168 927; x_wconf 76' lang='lat' dir='ltr'>praeter</span> <span class='ocrx_word' id='word_1_262' title='bbox 1194 884 1404 926; x_wconf 68' lang='lat' dir='ltr'>sequentia.</span> 
     </span>
     <span class='ocr_line' id='line_1_56' title="bbox 1366 940 1527 980; baseline -0.012 0"><span class='ocrx_word' id='word_1_263' title='bbox 1366 940 1527 980; x_wconf 85' lang='lat' dir='ltr'>Oratio.</span> 
     </span>
     <span class='ocr_line' id='line_1_57' title="bbox 1112 1000 1854 1053; baseline 0.003 -13"><span class='ocrx_word' id='word_1_264' title='bbox 1112 1002 1363 1053; x_wconf 90' lang='lat' dir='ltr'>mnipotens</span> <span class='ocrx_word' id='word_1_265' title='bbox 1417 1000 1680 1053; x_wconf 76' lang='lat' dir='ltr'>sempiterne</span> <span class='ocrx_word' id='word_1_266' title='bbox 1723 1000 1854 1050; x_wconf 89' lang='lat' dir='ltr'>Deus⁷</span> 
     </span>
     <span class='ocr_line' id='line_1_58' title="bbox 1142 1056 1855 1108; baseline 0.003 -12"><span class='ocrx_word' id='word_1_267' title='bbox 1142 1057 1215 1108; x_wconf 90' lang='lat' dir='ltr'>qui</span> <span class='ocrx_word' id='word_1_268' title='bbox 1252 1056 1430 1099; x_wconf 91' lang='lat' dir='ltr'>beatum</span> <span class='ocrx_word' id='word_1_269' title='bbox 1463 1057 1709 1099; x_wconf 88' lang='lat' dir='ltr'>Martialem</span> <span class='ocrx_word' id='word_1_270' title='bbox 1746 1057 1855 1098; x_wconf 92' lang='lat' dir='ltr'>Con-</span> 
     </span>
     <span class='ocr_line' id='line_1_59' title="bbox 1029 1113 1856 1166; baseline -0.001 -11"><span class='ocrx_word' id='word_1_271' title='bbox 1029 1114 1243 1155; x_wconf 79' lang='lat' dir='ltr'>fessorem</span> <span class='ocrx_word' id='word_1_272' title='bbox 1273 1118 1397 1155; x_wconf 90' lang='lat' dir='ltr'>tuum</span> <span class='ocrx_word' id='word_1_273' title='bbox 1431 1118 1564 1166; x_wconf 91' lang='lat' dir='ltr'>atque</span> <span class='ocrx_word' id='word_1_274' title='bbox 1596 1113 1856 1155; x_wconf 91' lang='lat' dir='ltr'>Pontificem</span> 
     </span>
     <span class='ocr_line' id='line_1_60' title="bbox 1029 1170 1855 1223; baseline 0.001 -12"><span class='ocrx_word' id='word_1_275' title='bbox 1029 1170 1241 1212; x_wconf 83' lang='lat' dir='ltr'>Ecclesiae</span> <span class='ocrx_word' id='word_1_276' title='bbox 1266 1175 1355 1212; x_wconf 88' lang='lat' dir='ltr'>tuae</span> <span class='ocrx_word' id='word_1_277' title='bbox 1381 1175 1545 1211; x_wconf 84' lang='lat' dir='ltr'>sanctae</span> <span class='ocrx_word' id='word_1_278' title='bbox 1569 1172 1763 1223; x_wconf 78' lang='lat' dir='ltr'>praeesse</span> <span class='ocrx_word' id='word_1_279' title='bbox 1782 1183 1855 1212; x_wconf 89' lang='lat' dir='ltr'>vo-</span> 
     </span>
     <span class='ocr_line' id='line_1_61' title="bbox 1029 1226 1905 1279; baseline -0.001 -12"><span class='ocrx_word' id='word_1_280' title='bbox 1029 1226 1165 1268; x_wconf 90' lang='lat' dir='ltr'>luisti:</span> <span class='ocrx_word' id='word_1_281' title='bbox 1199 1229 1470 1279; x_wconf 79' lang='lat' dir='ltr'>quaesumus;</span> <span class='ocrx_word' id='word_1_282' title='bbox 1502 1232 1550 1268; x_wconf 94' lang='lat' dir='ltr'>ut</span> <span class='ocrx_word' id='word_1_283' title='bbox 1583 1227 1673 1277; x_wconf 88' lang='lat' dir='ltr'>ejus</span> <span class='ocrx_word' id='word_1_284' title='bbox 1706 1226 1854 1267; x_wconf 85' lang='lat' dir='ltr'>suffra-</span> <span class='ocrx_word' id='word_1_285' title='bbox 1904 1238 1905 1241; x_wconf 48' lang='lat'>¹</span> 
     </span>
     <span class='ocr_line' id='line_1_62' title="bbox 1030 1283 1855 1336; baseline -0.001 -12"><span class='ocrx_word' id='word_1_286' title='bbox 1030 1283 1234 1334; x_wconf 88' lang='lat' dir='ltr'>gantibus</span> <span class='ocrx_word' id='word_1_287' title='bbox 1257 1283 1433 1333; x_wconf 83' lang='lat' dir='ltr'>meritis,</span> <span class='ocrx_word' id='word_1_288' title='bbox 1459 1283 1636 1336; x_wconf 89' lang='lat' dir='ltr'>pietatis</span> <span class='ocrx_word' id='word_1_289' title='bbox 1655 1288 1744 1323; x_wconf 84' lang='lat' dir='ltr'>tuae</span> <span class='ocrx_word' id='word_1_290' title='bbox 1762 1285 1855 1334; x_wconf 84' lang='lat' dir='ltr'>gra-</span> 
     </span>
     <span class='ocr_line' id='line_1_63' title="bbox 1029 1340 1741 1392; baseline -0.003 -11"><span class='ocrx_word' id='word_1_291' title='bbox 1029 1340 1135 1382; x_wconf 84' lang='lat' dir='ltr'>tiam</span> <span class='ocrx_word' id='word_1_292' title='bbox 1153 1340 1363 1392; x_wconf 89' lang='lat' dir='ltr'>largiaris.</span> <span class='ocrx_word' id='word_1_293' title='bbox 1391 1340 1476 1382; x_wconf 90' lang='lat' dir='ltr'>Per</span> <span class='ocrx_word' id='word_1_294' title='bbox 1494 1340 1741 1381; x_wconf 83' lang='lat' dir='ltr'>Dominum.</span> 
     </span>
    </p>
   </div>
   <div class='ocr_carea' id='block_1_16' title="bbox 1032 1397 1855 1484">
    <p class='ocr_par' dir='ltr' id='par_1_23' title="bbox 1032 1397 1855 1484">
     <span class='ocr_line' id='line_1_64' title="bbox 1082 1397 1855 1441; baseline -0.009 -5"><span class='ocrx_word' id='word_1_295' title='bbox 1082 1401 1130 1441; x_wconf 82' lang='lat' dir='ltr'>Et</span> <span class='ocrx_word' id='word_1_296' title='bbox 1158 1402 1198 1435; x_wconf 89' lang='lat' dir='ltr'>fit</span> <span class='ocrx_word' id='word_1_297' title='bbox 1228 1410 1423 1435; x_wconf 78' lang='lat' dir='ltr'>commem.</span> <span class='ocrx_word' id='word_1_298' title='bbox 1455 1398 1611 1433; x_wconf 65' lang='lat' dir='ltr'>Octavzc</span> <span class='ocrx_word' id='word_1_299' title='bbox 1636 1397 1692 1431; x_wconf 79' lang='lat' dir='ltr'>Ss.</span> <span class='ocrx_word' id='word_1_300' title='bbox 1717 1398 1855 1440; x_wconf 75' lang='lat' dir='ltr'>Apost.</span> 
     </span>
     <span class='ocr_line' id='line_1_65' title="bbox 1032 1449 1448 1484; baseline 0.002 -1"><span class='ocrx_word' id='word_1_301' title='bbox 1032 1450 1134 1483; x_wconf 81' lang='lat' dir='ltr'>Petri</span> <span class='ocrx_word' id='word_1_302' title='bbox 1157 1454 1192 1483; x_wconf 88' lang='lat' dir='ltr'>ct</span> <span class='ocrx_word' id='word_1_303' title='bbox 1216 1449 1336 1483; x_wconf 84' lang='lat' dir='ltr'>Pauli.</span> <span class='ocrx_word' id='word_1_304' title='bbox 1359 1449 1448 1484; x_wconf 91' lang='grc'><strong>400.</strong></span> 
     </span>
    </p>
   </div>
   <div class='ocr_carea' id='block_1_17' title="bbox 1032 1500 1856 1597">
    <p class='ocr_par' dir='ltr' id='par_1_24' title="bbox 1032 1500 1856 1597">
     <span class='ocr_line' id='line_1_66' title="bbox 1084 1500 1856 1540; baseline -0.01 1"><span class='ocrx_word' id='word_1_305' title='bbox 1084 1507 1127 1540; x_wconf 85' lang='lat' dir='ltr'>In</span> <span class='ocrx_word' id='word_1_306' title='bbox 1159 1507 1185 1540; x_wconf 85' lang='lat'>1.</span> <span class='ocrx_word' id='word_1_307' title='bbox 1215 1506 1413 1540; x_wconf 80' lang='lat' dir='ltr'>Nocturno</span> <span class='ocrx_word' id='word_1_308' title='bbox 1446 1504 1647 1538; x_wconf 78' lang='lat' dir='ltr'>Lectiones</span> <span class='ocrx_word' id='word_1_309' title='bbox 1682 1502 1727 1535; x_wconf 86' lang='lat' dir='ltr'>dc</span> <span class='ocrx_word' id='word_1_310' title='bbox 1760 1500 1856 1534; x_wconf 79' lang='lat' dir='ltr'>Scri-</span> 
     </span>
     <span class='ocr_line' id='line_1_67' title="bbox 1032 1557 1401 1597; baseline -0.008 -8"><span class='ocrx_word' id='word_1_311' title='bbox 1032 1559 1144 1597; x_wconf 81' lang='lat' dir='ltr'>ptura</span> <span class='ocrx_word' id='word_1_312' title='bbox 1170 1557 1401 1588; x_wconf 78' lang='lat' dir='ltr'>occurrente.</span> 
     </span>
    </p>
   </div>
   <div class='ocr_carea' id='block_1_18' title="bbox 1102 1622 1859 1802">
    <p class='ocr_par' dir='ltr' id='par_1_25' title="bbox 1102 1622 1859 1802">
     <span class='ocr_line' id='line_1_68' title="bbox 1263 1622 1622 1662; baseline -0.011 0"><span class='ocrx_word' id='word_1_313' title='bbox 1263 1624 1312 1662; x_wconf 91' lang='lat' dir='ltr'>In</span> <span class='ocrx_word' id='word_1_314' title='bbox 1330 1624 1379 1662; x_wconf 87' lang='grc' dir='ltr'>Π.</span> <span class='ocrx_word' id='word_1_315' title='bbox 1400 1622 1622 1661; x_wconf 76' lang='lat' dir='ltr'>Nocturno.</span> 
     </span>
     <span class='ocr_line' id='line_1_69' title="bbox 1334 1686 1559 1729; baseline -0.018 -1"><span class='ocrx_word' id='word_1_316' title='bbox 1334 1687 1485 1729; x_wconf 86' lang='lat' dir='ltr'>Lectio</span> <span class='ocrx_word' id='word_1_317' title='bbox 1506 1686 1559 1725; x_wconf 82' lang='lat' dir='ltr'>iv.</span> 
     </span>
     <span class='ocr_line' id='line_1_70' title="bbox 1102 1749 1859 1802; baseline 0.003 -14"><span class='ocrx_word' id='word_1_318' title='bbox 1102 1764 1107 1771; x_wconf 65' lang='grc'><em>’</em></span> <span class='ocrx_word' id='word_1_319' title='bbox 1180 1749 1367 1799; x_wconf 90' lang='lat' dir='ltr'>artialis‚</span> <span class='ocrx_word' id='word_1_320' title='bbox 1384 1762 1495 1791; x_wconf 95' lang='lat' dir='ltr'>unus</span> <span class='ocrx_word' id='word_1_321' title='bbox 1511 1749 1566 1790; x_wconf 93' lang='lat' dir='ltr'>de</span> <span class='ocrx_word' id='word_1_322' title='bbox 1582 1752 1859 1802; x_wconf 86' lang='lat' dir='ltr'>septuaginta</span> 
     </span>
    </p>
   </div>
   <div class='ocr_carea' id='block_1_19' title="bbox 1032 622 1851 630">
    <p class='ocr_par' dir='ltr' id='par_1_26' title="bbox 1032 622 1851 630">
     <span class='ocr_line' id='line_1_71' title="bbox 1032 622 1851 630; baseline 0 0"><span class='ocrx_word' id='word_1_323' title='bbox 1032 622 1851 630; x_wconf 95' lang='lat' dir='ltr'> </span> 
     </span>
    </p>
   </div>
   <div class='ocr_carea' id='block_1_20' title="bbox 1034 1752 1191 1889">
    <p class='ocr_par' dir='ltr' id='par_1_27' title="bbox 1034 1752 1191 1889">
     <span class='ocr_line' id='line_1_72' title="bbox 1034 1752 1191 1889; baseline 0 1087"><span class='ocrx_word' id='word_1_324' title='bbox 1034 1752 1191 1889; x_wconf 95' lang='lat' dir='ltr'> </span> 
     </span>
    </p>
   </div>
   <div class='ocr_carea' id='block_1_21' title="bbox 1026 1805 1860 2814">
    <p class='ocr_par' dir='ltr' id='par_1_28' title="bbox 1026 1805 1860 2814">
     <span class='ocr_line' id='line_1_73' title="bbox 1219 1805 1859 1858; baseline 0.001 -11.943"><span class='ocrx_word' id='word_1_325' title='bbox 1219 1805 1381 1847; x_wconf 89' lang='lat' dir='ltr'>Christi</span> <span class='ocrx_word' id='word_1_326' title='bbox 1406 1805 1647 1858; x_wconf 78' lang='lat' dir='ltr'>discipulis,</span> <span class='ocrx_word' id='word_1_327' title='bbox 1674 1819 1725 1847; x_wconf 90' lang='lat' dir='ltr'>ac</span> <span class='ocrx_word' id='word_1_328' title='bbox 1750 1819 1859 1858; x_wconf 88' lang='lat' dir='ltr'>puer</span> 
     </span>
     <span class='ocr_line' id='line_1_74' title="bbox 1158 1862 1860 1914; baseline -0.001 -11"><span class='ocrx_word' id='word_1_329' title='bbox 1158 1885 1162 1886; x_wconf 29' lang='grc' dir='ltr'><em>ν</em></span> <span class='ocrx_word' id='word_1_330' title='bbox 1181 1872 1183 1875; x_wconf 87' lang='grc'><strong><em>·</em></strong></span> <span class='ocrx_word' id='word_1_331' title='bbox 1218 1863 1291 1904; x_wconf 93' lang='lat' dir='ltr'>ille</span> <span class='ocrx_word' id='word_1_332' title='bbox 1301 1862 1435 1903; x_wconf 90' lang='lat' dir='ltr'>fuisse</span> <span class='ocrx_word' id='word_1_333' title='bbox 1445 1862 1644 1911; x_wconf 80' lang='lat' dir='ltr'>traditur,</span> <span class='ocrx_word' id='word_1_334' title='bbox 1661 1862 1734 1913; x_wconf 93' lang='lat' dir='ltr'>qui</span> <span class='ocrx_word' id='word_1_335' title='bbox 1746 1862 1860 1914; x_wconf 90' lang='lat' dir='ltr'>quin-</span> 
     </span>
     <span class='ocr_line' id='line_1_75' title="bbox 1033 1918 1858 1972; baseline -0.002 -11"><span class='ocrx_word' id='word_1_336' title='bbox 1033 1933 1118 1972; x_wconf 89' lang='lat' dir='ltr'>que</span> <span class='ocrx_word' id='word_1_337' title='bbox 1143 1932 1281 1972; x_wconf 89' lang='lat' dir='ltr'>panes</span> <span class='ocrx_word' id='word_1_338' title='bbox 1300 1918 1574 1960; x_wconf 90' lang='lat' dir='ltr'>hordeaceos</span> <span class='ocrx_word' id='word_1_339' title='bbox 1597 1923 1642 1960; x_wconf 91' lang='lat' dir='ltr'>et</span> <span class='ocrx_word' id='word_1_340' title='bbox 1665 1918 1777 1960; x_wconf 91' lang='lat' dir='ltr'>duos</span> <span class='ocrx_word' id='word_1_341' title='bbox 1797 1919 1858 1971; x_wconf 92' lang='lat' dir='ltr'>pi-</span> 
     </span>
     <span class='ocr_line' id='line_1_76' title="bbox 1033 1975 1858 2026; baseline -0.001 -8"><span class='ocrx_word' id='word_1_342' title='bbox 1033 1989 1129 2018; x_wconf 93' lang='lat' dir='ltr'>sces</span> <span class='ocrx_word' id='word_1_343' title='bbox 1153 1975 1352 2017; x_wconf 87' lang='lat' dir='ltr'>attulisse</span> <span class='ocrx_word' id='word_1_344' title='bbox 1374 1975 1418 2015; x_wconf 93' lang='lat' dir='ltr'>in</span> <span class='ocrx_word' id='word_1_345' title='bbox 1436 1975 1676 2026; x_wconf 83' lang='lat' dir='ltr'>Evangelio</span> <span class='ocrx_word' id='word_1_346' title='bbox 1696 1988 1858 2017; x_wconf 90' lang='lat' dir='ltr'>memo-</span> 
     </span>
     <span class='ocr_line' id='line_1_77' title="bbox 1031 2031 1858 2073; baseline 0 0"><span class='ocrx_word' id='word_1_347' title='bbox 1031 2035 1162 2073; x_wconf 89' lang='lat' dir='ltr'>ratur.</span> <span class='ocrx_word' id='word_1_348' title='bbox 1196 2032 1263 2072; x_wconf 85' lang='lat' dir='ltr'>Ex</span> <span class='ocrx_word' id='word_1_349' title='bbox 1283 2031 1462 2072; x_wconf 75' lang='lat' dir='ltr'>Oriente</span> <span class='ocrx_word' id='word_1_350' title='bbox 1487 2043 1585 2072; x_wconf 92' lang='lat' dir='ltr'>cum</span> <span class='ocrx_word' id='word_1_351' title='bbox 1609 2036 1762 2073; x_wconf 88' lang='lat' dir='ltr'>sancto</span> <span class='ocrx_word' id='word_1_352' title='bbox 1781 2032 1858 2073; x_wconf 94' lang='lat' dir='ltr'>Pe-</span> 
     </span>
     <span class='ocr_line' id='line_1_78' title="bbox 1032 2087 1858 2141; baseline -0.001 -11"><span class='ocrx_word' id='word_1_353' title='bbox 1032 2094 1101 2131; x_wconf 90' lang='lat' dir='ltr'>tro</span> <span class='ocrx_word' id='word_1_354' title='bbox 1125 2087 1347 2141; x_wconf 72' lang='lat' dir='ltr'>Apestolo</span> <span class='ocrx_word' id='word_1_355' title='bbox 1371 2087 1559 2128; x_wconf 88' lang='lat' dir='ltr'>Romam</span> <span class='ocrx_word' id='word_1_356' title='bbox 1583 2087 1711 2137; x_wconf 87' lang='lat' dir='ltr'>venit,</span> <span class='ocrx_word' id='word_1_357' title='bbox 1736 2092 1779 2129; x_wconf 91' lang='lat' dir='ltr'>et</span> <span class='ocrx_word' id='word_1_358' title='bbox 1803 2088 1858 2129; x_wconf 90' lang='lat' dir='ltr'>ab</span> 
     </span>
     <span class='ocr_line' id='line_1_79' title="bbox 1033 2142 1858 2197; baseline -0.002 -11"><span class='ocrx_word' id='word_1_359' title='bbox 1033 2144 1190 2186; x_wconf 84' lang='lat' dir='ltr'>eodem</span> <span class='ocrx_word' id='word_1_360' title='bbox 1212 2144 1256 2185; x_wconf 92' lang='lat' dir='ltr'>in</span> <span class='ocrx_word' id='word_1_361' title='bbox 1275 2142 1441 2184; x_wconf 88' lang='lat' dir='ltr'>Gallias</span> <span class='ocrx_word' id='word_1_362' title='bbox 1463 2156 1595 2185; x_wconf 86' lang='lat' dir='ltr'>causa</span> <span class='ocrx_word' id='word_1_363' title='bbox 1613 2146 1858 2197; x_wconf 86' lang='lat' dir='ltr'>propagan-</span> 
     </span>
     <span class='ocr_line' id='line_1_80' title="bbox 1033 2199 1857 2251; baseline -0.001 -8"><span class='ocrx_word' id='word_1_364' title='bbox 1033 2201 1078 2243; x_wconf 91' lang='lat' dir='ltr'>di</span> <span class='ocrx_word' id='word_1_365' title='bbox 1108 2200 1335 2251; x_wconf 78' lang='lat' dir='ltr'>Evangelii</span> <span class='ocrx_word' id='word_1_366' title='bbox 1370 2199 1546 2250; x_wconf 84' lang='lat' dir='ltr'>missus,</span> <span class='ocrx_word' id='word_1_367' title='bbox 1576 2201 1857 2242; x_wconf 83' lang='lat' dir='ltr'>Lemovicen-</span> 
     </span>
     <span class='ocr_line' id='line_1_81' title="bbox 1033 2255 1858 2308; baseline 0 -10"><span class='ocrx_word' id='word_1_368' title='bbox 1033 2270 1115 2307; x_wconf 81' lang='lat' dir='ltr'>ses,</span> <span class='ocrx_word' id='word_1_369' title='bbox 1134 2257 1395 2306; x_wconf 87' lang='lat' dir='ltr'>Tolosanos‚</span> <span class='ocrx_word' id='word_1_370' title='bbox 1413 2255 1765 2308; x_wconf 80' lang='lat' dir='ltr'>BurdigalenseS,</span> <span class='ocrx_word' id='word_1_371' title='bbox 1782 2256 1858 2298; x_wconf 92' lang='lat' dir='ltr'>Ca—</span> 
     </span>
     <span class='ocr_line' id='line_1_82' title="bbox 1033 2313 1858 2366; baseline -0.001 -11"><span class='ocrx_word' id='word_1_372' title='bbox 1033 2313 1268 2355; x_wconf 80' lang='lat' dir='ltr'>durcenses</span> <span class='ocrx_word' id='word_1_373' title='bbox 1318 2318 1362 2354; x_wconf 93' lang='lat' dir='ltr'>et</span> <span class='ocrx_word' id='word_1_374' title='bbox 1406 2313 1674 2366; x_wconf 80' lang='lat' dir='ltr'>Aquitanos,</span> <span class='ocrx_word' id='word_1_375' title='bbox 1727 2318 1858 2364; x_wconf 91' lang='lat' dir='ltr'>atque</span> 
     </span>
     <span class='ocr_line' id='line_1_83' title="bbox 1033 2368 1857 2422; baseline -0.001 -12"><span class='ocrx_word' id='word_1_376' title='bbox 1033 2369 1142 2411; x_wconf 82' lang='lat' dir='ltr'>alios</span> <span class='ocrx_word' id='word_1_377' title='bbox 1167 2369 1359 2422; x_wconf 82' lang='lat' dir='ltr'>populos</span> <span class='ocrx_word' id='word_1_378' title='bbox 1385 2369 1666 2412; x_wconf 74' lang='lat' dir='ltr'>christianam</span> <span class='ocrx_word' id='word_1_379' title='bbox 1688 2368 1857 2420; x_wconf 82' lang='lat' dir='ltr'>religio-</span> 
     </span>
     <span class='ocr_line' id='line_1_84' title="bbox 1031 2424 1859 2476; baseline -0.001 -10"><span class='ocrx_word' id='word_1_380' title='bbox 1031 2438 1132 2467; x_wconf 91' lang='lat' dir='ltr'>nem</span> <span class='ocrx_word' id='word_1_381' title='bbox 1159 2424 1352 2476; x_wconf 82' lang='lat' dir='ltr'>edocuit3</span> <span class='ocrx_word' id='word_1_382' title='bbox 1380 2425 1496 2468; x_wconf 90' lang='lat' dir='ltr'>unde</span> <span class='ocrx_word' id='word_1_383' title='bbox 1524 2425 1764 2467; x_wconf 89' lang='lat' dir='ltr'>Galliarum</span> <span class='ocrx_word' id='word_1_384' title='bbox 1792 2429 1859 2466; x_wconf 91' lang='lat' dir='ltr'>est</span> 
     </span>
     <span class='ocr_line' id='line_1_85' title="bbox 1032 2480 1857 2534; baseline -0.001 -11"><span class='ocrx_word' id='word_1_385' title='bbox 1032 2481 1176 2523; x_wconf 88' lang='lat' dir='ltr'>dictus</span> <span class='ocrx_word' id='word_1_386' title='bbox 1195 2482 1452 2534; x_wconf 85' lang='lat' dir='ltr'>Apostolus.</span> <span class='ocrx_word' id='word_1_387' title='bbox 1484 2481 1680 2523; x_wconf 79' lang='lat' dir='ltr'>Admoto</span> <span class='ocrx_word' id='word_1_388' title='bbox 1699 2480 1857 2522; x_wconf 90' lang='lat' dir='ltr'>baculo</span> 
     </span>
     <span class='ocr_line' id='line_1_86' title="bbox 1026 2537 1858 2591; baseline -0.001 -13"><span class='ocrx_word' id='word_1_389' title='bbox 1026 2537 1171 2579; x_wconf 79' lang='lat' dir='ltr'>&#39;sancti</span> <span class='ocrx_word' id='word_1_390' title='bbox 1197 2538 1334 2588; x_wconf 88' lang='lat' dir='ltr'>Petri,</span> <span class='ocrx_word' id='word_1_391' title='bbox 1366 2551 1498 2591; x_wconf 90' lang='lat' dir='ltr'>quem</span> <span class='ocrx_word' id='word_1_392' title='bbox 1529 2537 1585 2579; x_wconf 88' lang='lat' dir='ltr'>ab</span> <span class='ocrx_word' id='word_1_393' title='bbox 1618 2549 1671 2579; x_wconf 92' lang='lat' dir='ltr'>eo</span> <span class='ocrx_word' id='word_1_394' title='bbox 1702 2537 1858 2578; x_wconf 85' lang='lat' dir='ltr'>Romae</span> 
     </span>
     <span class='ocr_line' id='line_1_87' title="bbox 1032 2593 1857 2646; baseline -0.002 -11"><span class='ocrx_word' id='word_1_395' title='bbox 1032 2595 1275 2646; x_wconf 82' lang='lat' dir='ltr'>acceperat,</span> <span class='ocrx_word' id='word_1_396' title='bbox 1300 2596 1522 2636; x_wconf 80' lang='lat' dir='ltr'>mortuum</span> <span class='ocrx_word' id='word_1_397' title='bbox 1543 2593 1719 2635; x_wconf 81' lang='lat' dir='ltr'>reduxit</span> <span class='ocrx_word' id='word_1_398' title='bbox 1736 2593 1780 2633; x_wconf 89' lang='lat' dir='ltr'>in</span> <span class='ocrx_word' id='word_1_399' title='bbox 1799 2593 1857 2634; x_wconf 90' lang='lat' dir='ltr'>vi·</span> 
     </span>
     <span class='ocr_line' id='line_1_88' title="bbox 1030 2648 1857 2703; baseline -0.002 -12"><span class='ocrx_word' id='word_1_400' title='bbox 1030 2655 1133 2692; x_wconf 88' lang='lat' dir='ltr'>tam.</span> <span class='ocrx_word' id='word_1_401' title='bbox 1161 2649 1360 2692; x_wconf 90' lang='lat' dir='ltr'>Tandem</span> <span class='ocrx_word' id='word_1_402' title='bbox 1378 2655 1481 2703; x_wconf 88' lang='lat' dir='ltr'>post</span> <span class='ocrx_word' id='word_1_403' title='bbox 1494 2649 1631 2691; x_wconf 91' lang='lat' dir='ltr'>multa</span> <span class='ocrx_word' id='word_1_404' title='bbox 1644 2648 1857 2701; x_wconf 82' lang='lat' dir='ltr'>praeclara</span> 
     </span>
     <span class='ocr_line' id='line_1_89' title="bbox 1032 2704 1857 2756; baseline -0.002 -10"><span class='ocrx_word' id='word_1_405' title='bbox 1032 2707 1277 2748; x_wconf 77' lang='lat' dir='ltr'>sanctitatis</span> <span class='ocrx_word' id='word_1_406' title='bbox 1314 2712 1357 2749; x_wconf 92' lang='lat' dir='ltr'>et</span> <span class='ocrx_word' id='word_1_407' title='bbox 1393 2707 1605 2748; x_wconf 83' lang='lat' dir='ltr'>doctrinae</span> <span class='ocrx_word' id='word_1_408' title='bbox 1643 2707 1778 2756; x_wconf 71' lang='lat' dir='ltr'>Opera</span> <span class='ocrx_word' id='word_1_409' title='bbox 1813 2704 1857 2744; x_wconf 93' lang='lat' dir='ltr'>in</span> 
     </span>
     <span class='ocr_line' id='line_1_90' title="bbox 1032 2762 1432 2814; baseline -0.003 -11"><span class='ocrx_word' id='word_1_410' title='bbox 1032 2762 1194 2804; x_wconf 90' lang='lat' dir='ltr'>coelum</span> <span class='ocrx_word' id='word_1_411' title='bbox 1219 2762 1432 2814; x_wconf 87' lang='lat' dir='ltr'>migravit.</span> 
     </span>
    </p>
   </div>
  </div>
 </body>
</html>
