2040 2976
504 185 572 219 Die
598 186 656 218 30,
683 184 798 217 .Ιιιηίῐ.
846 184 888 216 ln
914 184 1120 217 Commem.
1147 182 1181 216 S.
1207 182 1317 215 Pauli
1342 181 1534 224 Apostoli.

506 279 669 320 Oratio.

171 334 345 439 Deus,
366 337 440 389 qui
454 335 779 378 multitudinem
794 334 1001 376 Gentium

266 394 386 436 beati
409 393 533 434 Pauli
557 391 766 446 Apostoli
788 390 999 444 praedica-

170 452 289 493 tione
326 450 533 492 docuisti:
564 449 622 492 da
652 449 797 499 nobis,
832 449 1001 500 quaesu-

170 522 281 558 mus3
327 513 375 549 ut
412 508 533 558 cujus
569 505 766 548 natalitia
802 504 1001 553 colimus,

171 566 262 617 ejus
282 563 402 617 apud
420 569 465 606 te
486 563 731 616 patrocinia
751 562 1001 603 sentiamus

169 622 254 663 Per
273 621 522 662 Dominum.

223 682 270 716 Et
293 682 334 716 fit
359 691 556 717 commem.
581 682 616 716 S.
641 681 754 715 Petri.

223 735 323 776 Ant.
352 735 420 776 Tu
444 747 491 776 es
515 738 668 786 pastor
694 732 857 781 ovium,
885 730 1002 783 prin-

171 805 277 844 ceps
324 790 659 844 Apostolorum:
699 788 782 831 tibi
826 787 1002 829 traditae

171 853 272 890 sunt
291 848 440 890 claves
459 847 583 898 regni
603 846 827 888 coelorum.

224 898 274 949 V·
315 905 385 946 Tu
420 917 467 946 es
495 905 663 946 Petrus.
705 901 754 952 R.
785 902 841 942 Et
869 913 1003 953 super

170 962 282 1003 hanc
306 966 478 1014 petram
503 959 736 1002 aedificabo
757 957 1003 1000 Ecclesiam

169 1031 323 1061 meam.

508 1059 673 1101 Oratio.
736 1097 740 1101 ,

260 1133 348 1169 eus,
370 1119 444 1172 qui
463 1118 598 1160 beato
614 1118 761 1167 Petro,
781 1114 1003 1168 Apostolo

272 1182 361 1226 tuo,
377 1175 549 1217 collatis
566 1173 763 1216 clavibus
777 1172 901 1223 regni
918 1184 1002 1213 coe-

171 1234 310 1283 lestis,
334 1231 498 1284 ligandi
523 1237 655 1283 atque
676 1228 878 1272 solvendi
896 1240 1003 1281 pon-

171 1291 354 1332 tificium
377 1288 612 1331 tradidisti:
638 1286 849 1338 concede3
873 1291 921 1328 ut
944 1287 1004 1327 in-

171 1346 454 1389 tercessionis
481 1346 572 1398 ejus
598 1344 779 1394 auxilio,
806 1357 831 1385 a
850 1356 1003 1396 pecca-

171 1406 319 1446 torum
351 1405 605 1445 nostrorum
636 1401 823 1443 nexibus
851 1400 1004 1442 libere-

171 1474 279 1502 mur.

226 1520 377 1554 Deinde
403 1519 562 1553 Octavae
587 1518 621 1553 S.
647 1516 823 1552 Joannis.

227 1573 327 1613 Ant.
358 1573 574 1626 Apertum
599 1577 666 1614 est
692 1584 741 1613 os
767 1570 1005 1620 Zachariae,

174 1636 218 1672 et
236 1630 534 1683 prophetavit,
554 1628 719 1671 dicens:
738 1627 1005 1670 Benedictus

173 1688 295 1729 Deus
314 1687 463 1728 Israel.

228 1737 278 1791 V.
305 1745 395 1785 Iste
418 1756 528 1796 puer
546 1755 730 1794 magnus
750 1754 899 1783 coram
917 1742 1005 1783 Do-

173 1802 303 1843 mino.
340 1800 391 1852 Rv.
413 1801 528 1842 Nam
554 1804 597 1842 et
620 1812 775 1840 manus
796 1800 887 1851 ejus
907 1812 1006 1840 cum

173 1859 271 1911 ipso
293 1862 370 1899 est.
514 1899 679 1940 Oratio·

176 1951 351 2058 Deus,
370 1958 443 2010 qui
459 1959 723 2010 praesentem
739 1956 855 1998 diem
870 1955 1006 1997 hono-

270 2015 454 2056 rabilem
473 2014 602 2056 nobis
623 2014 665 2054 in
685 2013 805 2055 beati
824 2013 844 2053 J
852 2013 1006 2054 oannis

175 2072 405 2113 nativitate
435 2071 594 2113 fecisti:
628 2070 685 2112 da
712 2069 892 2123 populis
920 2069 1006 2110 tuis

176 2128 470 2182 spiritualium
510 2128 695 2178 gratiam
732 2124 1007 2177 gaudiOrum3

176 2190 221 2227 et
246 2184 442 2226 omnium
464 2184 659 2226 fidelium
677 2188 847 2225 mentes
868 2181 1007 2234 dirige

175 2242 220 2282 in
240 2242 355 2283 viam
379 2240 534 2282 salutis
556 2243 746 2283 aeternae.
778 2241 862 2282 Per
881 2239 1008 2280 Dfim.

449 2318 516 2355 Ad
540 2318 744 2355 Tertiam.

231 2375 329 2416 Ant.
358 2375 567 2417 Libenter
584 2375 818 2425 gloriabor.

232 2430 492 2483 Capitulum.
523 2431 704 2472 Bonum.
723 2431 815 2472 377.

232 2489 281 2528 R.
307 2487 368 2529 br.
403 2489 454 2528 In
483 2500 659 2529 omnem
687 2493 852 2528 terram
877 2485 1009 2546 *‚EX'

178 2547 258 2588 ivit
273 2558 406 2587 sonus
423 2547 584 2586 eorum.
608 2545 658 2584 In
675 2556 860 2585 omnem.
888 2539 939 2585 V·
953 2543 1010 2583 Et

178 2604 222 2644 in
246 2603 356 2644 fines
381 2600 503 2642 orbis
529 2606 660 2641 terrae
684 2599 819 2641 verba
846 2601 1010 2640 eorum.

178 2659 336 2700 Exivit.
367 2656 519 2699 Gloria
538 2656 669 2698 Patri.
698 2657 749 2696 In
771 2668 958 2697 omnem.

1107 273 1158 324 V.
1185 276 1437 319 Constitues
1462 290 1540 319 eos
1564 278 1790 331 principes
1815 291 1882 319 su-

1053 345 1133 385 per
1161 346 1335 375 omnem
1363 339 1537 376 terram.
1584 334 1633 384 Rt·
1663 335 1884 376 Memores

1055 395 1181 431 erunt
1199 390 1387 432 nominis
1407 391 1471 432 tui
1490 391 1690 433 Domine.

1333 451 1400 487 Ad
1423 451 1610 489 Sextam.

1109 502 1208 542 Ant.
1238 500 1392 541 Gratia
1410 500 1504 541 Dei.

1110 557 1371 609 Capitulum.
1555 554 1591 594 2.
1607 554 1705 595 Cor.
1720 553 1779 593 12.
1794 552 1834 594 b.

1152 625 1175 654 e
1196 611 1453 664 magnitudo
1477 612 1794 656 revelationum
1814 626 1884 656 ex-

1168 669 1295 711 tollat
1319 682 1405 719 me,
1434 668 1564 711 datus
1588 674 1655 711 est
1681 669 1788 711 mihi
1813 673 1885 712 sti-

1054 725 1198 767 mulus
1213 726 1355 768 carnis
1370 739 1493 776 meae,
1513 725 1694 778 angelus
1709 728 1886 777 satanae,

1057 782 1130 835 qui
1155 796 1226 824 me
1252 782 1512 836 colaphizet.
1547 782 1738 835 Propter
1766 782 1886 835 quod

1055 844 1122 881 ter
1148 839 1387 881 Dominum
1414 839 1586 890 rogavi,
1614 844 1662 880 ut
1690 838 1884 881 discede-

1055 901 1123 938 ret
1142 909 1168 938 a
1185 909 1270 939 me:
1290 901 1334 938 et
1354 896 1463 938 dixit
1481 895 1600 936 mihi:
1620 894 1790 937 Sufficit
1807 895 1888 938 tibi

1055 953 1196 1004 gratia
1215 966 1323 995 mea.
1384 980 1388 983 -

1112 1011 1163 1063 R.
1188 1009 1250 1051 br.
1282 1010 1536 1052 Constitues
1562 1021 1639 1050 eos
1663 1009 1887 1062 principes

1059 1067 1081 1091 *
1109 1066 1250 1120 Super
1278 1079 1454 1108 omnem
1483 1070 1656 1108 terram.
1717 1066 1886 1108 Consti-

1056 1130 1166 1166 tues.
1204 1119 1256 1169 V.
1288 1123 1508 1165 Memores
1542 1127 1670 1164 erunt
1699 1123 1887 1164 nominis

1056 1181 1120 1223 tui
1134 1181 1242 1222 Dfie.
1266 1180 1418 1233 Super.
1442 1179 1605 1221 Gloria.
1625 1179 1888 1221 Constitues.

1112 1234 1164 1284 V.
1203 1237 1345 1278 Nimis
1381 1235 1587 1278 honorati
1623 1240 1724 1277 sunt
1759 1235 1888 1278 amici

1058 1294 1121 1336 tui
1136 1294 1268 1336 Deus.
1299 1293 1351 1345 R.
1366 1293 1508 1334 Nimis
1529 1292 1801 1334 confortatus
1821 1297 1890 1334 est

1058 1351 1331 1404 principatus
1351 1351 1515 1391 eorum.
1822 1356 1827 1359 ’

1340 1411 1408 1447 Ad
1431 1412 1616 1448 Nonam.

1115 1460 1216 1501 Ant.
1243 1459 1326 1503 Ter
1345 1459 1478 1511 virgis
1499 1472 1642 1501 caesus
1661 1472 1768 1500 sum.

1117 1516 1375 1568 Capitulum.
1567 1514 1597 1554 1.
1613 1513 1710 1554 Cor.
1727 1512 1786 1552 15.
1800 1510 1841 1553 b.

1146 1586 1204 1624 go
1224 1574 1338 1616 enim
1361 1587 1458 1615 sum
1475 1573 1679 1614 minimus
1698 1572 1890 1625 Aposto-

1150 1631 1304 1681 lorum,
1324 1631 1399 1683 qui
1418 1643 1506 1672 non
1526 1643 1623 1671 sum
1642 1628 1799 1680 dignus
1816 1640 1890 1670 vo-

1059 1689 1149 1731 cari
1170 1688 1434 1742 Apostolus,
1461 1686 1668 1740 quoniam
1686 1687 1890 1738 persecu-

1058 1751 1130 1788 tus
1150 1759 1246 1787 sum
1261 1744 1506 1786 Ecclesiam
1521 1742 1617 1785 Dei.
1646 1741 1801 1783 Gratia
1817 1754 1890 1782 au-

1058 1807 1148 1844 tem
1166 1802 1251 1843 Dei
1271 1815 1368 1843 sum
1386 1800 1442 1851 id,
1464 1799 1585 1853 quod
1605 1812 1712 1848 sum,
1732 1803 1776 1840 et
1794 1800 1890 1850 gra-

1058 1860 1119 1902 tia
1138 1859 1230 1911 ejus
1249 1859 1292 1899 in
1311 1871 1381 1900 me
1401 1859 1540 1899 vacua
1558 1869 1646 1898 non
1665 1855 1756 1896 fuit.

1115 1913 1165 1953 R.
1199 1913 1261 1955 br.
1308 1914 1451 1956 Nimis
1487 1912 1694 1955 honorati
1730 1915 1830 1953 sunt
1869 1909 1893 1934 *

1058 1971 1203 2012 Amici
1227 1971 1291 2013 tui
1314 1971 1448 2013 Deus.
1483 1969 1635 2011 Nimis.
1676 1962 1727 2014 V.
1750 1967 1891 2009 Nimis

1059 2028 1333 2070 confortatus
1352 2032 1420 2069 est
1437 2026 1710 2080 principatus
1727 2026 1891 2066 eorum.

1059 2084 1215 2126 Amici.
1248 2083 1399 2125 Gloria
1415 2083 1549 2124 Patri.
1576 2081 1728 2123 Nimis.

1115 2133 1167 2187 V.
1202 2140 1583 2182 Annuntiaverunt
1625 2140 1762 2191 opera
1797 2136 1892 2178 Dei.

1063 2196 1115 2247 Rc.
1130 2198 1185 2239 Et
1204 2198 1319 2239 facta
1339 2197 1430 2249 ejus
1450 2195 1770 2238 intellexerunt.

1266 2267 1328 2307 In
1349 2265 1412 2306 11.
1432 2263 1684 2315 vesperis.

1116 2321 1305 2365 Vesperae
1347 2319 1508 2362 integrae
1549 2317 1730 2352 dicuntur
1768 2314 1816 2350 de
1857 2313 1893 2350 S.

1064 2370 1196 2405 Paulo.
1222 2368 1460 2412 Antiphonae
1479 2371 1515 2403 ct
1530 2366 1592 2401 Ps.
1609 2369 1651 2400 ut
1667 2365 1707 2399 in
1719 2363 1892 2406 11.Vesp.

1065 2418 1112 2453 de
1131 2418 1276 2453 Comm.
1294 2417 1432 2460 Apost.
1447 2417 1516 2460 [13]
1546 2413 1671 2457 Capit.
1691 2417 1728 2448 et
1743 2411 1894 2455 reliqua

1064 2471 1105 2501 ut
1126 2466 1165 2500 in
1183 2466 1211 2501 Ι.
1231 2465 1348 2508 Vesp.
1376 2464 1416 2498 in
1439 2462 1604 2498 ecclesia
1625 2459 1794 2505 propria.
1815 2461 1890 2496 373.

1064 2515 1214 2549 Deinde
1244 2514 1285 2548 fit
1310 2522 1507 2548 commem.
1532 2510 1567 2545 S.
1592 2509 1710 2551 Petri,
1739 2506 1832 2542 ibid.
1857 2510 1894 2540 et

1066 2562 1145 2597 Oct.
1163 2563 1198 2597 S.
1216 2562 1239 2596 J
1243 2561 1381 2596 oannis
1399 2565 1440 2595 ut
1462 2560 1501 2593 in
1516 2558 1543 2593 I.
1561 2558 1677 2602 Vesp.
1695 2555 1794 2590 festi.
1811 2557 1889 2591 349.

1117 2611 1161 2645 In
1194 2610 1359 2645 ecclesia
1392 2608 1427 2643 S.
1460 2606 1573 2642 Pauli
1601 2605 1787 2648 Vesperae
1819 2601 1891 2635 dic.

1066 2659 1204 2693 codem
1226 2658 1344 2693 modo
1367 2661 1410 2692 ut
1431 2665 1559 2699 supra.
