2040 2976
189 216 261 252 230

426 308 474 346 In
492 308 542 346 11.
563 307 786 346 Nocturno.

194 369 258 408 De
282 365 574 418 Expositiene
598 363 738 405 sancti
761 362 1019 414 Hieronymi

217 421 469 474 Presbyteri
487 422 532 462 in
545 422 706 462 Isaiam
719 419 1000 472 Prophetam.

347 483 428 515 Lib.
451 483 496 515 ll.
519 482 553 514 in
572 480 686 514 Isaiae
708 491 789 523 cap.
807 480 862 514 38.

495 533 646 573 Lectio
668 534 718 572 iv.

220 625 233 653 *r
308 587 1020 697 ⁹<{¹32ssffissfflsissffnffssffizaeffffss

221 657 254 703 2:⁵¹3«,
282 662 315 696 ,233
338 661 352 687 1
883 677 891 693 ‚

195 699 316 726 34¹4·
336 702 479 744 media
503 701 759 754 captivitate
778 700 1020 747 victoriam,

191 760 443 802 infirmitate
477 759 676 811 corporis
712 757 778 798 sui
809 757 1021 807 visitatur,

193 823 237 860 et
252 816 375 859 audit
387 829 434 857 se
451 828 548 857 esse
564 815 839 856 moriturum:
858 818 906 854 ut
920 826 1020 855 con-

193 877 346 917 versus
367 872 423 915 ad
437 873 675 914 Deminum
690 871 839 912 flectat
853 872 1022 912 senten-

192 932 298 973 tiam
317 932 419 983 ejus.
448 928 579 980 Quod
599 927 775 980 quidem
791 932 834 968 et
851 927 895 967 in
909 927 933 968 J
937 940 1022 969 ona

194 988 414 1042 propheta
431 987 632 1038 legimus,
659 990 701 1026 et
724 985 767 1025 in
788 984 1020 1026 commina-

193 1044 386 1087 tionibus
406 1048 560 1085 contra
575 1041 735 1084 David:
755 1054 854 1093 quae
875 1040 1021 1083 dicun-

194 1107 265 1144 tur
283 1101 440 1150 futura,
460 1113 541 1141 nec
560 1100 675 1141 facta
694 1104 804 1147 sunt,
823 1110 912 1139 non
926 1098 1023 1140 Deo

194 1160 392 1200 mutante
431 1156 708 1205 sententiam,
750 1154 829 1196 sed
865 1167 1023 1208 provo-

195 1217 321 1257 cante
340 1214 576 1255 humanum
595 1225 732 1264 genus
751 1212 808 1253 ad
824 1212 1025 1254 notitiam

195 1272 271 1313 sui.
312 1271 527 1312 Dominus
561 1270 676 1311 enim
707 1269 929 1322 po'enitens
958 1274 1025 1311 est

195 1341 328 1381 super
353 1327 539 1369 malitiis.
577 1327 894 1378 Convertitque
917 1326 1024 1368 Eze-

195 1384 314 1426 chias
355 1384 510 1425 faciem
547 1396 671 1425 suam
703 1382 761 1424 ad
793 1385 1024 1435 parietem,

196 1442 298 1494 quia
323 1440 380 1482 ad
403 1440 617 1493 templum
641 1440 705 1481 ire
729 1452 815 1481 non
838 1442 1025 1492 peterat.

196 1498 269 1540 Ad
296 1500 509 1550 parietem
536 1502 683 1539 autem
708 1497 878 1549 templi,
906 1498 1025 1549 Juxta

197 1554 319 1607 quod
357 1554 565 1596 Salomon
606 1554 820 1606 palatium
858 1557 1024 1595 exstru-

196 1616 335 1652 xerat:
371 1611 442 1652 vel
475 1610 678 1652 absolute
712 1609 768 1652 ad
799 1613 1025 1662 parietem,

197 1681 251 1709 ne
279 1667 481 1709 lacrimas
510 1680 611 1708 suas
639 1667 932 1709 assidentibus
958 1680 1025 1709 os-

197 1727 368 1767 tentare
387 1723 620 1765 videretur.

251 1783 300 1833 lx'g.
327 1780 550 1822 Percussit
567 1780 682 1822 Saul.
699 1781 794 1821 224.

511 1838 661 1879 Lectio
685 1852 721 1877 v,

201 1894 520 1999 Aldiensque
550 1907 596 1935 se
625 1906 723 1936 esse
751 1894 1027 1946 moriturum,

309 1965 397 1993 non
425 1954 631 2004 precatur
655 1951 790 1992 vitam
819 1956 862 1992 et
890 1964 1028 1994 annos

198 2008 431 2062 plurimos,
459 2007 539 2049 sed
563 2008 607 2048 in
627 2007 711 2048 Dei
734 2006 894 2059 judicio
922 2008 1027 2061 quid

198 2065 305 2106 velit
331 2067 561 2117 praestare,
591 2063 780 2106 dimittit.
831 2065 1029 2107 Noverat

200 2122 315 2163 enim
342 2121 507 2163 idcirco
536 2121 633 2162 Deo
662 2121 880 2173 placuisse
908 2122 1027 2163 Salo—

200 2180 390 2226 menem‚
418 2177 538 2230 quod
564 2191 701 2219 annos
720 2178 822 2220 vitae
847 2191 934 2220 non
954 2192 1026 2231 pe-

199 2235 318 2276 tierit
338 2234 588 2287 ampliores:
608 2234 686 2276 sed
704 2235 845 2276 iturus
864 2235 922 2277 ad
940 2236 1027 2277 Do-

200 2291 364 2334 minum
389 2296 536 2333 narrat
562 2293 698 2343 opera
724 2305 819 2342 sua,
849 2294 1028 2344 quomo-

204 2348 263 2390 do
288 2347 578 2390 ambulaverit
603 2361 752 2389 coram
779 2361 832 2390 eo
858 2349 903 2390 in
921 2350 1029 2390 veri-

200 2407 293 2447 tate
327 2410 371 2446 et
402 2404 446 2445 in
477 2404 611 2446 corde
643 2405 853 2457 perfecto.
906 2406 1030 2448 Felix

203 2461 485 2510 conscientia,
522 2474 621 2512 quae
649 2461 897 2503 afflictionis
924 2465 1029 2504 tem-

202 2531 311 2572 pore
330 2518 546 2559 bonorum
564 2520 748 2571 eperum
763 2519 1031 2560 recordatur.

203 2575 329 2616 Beati
349 2574 465 2616 enim
478 2573 642 2615 mundo
658 2573 806 2615 corde:
827 2575 1032 2626 quoniam

202 2632 288 2685 ipsi
306 2632 449 2672 Deum
468 2629 691 2672 videbunt.
724 2631 781 2673 Et
806 2631 1031 2683 quomodo

203 2688 307 2730 alibi
352 2687 571 2729 scribitur:
622 2687 729 2737 Quis
773 2687 1033 2738 gloriabitur

202 2759 361 2798 purum
392 2744 554 2787 habere
587 2757 634 2786 se
667 2743 767 2787 cor?
811 2744 941 2795 Quod
972 2745 1033 2788 ita

549 216 646 248 Infra
676 214 966 247 llcbdonmdam
991 213 1040 246 xi.
1068 217 1155 254 post
1180 212 1257 244 Oct.
1283 210 1541 243 l'enteeostes.

1072 310 1267 358 solvitur,
1286 307 1600 361 perfectionem
1620 308 1767 350 cordis
1785 309 1830 350 in
1847 323 1900 352 eo

1072 379 1186 408 nunc
1205 365 1309 413 dici,
1339 363 1460 416 quod
1482 363 1602 405 idola
1624 363 1901 418 destruxerit,

1072 422 1223 476 templi
1237 421 1389 463 valvas
1404 420 1638 474 aperuerit,
1654 423 1903 475 serpentem

1073 482 1244 521 aeneum
1263 477 1584 528 comminuerit,
1611 482 1655 519 et
1679 480 1826 520 cetera
1843 479 1902 520 fe·

1074 536 1193 586 cerit,
1215 548 1313 588 quae
1333 534 1559 587 Scriptura
1577 536 1904 578 commemorat.

1128 593 1178 643 R.
1202 592 1375 633 Montes
1395 589 1578 632 Gelboe.
1602 591 1697 632 224.

1376 645 1528 686 Lectio
1550 645 1602 686 vi.

1154 705 1260 747 levit
1291 711 1438 747 autem
1470 705 1576 746 fletu
1601 717 1776 756 magno,
1805 718 1904 759 pro-

1167 767 1268 815 pter
1292 761 1632 814 promissionem
1650 761 1829 802 Demini
1848 761 1905 804 ad

1075 818 1230 868 David,
1253 831 1384 871 quam
1403 817 1583 859 videbat
1601 817 1645 858 in
1665 830 1744 859 sua
1762 823 1905 860 morte

1075 875 1330 929 perituram.
1356 875 1422 916 Eo
1446 874 1561 916 enim
1579 876 1782 927 tempore
1798 875 1905 917 Eze÷

1078 931 1198 973 chias
1217 931 1333 973 filios
1351 943 1439 972 non
1457 930 1665 972 habebat:
1684 943 1786 972 nam
1802 935 1907 984 post

1076 993 1265 1030 mortem
1289 989 1380 1040 ejus
1400 988 1647 1038 Manasses,
1676 1000 1775 1029 cum
1801 987 1907 1030 duo·

1078 1044 1220 1087 decim
1239 1049 1356 1086 esset
1375 1046 1598 1094 annerum,
1618 1046 1801 1095 regnare
1821 1057 1906 1086 coe-

1076 1102 1142 1155 pit
1165 1102 1209 1143 in
1233 1101 1402 1143 Judaea:
1431 1114 1485 1142 ex
1511 1113 1599 1153 quo
1624 1103 1909 1154 perspicuum

1078 1164 1160 1209 est,
1183 1163 1288 1211 post
1306 1157 1484 1199 tertium
1503 1170 1664 1198 annum
1683 1160 1908 1200 concessae

1077 1215 1179 1256 vitae
1216 1214 1451 1255 Manassen
1496 1226 1594 1256 esse
1640 1216 1909 1265 generatum.

1076 1272 1195 1322 Ergo
1227 1271 1309 1313 iste
1343 1271 1484 1312 omnis
1517 1276 1583 1313 est
1611 1270 1755 1321 fletus,
1789 1270 1910 1323 quod

1078 1327 1345 1381 desperabat
1379 1326 1602 1369 Christum
1638 1327 1693 1369 de
1732 1340 1812 1369 suo
1844 1329 1909 1369 se-

1077 1386 1194 1427 mine
1230 1384 1511 1426 nasciturum.
1566 1384 1654 1425 Alii
1690 1386 1909 1435 asserunt,

1079 1442 1280 1494 quamvis
1308 1445 1486 1483 sanctos
1514 1441 1634 1483 viros
1658 1446 1801 1483 morte
1826 1445 1910 1483 ter-

1078 1499 1180 1549 reri,
1207 1503 1393 1552 propter
1420 1498 1637 1540 incertum
1664 1496 1830 1550 judicii,
1866 1503 1911 1540 et

1077 1555 1400 1608 ignorationem
1419 1555 1646 1597 sententiae
1663 1555 1759 1605 Dei,
1779 1567 1911 1607 quam

1080 1612 1231 1656 sedem
1249 1611 1442 1666 habituri
1461 1611 1558 1653 sint.

1133 1670 1183 1720 R.
1208 1669 1304 1720 Ego
1323 1673 1367 1710 te
1386 1668 1476 1710 tuli.
1495 1669 1588 1709 225.

1132 1726 1184 1775 R.
1203 1726 1272 1766 vii.
1299 1725 1498 1768 Peccavi.
1522 1723 1625 1764 ibid.

1135 1784 1185 1834 R.
1207 1782 1288 1822 viii.
1316 1783 1418 1824 Duo
1438 1781 1677 1835 Seraphim.
1700 1778 1803 1821 ibid.

1250 1891 1428 1931 Feria
1460 1890 1746 1928 Secunda.

1199 1945 1266 1986 De
1289 1943 1404 1986 libro
1430 1948 1587 1996 quarto
1611 1943 1795 1995 Regum.

1159 2004 1313 2045 Lectio
1334 2003 1357 2042 i.
1647 1999 1750 2051 Cap.
1769 2000 1833 2039 22.

1087 2071 1238 2119 &meto
1273 2069 1487 2109 annorum
1521 2070 1614 2107 erat
1640 2065 1665 2106 J
1667 2067 1785 2106 osias
1813 2077 1912 2106 cum

1084 2108 1160 2168 θ’)
1185 2126 1369 2175 regnare
1401 2125 1625 2176 coepisset,
1659 2121 1838 2173 triginta
1869 2125 1913 2162 et

1081 2194 1169 2223 uno
1202 2193 1316 2222 anno
1349 2180 1550 2231 regnavit
1581 2179 1624 2220 in
1652 2177 1912 2220 Jerusalem:

1082 2250 1242 2280 nomen
1259 2237 1411 2279 matris
1437 2237 1528 2288 ejus
1545 2234 1688 2285 1dida,
1716 2234 1806 2276 filia
1825 2234 1912 2275 Ha-

1084 2294 1184 2337 daia
1209 2293 1264 2335 de
1289 2292 1518 2335 Besecath.
1552 2293 1764 2343 Fecitque
1792 2289 1913 2344 quod

1082 2351 1296 2404 placitum
1329 2354 1423 2392 erat
1451 2362 1599 2391 coram
1626 2347 1837 2396 Domino,
1870 2351 1914 2389 et

1084 2407 1323 2450 ambulavit
1355 2419 1435 2460 per
1467 2418 1620 2448 omnes
1646 2404 1741 2446 vias
1767 2402 1913 2445 David

1083 2464 1220 2517 patris
1240 2463 1320 2505 sui:
1338 2476 1426 2504 non
1444 2461 1679 2504 declinavit
1693 2460 1751 2502 ad
1766 2459 1914 2501 dexte-

1084 2534 1194 2571 ram,
1223 2521 1314 2562 sive
1343 2518 1400 2561 ad
1423 2520 1654 2560 sinistram.
1689 2517 1821 2558 Anno
1841 2528 1912 2558 au-

1083 2582 1174 2619 tem
1212 2578 1371 2619 octavo
1410 2575 1581 2618 decimo
1613 2574 1728 2625 regis
1761 2573 1913 2622 Josiae‚

1084 2634 1202 2675 misit
1221 2646 1298 2675 rex
1317 2632 1494 2686 Saphan
1513 2632 1651 2673 filium
1671 2629 1808 2678 Aslia,
1837 2628 1915 2670 filii

1084 2690 1321 2732 Messulam
1341 2690 1529 2732 scribam
1551 2687 1705 2740 templi
1722 2685 1914 2736 Domini,

1085 2746 1236 2788 dicens
1255 2747 1309 2788 ei:
1327 2745 1456 2789 Vade
1478 2745 1536 2787 ad
1553 2743 1754 2786 Helciam
1773 2754 1913 2784 sacer-
