2040 2976
64 2649 69 2656 ’
132 2655 452 2698 nedictionibus
482 2653 740 2697 dulcedinis:

316 251 387 285 Die
412 252 463 284 25.
489 257 523 285 et
546 251 596 285 27.
623 252 738 285 Junii.
763 271 775 275 -
800 252 942 285 Comm.
969 252 1035 285 Oo.
1061 253 1116 285 Ss.
1142 254 1378 286 Summorum
1407 253 1641 287 Pontificum.

129 345 287 395 reticis,
314 349 357 386 et
376 347 617 387 constantis
644 347 775 388 animi
792 348 952 399 magni-

131 401 241 443 tudo
259 405 495 456 perspecta
520 407 587 444 est
604 403 648 444 in
665 404 829 446 tuendo
848 403 953 456 judi-

131 457 199 499 cio
210 458 400 511 Agapiti.
414 459 528 500 Nam
539 458 803 510 Anthimum,
813 473 953 512 quem,

132 513 235 566 quia
252 514 570 567 Eutychianam
589 515 791 557 haeresim
810 516 953 558 defen-

131 570 281 621 debat,
331 570 547 624 Agapitus
594 571 649 613 ab
695 572 954 625 episcopatu

132 626 622 680 Constantinopolitano
670 628 953 681 deposuerat,

132 695 232 725 cum
263 696 289 725 a
320 683 559 726 Theodora
589 688 774 736 augusta
805 688 953 738 saepis-

130 740 243 836 lsime
267 742 449 791 rogatus
474 746 601 791 esset,
628 741 857 783 restituere
880 744 954 783 no-

147 795 220 838 uit.

184 864 234 915 R.
260 862 507 905 Honestum
534 863 636 905 fecit
661 863 783 904 illum
807 863 953 905 Domi-

128 931 220 968 nus,
245 923 289 960 et
307 919 548 961 custodivit
567 932 667 961 eum
686 919 740 961 ab
760 920 954 969 inimicis,

130 979 174 1016 et
198 987 224 1016 a
251 975 558 1018 seductoribus
585 976 744 1017 tutavit
770 976 905 1016 illum:
932 974 953 997 *

129 1031 186 1072 Et
214 1030 336 1073 dedit
366 1031 428 1073 illi
460 1032 704 1074 claritatem
736 1034 954 1073 aeternam.

132 1083 183 1135 V.
218 1088 548 1140 Descenditque
580 1101 678 1130 cum
709 1088 783 1130 illo
820 1089 863 1129 in
893 1089 953 1130 fo-

129 1156 266 1194 veam,
286 1149 329 1186 et
347 1144 391 1185 in
410 1145 593 1186 vinculis
612 1158 700 1186 non
724 1144 954 1196 dereliquit

130 1212 240 1242 eum.
285 1201 342 1243 Et
362 1200 495 1243 dedit.

440 1282 591 1323 Lectio
612 1296 648 1322 v.

135 1335 471 1461 Quamobrem
484 1352 596 1394 irata
609 1352 764 1393 mulier
778 1351 955 1394 mandat

246 1409 459 1451 Belisario
486 1414 535 1451 ut
560 1409 787 1450 Silverium
812 1409 955 1450 mittat

129 1465 174 1506 in
192 1466 402 1507 exsilium.
431 1466 515 1516 Qui
530 1465 744 1507 exsulavit
757 1466 801 1506 in
815 1465 953 1506 insula

130 1522 297 1573 Pontia,
321 1522 438 1564 unde
464 1522 531 1563 his
555 1522 700 1564 verbis
727 1522 954 1574 scripsisse

131 1577 268 1620 fertur
298 1578 356 1621 ad
387 1579 643 1621 Amatorem
680 1580 955 1631 episcopum:

131 1634 360 1677 Sustentor
384 1648 497 1688 pane
522 1634 813 1677 tribulationis
842 1639 886 1675 et
914 1647 954 1675 a-

132 1705 219 1745 qua
246 1692 479 1743 angustiae3
511 1704 593 1733 nec
620 1697 767 1733 tamen
801 1690 954 1740 dimisi,

134 1753 209 1791 aut
244 1747 415 1791 dimitto
452 1748 642 1790 officium
681 1760 837 1789 meum.
900 1747 957 1788 Et

131 1817 246 1854 sane,
271 1804 395 1847 brevi
419 1803 710 1846 incommodis
736 1805 956 1845 aerumnis-

131 1874 216 1914 que
243 1861 480 1910 confectus,
506 1860 773 1903 obdormivit
800 1860 843 1900 in
868 1859 955 1900 Do-

131 1917 268 1968 mino,
297 1917 558 1960 duodecimo
586 1916 809 1958 Kalendas
837 1915 956 1964 Julii3

133 1974 254 2026 cujus
280 1987 441 2027 corpus
465 1974 654 2015 Romam
681 1972 884 2020 delatum,
913 1976 956 2012 et

131 2030 176 2070 in
216 2029 396 2072 basilica
431 2030 646 2072 Vaticana
688 2027 955 2080 depositum,

131 2086 278 2128 multis
314 2086 534 2129 miraculis
569 2085 833 2126 illustratum
866 2082 955 2123 fuit.

131 2142 312 2186 Praefuit
352 2143 564 2196 Ecclesiae
605 2153 741 2183 annos
781 2145 870 2181 tres
912 2143 956 2179 et

134 2199 333 2252 amplius,
361 2200 519 2242 creatis
547 2210 696 2240 mense
723 2194 956 2237 Decembri

132 2255 402 2308 presbyteris
460 2254 692 2302 tredecim,
761 2250 955 2293 diaconis

134 2312 344 2364 quinque,
395 2312 614 2365 episcopis
658 2322 737 2362 per
783 2307 956 2348 diversa

131 2367 231 2410 loca
250 2367 403 2410 decem
422 2373 466 2410 et
483 2380 653 2409 novem.

185 2432 235 2483 Βι-
268 2432 546 2475 Desiderium
579 2431 734 2472 animae
767 2429 857 2480 ejus
884 2426 955 2468 tri-

131 2489 264 2531 buisti
299 2489 339 2530 ei
370 2489 575 2537 Domine,
599 2485 620 2507 *
644 2486 701 2527 Et
731 2484 955 2526 voluntate

131 2544 347 2587 labiorum
375 2546 466 2596 ejus
490 2557 578 2586 non
605 2540 817 2584 fraudasti
847 2551 955 2579 eum.

134 2593 185 2644 V·
201 2601 417 2651 Quoniam
434 2598 688 2653 praevenisti
707 2609 805 2638 eum
822 2595 866 2634 in
884 2593 956 2635 be-

770 2648 956 2703 posuisti

131 2713 175 2753 in
202 2713 345 2765 capite
374 2713 465 2763 ejus
494 2713 701 2752 coronam
728 2706 782 2748 de
809 2703 955 2758 lapide

133 2768 342 2821 pretioso.
368 2768 436 2809 Et.

1763 254 1825 290 11*

1008 351 1157 392 Sermo
1185 351 1322 392 sancti
1348 351 1579 402 Augustini
1606 351 1826 404 Episcopi.

1135 416 1190 449 De
1216 416 1249 449 S.
1276 415 1486 459 Cypriano,
1513 426 1620 449 serm.
1649 416 1695 449 12.

1304 476 1454 517 Lectio
1478 477 1529 515 vi.

1011 527 1298 632 Sermonem
1334 535 1467 586 exigit
1501 539 1590 576 tam
1625 540 1748 586 grata
1782 540 1826 577 et

1098 591 1298 642 religiosa
1326 591 1590 641 solemnitas,
1619 604 1703 643 qua
1729 605 1824 644 pas-

1006 648 1174 690 sionem
1187 647 1306 689 beati
1315 648 1520 699 Martyris
1533 647 1701 689 Silverii
1716 648 1824 689 cele-

1003 704 1193 746 bramus.
1221 704 1378 745 Tristis
1396 704 1550 756 procul
1570 703 1703 745 dubio
1723 709 1826 745 tunc

1004 761 1203 802 Ecclesia
1223 760 1313 810 fuit,
1334 773 1421 801 non
1441 760 1599 801 damno
1620 759 1826 809 cadentis,

1006 816 1085 858 sed
1114 815 1331 858 desiderio
1360 815 1619 866 recedentis,
1653 828 1827 868 semper

1007 873 1187 926 capiens
1232 872 1382 914 videre
1427 874 1688 924 praesentem
1737 878 1826 913 tam

1004 929 1169 970 bonum
1192 931 1409 970 rectorem
1433 933 1564 980 atque
1589 927 1826 969 doctorem.

1005 985 1092 1026 Sed
1113 998 1222 1038 quos
1242 985 1457 1027 afflixerat
1472 984 1719 1025 sollicitudo
1738 997 1826 1025 cer-

1005 1042 1194 1091 taminis,
1227 1041 1452 1083 consolata
1485 1046 1551 1082 est
1578 1042 1740 1081 corona
1767 1041 1825 1080 vi-

1007 1098 1150 1139 ctoris.
1204 1099 1260 1139 Et
1293 1110 1407 1139 nunc
1440 1110 1528 1138 non
1561 1097 1701 1138 solum
1735 1096 1826 1137 sine

1006 1154 1094 1195 ulla
1111 1154 1301 1204 tristitia,
1325 1166 1476 1195 verum
1502 1152 1631 1194 etiam
1651 1165 1748 1193 cum
1767 1152 1826 1192 in-

1006 1211 1124 1261 genti
1142 1210 1307 1260 laetitia,
1332 1214 1488 1251 cuncta
1513 1221 1611 1260 quae
1631 1213 1734 1249 tunc
1756 1220 1825 1259 ge-

1007 1272 1073 1308 sta
1101 1272 1218 1316 sunt,
1245 1264 1431 1317 legendo
1460 1265 1711 1306 recolimus:
1739 1263 1825 1305 die-

1007 1335 1091 1374 que
1110 1323 1195 1364 1510
1214 1322 1405 1373 gaudere
1424 1320 1550 1362 nobis
1571 1322 1826 1361 concessum

1007 1384 1088 1429 est,
1115 1392 1202 1420 non
1226 1379 1391 1420 timere.
1425 1377 1580 1428 Neque
1605 1376 1718 1417 enim
1742 1375 1825 1416 for-

1006 1435 1221 1476 midamus
1269 1433 1519 1476 terribiliter
1564 1432 1826 1480 venientem,

1007 1491 1085 1532 sed
1104 1493 1408 1543 exspectamus
1432 1488 1625 1530 hilariter
1647 1487 1826 1529 redeun-

1006 1552 1106 1589 tem.
1164 1550 1213 1590 R.
1241 1546 1363 1588 Stola
1388 1544 1673 1598 jucunditatis.

1061 1616 1104 1650 In
1128 1617 1191 1651 ΙΙΙ.
1216 1617 1413 1651 Noeturno
1443 1614 1582 1648 Homil.
1616 1614 1651 1647 in
1682 1615 1826 1656 Evang.

1011 1664 1049 1698 Si
1087 1664 1174 1709 quis
1210 1663 1326 1699 venit.
1365 1664 1410 1698 de
1456 1663 1590 1696 eodem
1628 1662 1826 1696 Communi

1012 1713 1038 1746 1.
1056 1713 1152 1746 1000.
1192 1713 1235 1756 R.
1252 1712 1331 1746 viii.
1352 1711 1513 1747 Domine
1530 1709 1761 1754 praevenisti.

1263 1789 1346 1830 Die
1364 1790 1428 1829 25.
1448 1789 1471 1829 J
1474 1787 1572 1829 unii.

1150 1854 1193 1894 S.
1216 1851 1457 1893 Gallicani
1475 1848 1686 1898 Martyris.

1335 1910 1498 1953 Duplex.

1062 1962 1197 1997 Omnia
1226 1966 1266 1995 ut
1296 1962 1392 1995 inter
1416 1961 1513 1994 festa
1536 1969 1606 2002 pro
1633 1958 1827 2001 aliquibus

1009 2011 1106 2045 10015
1130 2010 1262 2044 eadem
1288 2010 1359 2043 die.

1263 2080 1347 2120 Die
1365 2078 1429 2119 27.
1447 2078 1471 2118 J
1474 2077 1571 2118 unii.

1162 2145 1204 2185 S.
1227 2141 1458 2184 Gulielmi
1478 2139 1673 2180 Abbatis.

1233 2200 1396 2242 Duplex.
1422 2198 1481 2240 (m.
1505 2201 1530 2231 t.
1553 2197 1602 2239 v.)

1062 2253 1197 2287 Omnia
1219 2256 1259 2286 ut
1281 2252 1318 2285 111
1340 2250 1540 2285 Breviario
1562 2251 1623 2285 die
1644 2249 1825 2284 25..1un1'i.

1009 2329 1237 2372 Dominica
1247 2328 1278 2368 Ι.
1293 2339 1381 2367 11011
1394 2325 1603 2378 impedita
1617 2329 1718 2377 post
1733 2324 1827 2364 Oct.

1194 2384 1257 2425 Ss.
1284 2382 1403 2424 Petri
1429 2387 1474 2423 et
1500 2380 1633 2422 Pauli.

1237 2441 1600 2483 Commemoratio

1085 2503 1316 2545 Omnium
1344 2503 1412 2543 Ss.
1442 2503 1758 2542 summorum

1169 2558 1463 2600 Pontificum
1482 2557 1524 2597 S.
1543 2556 1595 2596 R.
1614 2555 1663 2595 E.

1337 2612 1499 2655 Duplex.

1062 2666 1197 2700 Omnia
1227 2670 1266 2699 ut
1296 2666 1392 2698 inter
1417 2664 1512 2696 festa
1536 2671 1605 2704 pro
1631 2659 1824 2702 aliquibus

1009 2715 1106 2748 10015
1131 2714 1264 2747 eadem
1288 2711 1497 2746 Dominica.

1222 2769 1606 2796 ,mmmm
