2040 2976
191 210 258 244 374

192 316 337 344 meum
354 305 529 344 servare
545 303 587 343 in
602 303 723 345 illum
738 303 865 353 diem,
885 304 1022 355 justus

193 359 332 411 judex.

249 429 346 467 Ant.
372 425 477 466 Mihi
495 427 642 467 vivere
663 425 862 466 Christus
883 429 960 474 081,
981 430 1024 466 01

192 482 302 523 111011
332 482 514 523 1110111111;
542 482 720 533 gloriari
748 495 818 523 me
846 483 1022 534 oportet

193 540 234 579 in
253 551 380 580 cruce
392 538 569 579 Domini
584 538 725 580 nostri
735 538 759 579 J
762 551 838 580 esu
851 538 1022 579 Christi.

249 602 295 653 Y.
322 604 371 644 In
401 616 577 645 omnem
602 608 766 645 terram
790 602 925 644 exivit
953 615 1020 643 so-

193 674 274 702 nus
303 662 466 702 eorum.
532 666 581 716 R·
609 660 666 702 Et
693 660 736 701 in
764 660 873 701 fines
902 658 1022 700 orbis

193 723 323 759 terrae
343 717 477 758 verba
498 718 660 758 eorum.

300 806 364 846 De
384 803 569 845 Actibus
590 801 922 854 Apostolorum.

250 872 402 913 Lectio
422 873 445 912 i.
736 906 738 909 .
792 872 895 924 Cap.
915 873 972 912 13.

234 959 256 990 a?
432 942 578 979 autem
606 938 649 977 in
677 935 889 986 Ecclesia,
924 949 1022 988 quae

231 991 303 1047 &51³3
327 1000 420 1036 erat
439 993 700 1041 Antiochiae,
719 992 962 1045 prophetae,
981 998 1025 1034 et

201 1075 204 1076 ν
244 1045 303 1076 >²22
327 1051 551 1099 doctores,
592 1050 637 1090 in
671 1049 828 1102 quibus
862 1049 1024 1090 Barna-

194 1108 289 1157 baS,
320 1114 364 1150 et
387 1107 554 1156 Simon,
585 1106 660 1158 qui
685 1105 928 1147 vocabatur
950 1106 1023 1147 Ni-

193 1177 286 1216 ger,
313 1169 357 1206 et
381 1163 543 1205 Lucius
564 1162 845 1214 Cyrenensis,
871 1167 916 1204 et
935 1162 1024 1203 Ma-

194 1221 347 1270 nahen,
365 1220 439 1272 qui
455 1224 548 1261 erat
563 1218 756 1260 Herodis
769 1218 1025 1260 Tetrarchae

195 1277 503 1325 collactaneus,
524 1281 567 1317 et
586 1267 754 1316 Saulus.
781 1275 1025 1316 Ministran-

194 1333 311 1375 tibus
337 1338 484 1375 autem
508 1332 595 1373 illis
619 1331 828 1381 Domino,
859 1337 902 1374 et
926 1332 1024 1383 jeju-

194 1390 414 1440 nantibus,
449 1389 559 1431 dixit
590 1388 676 1429 illis
709 1363 897 1441 Spiritus
931 1401 1025 1430 san-

195 1452 306 1488 ctus:
352 1447 589 1498 Segregate
625 1445 730 1486 mihi
767 1445 946 1486 Saulum
983 1450 1026 1487 et

195 1504 447 1546 Barnabam
478 1503 522 1544 in
556 1516 686 1556 opus,
720 1502 777 1544 ad
810 1502 931 1555 quod
961 1515 1026 1543 as-

196 1561 365 1614 sumpsi
397 1573 485 1602 eos.
536 1560 662 1601 Tunc
693 1560 950 1612 jejunanteS,
983 1565 1026 1601 et

196 1620 388 1667 orantes,
429 1618 797 1669 imponentesque
835 1617 897 1658 eis
938 1629 1025 1657 ma-

195 1687 294 1724 nus,
324 1673 584 1716 dimiserunt
607 1673 719 1714 illos.
753 1673 809 1714 Et
832 1673 917 1726 ipsi
937 1673 1026 1726 qui-

198 1731 299 1773 dem
312 1731 434 1772 missi
449 1743 474 1772 a
485 1730 651 1783 Spiritu
662 1735 815 1771 sancto
828 1729 1027 1772 abierunt

196 1788 454 1838 Seleuciam,
494 1793 538 1830 et
576 1786 678 1828 inde
714 1787 1028 1838 navigaverunt

199 1846 404 1898 Cyprum.

253 1920 302 1969 Rg.
341 1914 425 1965 Qui
462 1915 673 1966 operatus
712 1919 778 1955 est
814 1914 948 1955 Petro
984 1914 1028 1954 in

199 1971 513 2024 apostolatum,
540 1972 751 2023 operatus
774 1975 841 2012 est
861 1975 905 2011 01
923 1969 1029 2011 1111111

199 2028 312 2069 111101
350 2027 532 2069 Gentes:
568 2031 590 2053 *
627 2027 684 2069 Et
727 2029 1029 2078 cognoverunt

198 2085 384 2135 gratiam
411 2084 511 2133 Dei,
546 2097 644 2136 quae
678 2083 782 2126 data
814 2089 882 2126 est
914 2083 1029 2124 mihi.

202 2139 251 2191 V.
283 2140 437 2182 Gratia
470 2140 553 2182 Dei
587 2141 631 2181 in
662 2153 734 2182 me
768 2143 908 2182 vacua
940 2153 1029 2182 non

200 2197 294 2246 fuit,
321 2197 400 2239 sed
423 2198 563 2248 gratia
588 2198 678 2250 ejus
703 2210 878 2250 semper
897 2198 940 2238 in
959 2209 1029 2239 me

199 2260 357 2296 manet.
385 2254 452 2296 Et.

511 2325 660 2365 Lectio
681 2324 719 2364 ii.

279 2398 299 2435 t
343 2405 442 2435 cum
487 2395 710 2435 venissent
753 2393 1030 2444 Salaminam,

295 2449 599 2503 praedicabant
639 2450 822 2492 verbum
863 2451 944 2492 Dei
986 2451 1029 2491 in

201 2507 436 2561 synagogis
472 2506 740 2548 Judaeorum.
793 2507 1031 2549 Habebant

201 2570 347 2607 autem
380 2569 424 2605 et
456 2564 671 2605 Joannem
702 2563 745 2604 in
777 2563 1030 2605 ministerio.

202 2622 259 2664 Et
299 2634 397 2662 cum
438 2619 820 2672 perambulassent
862 2620 1030 2661 univer-

202 2691 295 2719 sam
315 2677 501 2718 insulam
520 2689 660 2728 usque
679 2676 896 2728 Paphum,
915 2677 1030 2717 inve-

202 2737 359 2777 nerunt
403 2733 637 2787 quemdam
674 2734 816 2774 virum
856 2746 1031 2784 magum

532 206 603 240 Dic
627 207 686 240 30.
712 207 828 240 Junii.
877 207 918 241 In
945 208 1151 241 Commem.
1178 208 1212 240 8.
1239 206 1349 240 Pauli
1373 207 1566 249 Apostoli.

1075 299 1529 353 pseudoprophetam,
1574 299 1792 347 Judaeum,
1837 300 1905 341 cui

1076 370 1235 398 nomen
1255 361 1349 398 erat
1368 356 1563 408 Barjesu‚
1591 357 1665 408 qui
1693 361 1787 398 erat
1805 369 1904 398 011111

1076 413 1342 466 proconsule
1361 413 1513 463 Sergio
1532 412 1670 454 Paulo
1690 413 1786 454 viro
1804 425 1904 466 pru-

1078 470 1220 511 dente.
1250 470 1349 519 Hic,
1374 469 1598 511 accersitis
1615 469 1837 518 Barnaba‚
1862 474 1906 511 et

1077 526 1224 575 Saulo,
1251 525 1531 568 desiderabat
1555 524 1705 567 audire
1724 525 1907 568 verbum

1076 584 1171 625 Dei.
1226 582 1480 625 Resistebat
1511 588 1658 624 autem
1691 582 1776 623 illis
1808 582 1905 635 Ely-

1076 653 1170 682 mas
1197 653 1368 690 magus,
1397 640 1474 690 (sic
1503 640 1618 681 enim
1649 639 1906 692 interpreta-

1076 703 1148 739 tur
1166 709 1324 738 nomen
1350 697 1456 748 ejus)
1483 708 1684 748 quaerens
1708 697 1907 737 avertere

1077 753 1387 807 proconsulem
1406 765 1432 794 a
1451 751 1549 794 fide.

1131 823 1181 874 R
1199 818 1373 859 Bonum
1389 820 1613 859 certamen
1628 816 1806 866 certavi,
1823 828 1909 858 cur·

1079 887 1175 915 sum
1195 874 1506 924 consummavi,
1526 873 1659 916 fidem
1678 873 1865 916 servavi:
1885 879 1908 904 ¹⁸

1078 931 1275 996 Ideoque
1301 932 1497 984 reposita
1524 936 1591 973 081
1614 930 1720 972 1111111
1745 931 1909 972 0010113

1079 987 1263 1038 justitiae.
1293 987 1344 1040 V.
1359 988 1459 1030 8010
1476 988 1546 1029 0111
1561 986 1739 1036 credidi,
1759 991 1803 1028 et
1818 999 1908 1028 eer-

1078 1048 1149 1085 tus
1182 1057 1278 1085 sum
1311 1044 1414 1097 quia
1444 1049 1606 1097 potens
1639 1048 1707 1085 est
1735 1041 1908 1096 deposi-

1078 1105 1171 1141 tum
1195 1112 1342 1142 meum
1367 1102 1546 1143 servare
1570 1101 1614 1141 in
1639 1099 1763 1141 illum
1781 1099 1909 1141 diem.

1078 1155 1288 1208 Ideoque.

1384 1243 1535 1284 Lectio
1556 1243 1611 1283 iii.

1083 1306 1274 1414 Saulus
1293 1313 1458 1358 autem,
1486 1307 1561 1361 qui
1580 1312 1625 1350 et
1641 1307 1820 1358 Ρ3111118,
1846 1319 1910 1349 re-

1163 1365 1308 1418 ple'tus
1336 1365 1503 1418 Spiritu
1531 1369 1703 1414 sancto,
1736 1366 1911 1406 intuens

1078 1421 1122 1462 in
1143 1434 1258 1470 eum,
1288 1421 1411 1464 dixit:
1441 1421 1478 1463 O
1499 1421 1628 1474 plene
1648 1420 1768 1462 omni
1794 1419 1910 1470 dolo,

1080 1483 1124 1520 et
1139 1478 1258 1520 omni
1272 1477 1455 1528 fallacia,
1470 1478 1532 1519 fili
1547 1477 1723 1527 diaboli,
1737 1477 1910 1519 inimice

1081 1535 1223 1576 omnis
1237 1535 1425 1586 justitiae,
1444 1548 1532 1577 non
1552 1534 1713 1576 desinis
1733 1533 1911 1575 subver-

1081 1596 1175 1633 tere
1200 1591 1293 1632 vias
1318 1591 1498 1633 Domini
1524 1596 1679 1633 rectas.
1715 1591 1772 1633 Et
1797 1603 1911 1632 nunc

1081 1660 1184 1691 ecce
1215 1661 1370 1690 manus
1399 1649 1579 1689 Domini
1611 1660 1743 1701 super
1774 1652 1835 1697 te,
1867 1651 1911 1689 et

1081 1705 1166 1747 eris
1192 1717 1355 1752 caecus,
1383 1717 1471 1746 non
1498 1704 1652 1746 videns
1679 1704 1819 1746 solem
1843 1716 1911 1745 us·

1082 1774 1166 1814 que
1196 1762 1253 1803 ad
1279 1766 1466 1815 tempus
1506 1761 1563 1803 Et
1588 1760 1819 1803 confestim
1845 1761 1911 1802 ce-

1081 1818 1188 1860 cidit
1206 1818 1250 1859 in
1270 1831 1370 1860 eum
1390 1818 1546 1870 caligo,
1571 1822 1615 1860 et
1637 1816 1844 1867 tenebrae,
1869 1821 1913 1858 et

1081 1875 1298 1917 circuiens
1323 1875 1551 1927 quaerebat
1575 1874 1649 1927 qui
1673 1874 1713 1915 ei
1735 1886 1912 1914 manum

1082 1930 1218 1974 daret.
1254 1931 1381 1973 Tunc
1403 1930 1645 1984 proconsul
1665 1943 1764 1972 cum
1782 1929 1912 1972 vidis-

1082 1994 1150 2030 set
1175 1988 1356 2038 factum,
1385 1987 1574 2030 credidit
1600 1986 1819 2029 admirans
1845 1999 1912 2028 su-

1082 2057 1161 2098 per
1193 2044 1392 2086 doctrina
1423 2044 1611 2086 Domini.
1669 2044 1726 2085 Et
1758 2056 1858 2085 cum
1887 2055 1913 2084 a

1082 2101 1236 2154 Papho
1261 2101 1544 2153 navigassent
1561 2101 1742 2151 Paulus,
1771 2105 1815 2142 et
1839 2101 1913 2153 qui

1083 2171 1182 2200 cum
1219 2170 1272 2200 eo
1311 2163 1452 2208 erant,
1495 2159 1707 2200 venerunt
1742 2157 1913 2208 Pergen

1081 2214 1364 2267 Pamphyliae.
1398 2215 1423 2256 J
1425 2216 1590 2256 oannes
1609 2219 1757 2256 autem
1776 2213 1912 2255 disce·

1083 2271 1193 2314 dens
1222 2271 1277 2313 ab
1306 2271 1385 2321 018,
1414 2273 1618 2313 reversus
1646 2275 1713 2313 est
1738 2271 1912 2312 Jeroso-

1082 2328 1255 2382 lymam.

1138 2395 1188 2445 R(-
1212 2393 1429 2446 Reposita
1454 2397 1522 2435 est
1544 2392 1651 2434 mihi
1670 2393 1835 2434 corona
1852 2392 1910 2444 ju-

1083 2451 1228 2493 stitiae:
1251 2452 1273 2476 *
1290 2451 1432 2501 Quam
1456 2449 1614 2491 reddet
1637 2448 1743 2490 mihi
1762 2448 1910 2489 Domi—

1082 2521 1164 2549 nus
1200 2507 1244 2548 in
1278 2506 1399 2548 illum
1434 2505 1565 2556 diem,
1603 2507 1740 2558 justus
1770 2504 1911 2557 judex.

1087 2561 1137 2610 V
1157 2564 1258 2606 Scio
1278 2563 1348 2605 cui
1369 2563 1550 2613 credidi,
1576 2568 1620 2605 et
1639 2566 1785 2604 certus
1804 2575 1912 2611 sum,

1085 2621 1187 2673 quia
1212 2625 1372 2674 potens
1397 2625 1465 2662 est
1491 2619 1742 2672 depositum
1767 2631 1911 2660 meum

1083 2677 1290 2719 servare
1279 2677 1458 2718 11111111111
1473 2675 1600 2718 diem.
1628 2676 1781 2726 Quam.
1811 2671 1911 2716 Glo-

1083 2734 1146 2774 ria
1164 2734 1295 2776 Patri.
1325 2734 1477 2783 Quam.
