2040 2976
576 242 751 276 Oi'ticium
776 240 950 275 votivum
977 239 1023 272 de
1050 239 1200 272 Sanctis
1229 240 1439 281 Apostoli&

315 340 436 381 Pro
474 339 669 381 Feria
705 338 817 379 ΙΙΙ.

380 404 557 437 Officium
580 404 754 437 votivum

277 453 339 494 de
367 450 565 494 Sanctis
592 448 858 500 Apostolis.

436 516 696 559 Seiniduplcx.

205 573 340 607 Omnia
381 573 427 607 de
467 573 670 607 Communi
710 574 887 616 Apostol.
934 569 981 613 [2]

152 627 293 665 praeter
318 632 423 665 sequ.

489 664 653 705 Oratio.

152 717 335 823 Deus,
371 720 445 773 qui
470 732 552 761 nos
578 732 658 772 per
682 718 838 761 beatos
862 718 982 770 Apo-

257 777 396 819 stolos
420 782 521 818 tuos
547 775 603 818 ad
629 775 896 827 agnitionem
920 774 984 815 tui

154 835 340 876 nominis
364 835 514 875 venire
537 832 740 875 tribuisti:
774 830 831 874 da
855 830 983 872 nobis

154 894 306 933 eorum
354 890 539 942 gloriam
584 889 895 941 sempiternam
941 892 984 928 et

153 946 426 1000 proficiendo
447 946 681 996 celebrare,
701 950 745 987 et
764 944 982 987 celebran-

154 1003 212 1046 do
231 1004 458 1057 proficere.
485 1003 570 1044 Per
587 1002 836 1044 Dominum.

206 1075 249 1109 In
280 1075 306 1109 Ι.
336 1075 536 1110 Nocturno
568 1076 771 1110 Lectiones
806 1076 851 1109 clc
884 1075 981 1109 Scri-

154 1127 266 1166 ptura
291 1130 523 1158 occurrente.
616 1165 620 1169 ,

386 1186 435 1225 In
458 1187 509 1225 II.
533 1186 757 1226 Nocturno.

203 1246 271 1285 De
299 1243 510 1284 Sermone
539 1241 679 1282 sancti
706 1241 938 1291 Augustini

459 1298 682 1351 Episcopi.

336 1365 469 1399 Sermo
493 1364 544 1398 43.
570 1364 617 1398 de
643 1364 804 1398 Sanctis.

369 1421 371 1425 '
460 1417 611 1458 Lectio
632 1418 684 1456 iv.
882 1442 892 1455 s

167 1484 203 1523 35²¹,
227 1474 333 1523 sfffzrggstl
358 1473 459 1510 sunt
483 1468 559 1509 lux
584 1467 749 1509 mundi:
777 1468 879 1519 quia
904 1480 984 1520 per

165 1527 203 1582 :5st
227 1525 263 1578 *ᾖ
292 1526 414 1578 ipsos
449 1525 596 1567 lumen
632 1523 753 1574 fidei,
791 1529 835 1566 et
867 1537 985 1566 verae

293 1582 486 1624 scientiae
537 1581 726 1635 primum
770 1581 984 1623 Dominus

153 1638 256 1680 huic
278 1639 443 1681 mundo
471 1637 671 1688 tradidit,
704 1643 748 1680 et
780 1637 834 1680 ab
868 1640 983 1680 erro-

154 1709 251 1737 rum
274 1709 326 1738 ac
349 1697 634 1749 peccatorum
657 1694 851 1737 tenebris
870 1695 983 1737 Gen-

153 1758 221 1794 tes
248 1757 292 1794 et
317 1753 511 1806 populos
537 1753 659 1794 eruit.
691 1752 773 1793 Isti
796 1757 897 1794 sunt
921 1751 985 1793 sal

153 1814 299 1852 terrae:
320 1810 422 1862 quia
439 1822 520 1863 per
539 1822 616 1851 eos
636 1811 869 1860 terrigenae
885 1821 984 1850 con-

155 1865 396 1908 dimentum
442 1866 614 1919 saperis
658 1866 761 1907 vitae
808 1867 985 1907 aeternae

153 1925 462 1976 perceperunt,
487 1928 536 1965 ut
558 1924 871 1973 restringerent
895 1935 984 1964 car-

154 1980 220 2020 nis
244 1979 487 2030 lasciviam,
513 1983 557 2020 et
581 1992 607 2020 a
630 1978 862 2032 putredine
885 1992 985 2031 pec·

156 2038 354 2078 catorum
373 2041 417 2078 et
435 2036 643 2078 vitiorum
658 2035 880 2077 vermibus
898 2049 984 2077 ser-

154 2090 374 2134 varentur
390 2092 527 2134 illaesi.
571 2092 651 2134 Isti
683 2097 783 2133 sunt
813 2091 985 2145 lapides

154 2150 348 2202 pretiosi,
369 2162 480 2203 quos
495 2149 540 2190 in
554 2147 839 2191 fundamento
858 2148 985 2191 coele-

155 2205 234 2248 stis
277 2206 453 2248 aedificii
494 2206 666 2259 positos
708 2206 732 2247 J
735 2207 900 2247 oannes
942 2206 987 2246 in

155 2262 429 2316 Apocalypsi
478 2275 558 2304 sua
606 2262 830 2305 describit:
885 2263 986 2315 quia

154 2318 414 2372 praedicatio
435 2322 586 2362 eorum
604 2319 815 2361 Ecclesiae
835 2319 985 2361 funda-

154 2378 302 2418 menta
320 2376 494 2418 locavit.
522 2376 650 2419 Unde
671 2381 714 2419 et
730 2376 891 2418 Paulus
911 2377 986 2418 ait:

154 2432 251 2474 Vos
277 2433 383 2475 estis
410 2433 529 2476 cives
553 2434 814 2475 Sanctorum
841 2438 885 2475 et
910 2432 985 2474 do-

154 2489 326 2531 mestici
351 2489 450 2541 Dei,
484 2489 826 2544 superaedificati
853 2502 986 2542 super

155 2544 485 2588 fundamentum
495 2546 817 2600 Apostolorum
831 2550 875 2588 et
890 2546 988 2587 Pro-

154 2601 400 2654 phetarum.

209 2663 259 2714 R.
276 2659 383 2701 Vidi
401 2661 658 2713 conjunctos
677 2660 806 2710 viros,
825 2659 983 2701 haben-

157 2719 224 2756 tes
250 2715 503 2768 splendidas
529 2721 693 2766 vesteS,
722 2721 766 2758 et
789 2716 985 2767 Angelus

156 2772 333 2813 Domini
351 2772 526 2815 locutus
547 2777 614 2815 est
633 2772 689 2815 ad
707 2786 793 2822 me,
821 2772 985 2814 dicens:

1766 233 1864 278 [207]

1036 336 1058 359 *
1084 333 1165 375 Isti
1197 337 1297 374 sunt
1329 332 1412 374 viri
1439 332 1579 374 sancti
1606 331 1711 373 facti
1737 331 1865 372 amici

1032 391 1127 432 Dei.
1161 386 1207 437 5³.
1225 389 1331 431 Vidi
1348 389 1567 440 Angelum
1586 389 1671 430 Dei
1693 388 1864 438 fortem,

1033 447 1257 488 volantem
1276 459 1356 498 per
1375 445 1569 487 medium
1589 445 1766 495 coelum,
1791 458 1865 487 vo-

1035 517 1085 545 ce
1107 516 1266 555 magna
1288 502 1551 544 clamantem
1573 507 1616 544 et
1635 502 1865 544 dicentem.

1034 560 1114 602 Isti
1136 564 1237 602 sunt
1255 560 1347 600 viri.

1348 638 1498 678 Lectio
1519 652 1555 677 v.

1037 695 1185 801 Hoc
1205 713 1310 752 ergo
1337 700 1684 749 considerantes,
1709 699 1866 742 fratres

1148 757 1371 807 carissimi,
1393 770 1492 810 quae
1510 757 1620 799 tanti
1636 756 1771 798 duces
1789 759 1866 809 po-

1035 814 1129 867 puli
1147 827 1229 856 nos
1249 814 1510 863 docuerunt,
1534 812 1788 854 studeamus
1808 813 1866 854 fa-

1037 871 1119 912 ctis
1157 871 1358 924 implere,
1405 884 1504 923 quae
1540 869 1603 910 illi
1638 871 1867 922 jusserunt.

1035 928 1269 969 Discamus
1302 930 1456 969 eorum
1484 926 1688 979 exemplo
1715 926 1867 968 mundi

1037 984 1212 1026 divitias
1229 986 1521 1034 contemnere,
1540 984 1770 1036 praesentis
1790 986 1867 1024 sa'e-

1037 1041 1123 1082 culi
1133 1041 1408 1094 voluptatem
1418 1053 1506 1082 non
1515 1042 1674 1089 amare,
1685 1053 1868 1092 regnum

1037 1098 1216 1140 coeleste
1250 1097 1522 1148 desiderare,
1556 1090 1730 1138 Christo
1763 1096 1869 1137 nihil

1036 1157 1315 1207 praeponere,
1348 1154 1428 1196 sed
1459 1155 1550 1207 ejus
1578 1153 1798 1195 mandatis
1825 1154 1868 1194 in

1037 1211 1240 1253 omnibus
1300 1210 1500 1261 obedire,
1559 1212 1868 1264 paupertatem

1037 1269 1319 1320 praesentium
1342 1281 1488 1310 rerum
1512 1267 1709 1319 diligere,
1736 1267 1867 1308 virtu-

1036 1331 1131 1365 tum
1150 1324 1325 1366 divitias
1340 1324 1514 1374 habere,
1535 1324 1762 1377 sapientiae
1777 1323 1867 1365 the-

1038 1385 1215 1422 saurum
1250 1383 1477 1434 appetere,
1512 1381 1731 1434 spiritales
1766 1380 1868 1422 deli-

1037 1438 1128 1479 cias
1157 1441 1374 1491 quaerere,
1406 1438 1513 1478 nulli
1541 1437 1756 1487 invidere,
1790 1437 1869 1479 sed

1038 1508 1190 1536 omnes
1209 1495 1408 1537 homines
1429 1495 1621 1546 diligere,
1641 1496 1807 1535 amicos
1826 1494 1869 1534 in

1036 1552 1133 1593 Deo
1172 1557 1215 1593 et
1251 1552 1451 1593 inimicos
1487 1556 1672 1604 propter
1708 1550 1868 1601 Deum3

1039 1608 1142 1661 quia
1164 1608 1260 1650 haec
1286 1613 1353 1650 est
1371 1621 1477 1650 vera
1500 1613 1543 1650 et
1567 1607 1662 1650 sola
1681 1606 1870 1649 dilectio.

1091 1671 1141 1722 R'·
1159 1670 1286 1711 Beati
1306 1670 1426 1720 estis,
1447 1683 1546 1711 cum
1563 1668 1871 1711 maledixerint

1037 1726 1165 1769 vobis
1198 1726 1414 1776 homines,
1457 1731 1501 1768 et
1534 1726 1757 1779 persecuti
1789 1738 1869 1767 vos

1037 1783 1213 1833 fuerint,
1251 1788 1295 1825 et
1324 1783 1515 1825 dixerint
1548 1795 1676 1824 omne
1706 1782 1870 1824 malum

1037 1840 1272 1882 adversum
1287 1853 1379 1890 vos,
1394 1840 1666 1889 mentientes,
1685 1844 1870 1892 propter

1037 1910 1122 1938 me:
1152 1899 1173 1923 *
1197 1896 1398 1939 Gaudete
1425 1902 1468 1938 et
1494 1896 1730 1946 exsultate,
1765 1898 1869 1948 quo-
1916 1905 1919 1908 ’

1037 1954 1154 1994 niam
1176 1966 1347 1995 merces
1367 1958 1514 1995 vestra
1537 1952 1720 2005 copiosa
1740 1957 1807 1994 est
1825 1952 1870 1993 in

1039 2010 1172 2051 coelis.
1215 2005 1264 2056 Υ.
1293 2010 1403 2051 Cum
1427 2022 1508 2051 vos
1536 2008 1710 2051 oderint
1733 2009 1869 2050 homi-

1038 2080 1130 2117 nes,
1164 2071 1207 2108 et
1239 2079 1338 2108 cum
1366 2066 1668 2119 separaverint
1694 2078 1792 2116 VOS,
1827 2071 1871 2107 et

1040 2123 1413 2176 exprobraverint,
1431 2128 1474 2165 et
1489 2122 1696 2175 ejecerint
1709 2135 1869 2164 nomen

1038 2185 1234 2221 vestrum
1257 2185 1482 2232 tamquam
1505 2179 1669 2220 malum
1685 2184 1871 2232 propter

1038 2236 1197 2278 Filium
1215 2236 1415 2278 heminis.
1445 2234 1658 2278 Gaudete.

1338 2314 1490 2355 Lectio
1512 2314 1566 2354 vi.
1639 2358 1648 2366 ,

1038 2375 1143 2480 Isti
1161 2388 1267 2427 ergo
1282 2375 1509 2429 Principes
1523 2376 1675 2426 nostri,
1695 2376 1740 2417 in
1754 2379 1869 2418 amo-

1101 2445 1148 2474 re
1162 2433 1247 2474 Dei
1265 2433 1584 2486 perfectissimi,
1600 2438 1644 2475 et
1662 2434 1706 2474 in
1724 2434 1869 2485 proxi-

1037 2492 1210 2531 merum
1225 2489 1460 2532 dilectione
1474 2490 1653 2543 impleti,
1673 2489 1773 2531 hinc
1792 2503 1869 2543 po-

1038 2548 1216 2588 tuerunt
1253 2547 1405 2590 mundi
1435 2549 1650 2600 impetum
1681 2549 1869 2596 vincere,

1039 2607 1082 2644 et
1132 2605 1360 2645 cruentum
1410 2601 1646 2646 saeeulum'
1676 2598 1868 2652 domare,

1040 2660 1141 2712 quia
1173 2660 1280 2702 nihil
1307 2662 1563 2702 amaverunt
1591 2660 1635 2700 in
1664 2659 1782 2701 omni
1809 2672 1868 2709 re,

1038 2717 1120 2757 nisi
1150 2717 1235 2759 Dei
1265 2717 1549 2759 voluntatem.
1601 2717 1670 2757 Ita
1700 2721 1744 2757 et
1775 2728 1868 2766 nOS,

1037 2774 1212 2823 fratres,
1241 2773 1473 2825 diligamus
1500 2773 1544 2813 in
1573 2771 1775 2814 omnibus
1803 2785 1867 2814 re-
