2040 2976
816 216 1025 247 Commune
1053 214 1271 246 Doctorum.

350 313 437 354 ΠΙ.
477 312 595 353 Alia
621 310 855 353 Romilia.

197 375 344 416 Lectio
368 374 509 416 sancti
528 373 756 424 Evangelii
775 371 1016 414 secundum

467 429 735 471 Matthaeum.

298 496 445 537 Lectio
469 495 533 533 vii.
703 496 806 544 Cap.
822 494 858 531 Γ).
877 493 914 532 b.

186 546 263 652 In
282 551 356 592 illo
375 552 590 603 tempore:
607 549 730 590 Dixit
743 548 767 589 J
771 559 871 589 esus
891 546 1016 588 disci-

251 607 367 659 pulis
395 607 499 647 suis:
526 606 622 647 Vos
651 605 756 647 estis
784 603 849 645 sal
875 608 1017 644 terrae.

188 663 318 712 Quod
346 662 383 704 si
411 662 476 703 sal
504 661 744 710 evanuerit,
771 660 816 700 in
841 671 928 711 quo
953 671 1016 699 53-

187 718 337 760 lietur?
364 719 423 760 Et
441 718 619 770 reliqua.

215 787 404 830 Homilia
423 787 463 828 S.
482 787 506 827 J
509 786 663 828 oannis
685 784 1000 836 Chrysostomi.

193 851 359 884 llomiliu
383 850 428 882 17».
450 850 485 881 in
503 848 733 882 Mutthaeum.
754 848 823 880 sub
840 845 1017 879 medium.

202 918 265 959 fis,
280 916 327 955 ⁹3
345 903 530 945 ttendite
568 902 675 955 quid
711 900 886 949 dixerit,
922 900 1019 943 Vos

204 955 330 988 ἰ
362 960 467 1001 65115
500 958 565 1000 531
596 963 742 1000 terrae:
781 969 862 1009 per
899 955 1019 1008 quod

251 1010 259 1022 ¹
284 1014 311 1031 ⁴³·
361 1014 555 1056 ostendit
597 1026 728 1066 quam
767 1012 1018 1054 necessario

188 1070 273 1111 ista
303 1070 545 1123 praecipiat.
587 1070 705 1111 Non·
723 1068 838 1110 enim
866 1067 921 1109 de
949 1080 1019 1109 176-

189 1130 294 1175 5113,
312 1126 470 1178 inquit‚
489 1124 794 1167 tantummodo
814 1124 919 1172 vita,
940 1122 1020 1164 sed

189 1181 245 1223 de
268 1181 472 1222 universo
502 1181 610 1223 orbe
634 1180 762 1222 vobis
785 1179 897 1220 ratio
925 1178 1019 1220 red-

189 1237 334 1278 denda
365 1242 441 1278 est.
485 1237 588 1279 Non
620 1236 678 1278 ad
711 1236 821 1277 duas
855 1235 1020 1287 quippe

187 1292 336 1342 urbes,
365 1297 440 1334 aut
458 1292 631 1342 decem,
659 1296 734 1333 aut
753 1291 921 1342 viginti,
948 1303 1020 1332 ne-

190 1361 275 1401 que
312 1348 369 1390 ad
400 1362 532 1390 unam
564 1353 740 1400 gentem
769 1360 851 1389 vos
882 1347 1021 1396 mitto,

190 1405 303 1446 sicut
325 1404 553 1447 mittebam
573 1404 832 1458 prophetas:
861 1402 940 1445 sed.
965 1402 1022 1443 ad

190 1473 366 1502 omnem
396 1465 558 1502 terram
588 1472 772 1513 prorsus
805 1472 857 1501 ac
888 1471 1021 1508 mare,

189 1519 420 1568 totumque
439 1516 665 1566 mundum,
692 1520 735 1558 et
753 1515 869 1557 hunc
888 1514 1022 1557 variis

190 1572 442 1614 criminibus
462 1574 736 1626 oppressum.

339 1633 422 1671 Pro
444 1632 637 1672 Doctore
660 1630 880 1670 Pontifiee.

248 1688 297 1738 Rg.
319 1689 498 1729 Amavit
518 1701 618 1729 eum
635 1687 867 1736 Dominus,
893 1691 937 1728 et
955 1699 1021 1728 or-

191 1745 311 1786 navit
346 1757 460 1786 eum:
496 1743 656 1786 stolam
692 1743 846 1794 gloriae
882 1742 1023 1784 induit

193 1814 303 1850 eum,
326 1802 347 1822 *
366 1801 425 1842 Et
443 1799 500 1842 ad
518 1804 671 1852 portas
690 1798 886 1851 paradisi
901 1811 1022 1840 coro-

193 1857 313 1898 navit
328 1869 438 1898 eum.
464 1852 510 1902 V.
528 1855 676 1898 Induit
691 1868 791 1897 eum
804 1855 1022 1896 Dominus

193 1913 375 1955 loricam
396 1912 510 1962 fidei,
539 1917 583 1954 et
611 1911 785 1954 ornavit
809 1923 919 1953 eum.
955 1911 1023 1953 Et.

290 1972 371 2011 Pro
394 1972 586 2012 Doctore
608 1984 693 2012 non
715 1972 938 2012 Pontificc.

252 2028 299 2079 R3.
322 2030 412 2071 Iste
443 2034 510 2071 est
539 2029 613 2081 qui
640 2032 742 2070 ante
763 2028 907 2070 Deum
934 2040 1021 2068 ma-

195 2098 303 2136 gnas
331 2086 515 2126 virtutes
544 2087 754 2138 operatus
783 2089 865 2134 est,
894 2089 939 2126 et
967 2083 1023 2125 de

196 2141 314 2182 omni
329 2140 462 2182 corde
475 2154 554 2182 suo
566 2140 760 2182 laudavit
770 2140 1022 2181 Dominum:

198 2195 221 2219 *
246 2197 350 2249 Ipse
376 2196 618 2239 intercedat
647 2209 729 2250 pro
758 2197 954 2250 peccatis
979 2198 1022 2237 o-

194 2253 361 2294 mnium
379 2253 656 2305 populorum.
688 2248 738 2299 X'.
753 2254 870 2294 Ecce
888 2252 1023 2294 homo

195 2308 288 2350 sine
307 2308 494 2360 querela,
513 2321 642 2350 verus
656 2309 741 2350 Dei
756 2308 908 2358 cultor,
928 2307 1022 2349 abs-

193 2364 337 2406 tinens
366 2376 414 2405 se
442 2363 496 2405 ab
526 2364 644 2405 omni
668 2367 803 2417 opere
823 2363 952 2413 malo,
981 2369 1025 2405 et

194 2421 456 2472 permanens
471 2419 515 2459 in
533 2419 783 2461 innocentia
800 2433 888 2461 5113.
908 2420 1025 2472 Ipse.

486 2476 635 2517 Lectio
660 2478 740 2517 viii.

201 2526 444 2631 Dicendo
465 2535 594 2584 enim,
617 2535 712 2576 Vos
732 2535 836 2576 estis
860 2535 924 2576 sal
942 2540 1025 2577 ter·

303 2604 381 2642 rae,
405 2589 598 2633 ostendit
619 2591 867 2632 universam
890 2590 1025 2632 homi-

1070 318 1175 347 num
1202 304 1460 345 infatuetam
1488 315 1586 344 esse
1612 306 1830 353 naturam,
1858 307 1902 345 et

1070 362 1356 414 peccatorum
1387 359 1431 400 vi
1462 362 1731 411 corruptam:
1765 363 1810 401 et
1838 358 1902 400 id-

1071 419 1188 458 circo
1213 415 1309 456 illas
1333 414 1389 456 ab
1415 414 1477 456 eis
1496 414 1684 456 virtutes
1707 414 1902 467 requirit,

1072 485 1171 524 quae
1189 471 1378 512 maxime
1393 470 1451 512 ad
1463 470 1703 512 multorum
1717 470 1904 512 salutem

1070 526 1396 581 procurandam
1422 526 1685 568 necessariae
1713 530 1815 568 sunt
1842 530 1903 567 at-

1073 597 1158 636 que
1176 583 1317 625 utiles.
1338 582 1454 624 Nam
1475 582 1549 634 qui
1566 583 1822 624 mansuetus
1838 586 1906 624 est

1072 653 1123 682 ac
1147 639 1393 688 modestus,
1422 643 1466 680 et
1488 638 1740 680 misericors
1769 642 1814 680 et
1845 639 1904 690 ju-

1072 701 1177 745 stus,
1191 708 1280 737 non
1294 695 1410 736 intra
1424 707 1471 736 se
1486 693 1796 736 tantummodo
1808 693 1905 735 haec

1072 756 1191 794 recte
1205 751 1320 792 facta
1337 750 1571 799 concludit,
1584 749 1791 791 verumin
1802 749 1905 791 alio-

1072 820 1170 849 rum
1198 819 1375 860 quoque
1402 806 1636 848 utilitatem
1664 805 1906 859 praeclaros

1072 864 1154 906 hos
1187 864 1318 905 faciet
1351 863 1531 905 effluere
1564 863 1720 904 fontes.
1766 862 1906 914 Igitur

1074 920 1149 972 qui
1172 919 1307 962 corde
1330 919 1495 961 mundo
1521 924 1588 961 est
1606 923 1740 971 atque
1758 918 1905 971 pacifi-

1074 989 1162 1026 cus,
1184 981 1227 1018 et
1245 976 1600 1029 persecutionem
1618 988 1701 1028 pro
1719 975 1906 1017 veritate

1073 1032 1253 1085 patitur,
1284 1031 1565 1073 nihilominus
1597 1032 1642 1072 in
1674 1033 1908 1073 commune

1074 1087 1357 1130 commodum
1375 1088 1510 1130 vitam
1528 1087 1725 1130 instituit.

1130 1155 1180 1205 R
1194 1153 1246 1193 In
1264 1153 1411 1195 medio
1427 1151 1642 1194 Ecclesiae
1661 1150 1836 1204 aperuit
1856 1163 1907 1192 os

1075 1209 1184 1260 ejus⁷
1212 1210 1233 1231 *
1260 1208 1543 1262 Etjmplevit
1572 1220 1672 1249 eum
1690 1207 1907 1248 Dominus

1076 1277 1096 1305 5
1132 1264 1234 1305 iritu
1282 1264 1510 1317 sapientiae
1555 1268 1600 1305 61
1647 1262 1908 1304 1111611661115.

1123 1353 1129 1360 .
1150 1320 1478 1362 Jucunditatem
1501 1323 1546 1361 et
1570 1318 1909 1361 exsultationem

1074 1375 1390 1418 thesaurizavit
1409 1388 1543 1429 super
1562 1387 1673 1417 eum.
1704 1375 1772 1416 Et.
1806 1373 1908 1415 Glo-

1075 1432 1141 1473 ria
1158 1432 1290 1474 Patri.
1320 1433 1388 1474 Et.

1383 1505 1535 1545 Lectio
1556 1506 1609 1545 ix.

1080 1570 1195 1675 Ne
1218 1575 1352 1626 igitur
1374 1574 1555 1628 putetiS,
1582 1573 1740 1626 inquit,
1769 1573 1827 1616 ad
1850 1574 1910 1616 le-

1179 1631 1251 1672 via
1278 1644 1359 1672 vos
1388 1629 1616 1672 ducendos
1644 1643 1742 1672 esse
1770 1631 1909 1673 certa-

1075 1687 1206 1736 mina,
1231 1699 1375 1739 neque
1395 1687 1652 1738 exiguarum
1670 1699 1818 1728 rerum
1834 1699 1911 1728 vo-

1075 1743 1144 1784 bis
1167 1742 1404 1784 ineundam
1429 1755 1526 1784 esse
1549 1743 1777 1784 rationem.
1813 1742 1910 1784 Vos

1077 1799 1182 1841 estis
1202 1798 1423 1840 salterrae.
1451 1798 1568 1848 Quid
1581 1796 1737 1850 igitur?
1760 1798 1910 1851 Ipsine

1076 1855 1325 1908 putrefacta
1348 1854 1557 1896 medicati
1577 1853 1701 1896 sunt?
1734 1854 1910 1906 Nequa-

1079 1924 1223 1963 quam:
1248 1923 1392 1963 neque
1417 1911 1532 1952 enim
1554 1911 1651 1952 fieri
1669 1914 1834 1964 potest,
1861 1915 1911 1952 ut

1011 1999 1015 2002 .
1078 1980 1130 2009 63
1163 1979 1262 2019 quae
1293 1968 1380 2018 jam
1411 1970 1621 2019 corrupta
1653 1971 1775 2017 sunt,
1806 1966 1911 2008 salis

1077 2023 1389 2076 perfricatione
1411 2025 1683 2076 reparentur.
1717 2023 1822 2065 Non
1847 2035 1910 2064 er-

1077 2092 1134 2131 go
1149 2079 1235 2121 hoc
1249 2079 1458 2129 fecerunt,
1479 2079 1559 2121 sed
1573 2084 1674 2122 ante
1687 2081 1911 2129 renovata,

1079 2135 1250 2188 sibique
1277 2135 1456 2185 tradita,
1481 2139 1614 2188 atque
1642 2135 1698 2178 ab
1725 2135 1800 2176 illa
1826 2135 1912 2187 jam

1078 2191 1312 2244 putredine
1362 2191 1563 2242 liberata,
1617 2191 1912 2244 aspergebant

1079 2248 1185 2297 sale,
1223 2252 1267 2289 et
1297 2248 1341 2288 in
1374 2260 1426 2289 ea
1455 2248 1652 2290 novitate
1680 2249 1911 2289 6011561173-

1077 2303 1196 2354 bant,
1216 2316 1348 2355 quam
1365 2316 1391 2344 a
1405 2303 1598 2346 Domino
1615 2306 1912 2357 susceperant.

1078 2359 1288 2402 LiberAre
1315 2359 1480 2412 quippe
1506 2372 1532 2400 a
1554 2359 1790 2413 putredine
1812 2371 1911 2412 pec-

1080 2418 1289 2465 catorum,
1309 2415 1472 2457 Christi
1486 2416 1662 2457 virtutis
1678 2420 1759 2458 est:
1777 2421 1826 2457 ut
1841 2428 1912 2456 au-

1078 2476 1169 2514 tem
1187 2471 1244 2513 ad
1258 2471 1333 2512 illa
1348 2473 1507 2513 iterum
1520 2484 1609 2513 non
1624 2473 1912 2520 revertamur,

1080 2527 1399 2580 Apostolorum
1423 2540 1540 2569 curae
1565 2532 1633 2569 est
1659 2540 1712 2570 36
1736 2526 1912 2590 laboris.

1136 2589 1196 2633 Te
1215 2592 1361 2634 Deum
1379 2591 1621 2634 laudamus.
1639 2593 1698 2634 13.
