2040 2976
596 202 666 236 Die
690 203 749 237 20.
775 204 892 238 Junii.
941 206 974 238 S.
1002 204 1157 238 Silverii
1183 204 1301 246 l’upae
1328 209 1364 238 et
1388 204 1495 239 Mart.

190 307 242 335 ac
267 306 347 346 per
374 296 564 346 quatuor
589 308 731 348 prope
755 298 924 347 integra
943 300 1021 339 sae·

191 349 289 391 cula
323 349 436 391 adeo
477 356 605 392 aucta
637 357 721 401 est,
762 358 810 394 ut
842 353 1021 395 tandem

190 405 457 447 Benedictus
484 407 606 459 Papa
639 407 834 449 decimus
866 410 1021 451 tertius

189 462 231 502 in
265 462 356 513 ejus
395 462 652 505 celebritate
685 463 889 506 Officium
922 468 1021 518 pro-

190 518 334 569 prium
359 518 535 559 recitari
561 518 615 560 ab
641 520 848 562 universo
868 521 1022 563 ordine

190 572 333 614 beatae
373 574 525 615 Mariae
557 575 753 626 Virginis
785 576 1022 618 Servorum

190 630 375 680 jusserit.
431 629 632 671 Clemens
670 644 778 673 vero
815 631 1021 674 duodeci-

190 698 304 734 mus,
348 685 781 728 munificentissimus
827 688 1022 739 ejusdem

191 741 357 782 ordinis
393 744 637 794 protector,
682 745 810 785 novis
846 745 890 785 in
927 744 1022 786 dies

190 797 413 839 miraculis
433 800 753 850 coruscantem,
772 802 1022 842 sanctarum

190 853 422 904 Virginum
441 854 647 905 catalogo
667 855 914 908 adscripsit.

242 914 292 964 R.
319 909 571 952 Afferentur
591 911 713 962 Regi.
732 911 810 964 [91]

244 970 286 1003 In
303 970 367 1004 III.
386 970 596 1005 Nocturno.
627 971 799 1006 Homilia
818 973 855 1006 in
874 973 1018 1015 Evang.

189 1017 322 1052 Simile
340 1018 412 1053 erit
427 1028 589 1062 regnum
606 1018 803 1054 coelorum.
822 1021 868 1055 de
884 1022 1019 1055 eodem

190 1066 334 1099 Comm.
363 1066 388 1099 1.
410 1066 507 1100 loco.
534 1065 605 1109 [93]

233 1127 309 1161 Pro
325 1126 382 1161 Ss.
401 1127 593 1162 Gervasio
617 1132 653 1162 et
669 1128 849 1163 Protasio
867 1129 975 1163 Mart.

490 1184 643 1226 Lectio
663 1185 717 1225 ix.

196 1250 224 1293 ῐῒ
237 1258 263 1297 23>
290 1245 486 1285 ervasius
516 1250 560 1286 et
583 1246 829 1295 ProtasiuS‚
861 1247 1022 1288 Vitalis

306 1305 349 1341 et
369 1300 561 1342 Valeriae
581 1301 670 1351 filii,
691 1315 877 1353 quorum
895 1308 1023 1355 pater

189 1356 429 1406 Ravennae,
475 1362 616 1399 mater
657 1358 897 1400 Mediolani
939 1372 1021 1411 pro

189 1412 352 1453 Christi
397 1413 577 1454 Domini
627 1414 714 1455 fide
763 1415 1021 1467 martyrium

187 1468 430 1519 subierunt,
475 1468 713 1512 distributo
751 1471 1021 1524 pauperibus

188 1525 473 1576 patrimonio,
501 1525 769 1568 domesticos
795 1540 949 1569 servos
974 1528 1021 1568 li-

188 1580 360 1623 bertate
381 1581 612 1624 donarunt.
648 1584 745 1633 Quo
770 1583 886 1625 facto
908 1584 1020 1626 Gen-

187 1636 328 1678 tilium
353 1637 610 1680 sacerdotes
636 1639 825 1681 immane
851 1640 895 1680 in
921 1640 1021 1682 illos

188 1695 453 1746 conceptum
465 1694 616 1736 odium
627 1695 859 1737 habebant.
876 1697 1021 1746 Quare

188 1762 288 1790 cum
301 1750 505 1792 Astasius
521 1763 669 1793 comes
684 1752 725 1792 in
742 1751 906 1793 bellum
921 1766 1020 1805 pro-

188 1805 326 1847 ficisci
341 1806 485 1856 vellet,
502 1808 614 1849 hanc
631 1808 910 1850 occasionem
923 1822 1021 1862 per-

189 1861 323 1903 dendi
350 1863 451 1915 pios
479 1863 637 1905 fratres
665 1877 713 1906 se
740 1870 895 1906 nactos
924 1878 1021 1907 esse

188 1921 466 1971 putaverunt.
513 1920 671 1972 Itaque
708 1921 887 1962 Astasio
925 1934 1021 1974 per-

188 1974 376 2016 suadent
401 1988 448 2017 se
474 1989 500 2017 a
526 1976 609 2017 diis
634 1976 886 2018 admonitos
913 1990 1021 2027 esse,

188 2031 308 2072 nullo
328 2031 463 2073 modo
489 2045 589 2073 eum
607 2032 651 2073 in
669 2032 788 2074 bello
809 2033 1022 2075 victorem

189 2086 397 2137 futurum,
416 2088 498 2128 nisi
520 2089 735 2130 Gervasio
755 2094 799 2130 et
817 2089 1021 2131 Protasio

189 2143 356 2184 coactis
384 2144 607 2186 Christum
634 2147 813 2196 negare,
840 2145 1022 2187 eosdem

189 2198 246 2240 ad
265 2212 391 2240 sacra
411 2199 494 2241 diis
510 2201 710 2242 facienda
725 2201 1022 2254 compelleret.

190 2255 322 2305 Quod
342 2269 441 2297 cum
461 2256 523 2297 illi
539 2256 873 2306 detestarentur,
894 2258 1021 2299 Asta-

189 2312 279 2353 sius
298 2312 546 2365 imperavit,
572 2313 834 2355 Gervasium
853 2313 1022 2355 tamdiu

191 2367 322 2417 caedi,
350 2368 455 2410 dum
482 2369 596 2410 inter
615 2369 801 2411 verbera
828 2370 1021 2422 exspira-

189 2429 271 2465 ret:
298 2424 548 2465 Protasium
572 2425 762 2466 fustibus
790 2429 1022 2467 contusum

189 2480 334 2522 securi
352 2481 524 2533 percuti
543 2480 671 2532 jubet.
707 2482 905 2531 Quorum
929 2484 1021 2522 cor-

190 2549 301 2590 pora
314 2536 544 2589 Philippus
560 2536 722 2578 Christi
737 2550 890 2578 servus
911 2537 1022 2578 clam

190 2593 385 2643 sustulit,
413 2599 457 2635 et
484 2593 527 2633 in
552 2593 642 2634 suis
668 2592 840 2634 a'edibus
867 2593 1021 2645 sepeli-

190 2650 267 2691 vit:
300 2662 400 2701 quae
430 2651 589 2702 postea
622 2654 801 2690 sanctus
835 2648 1021 2690 Ambro-

191 2706 296 2756 sius,
328 2706 413 2747 Dei
437 2705 607 2746 monitu
631 2706 823 2753 inventa,
858 2706 901 2745 in
922 2705 1021 2746 loco

1076 310 1203 339 sacro
1235 303 1278 339 et
1308 298 1464 348 insigni
1493 299 1754 341 collocanda
1783 302 1905 342 cura·

1076 355 1148 396 vit.
1191 354 1315 394 Passi
1344 360 1444 396 sunt
1466 354 1705 397 Mediolani
1733 356 1905 398 decimo

1075 411 1207 452 te'rtio
1227 410 1453 452 Kalendas
1471 411 1496 452 J
1498 410 1584 452 ulii.

1127 471 1192 510 Te
1212 467 1356 509 Deum
1374 467 1617 509 laudamus.
1635 469 1693 509 13.

1126 538 1169 571 In
1196 538 1313 572 Laud.
1337 549 1408 582 pro
1434 550 1567 575 comm.
1593 541 1650 576 Ss.
1672 541 1781 576 Mart.

1128 587 1227 628 Ant.
1254 588 1397 630 Vestri
1417 589 1564 642 capilli
1582 589 1740 641 capitis
1755 601 1908 631 omnes

1075 645 1291 685 numerati
1312 649 1428 686 sunt:
1450 645 1588 687 nolite
1606 645 1775 687 timere:
1800 645 1907 686 mul-

1076 700 1132 742 tis
1151 700 1405 753 passeribus
1425 701 1631 743 meliores
1652 701 1758 743 estis
1776 713 1870 742 vos.

1128 757 1177 808 V.
1204 761 1501 804 Exsultabunt
1525 762 1666 803 sancti
1690 762 1734 802 in
1757 762 1908 813 gloria.

1075 819 1126 870 Rv.
1144 817 1433 859 Laetabuntur
1452 819 1495 859 in
1516 817 1732 860 cubilibus
1751 818 1853 859 suis.

1128 878 1171 912 In
1196 878 1241 912 ΙΙ.
1268 879 1383 921 vesp.
1410 879 1450 912 fit
1475 888 1672 913 commem.
1697 888 1803 922 sequ.

1334 973 1419 1015 Die
1437 974 1510 1015 20.
1528 974 1553 1014 J
1555 973 1655 1015 unii.

1177 1044 1220 1085 S.
1240 1043 1443 1085 Silverii
1465 1044 1598 1094 Papae
1620 1049 1662 1084 et
1682 1042 1805 1083 Mart.

1128 1111 1200 1153 Ad
1219 1112 1354 1163 Vesp.
1383 1112 1483 1153 Ant.
1512 1112 1603 1151 Iste
1627 1114 1806 1151 sanctus
1823 1123 1907 1163 pro

1075 1164 1172 1215 lege
1183 1165 1267 1206 Dei
1283 1165 1349 1206 sui
1364 1165 1550 1207 certavit
1564 1178 1707 1218 usque
1722 1165 1779 1207 ad
1794 1179 1909 1208 mor—

1075 1225 1180 1269 tem,
1208 1225 1252 1262 et
1276 1233 1302 1262 a
1320 1220 1468 1262 verbis
1491 1221 1728 1273 impiorum
1751 1234 1841 1263 non
1859 1225 1909 1264 ti-

1075 1276 1198 1318 muit:
1219 1276 1427 1318 fundatus
1449 1277 1565 1319 enim
1580 1282 1675 1319 erat
1689 1291 1824 1331 supra
1838 1278 1908 1319 fir-

1074 1345 1191 1373 mam
1210 1337 1394 1385 petram.

1128 1387 1177 1439 V.
1216 1389 1369 1430 Gloria
1406 1394 1451 1432 et
1481 1389 1651 1432 honore
1669 1391 1909 1433 *coronasti

1075 1457 1175 1486 eum
1208 1445 1408 1487 Domine.
1463 1449 1514 1500 R.
1552 1446 1611 1488 Et
1642 1447 1908 1489 constituisti

1076 1513 1175 1543 eum
1195 1514 1329 1554 super
1348 1504 1484 1554 opera
1500 1504 1709 1544 manuum
1723 1505 1907 1545 tuarum.

1412 1566 1576 1607 Oratio.

1119 1626 1402 1668 nfirmitatem
1427 1632 1626 1669 nostram
1649 1628 1837 1681 respice,
1863 1642 1907 1670 o-

1132 1685 1382 1735 mnipotens
1397 1683 1534 1725 Deus:
1553 1688 1599 1725 et
1615 1684 1716 1736 quia
1730 1684 1906 1737 pondus

1074 1739 1268 1792 pr6priae
1288 1739 1476 1780 actionis
1495 1745 1668 1790 gravat,
1691 1740 1810 1783 beati
1828 1741 1906 1783 Sil-

1075 1795 1185 1837 verii
1204 1795 1412 1848 Martyris
1435 1796 1499 1836 tui
1523 1800 1656 1848 atque
1679 1797 1907 1839 Pontificis

1073 1852 1332 1894 intercessio
1360 1851 1554 1902 gloriosa
1582 1865 1664 1894 nos
1689 1855 1907 1905 protegat.

1073 1909 1158 1950 Per
1177 1908 1426 1950 Dominum.

1384 1969 1538 2010 Lectio
1556 1969 1595 2009 ii.

1080 2037 1139 2081 5
1153 2029 1331 2071 ilverius
1352 2030 1602 2082 Campanus
1621 2034 1726 2083 post
1745 2031 1905 2083 Agapi-

1091 2089 1146 2133 ζ’,
1169 2092 1264 2128 tum
1287 2086 1489 2138 proxime
1508 2087 1713 2128 Pontifex
1732 2089 1907 2129 creatus

1075 2148 1157 2185 est:
1185 2143 1306 2194 cujus
1333 2141 1534 2184 doctrina
1560 2148 1605 2184 et
1631 2144 1840 2185 sanctitas
1860 2143 1906 2184 il—

1075 2199 1186 2241 luxit
1220 2199 1265 2239 in
1296 2197 1565 2240 insectandis
1598 2199 1832 2249 haereticis,
1863 2205 1908 2241 et

1075 2255 1322 2298 constantis
1354 2255 1486 2295 animi
1518 2255 1778 2306 magnitudo
1810 2268 1906 2308 per-

1075 2314 1229 2365 specta
1255 2316 1322 2353 est
1345 2311 1389 2352 in
1415 2311 1581 2353 tuendo
1605 2311 1767 2363 judicio
1793 2312 1907 2362 Aga-

1074 2369 1167 2421 piti.
1199 2368 1315 2409 Nam
1335 2367 1607 2418 Anthimum,
1633 2381 1779 2420 quem,
1803 2368 1905 2420 quia

1075 2423 1395 2476 Eutychianam
1410 2423 1615 2465 haeresim
1631 2422 1905 2471 defendebat,

1075 2482 1294 2533 Agapitus
1322 2480 1378 2521 ab
1408 2479 1669 2532 episcopatu
1693 2479 1905 2521 Constan-

1075 2536 1370 2589 tinopolitano
1413 2536 1698 2588 deposuerat,
1738 2548 1837 2577 cum
1880 2548 1905 2576 a

1074 2592 1312 2634 Theodora
1338 2593 1540 2643 Augusta
1565 2591 1810 2644 saepissime
1837 2603 1904 2632 ro-

1075 2651 1204 2699 gatus
1223 2654 1350 2698 esset,
1369 2648 1601 2690 restituere
1617 2647 1767 2688 noluit.

1126 2706 1175 2758 Rg.
1195 2706 1236 2749 ii.
1263 2705 1451 2745 Dumine
1469 2703 1733 2756 praevenisti.
1752 2703 1835 2755 [29]
