2002 2956
469 366 559 426 DE
598 361 791 425 ANNO
834 360 927 421 ET
970 355 1140 429 EJUS
1185 347 1559 414 PARTIBUS.

249 530 374 572 313'nnsu
392 543 500 563 menses
517 534 599 561 babet
618 532 771 564 duodecim,
789 529 977 557 hebdomadas

255 575 288 611 ‘D
315 582 385 607 duas
403 583 430 606 et
444 577 651 613 quinquaginta,
669 579 696 602 et
714 575 787 602 diem
801 581 900 601 unum:
918 573 978 600 dies

175 622 262 654 33³5}
316 631 383 650 vero
401 626 537 650 trecentos
555 620 695 654 sexaginta
714 619 850 653 quinque,
871 621 898 644 et
920 617 978 643 fere

162 675 210 693 sex
227 667 324 693 horas:
342 670 419 693 tanto
437 665 509 692 enim
524 663 656 698 temporis
669 661 813 689 intervallo
827 660 868 687 sol
883 660 979 687 Zodia-

163 717 224 737 cum
249 709 406 743 perlustrat.
449 708 554 740 Quater
577 709 667 733 autem
694 713 742 732 sex
765 705 842 732 horae
865 703 979 738 singulis

164 752 305 787 quaternis
329 752 407 779 annis
431 751 503 778 diem
529 749 711 776 constituunt:
735 747 799 774 hinc
823 755 911 774 annus
934 747 980 773 ille

164 796 343 830 intercalaris,
361 795 513 827 BissextuS,
531 793 574 820 vel
593 791 747 820 Bissextilis
765 790 873 818 dicitur.

171 860 218 891 De
241 859 315 890 anni
338 858 549 895 correctione,
570 856 703 894 ejusque
722 854 923 893 necessitate,
946 862 983 883 ac

356 905 556 936 Kalendario
580 904 796 942 Gregoriano.

172 962 267 1025 Ouod
292 964 395 990 dictum
422 966 477 996 est,
504 969 606 989 annum
630 960 770 987 continere
794 962 932 986 trecentos
955 961 983 984 et

174 1022 209 1035 aa
226 1008 366 1042 sexaginta
381 1007 503 1041 quinque
516 1005 584 1037 dies,
601 1007 628 1030 et
643 1004 700 1030 fere
716 1010 764 1029 sex
777 1002 868 1035 horas,
886 1001 983 1028 intelli-

167 1053 286 1086 gendum
310 1053 351 1077 est
374 1057 422 1075 sex
444 1049 528 1075 horas
551 1054 606 1073 non
624 1053 685 1073 esse
702 1045 836 1078 integras,
860 1053 923 1072 cum
947 1044 983 1071 ad

167 1103 262 1123 earum
281 1092 509 1127 complementum
528 1090 620 1124 aliqua
638 1089 743 1115 minuta
761 1088 898 1115 deficiant.

219 1142 261 1168 Ex
280 1147 398 1175 quorum
418 1138 587 1165 minutorum
601 1136 723 1170 neglectu
738 1143 915 1170 progressum
934 1138 984 1168 est,

168 1192 200 1213 ac
222 1184 246 1211 si
270 1191 359 1210 annus
380 1182 452 1208 ultra
474 1180 534 1207 dies
555 1180 606 1206 365
624 1179 777 1206 contineret
794 1178 914 1212 integras
936 1186 985 1204 sex

169 1229 267 1261 horas;
285 1231 312 1254 et
331 1226 434 1253 factum
453 1228 502 1258 est,
521 1227 552 1251 ut
565 1223 678 1256 minuta,
696 1231 759 1256 quae
778 1222 850 1249 ultra
863 1222 985 1249 debitam

170 1271 351 1306 quantitatem
369 1269 448 1299 annis
463 1267 576 1302 singulis
591 1266 792 1299 tribuebantur,
811 1270 901 1292 tractu
920 1270 987 1292 tem-

170 1315 246 1349 poris
264 1314 301 1341 ita
315 1313 495 1345 excreverint,
513 1315 543 1338 ut
557 1311 674 1337 invicem
687 1310 779 1344 juncta
793 1309 986 1336 constituerint

170 1358 230 1384 dies
246 1358 353 1384 decem:
376 1356 423 1390 qui
441 1362 552 1382 eausam
571 1353 707 1380 dederunt
729 1356 760 1380 ut
777 1352 986 1387 AEquinoctium

171 1408 287 1428 vernum
305 1400 398 1427 sedem
416 1407 494 1426 suam
513 1397 669 1425 mutaverit.

222 1448 273 1476 Cui
297 1448 370 1475 malo
391 1454 539 1474 occurrens
557 1444 710 1479 Gregorius
727 1445 806 1472 XIII.
825 1452 881 1471 non
899 1444 988 1471 solum

171 1491 379 1526 AEquinoctium
398 1498 515 1517 vernum
533 1489 653 1516 restituit
676 1489 705 1515 in
723 1488 868 1522 pristinam
887 1488 990 1523 sedem,

172 1543 188 1562 a
204 1543 258 1569 qua
274 1535 327 1568 jam
346 1542 362 1560 a
375 1533 498 1560 Concilio
512 1532 634 1565 Nicaeno,
652 1532 746 1558 decem
765 1531 874 1558 circiter
891 1530 989 1557 diebus

172 1578 201 1605 in
224 1585 296 1604 anuo
319 1575 497 1603 correctionis
522 1575 602 1608 1582,
625 1575 807 1609 praecedendo
831 1577 990 1607 recesserat,

174 1622 249 1656 quod
267 1628 282 1647 a
301 1619 423 1646 Concilio
441 1619 476 1646 ad
490 1619 536 1646 xii.
550 1618 692 1645 Kalendas
705 1617 810 1652 Aprilis
824 1617 915 1644 fuerat
928 1625 990 1644 con-

173 1665 308 1697 stitutum,
327 1666 354 1690 et
367 1663 422 1690 xiv.
436 1663 544 1690 Lunam
559 1662 719 1689 Paschalem
733 1669 784 1688 suo
797 1661 825 1688 in
839 1661 899 1688 loco
913 1668 990 1695 repo-

174 1708 242 1742 suit;
266 1708 315 1734 sed
338 1707 411 1734 viam
435 1714 546 1740 quoque
569 1705 695 1739 tradidit,
719 1708 746 1731 et
763 1704 911 1735 rationem.
935 1711 990 1738 qua

177 1754 321 1778 caveretur
338 1754 369 1778 ut
387 1750 415 1776 in
431 1753 573 1784 posterum
597 1752 623 1775 et
641 1748 849 1782 AEquinoctium
868 1755 992 1780 vernum,

175 1798 204 1822 et
220 1795 275 1821 xiv.
293 1794 374 1821 Luna
388 1793 530 1821 Paschalis
547 1801 563 1820 a
580 1792 701 1827 propriis
719 1791 831 1818 sedibus
849 1798 992 1825 nunquam

177 1841 393 1865 removerentur.

229 1886 267 1914 Ut
285 1885 357 1912 enim
376 1885 584 1919 AEqmnoctium
602 1891 719 1911 vernum
737 1885 772 1912 ad
791 1882 836 1909 xii.
851 1881 992 1909 Kalendas

179 1928 283 1963 Aprilis
301 1928 503 1962 restitueretur,
525 1929 621 1955 statuit
643 1932 674 1955 ut
692 1929 758 1956 dicti
775 1930 869 1957 decem
888 1931 947 1957 dies
965 1930 994 1957 in

179 1979 272 1998 mense
297 1971 424 1998 Octobris
447 1971 534 2006 ipsius
558 1972 622 1999 anni
648 1973 713 2000 1582
737 1973 935 2008 eximerentur3
964 1978 995 2001 ut

179 2020 243 2050 post
252 2020 379 2051 quartam
389 2017 461 2044 diem
472 2017 600 2044 Octobris
613 2020 709 2044 sancto
719 2017 865 2044 Francisco
879 2025 995 2052 sacram,

1028 531 1147 558 sequens
1170 522 1230 549 dies
1253 528 1309 547 non
1333 522 1406 546 esset
1429 517 1538 552 quinta,
1562 516 1612 543 sed
1630 515 1738 542 decima
1755 515 1853 550 quinta

1029 567 1165 596 Octobris.
1196 566 1232 592 Et
1250 564 1288 591 ita
1306 571 1394 596 error,
1412 562 1460 596 qui
1479 561 1507 588 in
1522 560 1695 595 praeteritum
1714 562 1756 587 tot
1769 567 1854 586 anno-

1029 619 1091 638 rum
1114 609 1224 637 circulis
1248 608 1411 642 irrepserat,
1435 605 1464 632 in
1482 606 1624 632 momento
1642 601 1777 637 temporis
1801 601 1855 629 fuit

1029 656 1178 682 correctus.

1085 710 1122 737 Ut
1141 711 1233 735 autem
1251 706 1280 733 in
1297 708 1440 740 posterum
1458 703 1533 729 idem
1551 708 1631 728 error
1648 701 1798 734 vitaretur,
1820 708 1855 727 ne

1031 754 1067 782 ad
1085 753 1131 780 xii.
1145 750 1287 778 Kalendas
1299 747 1405 782 Aprilis
1418 745 1628 780 AEquinoetium
1647 751 1765 771 vernum
1783 751 1858 771 reee-

1031 798 1123 830 deret,
1149 794 1246 822 statuit
1273 793 1346 819 idem
1374 789 1541 824 Gregorius,
1568 788 1729 815 Bissextum
1755 790 1857 822 quarto

1032 848 1144 876 quoque
1158 846 1231 866 anno
1245 837 1296 871 (uti
1311 844 1372 863 mos
1385 836 1438 868 est)
1453 832 1609 860 continuam·
1619 832 1731 866 debere,
1743 834 1859 866 praeter-

1032 892 1117 919 quam
1134 876 1163 910 in
1181 879 1338 909 centesimis
1362 877 1455 906 annis:
1478 876 1526 911 qui
1549 875 1679 910 quamvis
1695 874 1859 902 Bissextiles

1033 932 1114 956 antea
1123 933 1233 960 semper
1243 923 1354 956 fuerint,
1368 921 1478 956 qualem
1493 919 1576 946 etiam
1586 926 1648 946 esse
1657 918 1746 946 voluit
1755 925 1859 946 annum

1035 972 1109 1004 1600,
1128 976 1201 997 anno
1215 965 1394 995 correctionis
1406 963 1575 999 proximum,
1593 965 1657 997 post
1675 970 1739 989 eum
1758 965 1861 996 tamen,

1034 1015 1082 1050 qui
1106 1013 1235 1046 deinceps
1259 1011 1478 1044 consequentur,
1501 1005 1659 1040 centesimi,
1682 1013 1740 1032 non
1763 1013 1862 1033 omnes

1034 1056 1195 1086 Bissextiles
1217 1056 1322 1086 essent,
1344 1051 1394 1078 sed
1416 1051 1445 1077 in
1468 1050 1679 1085 quadringentis
1702 1049 1862 1084 quibusque

1035 1101 1115 1128 annis
1138 1098 1221 1134 primi
1249 1097 1373 1132 quinque
1400 1098 1458 1121 tres
1481 1093 1625 1121 centesimi
1648 1094 1709 1120 sine
1733 1092 1862 1121 Bissexto

1036 1144 1268 1177 transigerentur,
1300 1142 1417 1174 quartus
1444 1145 1512 1164 vero
1543 1137 1664 1172 quisque
1694 1135 1863 1164 centesimus

1037 1190 1110 1215 esset
1123 1184 1286 1217 Bissextilis,
1304 1183 1342 1210 ita
1361 1186 1392 1210 ut
1410 1190 1500 1209 annus
1519 1182 1595 1216 1700,
1615 1181 1691 1215 1800,
1709 1180 1787 1214 1900,
1804 1178 1865 1206 Bis-

1038 1230 1149 1258 sextiles
1163 1237 1219 1256 non
1233 1229 1297 1262 sint,
1315 1235 1388 1255 anno
1402 1234 1469 1254 vero
1483 1226 1551 1253 2000
1566 1232 1644 1252 more
1657 1227 1791 1252 consueto
1805 1223 1865 1250 dies

1038 1275 1182 1302 Bissextus
1199 1271 1386 1304 intercaletur,
1404 1269 1557 1297 Februario
1571 1269 1631 1296 dies
1644 1269 1678 1296 29
1692 1268 1864 1301 eontinente3

1038 1319 1168 1352 idemque
1186 1316 1256 1343 ordo
1274 1313 1475 1342 intermittendi
1499 1311 1738 1346 intercalandique
1755 1310 1866 1338 Bissex-

1039 1366 1098 1389 tum
1117 1361 1190 1388 diem
1208 1360 1237 1386 in
1255 1357 1465 1393 quadringentis
1483 1356 1643 1391 quibusque
1664 1354 1746 1382 annis
1768 1360 1866 1389 perpe-

1039 1410 1087 1434 tuo
1106 1406 1327 1432 conservaretur.

1281 1465 1430 1503 Quatuor
1453 1465 1628 1506 Tempora.

1046 1525 1188 1588 Ouatuor
1198 1531 1338 1565 Tempora
1347 1530 1524 1558 celebrantur
1533 1533 1634 1565 quarta
1647 1533 1676 1558 et
1689 1532 1769 1557 sexta
1777 1528 1869 1564 Fet-la,

1047 1585 1082 1598 aa
1102 1583 1133 1602 ac
1156 1574 1278 1602 Sabbato
1300 1578 1364 1609 post
1386 1574 1496 1601 tertiam
1515 1573 1694 1601 Dominieam
1710 1572 1869 1606 Adventu,

1042 1623 1105 1654 post
1120 1618 1239 1654 primam
1254 1618 1429 1645 Dominicam
1439 1617 1676 1652 Quadragesimae,
1693 1619 1759 1652 post
1772 1615 1870 1644 Domi·

1042 1663 1133 1690 nicam
1142 1663 1328 1696 Pentecostes‚
1337 1666 1401 1697 post
1410 1663 1524 1690 Festum
1533 1660 1719 1689 Exaltationis
1727 1659 1756 1688 S.
1763 1658 1870 1688 Crucis.

1044 1729 1173 1770 Nuptiae
1195 1729 1328 1769 quando
1354 1728 1510 1767 celebrari
1534 1737 1600 1760 non
1623 1728 1754 1769 possint
1776 1728 1871 1769 juxta

1176 1777 1353 1809 Decretum
1375 1777 1559 1809 Tridentini
1584 1776 1736 1809 Concilii.

1105 1841 1251 1869 Dominica
1274 1840 1364 1875 prima
1382 1839 1531 1867 Adventus
1551 1846 1643 1874 usque
1663 1839 1694 1866 in
1717 1839 1791 1866 diem
1810 1837 1874 1873 Epi-

1114 1885 1237 1920 phaniae,
1260 1887 1288 1911 et
1311 1892 1327 1911 a
1346 1883 1427 1910 Feria
1449 1887 1550 1917 quarta
1572 1883 1706 1910 Cinerum
1730 1889 1820 1916 usque
1843 1881 1873 1908 in

1046 1931 1180 1958 Octavam
1198 1928 1343 1956 Paschatis
1365 1927 1512 1961 inclusive,
1535 1930 1631 1954 sancta
1649 1926 1781 1960 Synodus
1803 1925 1872 1952 sole-

1046 1974 1175 2001 mnitates
1190 1972 1357 2007 Nuptiarum
1376 1971 1514 2006 prohibet.
1550 1971 1583 1997 In
1602 1970 1664 1997 aliis
1682 1977 1750 1997 vero
1768 1972 1874 2004 tempo-

1047 2018 1125 2045 ribus
1143 2017 1262 2051 Nuptias
1281 2015 1441 2044 solemniter
1459 2015 1594 2043 celebrari
1611 2013 1757 2049 permittit.
