2040 2976
458 220 635 255 Officium
659 220 834 255 votivum
858 220 905 254 de
930 219 966 254 S.
990 219 1140 262 Joseph
1165 219 1318 263 Sponso
1342 220 1383 254 B.
1408 220 1454 254 M.
1477 220 1520 253 V.

186 310 404 360 Quoniam
436 316 485 353 tu
521 312 778 364 percussisti
809 324 960 353 omnes

133 365 419 408 adversantes
437 367 544 408 mihi
559 368 652 409 sine
667 380 813 409 causa:
823 369 847 395 *
859 367 959 409 den-

133 426 201 463 tes
219 425 505 474 peccatorum
524 423 782 465 contrivisti.

184 478 364 519 Domini
383 484 450 520 est
475 479 608 520 salus:
625 481 649 508 *
669 484 713 521 et
732 492 866 532 super
883 481 960 532 po-

132 534 284 586 pulum
303 538 427 575 tuum
444 535 694 577 benedictio
714 540 800 577 tua.

186 594 286 634 Ant.
323 594 439 633 Ecce
462 591 657 642 Angelus
681 591 859 633 Domini
887 604 960 644 ap-

132 646 278 698 paruit
308 647 352 687 in
385 648 548 688 somnis
580 647 764 716 Joseph,
795 647 960 689 dicens:

132 702 286 752 Surge,
319 708 363 744 et
390 703 541 755 accipe
569 707 772 767 puerum,
806 708 850 745 et
872 717 959 745 ma-

131 762 244 799 trem
263 759 366 810 ejus,
385 764 429 800 et
448 759 579 809 fuge·
568 773 612 799 1n
629 760 883 812 AEgyptum

184 810 234 863 V.
249 813 504 856 Confitebor
514 815 776 856 nominituo.
791 818 842 869 R.
853 815 962 864 Quo-

131 869 248 910 niam
281 869 454 922 adjutor
486 875 530 912 et
560 873 788 923 protector
820 871 959 912 factus

133 937 180 966 es
208 925 326 966 mihi.

184 987 388 1023 Lectiones
420 988 468 1023 de
499 988 697 1032 Scriptura
726 992 959 1022 occurrente.

184 1039 259 1091 R.
248 1053 272 1079 1.
293 1037 507 1079 Clamavit
521 1038 715 1091 populus
730 1038 787 1080 ad
800 1051 961 1089 regem,

131 1092 337 1134 alimenta
359 1098 532 1145 petens:
557 1096 579 1120 *
608 1094 777 1144 Quibus
800 1094 874 1136 ille
898 1108 961 1136 re-

131 1148 323 1200 spondit:
353 1149 422 1190 Ite
449 1149 507 1191 ad
536 1149 714 1202 Joseph.
754 1147 804 1199 Ys.
835 1150 961 1192 Salus

130 1208 282 1246 nostra
317 1205 361 1245 in
396 1218 528 1247 manu
564 1210 640 1247 tua
673 1211 755 1248 est:
791 1207 961 1259 respice

130 1265 405 1366 gosgantum,
425 1266 469 1303 et
487 1262 578 1303 laeti
597 1263 840 1304 serviemus
859 1263 961 1314 regi.

172 1329 216 1357 ιιι
248 1330 310 1358 us.

184 1380 234 1431 Rt·
259 1380 299 1419 ii.
336 1378 460 1420 Fecit
486 1392 556 1420 me
582 1379 704 1421 Deus
733 1380 858 1432 quasi
884 1392 957 1432 pa-

130 1437 243 1474 trem
265 1434 398 1485 regis,
426 1439 470 1477 et
493 1434 719 1476 dominum
742 1435 957 1477 universae

130 1488 287 1531 domus
307 1491 411 1542 ejus:
432 1496 456 1519 *
471 1491 696 1533 Exaltavit
713 1504 794 1542 me,
814 1496 862 1533 ut
877 1492 957 1532 sal-

129 1558 210 1587 vos
228 1545 394 1588 faceret
407 1547 569 1589 multos
583 1548 786 1601 populos.
808 1545 859 1598 V.
872 1548 957 1589 Ve-

129 1603 218 1643 nite
245 1601 302 1644 ad
326 1615 414 1653 me,
442 1608 486 1645 et
512 1616 593 1654 ego
620 1603 736 1645 dabo
762 1603 888 1646 vobis
914 1606 957 1644 o-

128 1658 246 1698 mnia
269 1657 385 1700 bona
407 1659 605 1712 AEgypti,
639 1665 688 1701 ut
714 1659 958 1701 comedatis

129 1713 365 1755 medullam
384 1719 525 1756 terrae.
553 1715 784 1757 Exaltavit.

182 1776 233 1827 Rz.
261 1777 316 1816 iii.
355 1775 453 1816 Jam
484 1775 613 1817 laetus
643 1776 823 1826 moriar,
857 1776 958 1828 quia

128 1828 219 1871 vidi
250 1830 407 1872 faciem
436 1836 572 1882 tuam,
607 1837 650 1873 et
677 1832 959 1884 superstitem

129 1889 174 1926 te
206 1885 418 1938 relinquo.
468 1887 570 1929 Non
602 1900 698 1929 sum
730 1886 958 1928 fraudatus

130 1943 313 1994 aspectu
348 1947 441 1984 tuo:
479 1945 502 1969 *
538 1944 725 1996 Insuper
767 1942 959 1984 ostendit

129 1996 235 2038 mihi
253 1998 468 2040 Dominus
487 2012 637 2040 semen
655 2004 790 2040 tuum.
808 1996 860 2047 V.
875 1999 959 2049 Qui

129 2053 272 2105 pascit
290 2067 360 2095 me
376 2054 430 2096 ab
446 2054 744 2096 adolescentia
759 2067 867 2104 mea,
886 2054 958 2096 be-

129 2108 304 2151 nedicat
331 2111 480 2163 pueris
509 2111 622 2161 istis,
659 2115 703 2152 et
732 2111 960 2152 invocetur

130 2178 263 2218 super
286 2179 363 2208 eos
388 2179 548 2208 nomen
570 2180 726 2208 meum.
762 2167 958 2219 Insuper.

133 2221 285 2264 Gloria
302 2222 433 2264 Patri.
461 2224 657 2276 Insuper.

356 2305 405 2344 In
431 2305 482 2344 11.
510 2303 734 2343 Nocturno.

185 2366 284 2409 Ant.
306 2369 587 2421 Consurgens
605 2371 630 2412 J
632 2371 782 2424 oseph.

420 2435 619 2476 Psalmus
638 2437 676 2475 4.

352 2499 604 2541 invocarem
636 2500 859 2541 exaudivit
891 2513 960 2541 me

143 2603 147 2606 .
169 2593 232 2610 V
264 2554 385 2595 Deus
416 2555 592 2606 justitiae
620 2569 748 2597 meae·
773 2557 831 2583 *'
821 2570 865 2596 m
888 2557 960 2597 tri-

139 2607 235 2629 ³³‘”'·¹
265 2609 487 2652 bulatione
508 2610 702 2653 dilatasti
719 2612 834 2652 mihi.

183 2666 391 2707 Miserere
409 2667 544 2718 mei,*

132 2734 232 2763 nem
251 2734 403 2763 meam.

564 2672 607 2709 et
627 2667 786 2709 exaudi
801 2668 959 2709 oratio-

1752 218 1843 262 [211]

1065 313 1163 354 Filii
1194 314 1422 355 hominum
1453 318 1684 366 usquequo
1722 314 1845 365 gravi

1014 368 1171 411 corde?
1199 370 1223 396 *
1250 375 1299 412 ut
1331 370 1438 422 quid
1470 370 1647 421 diligitis
1680 370 1843 411 vanita-

1013 429 1113 474 tem,
1142 430 1186 467 et
1206 427 1401 477 quaeritis
1420 425 1721 468 mendacium?

1065 481 1122 523 Et
1158 482 1315 524 scitote
1353 483 1560 534 quoniam
1597 482 1845 523 mirificavit

1014 537 1229 578 Dominus
1256 543 1456 579 sanctum
1482 551 1624 579 suum:
1647 539 1671 564 *
1694 538 1844 579 Domi-

1013 606 1095 634 nus
1124 594 1331 635 exaudiet
1361 607 1431 636 me
1464 607 1564 636 cum
1594 594 1843 635 clamavero

1015 648 1071 690 ad
1099 662 1210 691 eum.

1068 705 1324 756 Irascimini,
1359 711 1402 747 et
1429 707 1565 748 nolite
1591 709 1793 759 peccare:
1821 707 1845 734 *
1909 738 1911 740 .

1016 774 1114 814 quae
1139 762 1282 803 dicitis
1306 763 1350 802 in
1374 762 1582 804 cordibus
1604 763 1774 812 vestris,
1800 763 1844 803 in

1014 817 1229 858 cubilibus
1248 818 1407 859 vestris
1431 819 1784 870 compungimini.

1066 874 1318 915 Sacrificate
1357 874 1620 915 sacrificium
1656 875 1844 925 justitiae,

1016 934 1059 970 et
1086 932 1262 981 sperate
1291 930 1334 970 in
1361 930 1563 971 Domino.
1583 930 1606 956 *
1629 930 1757 971 Multi
1785 930 1844 972 di-

1015 990 1132 1027 cunt:
1161 987 1267 1036 Quis
1286 986 1480 1028 ostendit
1498 986 1626 1027 nobis
1645 985 1786 1027 bona?

1067 1042 1293 1092 Signatum
1322 1047 1389 1083 est
1421 1055 1553 1094 super
1585 1055 1667 1083 nos
1698 1042 1845 1083 lumen

1014 1097 1160 1139 vultus
1184 1098 1248 1139 tui
1270 1098 1474 1139 Domine:
1502 1099 1526 1125 *
1554 1098 1715 1139 dedisti
1738 1098 1844 1139 laeti-

1014 1154 1121 1195 tiam
1138 1154 1183 1194 in
1202 1154 1337 1195 corde
1356 1166 1467 1195 meo.

1066 1210 1108 1250 A
1131 1210 1275 1251 fructu
1302 1210 1522 1259 frumenti,

1015 1267 1081 1307 sui
1099 1267 1123 1293 *
1141 1266 1419 1318 multiplicati
1438 1270 1549 1307 sunt.

1065 1323 1117 1363 In
1142 1334 1251 1374 pace
1279 1322 1323 1362 in
1349 1321 1541 1374 idipsum
1566 1322 1589 1347 *
1618 1322 1844 1371 dormiam,

1015 1383 1059 1420 et
1078 1378 1367 1429 requiescam3

1064 1434 1281 1484 Quoniam
1295 1439 1343 1475 tu
1357 1434 1546 1475 Domine
1567 1434 1844 1484 singulariter

1010 1491 1055 1531 in
1074 1503 1152 1543 spe
1171 1491 1195 1516 *
1215 1490 1481 1531 constituisti
1500 1502 1581 1531 me.

1068 1549 1167 1589 Ant.
1202 1549 1481 1596 Consurgens
1510 1545 1694 1598 Joseph,
1723 1548 1842 1587 acce-

1011 1603 1075 1655 pit
1099 1606 1286 1655 puerum
1312 1608 1355 1645 et
1379 1608 1564 1644 matrem
1585 1603 1676 1654 ejus
1701 1607 1843 1651 nocte,

1012 1665 1056 1701 et
1073 1659 1255 1700 secessit
1273 1659 1317 1699 in
1332 1660 1589 1710 AEgyptum:
1609 1663 1652 1699 et
1672 1663 1766 1699 erat
1784 1658 1845 1699 ibi

1011 1728 1151 1767 usque
1170 1715 1227 1756 ad
1247 1715 1415 1756 obitum
1434 1714 1638 1756 Herodis.

1067 1773 1166 1813 Ant.
1193 1771 1412 1813 Defuncto
1433 1770 1624 1812 Herode.

1554 1209 1657 1259 vini,
1691 1213 1735 1251 et
1759 1210 1845 1251 olei

1300 1829 1498 1869 Psalmus
1521 1830 1558 1869 5.

1105 1882 1210 1924 erba
1233 1895 1330 1924 mea
1354 1882 1533 1923 auribus
1556 1881 1736 1933 percipe
1756 1881 1842 1921 Do-

1122 1939 1253 1986 mine,
1299 1940 1323 1966 *
1368 1938 1563 1989 intellige
1606 1937 1843 1978 clamorem

1011 2008 1168 2036 meum.

1065 2050 1250 2092 Intende
1284 2050 1382 2091 voci
1415 2050 1628 2091 orationis
1660 2062 1789 2098 meae,
1820 2052 1844 2076 ¹⁸¹

1012 2108 1111 2148 Rex
1128 2119 1253 2148 meus
1274 2111 1318 2148 et
1336 2107 1458 2148 Deus
1476 2119 1610 2147 meus.

1066 2162 1283 2212 Quoniam
1302 2162 1359 2204 ad
1377 2167 1422 2204 te
1443 2162 1599 2204 orabo:
1614 2163 1638 2189 *
1654 2162 1843 2203 Domine

1012 2231 1141 2260 mane
1159 2218 1368 2260 exaudies
1388 2231 1542 2260 vocem
1559 2231 1714 2260 meam.

1064 2275 1194 2316 Mane
1226 2274 1383 2316 astabo
1416 2274 1497 2316 tibi
1535 2280 1579 2316 et
1606 2275 1785 2316 videbo:
1818 2275 1841 2300 *

1014 2331 1222 2383 quoniam
1246 2343 1335 2372 non
1361 2331 1482 2372 Deus
1508 2331 1662 2373 volens
1688 2331 1841 2382 iniqui-

1013 2389 1152 2429 tatem
1171 2391 1220 2428 tu
1239 2399 1296 2428 es.

1064 2443 1221 2494 Neque
1252 2442 1472 2484 habitabit
1502 2444 1623 2495 juxta
1650 2447 1695 2484 te
1721 2442 1841 2483 mali-

1013 2512 1139 2550 gnus:
1153 2500 1177 2526 *
1191 2511 1335 2551 neque
1353 2499 1674 2552 permanebunt
1692 2498 1841 2550 injusti

1013 2559 1114 2596 ante
1133 2555 1286 2596 oculos
1305 2560 1418 2597 tuos.

1066 2611 1212 2652 Odisti
1231 2624 1394 2662 omnes,
1414 2611 1489 2663 qui
1508 2613 1747 2663 operantur
1764 2610 1841 2651 ini-

1014 2667 1242 2719 quitatem:
1261 2668 1284 2694 *
1303 2668 1464 2720 perdes
1491 2680 1659 2717 omnes,
1685 2666 1760 2718 qui
1779 2666 1840 2707 lo-

1014 2727 1205 2775 quuntur
1223 2724 1509 2766 mendacium.
