2040 2976
676 204 886 237 Commune
912 204 1164 246 plurimorum
1192 203 1411 247 Martyrum.

288 300 475 342 llomilia
496 298 760 342 venerabilis
777 298 914 340 Bedae

466 355 732 408 Presbyteri.

333 432 457 465 1.ib.4.
478 432 514 465 in
536 432 686 473 Lucum,
712 442 793 474 cap,
812 432 863 465 52.

204 492 339 541 Ὗ
382 485 467 526 hoc
510 485 726 526 fermento
769 484 1014 536 Apostolus

221 563 308 588 2„
340 541 556 595 praecipit:
592 541 748 593 Itaque
776 541 1014 594 epulemur,

243 604 305 624 ἐν
340 611 429 640 non
450 598 494 639 in
517 598 732 639 fermento
755 597 910 646 veteri,
942 610 1014 638 ne-

182 667 266 706 que
290 655 333 695 in
357 655 572 696 fermento
595 653 774 695 malitiae
799 659 843 695 et
866 655 1014 705 nequi-

180 711 269 761 tiae,
304 711 384 753 sed
411 711 455 752 in
484 710 650 762 azymis
678 710 940 752 sinceritatis
971 714 1014 751 et

180 768 388 810 veritatis.
422 767 538 808 Nam
558 767 670 808 sicut
691 766 914 808 modicum
932 766 1013 807 fer-

179 826 374 866 mentum
393 829 533 866 totam
549 823 711 873 farinae,
732 823 802 864 cui
816 823 1013 874 injicitur,

180 894 371 922 massam
390 880 648 932 corrumpit,
675 880 1013 931 universamque

179 950 284 979 mox
326 937 687 990 conspersionem
731 949 812 977 suo
854 937 1013 987 sapore

181 993 488 1035 commaculat:
521 993 584 1034 sic
611 993 814 1034 nimirum
841 991 1013 1033 simula-

180 1051 258 1101 tio,
287 1051 407 1102 cujus
430 1049 566 1091 semel
586 1049 778 1100 animum
796 1048 1013 1099 imbuerit,

181 1111 275 1148 tota
308 1107 518 1148 virtatum
550 1106 801 1147 sinceritate
830 1110 873 1147 et
904 1105 1013 1147 veri-

179 1165 270 1205 tate
302 1162 532 1204 fraudabit.
590 1163 670 1204 Est
701 1174 807 1213 ergo
840 1175 1014 1203 sensus:

180 1219 408 1261 Attendite
432 1232 487 1261 ne
507 1218 770 1260 aemulemini
792 1218 1013 1260 simulato-

180 1289 264 1326 res,
299 1276 400 1328 quia
427 1276 573 1318 veniet
599 1275 801 1328 profecto
827 1280 1013 1327 tempus,

179 1333 222 1373 in
256 1345 343 1384 quo
377 1337 421 1374 et
453 1338 600 1374 vestra
628 1332 766 1374 virtus
800 1331 1013 1381 omnibus,

180 1394 223 1431 et
242 1391 395 1431 eorum
413 1388 632 1431 reveletur
650 1388 908 1441 hypocrisis.

237 1452 282 1502 leg.
298 1450 487 1502 Propter
501 1451 814 1492 testamentum
823 1449 1012 1499 Domini,

181 1511 223 1548 et
246 1506 366 1558 leges
394 1508 616 1558 paternas,
646 1506 786 1548 sancti
808 1506 893 1547 Dei
916 1518 1012 1558 per-

180 1563 383 1604 stiterunt
414 1563 458 1603 in
486 1565 635 1604 amore
664 1563 964 1604 fraternitatis:
988 1567 1009 1589 *

180 1619 292 1668 Quia
318 1632 430 1660 unus
458 1619 537 1660 fuit
565 1631 740 1682 semper
765 1619 944 1671 spiritus
968 1619 1011 1660 in

181 1675 260 1724 eis,
298 1679 342 1716 et
368 1688 454 1716 una
482 1674 603 1716 fides.
653 1678 698 1723 3⁷.
735 1675 851 1716 Ecce
881 1688 1011 1727 quam

179 1734 344 1776 bonum
359 1740 403 1777 et
418 1748 549 1787 quam
563 1735 799 1787 jucundum
810 1735 1011 1778 habitare

179 1791 335 1834 fratres
354 1792 398 1832 in
416 1805 560 1833 unum.
589 1792 702 1842 Quia
719 1805 842 1834 unus.

468 1868 619 1909 Lectio
642 1868 723 1909 viii.

181 1929 393 2036 Verum
414 1939 534 1993 quod
553 1940 764 1992 sequitur:
793 1940 1010 1990 Quoniam

283 2010 382 2049 quae
401 1997 444 2038 in
462 1996 656 2039 tenebris
676 1996 862 2047 dixistis,
884 1997 929 2037 in
947 1996 1009 2038 lu-

178 2053 294 2094 mine
323 2052 535 2095 dicentur:
576 2066 665 2095 non
698 2053 842 2095 solum
872 2053 916 2094 in
948 2053 1009 2095 fu-

178 2112 291 2158 turo,
321 2109 495 2161 quando
516 2114 673 2151 cuncta
691 2109 891 2152 cordium
914 2109 1009 2152 abs-

180 2164 357 2207 condita
377 2166 655 2218 proferentur
674 2166 731 2208 ad
749 2166 904 2217 lucem,
930 2166 1010 2208 sed

180 2226 223 2263 et
242 2221 285 2262 in
305 2222 511 2274 praesenti
530 2224 729 2275 tempore
743 2227 895 2276 potest
910 2236 1009 2265 con-

179 2279 385 2328 gruenter
437 2279 595 2331 accipi:
681 2280 857 2321 uoniam
910 2293 1009 2332 quae

178 2330 292 2371 inter
314 2329 518 2371 tenebras
540 2344 657 2383 quon
692 2344 762 2373 am
785 2334 1008 2384 pressura-

179 2399 286 2436 rum,
314 2389 628 2439 carcerumque
647 2387 837 2438 umbras,
859 2388 929 2430 vel
947 2388 1008 2430 lo-

179 2442 279 2492 cuti,
307 2442 378 2484 vel
396 2443 517 2495 passi
536 2449 637 2485 sunt
655 2444 871 2496 Apostoli,
894 2458 1009 2487 nunc

179 2498 417 2542 clarificata
435 2512 515 2552 per
534 2499 687 2542 orbem
704 2500 917 2551 Ecclesia,
950 2501 1008 2543 le—

1068 297 1149 338 ctis
1178 298 1330 338 eorum
1357 295 1544 346 actibus,
1585 295 1762 349 pablice
1790 309 1901 349 prae-

1068 353 1280 395 dicantur.
1307 352 1376 395 Ne
1394 352 1647 395 terreamini
1665 351 1720 394 ab
1739 351 1807 393 his
1827 352 1903 404 qui

1068 409 1274 451 occidunt
1302 422 1476 462 corpus.
1521 409 1567 450 Si
1593 410 1902 462 persecutores

1067 467 1332 516 sanctorum,
1349 466 1507 508 occisis
1527 465 1799 518 corporibus,
1814 477 1901 506 non

1066 522 1230 564 habent
1258 522 1447 575 amplius
1477 521 1582 574 quid
1616 526 1771 564 contra
1801 520 1901 563 illos

1068 584 1212 630 agant3
1239 591 1346 630 ergo
1371 580 1647 632 supervacua
1669 577 1818 619 furunt
1841 577 1900 618 in-

1067 636 1200 685 sania,
1222 636 1296 688 qui
1314 637 1488 677 mortua
1506 635 1751 687 Martyrum
1767 645 1900 675 mem-

1067 691 1147 734 bra
1183 692 1286 733 feris
1327 692 1572 744 avibusque
1610 689 1902 744 discerpenda

1067 749 1311 801 projiciunt,
1340 761 1439 790 cum
1464 749 1745 801 nequaquam
1766 746 1900 789 omni-

1067 805 1278 858 potentiae
1292 805 1387 855 Dei,
1405 805 1508 857 quin
1523 817 1576 846 ea
1594 802 1900 846 resuscitando

1066 862 1269 912 vivificet,
1298 861 1514 904 obsistere
1538 861 1720 914 possint.

1119 921 1169 973 Rl·
1197 919 1346 960 Sancti
1368 918 1464 969 mei,
1495 918 1569 970 qui
1593 918 1637 959 in
1665 929 1797 959 carne
1823 917 1900 970 po-

1067 975 1154 1026 siti,
1188 977 1411 1017 certamen
1435 974 1665 1016 habuistis:
1691 981 1712 1005 *
1736 973 1900 1014 Merce-

1069 1031 1170 1073 dem
1214 1031 1378 1073 laboris
1415 1044 1498 1083 ego
1542 1030 1726 1073 reddam
1763 1028 1901 1071 vobis.

1066 1084 1118 1135 V.
1154 1089 1315 1130 Venite
1353 1087 1576 1130 benedicti
1615 1087 1760 1129 Patris
1803 1085 1900 1136 mei,

1068 1145 1284 1198 percipite
1298 1157 1491 1196 regnum.
1515 1143 1768 1186 Mercedem
1781 1142 1900 1184 labo-

1067 1201 1139 1242 ris.
1154 1201 1308 1242 Gloria
1317 1201 1448 1243 Patri.
1459 1200 1712 1243 Mercedem
1725 1198 1901 1241 laboris.

1374 1259 1525 1299 Lectio
1545 1260 1598 1300 ix.

1157 1327 1215 1356 uo
1235 1319 1382 1357 autem
1401 1319 1502 1357 sunt
1519 1316 1683 1366 genera
1697 1324 1900 1367 persecu-

1179 1373 1343 1412 torum:
1385 1385 1519 1413 unum
1546 1371 1693 1424 palam
1720 1369 1900 1411 saevien-

1066 1428 1194 1478 tium,
1236 1427 1423 1470 alterum
1450 1428 1552 1470 ficte
1585 1426 1900 1469 fraudulenter-

1068 1497 1153 1536 que
1178 1483 1504 1526 blandientium.
1549 1484 1713 1526 Contra
1737 1485 1900 1525 utrum-

1068 1553 1153 1592 que
1189 1554 1271 1582 nos
1302 1543 1471 1583 munire
1505 1546 1638 1593 atque
1672 1539 1901 1582 instituere

1066 1597 1219 1638 volens
1237 1597 1451 1647 Salvator,
1469 1602 1513 1639 et
1532 1610 1667 1650 supra
1687 1596 1744 1638 ab
1762 1595 1900 1648 hypo-

1066 1653 1168 1694 crisi
1205 1653 1525 1706 pharisaeorum
1565 1652 1815 1702 attendere,
1857 1656 1901 1693 et

1065 1709 1136 1751 hic
1176 1723 1202 1751 a
1238 1710 1492 1752 carnificum
1529 1709 1652 1752 eaede
1695 1708 1900 1763 praecipit

1065 1779 1153 1807 non
1190 1766 1364 1808 timere:
1411 1767 1512 1819 quia
1548 1766 1755 1808 videlicet
1796 1769 1900 1818 post

1066 1828 1254 1865 mortem
1272 1836 1354 1865 nec
1372 1822 1530 1865 horum
1549 1822 1797 1872 crudelitas,
1817 1833 1900 1863 nec

1064 1878 1238 1921 illorum
1275 1879 1421 1922 valeat
1465 1879 1686 1921 simulatio
1727 1878 1898 1920 durare.

1063 1935 1221 1977 Nonne
1255 1936 1447 1989 quinque
1475 1938 1680 1990 passeres
1707 1937 1899 1977 veneunt

1065 1991 1301 2045 dipondio?
1338 1993 1383 2034 Si
1410 1993 1716 2043 minutissima,
1746 1992 1897 2045 inquit,

1063 2049 1276 2100 animalia,
1297 2054 1340 2091 et
1358 2063 1456 2102 quae
1478 2049 1676 2103 quolibet
1694 2062 1776 2103 per
1795 2051 1898 2091 aera

1062 2105 1262 2147 feruntur
1290 2106 1500 2158 volatilia,
1541 2107 1663 2149 Deus
1697 2105 1898 2148 oblivisci

1063 2175 1151 2204 non
1174 2167 1341 2215 potest;
1374 2176 1454 2205 vos
1481 2164 1555 2216 qui
1580 2163 1638 2205 ad
1662 2162 1898 2214 imaginem

1062 2219 1166 2260 facti
1193 2219 1298 2261 estis
1327 2219 1564 2271 Creatoris,
1605 2233 1694 2262 non
1725 2218 1897 2261 debetis

1062 2275 1219 2317 terreri
1237 2275 1292 2317 ab
1309 2275 1388 2326 his,
1408 2277 1482 2329 qui
1497 2276 1704 2319 occidunt
1720 2288 1897 2329 corpus:

1064 2332 1166 2384 quia
1210 2332 1284 2385 qui
1328 2332 1643 2376 irrationabilia
1693 2332 1897 2374 animalia

1062 2388 1293 2487 gubernat,
1330 2390 1606 2432 rationabilia
1630 2391 1784 2432 curare
1808 2401 1896 2430 non

1095 2445 1233 2487 esinit.

1115 2502 1178 2544 Te
1196 2502 1341 2543 Deum
1362 2501 1602 2546 laudamus.
1631 2505 1689 2546 13.
