2040 2976
442 201 512 234 Die
537 202 566 234 6.
594 201 692 242 Maii.
741 202 775 235 S.
800 202 964 236 ¹Ioannis
991 203 1126 246 Apost.
1153 208 1239 236 ante
1267 208 1417 245 portam
1440 203 1624 238 Latinam.

193 294 239 343 x'.
253 293 362 343 Quia
374 306 454 346 per
463 294 647 335 Crucem
658 299 778 335 tuam
794 294 1018 336 redemisti
1070 295 1136 335 nis
1155 296 1362 348 Apestoli
1380 297 1444 338 tui
1466 301 1509 338 et
1526 297 1821 349 Evangelistae
1840 298 1900 340 in-

190 349 409 390 mundum.
451 350 518 391 Et.
557 350 722 392 Gloria.
755 350 1017 394 AdoramuS.
1070 352 1280 394 tercessio
1322 353 1517 404 gloriosa
1563 366 1644 396 nos
1685 356 1901 409 pretegat.

242 404 289 454 Y'.
333 405 486 447 Omnis
522 412 641 448 terra
680 407 836 449 adoret
874 412 936 457 te,
974 412 1017 449 et
1069 409 1154 450 Per
1173 408 1421 450 Deminum.

189 462 348 515 psallat
367 462 457 503 tibi.
484 467 534 518 R:-
560 463 782 505 Psalmum
802 463 919 505 dicat
942 465 1016 504 Πό-

188 519 291 559 mini
311 523 387 560 tuo
408 519 607 561 Domine.

464 589 531 624 Ad
556 589 741 627 Nonam.

245 641 342 681 Ant.
373 642 451 683 Per
470 642 642 692 signum
661 643 823 684 Crucis.

243 711 501 762 Capitulum.
730 710 914 764 Philipp.
930 712 965 751 2.

188 767 499 871 Humiliavit
549 775 833 825 semetipsum
878 774 1018 816 factus

304 827 514 870 obediens
551 842 692 880 usque
727 829 783 870 ad
816 836 1018 880 mortem,

189 889 378 925 mortem
419 889 564 927 autem
607 885 770 927 Crucis.
830 887 1019 940 Propter

191 939 310 992 quod
344 945 387 981 et
415 941 535 982 Deus
569 941 777 983 exaltavit
804 942 942 992 illum,
976 948 1020 984 et

192 996 372 1038 donavit
390 996 452 1037 illi
470 1009 641 1047 nomen,
661 997 781 1050 quod
801 1004 869 1040 est
888 1012 1020 1051 super

191 1064 321 1095 omne
339 1065 510 1094 nomen.

242 1110 290 1161 Rg.
311 1109 372 1149 br.
409 1109 561 1150 Omnis
588 1114 705 1152 terra
730 1110 886 1153 adoret
911 1117 970 1162 te,
995 1112 1016 1134 *

191 1165 247 1206 Et
260 1164 420 1217 psallat
434 1165 522 1207 tibi.
547 1165 710 1207 Omnis.
728 1165 778 1215 Υ.
799 1167 1021 1209 Psalmum

191 1221 309 1263 dicat
327 1222 492 1262 nemini
510 1227 587 1263 tuo
602 1223 800 1271 Domine.
824 1224 891 1266 Et.
915 1225 1018 1266 Glo-

192 1277 255 1318 ria
273 1278 404 1319 Patri.
434 1278 597 1319 Omnis.

243 1332 290 1382 Y.
333 1334 434 1375 Hoc
469 1334 639 1386 signum
675 1335 826 1377 Crucis
862 1338 944 1379 erit
976 1338 1021 1378 in

192 1389 322 1431 coelo.
353 1394 402 1445 R.
445 1391 555 1432 Cum
586 1392 802 1434 Deminus
832 1393 889 1435 ad
916 1394 1021 1446 judi-

193 1445 381 1488 candum
401 1448 580 1489 venerit.

399 1516 461 1556 In
482 1516 540 1557 11.
564 1516 814 1567 Vesperis.

241 1576 327 1608 Ant.
344 1580 379 1608 et
397 1574 489 1617 Cap.
508 1575 553 1609 dc
569 1575 687 1610 Laud.
703 1575 781 1610 282.
797 1576 857 1610 Ps.
878 1576 1017 1620 Hymn.

190 1628 225 1656 ct
248 1618 292 1663 Y
320 1627 358 1656 ut
384 1623 420 1655 in
448 1623 471 1655 I.
497 1622 613 1666 vesp.
641 1623 719 1658 278.

247 1677 314 1718 Λᾶ
348 1678 520 1727 Magnis.
568 1679 665 1719 Ant.
709 1677 897 1718 Crucem
929 1689 1022 1718 san-

194 1734 308 1771 ctam
334 1730 485 1781 subiit‚
521 1732 594 1783 qui
617 1733 833 1774 infernum
857 1733 1022 1775 confre-

193 1785 269 1836 git:
298 1789 520 1829 accinctus
548 1793 614 1830 est
638 1789 854 1841 potentia,
884 1792 1023 1831 surre-

195 1842 257 1882 xit
277 1842 346 1883 die
367 1844 504 1885 tertia.

474 1940 557 1982 Die
577 1941 615 1981 6.
634 1941 748 1993 Maii.

194 1997 237 2038 S.
257 1998 465 2040 Joannis
491 2001 692 2051 Apostoli
718 2007 818 2041 ante
843 2008 1017 2053 portam

498 2056 707 2097 Latinam.

454 2121 605 2163 Duplex
624 2123 757 2163 majus.

244 2172 378 2207 Omnia
423 2174 469 2207 de
516 2174 719 2209 Communi
766 2175 902 2218 Apost.
963 2174 1022 2218 [2],

191 2226 330 2263 practer
356 2222 566 2264 sequentia.

242 2272 283 2305 In
310 2274 482 2316 utrisque
504 2273 620 2317 Y'esp.
647 2274 696 2308 ad
720 2274 875 2317 Magnis.

245 2324 279 2362 A
288 2330 343 2363 nt.
391 2324 442 2364 In
483 2324 690 2367 ferventis
734 2326 820 2368 olei
858 2327 1023 2369 dolium

194 2380 354 2421 missus
377 2379 536 2422 beatus
559 2381 583 2421 J
586 2384 750 2424 oannes
770 2384 1023 2436 Apostolus,

196 2436 343 2478 divina
361 2448 408 2478 se
427 2439 686 2489 protegente
704 2440 845 2490 gratia
861 2440 1024 2482 illaesus

196 2493 340 2535 exivit.

525 2549 689 2590 Oratio.

284 2619 372 2657 euS,
393 2608 467 2660 qui
481 2609 711 2662 conspicis,
732 2610 833 2661 quia
851 2621 932 2651 nos
949 2612 1024 2650 un-

293 2663 425 2717 dique
443 2665 559 2707 mala
577 2671 730 2707 nostra
748 2665 1024 2718 perturbant:

196 2725 359 2773 praesta
389 2723 655 2774 quaesumus3
683 2727 731 2764 ut
755 2722 873 2764 beati
898 2723 1024 2764 Joan-

1316 484 1365 522 In
1391 483 1421 522 Ι.
1447 484 1670 526 Nocturno.

1135 548 1294 600 Incipit
1321 548 1523 601 Epistola
1549 549 1692 602 prima
1718 549 1838 593 beati

1275 605 1300 645 J
1303 605 1456 646 oannis
1476 605 1696 659 Apostoli.

1179 672 1331 713 Lectio
1352 672 1375 711 i.
1645 673 1749 726 Cap.
1769 675 1798 713 1.

1075 734 1288 818 ,ssu
1307 734 1386 778 fuit
1403 734 1459 777 ab
1478 735 1900 834 igitiodouodOaucllii-

1189 813 1193 829 ι
1215 805 1368 842 wmus,
1429 804 1485 833 uo
1546 806 1589 834 vi
1623 806 1735 834 lmus
1791 805 1846 834 cu
1879 805 1900 833 s

1074 800 1135 871 *³23³
1173 840 1189 863 “²
1215 805 1549 901 nostris,qquod
1583 848 1901 902 perspeximus,

1072 908 1116 945 et
1143 916 1298 945 manus
1325 910 1490 948 nostrae
1517 907 1902 948 contrectaverunt

1073 958 1128 1001 de
1148 960 1285 1002 verbo
1305 961 1423 1004 vitae:
1448 967 1490 1004 et
1514 962 1606 1004 vita
1624 962 1902 1004 manifestata

1074 1021 1150 1066 est,
1175 1021 1219 1058 et
1238 1016 1437 1069 vidimus,
1462 1023 1506 1060 et
1524 1020 1748 1070 testamur,
1768 1023 1812 1060 et
1830 1031 1902 1060 an-

1071 1073 1320 1115 nuntiamus
1352 1074 1480 1116 vobis
1514 1075 1651 1117 vitam
1683 1076 1903 1124 aeternam,

1074 1141 1174 1180 quae
1203 1134 1297 1172 erat
1326 1130 1446 1183 apud
1471 1131 1664 1181 Patrem,
1698 1136 1742 1173 et
1771 1132 1903 1184 appa-

1074 1184 1160 1226 ruit
1180 1184 1326 1226 nobis:
1352 1186 1474 1238 quod
1497 1186 1698 1237 vidimuS,
1722 1191 1766 1228 et
1785 1185 1904 1228 audi-

1075 1241 1232 1291 vimus,
1263 1242 1570 1284 annuntiamus
1604 1242 1748 1293 vobis,
1779 1248 1828 1285 ut
1861 1247 1905 1284 et

1075 1310 1156 1339 vos
1171 1298 1432 1340 societatem
1446 1298 1648 1341 habeatis
1661 1299 1905 1348 nobiscum,

1076 1359 1119 1396 et
1147 1356 1337 1395 societas
1364 1359 1518 1396 nostra
1550 1355 1607 1397 sit
1634 1368 1735 1397 cum
1761 1355 1905 1404 Patre,

1076 1415 1119 1452 et
1143 1423 1244 1452 cum
1262 1411 1375 1452 Filio
1401 1412 1492 1464 ejus
1511 1411 1536 1453 J
1538 1424 1616 1453 esu
1635 1411 1822 1453 Christo.
1849 1411 1906 1453 Et

1074 1468 1171 1509 haec
1191 1467 1422 1509 scribimus
1445 1467 1573 1510 vobis
1598 1473 1647 1510 ut
1665 1466 1906 1519 gaudeatis,

1076 1530 1120 1566 et
1152 1523 1362 1575 gaudium
1392 1530 1589 1567 vestrum
1625 1525 1682 1567 sit
1715 1524 1906 1578 plenum.

1074 1581 1133 1622 Et
1160 1581 1257 1623 haec
1283 1586 1350 1623 est
1374 1581 1656 1632 annuntiatio,
1684 1593 1816 1634 quam
1834 1594 1906 1622 au-

1077 1637 1265 1679 divimus
1285 1638 1340 1679 ab
1362 1650 1429 1688 eo,
1444 1642 1487 1680 et
1506 1638 1813 1680 annuntiamus
1831 1650 1906 1679 vo-

1076 1694 1161 1736 bis:
1190 1694 1406 1745 Quc'miam
1428 1695 1551 1736 Deus
1574 1694 1650 1736 lux
1674 1699 1750 1746 est,
1777 1698 1822 1737 et
1845 1695 1906 1736 te-

1077 1750 1226 1793 nebrae
1246 1751 1290 1791 in
1309 1763 1362 1792 eo
1382 1764 1471 1792 non
1492 1756 1593 1793 sunt
1610 1751 1725 1792 ullae.

1123 1811 1172 1860 R.
1196 1807 1314 1849 Ecce
1334 1820 1416 1859 ego
1432 1808 1561 1850 mitto
1575 1820 1656 1849 vos
1671 1807 1786 1849 sicut
1799 1819 1907 1848 oves

1075 1865 1120 1904 in
1141 1863 1289 1905 medio
1312 1863 1530 1916 luporum,
1551 1863 1658 1906 dicit
1676 1863 1907 1905 Deminus:

1075 1924 1096 1946 *
1118 1920 1275 1961 Est6te
1296 1932 1401 1972 ergo
1422 1919 1663 1973 prudentes
1689 1920 1801 1962 sicut
1819 1931 1906 1961 ser-

1076 1978 1244 2030 penteS,
1256 1981 1300 2018 et
1314 1976 1536 2030 simplices
1551 1977 1664 2019 sicut
1678 1975 1907 2018 columbae.

1075 2029 1126 2081 ΥΤ.
1154 2033 1272 2074 Dum
1299 2033 1444 2075 lucem
1465 2032 1648 2083 habetis,
1673 2032 1839 2074 credite
1862 2031 1907 2072 in

1076 2089 1230 2140 lucem,
1250 2093 1298 2131 ut
1315 2089 1395 2130 filii
1411 2089 1523 2132 lucis
1541 2089 1647 2131 sitis.
1674 2089 1842 2132 EstOte.

1382 2158 1534 2199 Lectio
1555 2158 1594 2197 ii.

1146 2215 1160 2256 i
1175 2214 1415 2256 dixerimus
1427 2215 1634 2268 queniam
1648 2215 1907 2257 societatem

1172 2271 1384 2314 habemus
1399 2284 1499 2313 cum
1515 2284 1580 2322 eo,
1595 2272 1697 2314 etin
1711 2271 1906 2314 tenebris

1077 2328 1370 2378 ambulamus,
1394 2330 1642 2379 mentimur,
1675 2334 1720 2371 et
1750 2329 1905 2371 verita-

1076 2390 1166 2426 tem
1185 2398 1273 2426 non
1291 2385 1485 2427 facimus.
1518 2385 1563 2427 Si
1580 2391 1726 2428 autem
1744 2386 1790 2427 in
1807 2385 1905 2427 luce

1078 2441 1353 2483 ambulamus
1394 2442 1508 2484 sicut
1544 2447 1590 2484 et
1626 2443 1723 2496 ipse
1759 2446 1827 2484 est
1861 2441 1905 2482 in

1077 2498 1186 2548 luce,
1210 2499 1470 2541 societatem
1491 2498 1704 2541 habemus
1726 2498 1783 2540 ad
1799 2498 1906 2540 invi-

1078 2567 1185 2606 cem,
1210 2560 1254 2597 et
1279 2556 1455 2606 sanguis
1479 2556 1504 2596 J
1507 2569 1585 2598 esu
1612 2555 1782 2605 Christi,
1807 2554 1906 2596 Filii

1079 2612 1185 2663 ejus,
1219 2611 1427 2654 emundat
1459 2625 1540 2654 nos
1573 2611 1629 2654 ab
1661 2611 1779 2653 omni
1805 2623 1905 2664 pec-

1078 2669 1191 2709 cato.
1217 2668 1261 2709 Si
1277 2668 1515 2710 dixerimus
1532 2668 1738 2721 quoniam
1751 2671 1904 2720 pecca-

1077 2727 1170 2764 tum
1189 2737 1277 2766 non
1295 2724 1519 2776 habemus,
1533 2724 1618 2778 ipsi
1637 2737 1718 2766 nos
1738 2723 1905 2767 sedaci-
