2040 2976
640 216 739 249 Infra
766 215 949 248 Octavam
980 212 1243 247 medicationis
1270 210 1464 244 Ecclesiae.

192 315 345 356 lancea
360 316 628 367 persecutor,
644 318 688 355 et
703 312 815 355 fudit
830 312 1020 366 pretium

193 376 393 413 nostrum
411 370 697 423 Redemptor.

251 432 299 482 R.
322 427 360 469 Ο
382 440 513 480 quam
531 425 800 468 metuendus.
828 425 924 478 [118]

498 494 648 534 Lectio
670 493 720 532 vi.

272 557 392 595 antet
415 553 614 595 Christus
637 552 926 605 Redemptor,
953 564 1022 602 ge-

283 615 374 652 mat
392 610 416 651 J
418 610 528 652 udas
546 608 766 659 venditor,
793 608 1024 650 erubescat

193 668 217 709 J
221 667 375 709 udaeus
400 671 584 720 emptor.
624 666 740 707 Ecce
764 664 900 706 Judas
923 665 1023 706 ven-

195 723 323 774 didit,
351 723 375 764 J
378 723 532 764 udaeus
559 723 679 772 emit,
706 721 870 763 malum
893 722 1023 772 nego-

193 781 302 822 tium
322 781 521 831 egerunt,
547 779 676 821 ambo
701 778 894 820 damnati
913 782 1023 827 sunt,

195 839 366 890 seipsos
405 835 693 889 perdiderunt
735 833 938 875 venditor
980 838 1024 875 et

195 898 379 946 emptor.
401 893 533 934 Dicat
549 905 653 944 ergo
668 895 802 944 caput
815 894 1024 939 nostrum,

195 950 314 992 dicat
331 962 413 1003 pro
433 951 620 1002 corpore
641 951 804 998 occiso,
829 959 910 1000 pro
931 949 1023 988 cor-

194 1019 304 1059 pore
335 1005 551 1048 dedicato.
599 1005 748 1054 Dicat,
779 1003 1023 1045 audiamus:

196 1062 462 1105 Conscidisti
488 1075 665 1103 saccum
691 1073 856 1110 meum,
885 1064 929 1101 et
956 1072 1023 1101 ac-

197 1119 370 1161 cinxisti
388 1132 458 1160 me
477 1118 644 1160 laetitia:
675 1117 721 1159 id
744 1122 827 1163 est,
858 1116 1024 1158 consci-

198 1176 300 1218 disti
318 1175 633 1218 mortalitatem
652 1187 806 1224 meam,
827 1178 870 1215 et
884 1173 1023 1215 accin-

197 1233 299 1274 xisti
320 1245 391 1274 me
417 1231 746 1273 immortalitate
771 1236 815 1272 et
832 1230 1024 1271 incorru-

197 1290 358 1342 ptione.
394 1289 453 1331 Ut
481 1292 627 1330 cantet
651 1287 731 1330 tibi
754 1287 893 1338 gloria
917 1299 1026 1337 mea,

198 1351 242 1388 et
260 1359 348 1387 non
369 1348 649 1398 compungar.
683 1343 800 1394 Quid
819 1347 901 1393 est,
924 1343 1026 1384 Non

198 1400 493 1456 compungar?
525 1402 624 1442 Jam
656 1406 808 1442 contra
840 1413 910 1441 me
937 1412 1027 1441 non

198 1459 310 1500 ferat
334 1459 533 1500 lanceam
556 1460 834 1511 persecutor,
861 1456 921 1498 Ut
938 1469 1027 1498 non

199 1519 480 1569 compungar.
501 1515 700 1557 Christus
715 1514 830 1555 enim
845 1525 1027 1564 surgens

199 1585 225 1613 a
238 1573 433 1622 mortuis,
448 1573 533 1624 jam
543 1585 631 1613 non
641 1571 837 1620 moritur,
853 1574 897 1611 et
908 1582 1027 1611 mors

199 1628 262 1669 illi
280 1628 396 1670 ultra
413 1641 502 1670 non
521 1627 830 1670 dominabitur.

254 1690 305 1741 R.
329 1685 457 1726 Mane
477 1697 670 1736 surgens.
698 1683 795 1736 [118]

426 1767 476 1805 In
496 1766 567 1805 ΙΙΙ.
589 1766 811 1805 Nocturno.

204 1824 355 1868 Lectio
381 1824 520 1865 sancti
538 1822 764 1874 Evangelii
789 1821 1029 1863 secundum

527 1880 704 1924 Lucam.

308 1944 459 1985 Lectio
480 1944 548 1984 vii.
750 1944 852 1995 Cap.
868 1944 926 1983 19.

201 1993 277 2099 In
305 1997 378 2038 illo
406 1999 620 2050 tempore:
650 1998 878 2049 Ingressus
903 1998 927 2039 J
930 2011 1029 2040 esus

269 2053 605 2106 perambulabat
629 2054 816 2096 Jericho.
844 2055 901 2096 Et
927 2067 1030 2096 ecce

204 2111 270 2151 vir
293 2110 468 2151 nomine
492 2110 721 2152 Zachaeus:
754 2116 798 2153 et
822 2111 893 2153 hic
917 2111 1030 2164 prin-

204 2179 310 2219 ceps
343 2171 437 2208 erat
466 2167 817 2219 publicanorum,
861 2173 905 2210 et
934 2168 1031 2220 ipse

205 2223 340 2265 dives.
381 2223 438 2264 Et
455 2223 635 2276 reliqua.

308 2290 498 2333 HomiHa
516 2292 776 2334 venerabilis
795 2293 931 2335 Bedae

486 2347 750 2400 Presbyteri.

334 2410 915 2454 Iib.5.Cap.7.1n1u019.

210 2467 281 2525 ΛΠ
292 2462 312 2472 ”
326 2471 399 2500 uae
418 2458 706 2511 impossibilia
719 2466 820 2502 sunt
829 2474 885 2514 ap
887 2461 948 2504 ud
956 2461 1032 2504 ho-

318 2566 320 2568 ·
347 2515 503 2565 mineS,
531 2515 760 2580 possibilia
787 2523 887 2559 sunt
915 2519 1033 2571 apud

247 2571 283 2589 ⁴„
312 2570 326 2585 '²³
347 2571 503 2612 Deum.
544 2571 660 2613 Ecce
689 2572 803 2613 enim
831 2575 1033 2625 camelus,

208 2627 411 2680 deposita
438 2627 560 2678 gibbi
588 2628 777 2678 sarcina,
813 2642 893 2682 per
921 2631 1033 2672 fora-

207 2696 308 2725 men
327 2697 432 2725 acus
449 2684 615 2734 transit,
638 2683 723 2725 hoc
742 2690 823 2735 est,
848 2685 971 2728 dives
991 2693 1034 2729 et

207 2740 483 2793 publicanus,
514 2740 668 2782 relicto
703 2743 835 2783 onere
867 2742 1033 2784 divitia-

1072 323 1184 359 rum,
1223 310 1478 362 contempto
1515 321 1650 350 censu
1687 307 1899 357 fraudum,

1073 369 1302 417 angustam
1311 370 1496 418 portam,
1511 367 1764 417 arctamque
1774 364 1900 413 viam,

1074 435 1172 474 quae
1191 421 1249 463 ad
1267 422 1402 463 vitam
1421 421 1552 471 ducit,
1572 420 1780 462 ascendit.
1816 420 1902 470 Qui

1072 479 1182 520 mira
1207 478 1442 520 devotione
1467 477 1572 519 fidei
1590 477 1648 519 ad
1665 475 1902 519 videndum

1073 535 1362 585 Salvatorem,
1412 534 1533 587 quod
1569 537 1725 576 natura
1758 533 1902 574 minus

1074 591 1299 642 habuerat,
1318 593 1503 633 ascensu
1523 590 1703 644 supplet
1722 589 1905 632 arboris:

1076 654 1207 701 atque
1226 647 1326 690 ideo
1347 650 1475 701 juste,
1505 647 1703 701 quamvis
1721 647 1817 700 ipse
1835 658 1903 688 ro-

1074 707 1179 756 gare
1215 718 1303 746 non
1340 705 1516 755 audeat,
1551 703 1905 746 benedictionem

1074 762 1319 803 Dominicae
1339 761 1647 815 susceptioniS,
1676 773 1808 813 quam
1831 758 1902 801 de-

1077 818 1309 868 siderabat,
1328 819 1509 872 accepit.

1131 878 1181 928 R.
1205 875 1375 916 Domus
1394 888 1502 917 mea.
1531 874 1641 926 [120]

1362 935 1514 975 Lectio
1535 934 1617 974 viii.

1129 1001 1132 1004 '
1183 992 1322 1044 ystice
1341 997 1487 1034 autem
1506 992 1731 1042 Zachaeus,
1751 991 1826 1043 qui
1843 990 1903 1031 in-

1196 1051 1463 1102 terpretatur
1498 1049 1773 1102 justificatus,
1815 1060 1904 1089 cre—

1078 1104 1254 1146 dentem
1282 1119 1336 1147 ex
1364 1105 1579 1148 Gentibus
1610 1105 1825 1159 populum
1851 1104 1904 1145 si·

1077 1161 1264 1213 gnificat.
1301 1163 1386 1213 Qui
1410 1167 1572 1215 quanto
1593 1163 1707 1204 curis
1727 1161 1904 1203 saecula-

1077 1217 1198 1259 ribus
1214 1219 1482 1272 occupatior,
1501 1223 1624 1260 tanto
1641 1218 1817 1270 flagitiis
1833 1217 1905 1259 de-

1077 1275 1366 1327 primentibus
1399 1280 1492 1317 erat
1522 1275 1664 1317 factus
1691 1273 1907 1315 humilior.

1078 1330 1166 1372 Sed
1185 1331 1360 1373 ablutus
1383 1337 1466 1382 est,
1494 1331 1574 1374 sed
1598 1330 1907 1380 sanctificatus,

1079 1387 1159 1429 sed
1182 1388 1442 1440 justificatus
1465 1389 1509 1429 in
1533 1388 1710 1430 nomine
1728 1387 1908 1429 Domini

1078 1445 1217 1486 nostri
1230 1445 1255 1485 J
1258 1458 1336 1487 esu
1351 1445 1521 1496 Christi,
1541 1450 1585 1487 et
1598 1445 1642 1486 in
1657 1444 1812 1497 spiritu
1823 1443 1909 1485 Dei

1079 1501 1231 1542 nostri.
1268 1502 1352 1552 Qui
1370 1502 1606 1544 intrantem
1623 1502 1648 1542 J
1651 1500 1798 1543 ericho
1818 1499 1907 1542 Sal-

1080 1560 1278 1600 vatorem
1292 1558 1444 1600 videre
1465 1558 1702 1611 quaerebat,
1721 1556 1801 1599 sed
1813 1569 1908 1610 prae

1079 1614 1210 1656 turba
1231 1627 1320 1656 non
1342 1617 1532 1668 poterat:
1560 1615 1664 1668 quia
1685 1614 1838 1667 gratiae
1860 1613 1908 1655 fi-

1081 1670 1167 1721 dei,
1193 1684 1324 1723 quam
1347 1672 1512 1714 mundo
1531 1671 1734 1714 Salvator
1753 1669 1908 1720 attulit,
1941 1720 1943 1723 ,

1080 1728 1347 1781 participare
1383 1728 1602 1782 cupiebat:
1642 1726 1723 1769 sed
1757 1726 1910 1768 inolita

1080 1784 1286 1826 vitiorum
1305 1785 1590 1837 consuetudo,
1609 1797 1663 1826 ne
1683 1783 1740 1826 ad
1756 1788 1910 1826 votum

1080 1844 1340 1893 perveniret,
1359 1842 1602 1884 obstiterat.

1136 1900 1187 1950 R.
1211 1898 1405 1952 Lapides
1423 1899 1619 1959 pretiosi.
1649 1897 1745 1951 [121]

1384 1949 1568 1992 Lectio'
1558 1964 1613 1991 ix.

1085 2005 1293 2112 Eadem
1306 2025 1496 2065 namque
1510 2012 1640 2055 turba
1653 2011 1799 2054 noxiae
1810 2023 1909 2053 con-

1179 2069 1435 2119 suetudinis,
1465 2082 1564 2122 quae
1588 2082 1721 2122 supra
1745 2081 1911 2110 caecum

1084 2125 1360 2176 clamantem,
1387 2139 1441 2167 ne
1466 2126 1613 2168 lumen
1636 2127 1823 2179 peteret,
1849 2125 1909 2166 in-

1084 2181 1312 2234 crepabat3
1338 2183 1468 2224 etiam
1497 2183 1810 2236 suspicientem
1833 2194 1910 2234 pu—

1083 2237 1316 2290 blicanum,
1333 2252 1388 2281 ne
1407 2239 1431 2280 J
1435 2252 1557 2281 esum
1577 2239 1734 2290 videat,
1753 2237 1910 2280 tardat.

1086 2294 1174 2336 Sed
1205 2295 1318 2337 sicut
1349 2308 1494 2338 caecus
1524 2296 1751 2338 turbarum
1779 2306 1911 2337 voces

1083 2351 1223 2402 magis
1247 2365 1299 2394 ac
1322 2353 1462 2404 magis
1482 2352 1714 2395 clamando
1735 2352 1911 2395 devicit:

1083 2408 1146 2449 ita
1167 2408 1355 2461 pusillus
1379 2411 1560 2452 necesse
1585 2414 1653 2452 est
1675 2409 1818 2452 turbae
1835 2421 1911 2451 no-

1085 2465 1223 2506 centis
1249 2465 1527 2507 obstaculum
1544 2466 1700 2508 altiora
1717 2465 1910 2519 petendo

1085 2521 1377 2572 transcendat,
1401 2524 1575 2564 terrena
1594 2523 1821 2575 relinquat,
1846 2523 1910 2563 ar-

1085 2576 1239 2619 borem
1271 2578 1413 2620 crucis
1446 2578 1665 2621 ascendat.
1705 2579 1910 2631 Sycomo-

1085 2646 1159 2674 rus
1186 2647 1375 2687 namque
1402 2636 1516 2687 (quae
1543 2640 1610 2677 est
1638 2634 1769 2676 arbor
1794 2634 1910 2675 foliis

1086 2703 1211 2732 moro
1239 2691 1410 2742 simiIiS,
1439 2691 1519 2734 sed
1546 2691 1773 2734 altitudine
1800 2703 1910 2744 prae·

1086 2751 1219 2797 stans,
1246 2747 1362 2790 unde
1381 2753 1424 2790 et
1443 2761 1470 2789 a
1486 2748 1654 2790 Latinis
1671 2747 1789 2789 celsa
1807 2761 1910 2789 nun-
