2040 2976
648 197 746 229 qura
776 196 1065 229 lrlebdomadam
1094 197 1128 229 ii.
1156 197 1329 237 Augusti.

142 303 274 343 super
312 289 396 331 hos
439 301 617 342 quoque
661 288 968 331 eminentiores

142 351 241 389 sunt
257 346 339 395 alii,
360 351 403 388 et
416 347 594 398 insuper
608 346 824 386 universae
838 349 968 386 terrae

141 417 219 446 rex
237 406 423 456 imperat
443 402 659 444 servienti.

194 465 243 516 Ra
274 460 442 512 Gyrum
462 458 572 500 coeli.
591 459 679 499 241.

442 529 589 569 Lectio
612 529 666 568 iii.

143 586 345 692 Avarus
373 597 462 626 non
489 583 741 637 implebitur
766 583 968 636 pecunia:

255 646 298 683 et
323 641 398 693 qui
421 646 538 682 amat
561 640 752 690 divitias,
779 640 968 681 fructum

142 711 231 740 non
249 698 393 750 capiet
414 710 468 739 ex
491 698 568 739 eis:
596 702 639 739 et
661 696 748 738 hoc
771 709 876 747 ergo
895 698 966 737 va-

142 755 266 797 nitas.
298 754 384 797 Ubi
402 754 551 796 multae
571 759 672 796 sunt
692 766 816 807 opeS‚
842 753 968 794 multi

120 848 122 851 ⁴
142 816 186 853 et
233 811 306 864 qui
351 810 588 853 comedunt
624 824 708 853 eas
768 810 826 851 Et
863 808 968 862 quid

141 868 326 921 prodest
344 868 608 921 possessori,
635 867 718 908 nisi
737 866 858 919 quod
878 879 966 908 cer-

142 925 206 967 nit
229 924 404 967 divitias
428 925 565 966 oculis
589 922 701 966 suis?
730 923 881 965 Dulcis
902 928 968 965 est

142 994 319 1023 somnus
339 982 551 1035 operanti,
577 982 669 1023 sive
687 994 854 1033 parum,
874 980 965 1022 sive

140 1038 325 1080 multum
348 1037 565 1080 comedat:
594 1038 798 1080 saturitas
822 1042 968 1079 autem

142 1094 288 1137 divitis
307 1107 395 1136 non
415 1095 515 1137 sinit
535 1108 634 1136 eum
652 1094 856 1137 dormire.
888 1094 968 1136 Est

141 1156 185 1194 et
217 1151 302 1193 alia
332 1152 562 1194 infirmitas
593 1151 803 1205 pessima,
837 1164 967 1203 quam

140 1208 231 1251 vidi
257 1208 337 1251 sub
366 1209 476 1251 sole:
505 1209 668 1251 divitiae
693 1210 967 1251 conservatae

139 1265 184 1306 in
227 1265 391 1306 malum
436 1264 602 1307 domini
647 1266 724 1307 sui.
776 1266 967 1307 Pereunt

141 1321 256 1363 enim
278 1322 323 1362 in
347 1322 583 1364 afflictione
607 1323 812 1376 pessima:
838 1335 965 1373 gene-

140 1378 252 1420 ravit
270 1378 424 1428 filium,
452 1379 526 1431 qui
544 1380 589 1420 in
609 1392 779 1421 summa
800 1381 966 1431 egesta-

139 1434 184 1472 te
203 1430 294 1472 erit.
799 1469 802 1472 .

192 1495 244 1546 R.
268 1491 430 1534 Emitte
450 1492 650 1535 Domine.
668 1493 756 1534 241.

345 1613 379 1648 F
397 1623 420 1649 e
437 1612 485 1649 ri
503 1624 528 1649 a
563 1613 591 1650 S
609 1625 632 1650 e
651 1626 676 1650 x
693 1618 709 1649 t
727 1625 763 1650 a.

291 1672 358 1711 De
385 1669 499 1713 libro
526 1671 820 1715 Ecclesiastae.

245 1736 395 1777 Lectio
418 1738 439 1777 i.
703 1739 806 1790 Cap.
827 1741 863 1778 6.

152 1817 168 1843 w:
193 1805 268 1844 >st
295 1806 339 1843 et
371 1800 488 1844 aliud
515 1802 694 1852 malum,
728 1804 849 1856 quod
875 1805 966 1847 vidi

245 1857 324 1900 sub
351 1858 462 1908 sole,
488 1863 532 1900 et
558 1859 735 1912 quidem
759 1861 965 1914 frequens

140 1913 258 1966 apud
275 1913 489 1957 homines:
507 1915 597 1966 Vir,
617 1917 687 1958 cui
706 1917 828 1960 dedit
845 1919 965 1960 Deus

141 1968 331 2021 divitias,
360 1976 404 2013 et
429 1972 733 2023 substantiam,
762 1979 806 2016 et
829 1974 964 2016 hono-

140 2038 249 2076 rem,
277 2032 321 2069 et
345 2027 451 2069 nihil
475 2027 600 2071 deest
625 2030 781 2072 animae
799 2044 892 2072 suae
912 2044 966 2073 ex

142 2083 361 2134 Omnibus,
391 2098 489 2138 quae
518 2085 752 2129 desiderat:
785 2100 866 2129 nec
892 2090 964 2129 tri-

139 2138 235 2181 buit
262 2140 302 2182 ei
329 2144 598 2194 potestatem
624 2143 746 2185 Deus
773 2149 821 2185 ut
851 2146 964 2185 com-

141 2196 244 2238 edat
271 2209 325 2238 ex
353 2210 423 2248 eo,
456 2199 535 2241 sed
565 2199 699 2242 homo
732 2203 965 2242 extraneus

140 2252 314 2295 vorabit
335 2253 454 2296 illud.
490 2256 590 2298 Hoc
608 2257 796 2308 vanitas,
823 2262 866 2299 et
888 2258 963 2298 mi-

141 2309 254 2351 seria
271 2323 430 2362 magna
450 2317 527 2355 est.

194 2372 243 2423 R.
269 2371 339 2413 Da
356 2372 473 2414 mihi.
491 2374 585 2415 242.

448 2437 600 2477 Lectio
622 2438 659 2476 ii.

208 2498 224 2538 i
253 2499 451 2549 gentierit
477 2500 694 2552 quispiam
720 2504 894 2542 centum
918 2500 964 2542 11'-

222 2554 370 2606 beros,
395 2560 439 2597 et
457 2557 616 2597 vixerit
634 2557 796 2598 multos
816 2569 965 2607 annos,

142 2615 186 2652 et
209 2611 358 2664 plures
384 2612 478 2654 dies
507 2613 649 2654 aetatis
674 2612 893 2663 habuerit,
921 2617 965 2655 et

142 2667 285 2709 anima
306 2668 421 2710 illius
444 2682 532 2710 non
550 2671 698 2711 utetur
720 2669 848 2711 bonis
867 2669 964 2711 sub-

142 2724 314 2767 stantiae
334 2738 442 2776 suae,
467 2725 781 2779 sepulturaque
805 2727 965 2768 careat:

1783 192 1850 227 245

1022 286 1077 328 de
1095 286 1182 328 hoc
1201 299 1283 337 ego
1302 288 1538 339 pronuntio
1561 288 1681 340 quod
1694 288 1849 331 melior

1020 343 1096 384 illo
1117 343 1173 384 sit
1192 342 1427 384 abortivus.
1451 344 1632 386 Frustra
1649 345 1764 386 enim
1778 358 1848 386 ve-

1020 400 1099 450 nit,
1126 404 1169 441 et
1187 399 1332 452 pergit
1356 399 1413 441 ad
1430 400 1650 451 tenebras,
1677 406 1721 443 et
1741 401 1846 443 obli-

1021 456 1150 497 vione
1177 455 1394 497 delebitur
1417 469 1576 498 nornen
1600 458 1701 509 ejus.
1746 458 1848 499 Non

1020 511 1131 554 vidit
1146 512 1294 561 solem,
1310 525 1452 564 neque
1468 514 1674 563 cognovit
1689 514 1848 555 distan-

1020 569 1128 611 tiam
1144 569 1250 610 boni
1270 574 1313 610 et
1331 569 1447 610 mali:
1469 570 1600 611 etiarn
1620 570 1656 611 si
1676 570 1847 613 duobus

1020 625 1213 667 millibus
1233 625 1357 666 annis
1372 626 1539 674 vixerit,
1560 631 1603 668 et
1616 639 1704 667 non
1719 628 1848 669 fuerit

1020 682 1260 734 perfruitus
1279 681 1418 722 bonis.

1077 742 1125 792 lx'g.
1150 738 1328 780 Initium
1346 739 1586 791 sapientiae.
1601 741 1694 781 242.

1324 811 1475 851 Lectio
1497 811 1549 850 iii.

1023 871 1230 976 Nonne
1266 873 1323 916 ad
1355 887 1490 917 unum
1517 874 1664 916 locum
1690 877 1846 928 prope-

1125 936 1222 973 rant
1247 931 1413 972 omnia?
1443 931 1596 972 Omnis
1623 931 1748 973 labor
1773 932 1847 974 ho—

1021 988 1147 1029 minis
1173 988 1217 1028 in
1243 1001 1320 1030 ore
1345 989 1451 1040 ejus:
1485 988 1566 1029 sed
1592 988 1733 1029 anima
1760 990 1848 1041 ejus

1021 1057 1109 1086 non
1140 1045 1403 1098 implebitur.
1447 1044 1563 1095 Quid
1596 1044 1729 1086 habet
1763 1048 1848 1086 am-

1019 1101 1134 1154 plius
1178 1102 1354 1155 sapiens
1392 1115 1417 1143 a
1455 1099 1613 1144 stulto?
1660 1107 1703 1144 et
1745 1103 1850 1155 quid

1021 1170 1206 1211 pauper,
1247 1159 1327 1200 nisi
1361 1163 1409 1200 ut
1439 1163 1596 1211 pergat
1624 1158 1742 1209 illue,
1774 1159 1849 1201 ubi

1022 1220 1088 1257 est
1120 1214 1231 1257 vita?
1272 1215 1429 1256 Melius
1458 1219 1525 1256 est
1551 1214 1701 1257 videre
1730 1216 1849 1267 quod

1022 1272 1191 1325 cupias,
1246 1285 1377 1325 quam
1426 1270 1678 1313 desiderare
1730 1272 1848 1325 quod

1022 1329 1203 1371 nescias.
1262 1328 1351 1371 Sed
1378 1333 1422 1370 et
1448 1327 1534 1370 hoc
1567 1328 1737 1370 vanitas
1766 1334 1847 1380 est,

1022 1391 1065 1428 et
1084 1386 1373 1439 praesumptio
1394 1386 1586 1438 spiritus.

1076 1443 1125 1494 Ru
1148 1443 1347 1485 Verbum
1365 1442 1571 1494 iniquum.
1590 1443 1682 1483 242.

1296 1555 1324 1592 S
1340 1567 1366 1592 a
1378 1557 1403 1592 b
1421 1557 1447 1592 b
1465 1568 1490 1592 a
1503 1560 1519 1592 t
1534 1567 1571 1593 0.

1174 1616 1239 1655 De
1266 1613 1379 1656 libro
1407 1613 1700 1655 Ecclesiastae.

1129 1680 1280 1721 Lectio
1301 1680 1322 1719 i.
1590 1681 1692 1730 Cap.
1713 1680 1747 1719 7.

1113 1745 1188 1788 uid
1206 1746 1386 1787 necesse
1409 1748 1476 1786 est
1497 1742 1663 1783 homini
1682 1743 1846 1795 majora

1092 1821 1100 1831 s
1131 1815 1178 1844 se
1199 1803 1410 1854 quaerere,
1432 1813 1530 1842 cum
1548 1799 1720 1850 ignoret
1740 1799 1845 1851 quid

1020 1858 1239 1901 conducat
1264 1858 1347 1901 sibi
1371 1858 1415 1898 in
1439 1857 1530 1898 vita
1560 1869 1639 1897 sua
1662 1859 1844 1897 numero

1019 1916 1187 1958 dierum
1231 1913 1596 1968 peregrinationis
1642 1925 1749 1962 suae,
1802 1917 1845 1953 et

1017 1975 1234 2026 tempore,
1266 1970 1385 2024 quod
1410 1970 1530 2012 velut
1555 1969 1709 2011 umbra
1733 1971 1843 2022 prae-

1017 2028 1142 2071 terit?
1170 2029 1260 2070 Aut
1286 2028 1383 2081 quis
1406 2027 1446 2069 ei
1469 2026 1633 2079 poterit
1651 2025 1844 2067 indicare

1020 2085 1126 2138 quid
1152 2090 1257 2138 post
1286 2098 1385 2126 eum
1419 2084 1612 2125 futurum
1640 2081 1721 2123 sub
1750 2082 1843 2123 sole

1018 2141 1094 2183 sit?
1148 2142 1304 2183 Melius
1350 2145 1417 2182 est
1461 2152 1622 2182 nomen
1664 2137 1843 2188 bonum,

1019 2212 1150 2252 quam
1180 2199 1402 2249 unguenta
1432 2197 1646 2251 pretiosae
1674 2200 1718 2237 et
1750 2194 1843 2237 dies

1016 2255 1170 2297 mortis
1199 2255 1270 2296 die
1297 2254 1546 2296 nativitatis.
1592 2253 1748 2294 Melius
1777 2257 1844 2293 est

1017 2313 1080 2354 ire
1101 2311 1158 2353 ad
1177 2311 1355 2354 domum
1373 2311 1527 2360 luctus,
1547 2322 1677 2362 quam
1696 2309 1752 2351 ad
1767 2308 1841 2351 do-

1017 2382 1136 2410 mum
1169 2368 1373 2409 convivii:
1409 2367 1454 2408 in
1490 2366 1564 2408 illa
1601 2366 1715 2408 enim
1747 2365 1842 2406 finis

1018 2427 1273 2467 cunctorum
1309 2423 1569 2466 admonetur
1604 2422 1842 2471 hominum,

1018 2486 1062 2523 et
1080 2481 1231 2523 vivens
1252 2481 1416 2532 cogitat
1441 2478 1546 2533 quid
1565 2479 1757 2520 futurum
1776 2477 1840 2519 sit.

1076 2537 1126 2585 R
1143 2537 1331 2590 Domine
1350 2541 1488 2590 pater.
1505 2535 1597 2576 237.

1331 2604 1481 2644 Lectio
1504 2604 1540 2642 ii.

1122 2668 1230 2710 elior
1251 2673 1318 2710 est
1336 2667 1401 2708 ira
1419 2667 1523 2708 risu:
1550 2666 1651 2718 quia
1669 2675 1748 2717 per
1766 2663 1837 2705 tri-

1139 2724 1302 2767 stitiam
1323 2723 1469 2765 vultus
1496 2721 1726 2774 corrigitur
1751 2719 1837 2761 ani-
