2040 2976
768 222 808 255 In
834 222 948 255 Festo
974 220 1158 263 Corporis
1184 218 1337 253 Christi.

208 322 472 364 immensitas
497 320 691 361 fidelium
711 318 917 360 cordibus
938 319 1029 359 infi-

210 381 397 431 geretur,
429 378 471 418 in
499 376 651 418 ultima
684 388 825 424 coena,
855 374 1029 427 quando

206 435 373 476 Pascha
407 447 506 475 cum
538 432 763 485 discipulis
797 431 1029 479 celebratO,

207 491 466 533 transiturus
493 495 586 531 erat
611 489 665 531 de
687 488 773 530 hoc
791 487 954 529 mundo
974 486 1030 528 ad

206 549 389 597 Patrem,
399 546 485 588 hoc
495 546 822 587 Sacramentum
833 544 1029 592 instituit,

205 609 428 656 tamquam
443 602 660 655 passionis
676 614 767 642 suae
777 600 1029 642 memoriale

205 662 416 713 perenne,
454 659 689 709 figurarum
722 659 918 699 veterum
955 657 1028 696 im-

205 717 427 769 pletivum,
446 715 754 756 miraculorum
773 713 827 755 ab
852 714 950 766 ipso
970 713 1028 753 fa-

207 776 375 814 ctorum
399 772 650 821 maximum3
677 775 721 812 et
747 770 801 811 de
827 782 904 810 sua
930 781 1027 810 con—

205 830 389 872 tristatis
421 828 617 870 absentia
652 827 855 868 solatium
887 826 1026 877 singu-

207 886 298 928 lare
326 885 510 937 reliquit.

262 948 311 998 R.
336 947 431 997 Ego
460 959 555 987 sum
582 945 706 1000 panis
734 945 851 986 vitae:
879 949 1028 997 patres

207 1004 342 1045 vestri
380 1002 749 1044 manducaverunt
788 1013 945 1042 manna
985 1001 1028 1041 in

208 1060 395 1109 deserto,
424 1064 467 1101 et
492 1058 651 1100 mortui
677 1063 789 1100 sunt:
812 1059 834 1083 *
853 1057 938 1098 Hic
962 1061 1029 1098 est

207 1117 331 1169 panis
359 1115 414 1157 de
447 1115 560 1156 coelo
595 1114 879 1164 descendens,
913 1119 960 1155 ut
993 1114 1028 1154 si

209 1173 304 1224 quis
334 1186 387 1214 ex
413 1172 511 1225 ipso
539 1171 787 1221 manducet,
820 1184 907 1212 non
938 1183 1027 1212 mo-

208 1229 353 1270 riatur.
404 1224 454 1275 Y.
495 1228 590 1279 Ego
618 1241 714 1269 sum
742 1228 865 1280 panis
893 1227 1027 1277 vivus,

209 1286 281 1338 qui
302 1285 356 1326 de
377 1285 489 1326 coelo
509 1283 729 1325 descendi:
748 1284 784 1325 si
801 1284 896 1336 quis
912 1297 1027 1325 man-

209 1341 433 1383 ducaverit
468 1353 521 1382 ex
552 1340 637 1382 hoc
670 1353 798 1393 pane,
834 1340 951 1382 vivet
986 1341 1029 1381 in

208 1400 428 1439 aete'rnum.
465 1397 560 1438 Hic.
596 1396 748 1438 Gloria
769 1397 898 1438 Patri.
934 1397 1028 1438 Hic.

431 1480 479 1518 In
497 1479 568 1518 III.
588 1478 810 1518 Nocturno.

262 1543 359 1583 Ant.
396 1544 592 1586 Introibo
623 1546 647 1571 *
680 1543 735 1586 ad
768 1544 903 1586 altare
930 1545 1029 1586 Dei:

210 1614 375 1642 sumam
404 1601 633 1651 Christum,
664 1603 736 1654 qui
763 1603 944 1643 renovat
971 1603 1028 1654 ju-

209 1661 432 1700 ventutem
450 1671 602 1699 meam.

474 1724 669 1764 Psalmus
698 1725 761 1763 42.

229 1816 249 1842 Α,
274 1787 447 1836 udica
483 1801 552 1829 me
583 1789 718 1837 Deus,
756 1793 799 1830 et
832 1787 1029 1829 discerne

280 1876 281 1879 η
337 1857 512 1885 causam
539 1857 680 1886 meam
708 1844 762 1886 de
787 1849 915 1895 gente
942 1858 1029 1886 non

338 1905 501 1950 sancta,
529 1901 552 1926 *
584 1900 639 1943 ab
672 1900 847 1942 homine
879 1901 1029 1953 iniquo

210 1961 254 1998 et
276 1956 432 1998 doloso
453 1959 555 1998 erue
574 1970 654 1999 me.

261 2012 371 2063 Quia
393 2018 441 2054 tu
466 2025 513 2054 es
535 2013 656 2055 Deus
681 2014 894 2056 fortitudo
918 2027 1030 2056 mea:

211 2070 234 2095 *
254 2081 388 2120 quare
407 2082 477 2110 me
496 2069 716 2122 repulisti?
742 2076 786 2112 et
806 2083 939 2123 quare
957 2071 1028 2112 tri-

211 2125 479 2210 stispincedo,
505 2125 607 2167 dum
631 2127 783 2178 affligit
805 2140 875 2168 me
893 2127 1027 2168 inimi-

211 2193 306 2222 cus.

260 2237 420 2279 Emitte
440 2237 581 2279 lucem
599 2244 718 2280 tuam
738 2245 781 2281 et
799 2241 1028 2282 veritatem

209 2298 344 2334 tuam:
378 2295 401 2319 ¹⁸¹
433 2293 528 2346 ipsa
561 2308 630 2336 me
663 2294 951 2346 deduxerunt,
987 2302 1029 2338 et

210 2348 484 2391 adduxerunt
526 2350 568 2390 in
603 2356 796 2393 montem
832 2358 1029 2394 sanctum

209 2410 346 2455 tuum,
377 2411 420 2447 et
448 2406 491 2446 in
517 2406 798 2448 tabernacula
825 2414 910 2450 tua.

261 2462 317 2502 Et
341 2461 531 2503 introibo
560 2462 615 2504 ad
640 2463 777 2504 altare
803 2465 899 2505 Dei:
925 2466 948 2490 *
975 2465 1030 2507 ad

210 2517 371 2568 Deum,
418 2519 490 2570 qui
535 2518 728 2561 laetificat
765 2521 1029 2571 juventatem

210 2586 361 2615 meam.

267 2631 520 2673 Confitebor
547 2632 625 2674 tibi
652 2633 695 2673 in
724 2633 888 2674 cithara
910 2634 1030 2675 Deus

211 2689 331 2729 Deus
351 2701 487 2729 meus:
513 2691 535 2715 *
562 2702 694 2741 quare
714 2690 847 2731 tristis
872 2703 918 2731 es
943 2691 1028 2731 ani-

211 2757 281 2785 ma
299 2743 418 2785 mea?
439 2750 482 2786 et
503 2758 635 2796 quare
656 2745 892 2787 conturbas
913 2746 1004 2787 me?

1133 317 1270 368 Spera
1302 315 1345 355 in
1377 315 1490 361 Deo,
1523 313 1730 365 quoniam
1763 311 1906 354 adhuc

1083 370 1327 414 confitebor
1362 370 1439 411 illi:
1474 371 1498 397 *
1536 369 1726 410 salutare
1761 369 1906 411 vultus

1082 429 1177 478 mei,
1198 433 1242 469 et
1260 427 1382 468 Deus
1403 439 1537 468 meus.

1140 495 1234 534 Ant.
1264 491 1459 533 Introibo
1482 490 1540 532 ad
1558 490 1697 532 altare
1715 490 1814 532 Dei:
1839 503 1906 532 su-

1082 562 1197 589 mam
1217 547 1446 598 Christum,
1470 547 1543 600 qui
1561 549 1744 589 renovat
1764 548 1906 599 juven-

1082 609 1220 647 tatem
1239 617 1391 647 meam.

1136 676 1234 716 Ant.
1264 674 1437 715 (libavit
1460 685 1542 714 nos
1566 673 1779 714 Dominus
1801 673 1827 699 ²⁸¹
1853 685 1907 715 ex

1083 732 1213 785 adipe
1232 731 1450 773 frumenti:
1475 735 1518 772 et
1542 729 1596 772 de
1623 735 1759 782 petra,
1778 729 1907 772 melle

1082 788 1297 830 saturavit
1315 800 1407 829 nos.

1353 866 1550 907 Psalmus
1570 867 1641 906 80.

1082 932 1353 1039 Exsultate
1370 941 1468 982 Deo
1489 938 1678 991 adjutori
1694 942 1861 980 nostro:
1883 938 1907 964 *

1184 997 1362 1049 jubilate
1380 997 1478 1038 Deo
1498 994 1648 1037 Jacob.

1133 1054 1300 1096 Sumite
1317 1053 1545 1107 psalmum,
1566 1056 1610 1094 et
1625 1051 1726 1093 date
1741 1053 1908 1105 tympa-

1082 1124 1200 1152 num:
1224 1113 1247 1137 *
1271 1110 1527 1163 psalterium
1550 1106 1786 1162 jucundum
1809 1121 1909 1150 cum

1082 1167 1257 1209 cithara.

1134 1224 1373 1266 Buccinate
1399 1223 1443 1264 in
1467 1222 1710 1264 Neomenia
1736 1221 1858 1271 tuba,
1885 1221 1908 1248 *

1082 1280 1125 1320 in
1144 1280 1301 1332 insigni
1325 1278 1396 1321 die
1420 1278 1709 1321 solemnitatis
1734 1283 1909 1320 vestrae:

1135 1338 1247 1387 Quia
1267 1338 1541 1390 praeceptum
1562 1335 1607 1376 in
1626 1335 1763 1377 Israel
1782 1339 1862 1378 est:
1884 1337 1908 1363 *

1084 1398 1127 1436 et
1146 1393 1352 1446 judicium
1370 1394 1467 1435 Deo
1487 1391 1636 1434 Jacob.

1136 1450 1455 1492 Testimonium
1487 1449 1531 1490 in
1561 1447 1728 1501 Joseph
1761 1447 1910 1502 posuit

1083 1506 1202 1557 illud,
1225 1519 1324 1548 cum
1345 1508 1483 1548 exiret
1502 1505 1557 1547 de
1577 1510 1694 1547 terra
1711 1504 1910 1558 AEgypti:

1082 1565 1106 1591 *
1124 1563 1331 1615 linguam,
1357 1575 1488 1616 quam
1506 1574 1595 1604 non
1614 1563 1813 1612 noverat,
1837 1574 1908 1603 au-

1083 1619 1200 1662 divit.

1133 1676 1321 1718 Divertit
1369 1675 1424 1718 ab
1475 1674 1682 1717 oneribus
1729 1673 1910 1715 dorsum

1084 1734 1188 1785 ejus:
1210 1735 1234 1760 *
1257 1746 1411 1774 manus
1432 1733 1523 1785 ejus
1542 1732 1586 1773 in
1610 1730 1802 1784 cophino
1822 1743 1908 1773 ser-

1082 1791 1264 1832 vierunt.

1133 1847 1185 1887 In
1208 1845 1489 1888 tribulatione
1514 1843 1732 1886 invocasti
1753 1855 1841 1893 me,
1866 1847 1910 1885 et

1083 1902 1267 1944 liberavi
1294 1907 1356 1944 te:
1388 1904 1411 1929 *
1441 1900 1643 1943 exaudivi
1669 1905 1715 1942 te
1741 1900 1785 1941 in
1813 1898 1909 1941 abs-

1083 1958 1264 2002 condito
1304 1958 1600 2011 tempestatis:
1642 1955 1830 2010 probavi
1865 1960 1909 1998 te

1083 2015 1201 2070 apud
1225 2028 1385 2068 aquam
1409 2013 1774 2056 contradictionis.

1136 2071 1252 2114 Audi
1284 2071 1476 2124 populus
1510 2083 1653 2120 meus,
1686 2073 1730 2111 et
1763 2072 1908 2110 conte-

1083 2129 1235 2171 stabor
1260 2133 1319 2170 te:
1343 2129 1366 2153 *
1390 2126 1529 2168 Israel
1552 2127 1589 2168 si
1613 2125 1803 2168 audieris
1826 2137 1908 2174 me,

1083 2198 1171 2227 non
1197 2185 1277 2227 erit
1300 2185 1344 2225 in
1369 2189 1413 2226 te
1439 2183 1547 2225 deus
1571 2195 1740 2232 recem,
1765 2194 1908 2234 neque

1083 2241 1289 2283 adorabis
1310 2239 1440 2282 deum
1459 2239 1657 2281 alienum.

1132 2298 1227 2349 Ego
1257 2297 1371 2339 enim
1402 2309 1499 2338 sum
1527 2296 1620 2337 Dfis
1647 2296 1769 2338 Deus
1795 2300 1908 2345 tuus,

1084 2355 1158 2406 qui
1186 2354 1318 2396 eduxi
1347 2359 1391 2396 te
1420 2352 1475 2395 de
1507 2357 1624 2394 terra
1651 2352 1853 2405 AEgypti:
1883 2352 1907 2377 *

1085 2411 1219 2452 dilata
1238 2423 1288 2452 os
1306 2415 1439 2459 tuum,
1459 2414 1503 2451 et
1521 2408 1713 2462 implebo
1732 2407 1850 2449 illud.

1134 2468 1189 2509 Et
1227 2480 1314 2508 non
1355 2466 1521 2507 audivit
1557 2465 1749 2518 populus
1784 2477 1907 2506 meus

1082 2536 1236 2565 vocem
1263 2535 1420 2564 meam:
1448 2524 1471 2550 *
1501 2528 1543 2563 et
1570 2521 1707 2563 Israel
1733 2534 1821 2563 non
1847 2521 1906 2562 in-

1082 2579 1221 2621 tendit
1241 2579 1357 2620 mihi.

1134 2637 1191 2677 Et
1227 2635 1371 2677 dimisi
1408 2648 1484 2677 eos
1521 2634 1760 2676 secundum
1796 2632 1907 2675 desi-

1084 2691 1203 2732 deria
1225 2692 1370 2733 cordis
1396 2694 1558 2741 eorum,
1582 2692 1605 2717 *
1629 2691 1753 2732 ibunt
1772 2691 1815 2731 in
1835 2690 1906 2731 ad-

1083 2747 1403 2790 inventionibus
1425 2748 1524 2789 suis.
