2040 2976
713 225 808 258 Intra
840 226 1128 259 llelwciomadam
1159 227 1206 259 iii.
1236 227 1410 267 Augusti.

211 321 427 363 Dominus
446 334 526 374 per
544 322 719 363 Isaiam:
737 322 868 371 Ecce,
887 321 1037 373 inquit,

209 378 334 419 mitto
379 377 573 430 lapidem
618 378 662 419 in
707 378 1036 420 fundamentum

209 434 326 475 Sion:
362 433 407 476 id
441 440 524 485 est,
559 435 780 477 Christum
811 436 855 476 in
887 434 1036 476 funda-

207 492 402 532 mentum
427 492 651 534 Ecclesiae.
691 492 824 534 Fides
852 493 966 534 enim
992 494 1035 533 ό-

206 548 371 588 mnium
404 547 619 591 Christus:
659 549 859 591 Ecclesia
890 553 1036 591 autem

208 604 412 656 quaedam
437 605 578 647 forma
603 606 780 658 justitiae
808 611 890 656 est,
919 618 1034 647 com-

205 664 335 703 mune
373 662 438 713 jus
479 663 685 704 omnium:
724 663 768 703 in
804 665 1034 704 commune

206 723 314 768 orat,
329 718 372 759 in
387 723 619 761 commune
634 722 852 772 operatur,
868 719 911 760 in
926 731 1035 761 com-

204 778 335 817 mune
366 778 570 818 tentatur.
628 776 830 828 Denique
863 776 937 829 qui
969 788 1033 817 se-

203 833 349 884 ipsum
386 832 468 875 sibi
505 833 711 885 abnegat,
747 833 842 885 ipse
878 834 1032 885 justus,

203 888 300 941 ipse
332 888 489 940 dignus
522 890 695 932 Christo
730 895 807 931 est.
848 889 956 932 Ideo
989 895 1033 932 et

203 945 365 987 Paulus
391 946 718 996 fundamentum
744 947 893 999 pesuit
913 946 1032 988 Chri-

204 1006 334 1053 stum,
358 1009 406 1044 ut
430 1017 563 1056 supra
582 1017 681 1046 eum
702 1006 838 1057 epera
856 1004 1031 1056 justitiae

203 1058 465 1102 locaremus:
504 1061 605 1114 quia
638 1061 748 1103 fides
780 1059 1031 1103 fundamen-

201 1121 295 1157 tum
312 1122 389 1159 est.

255 1187 303 1237 lxffv.
331 1187 528 1229 Verbum
546 1188 742 1241 iniquum
765 1193 808 1230 et
827 1187 1035 1230 dolesum

201 1241 330 1295 longe
354 1243 422 1285 fac
447 1257 472 1285 a
490 1257 560 1286 me
579 1244 782 1286 Demine:
799 1248 819 1269 *
843 1245 1030 1287 Divitias

202 1304 246 1340 et
277 1302 584 1353 paupertatem
618 1314 673 1343 ne
708 1300 883 1343 dederis
914 1301 1029 1352 mihi,

201 1355 280 1398 sed
307 1361 477 1398 tantum
504 1358 639 1399 victui
666 1371 766 1400 meo
790 1358 934 1400 tribue
957 1371 1028 1401 ne-

201 1413 401 1454 cessaria.
436 1406 484 1457 Y
503 1414 604 1456 Duo
624 1415 777 1466 rogavi
796 1420 856 1465 te,
881 1428 936 1457 ne
957 1414 1027 1457 de-

199 1481 331 1520 neges
356 1469 462 1510 mihi
488 1472 722 1523 antequam
745 1472 917 1514 meriar.
954 1472 1026 1513 Di-

199 1526 337 1567 vitias.
367 1526 516 1568 Gleria
535 1528 665 1569 Patri.
693 1528 892 1570 Divitias.

252 1596 301 1647 Rg.
338 1596 403 1635 vii.
444 1597 633 1639 Domine
667 1603 794 1651 pater
829 1604 872 1641 et
904 1599 1026 1641 Deus

200 1651 301 1693 vitae
328 1666 453 1703 meae,
489 1667 544 1696 ne
578 1654 857 1708 derelinquas
885 1669 955 1699 me
982 1657 1026 1698 in

200 1708 396 1758 cogitatu
450 1711 660 1762 maligno:
728 1712 1027 1755 extollentiam

200 1765 428 1807 oculerum
451 1769 650 1809 meorum
673 1782 727 1810 ne
752 1768 927 1811 dederis
951 1771 1026 1811 mi-

198 1820 254 1870 hi,
277 1827 319 1863 et
339 1821 604 1865 desiderium
621 1825 858 1876 malignum
877 1829 1026 1869 averte

199 1889 224 1917 a
248 1891 318 1919 me
344 1879 545 1921 Demine:
578 1881 699 1923 aufer
724 1895 749 1923 a
773 1895 843 1924 me
869 1895 1024 1925 concu-

198 1933 470 1986 piscentiam,
489 1940 510 1962 *
532 1937 588 1978 Et
607 1938 750 1980 animo
770 1938 1026 1982 irreverenti

199 1995 243 2031 et
261 1990 466 2035 infrunito
486 2007 540 2035 ne
565 1994 715 2036 tradas
737 2008 807 2037 me
826 1996 1025 2038 Demine.

199 2047 248 2096 Y.
267 2047 334 2089 Ne
355 2048 632 2103 derelinquas
651 2065 721 2094 me
740 2053 944 2103 Demine,
969 2066 1023 2095 ne

199 2106 453 2147 accrescant
486 2107 746 2158 ignorantiae
779 2122 907 2160 meae,
943 2123 1025 2151 nec

198 2160 539 2214 multiplicentur
560 2163 719 2207 delicta
737 2179 845 2208 mea.
872 2167 938 2209 Et.

249 2229 299 2282 R,
328 2231 410 2270 viii.
459 2233 559 2274 Duo
597 2234 826 2288 seraphim
867 2237 1023 2279 clama-

196 2286 303 2329 bant
330 2288 440 2330 alter
468 2288 525 2330 ad
553 2290 750 2333 alterum:
778 2292 799 2314 *
825 2293 1021 2345 Sanctus,

197 2349 391 2394 sanctus,
438 2351 614 2387 sanctus
650 2348 864 2391 Deminus
899 2350 1022 2392 Deus

195 2399 406 2442 Sabaoth:
432 2403 452 2424 *
480 2401 613 2463 Plena
642 2409 708 2445 est
735 2406 877 2446 omnis
904 2411 1023 2447 terra

194 2456 336 2507 gleria
355 2457 455 2508 ejus.
490 2457 535 2502 ,Υ-
561 2458 672 2500 Tres
691 2466 791 2503 sunt
812 2462 886 2514 qui
903 2463 1022 2504 testi-

195 2513 390 2554 menium
409 2512 515 2555 dant
533 2514 577 2554 in
598 2515 728 2566 coelo,
750 2517 894 2567 Pater,
914 2519 1021 2560 Ver-

195 2568 310 2620 bum,
331 2575 374 2611 et
391 2570 578 2623 Spiritus
599 2578 788 2614 sanctus:
808 2579 852 2616 et
869 2574 913 2615 hi
931 2580 1022 2617 tres

193 2639 330 2723 lignum
350 2632 460 2668 sunt.
493 2627 688 2669 Sanctus.
722 2629 873 2671 (ileria
892 2630 1021 2672 Patri.

247 2695 338 2724 ena.

1235 322 1430 360 Feria
1465 323 1776 361 Secunda.

1271 375 1338 416 De
1356 374 1470 417 libro
1489 375 1736 429 Sapientiae.

1168 435 1318 474 Lectio
1339 435 1360 474 i.
1680 437 1781 487 Cap.
1802 438 1837 475 3.

1100 520 1126 569 1
1139 502 1161 565 ξιξ
1174 494 1373 590 usstorum
1392 497 1539 535 autem
1558 493 1772 535 animae‘in
1785 507 1917 592 maelxlnu

1087 554 1793 650 ῒοτωὲῗιιῒυὸῐὲῃῐὲοξῒῒίεῗοθὶεῒῗὲιὲιὲξ
1816 564 1917 650 (15(ιῗιῗ

1086 661 1140 703 lis
1158 662 1455 716 insipientium
1477 663 1605 706 mori:
1631 669 1675 705 et
1700 665 1917 707 aestimata

1087 723 1155 760 est
1174 719 1353 762 afflictio
1371 721 1513 762 exitus
1527 720 1717 762 illerum:
1737 726 1781 763 et
1796 721 1917 774 quod

1086 788 1111 816 a
1135 776 1264 818 nobis
1289 782 1356 819 est
1379 777 1478 827 iter,
1506 778 1826 820 exterminium:
1854 778 1916 820 illi

1086 837 1233 874 autem
1258 839 1358 875 sunt
1383 835 1426 875 in
1451 847 1573 888 pace.
1626 835 1683 877 Et
1706 835 1743 876 si
1766 847 1916 877 eoram

1085 889 1335 932 hominibus
1377 893 1596 933 tormenta
1637 892 1759 944 passi
1798 897 1914 943 sunt,

1085 958 1187 999 spes
1220 947 1394 989 illerum
1425 947 1752 990 immortalitate
1783 948 1915 1002 plena

1086 1008 1163 1045 est.
1189 1004 1240 1044 In
1260 1005 1413 1057 paucis
1432 1005 1590 1055 vexati,
1611 1005 1656 1046 in
1674 1005 1823 1047 multis
1841 1005 1914 1048 be-

1084 1072 1139 1101 ne
1155 1059 1458 1114 disponentur:
1475 1062 1680 1115 quoniam
1695 1063 1817 1104 Deus
1830 1067 1915 1105 ten·

1083 1117 1194 1158 tavit
1214 1130 1302 1168 eos,
1321 1123 1365 1160 et
1383 1118 1548 1161 invenit
1566 1118 1667 1160 illos
1683 1118 1839 1171 dignos
1854 1132 1914 1162 se.

1083 1173 1330 1226 Tamquam
1357 1188 1510 1217 aurum
1536 1176 1580 1216 in
1607 1175 1787 1218 fornace
1813 1189 1913 1229 pro-

1083 1229 1205 1273 bavit
1222 1231 1332 1282 illos,
1357 1237 1401 1274 et
1422 1232 1548 1286 quasi
1567 1231 1819 1275 holocausti
1838 1233 1913 1275 he-

1083 1287 1212 1328 stiam
1237 1289 1408 1341 accepit
1431 1288 1547 1339 illos,
1576 1294 1620 1331 et
1644 1289 1689 1330 in
1713 1291 1912 1343 tempore

1083 1343 1165 1386 erit
1184 1347 1413 1398 respectus
1431 1345 1619 1388 illerum.

1136 1401 1187 1451 lt.
1212 1401 1280 1443 Ne
1299 1401 1590 1455 derelinquas.
1607 1403 1700 1444 237.

1394 1459 1545 1501 Lectio
1566 1461 1604 1500 ii.

1162 1514 1373 1566 ulgebunt
1390 1516 1491 1568 justi
1509 1521 1553 1558 et
1570 1521 1795 1568 tamquam
1809 1516 1913 1558 scin-

1170 1571 1276 1613 tillae
1301 1572 1347 1613 in
1370 1573 1629 1615 arundineto
1655 1572 1910 1615 discurrent.
1957 1626 1960 1631 ι

1079 1628 1345 1671 Judicabunt
1380 1629 1599 1680 natienes‚
1635 1634 1679 1672 et
1716 1629 1909 1672 domina-

1079 1685 1242 1728 bantur
1261 1685 1455 1739 papulis,
1481 1691 1525 1728 et
1543 1686 1743 1739 regnabit
1760 1686 1909 1729 Domi-

1078 1755 1159 1783 nus
1196 1742 1372 1784 illorum
1410 1742 1453 1783 in
1489 1745 1764 1797 perpetuum.
1825 1744 1910 1795 Qui

1079 1798 1306 1840 confidunt
1325 1799 1370 1840 in
1388 1799 1477 1850 illo,
1496 1799 1739 1851 intelligent
1753 1800 1908 1843 verita-

1077 1860 1181 1897 tem:
1201 1860 1245 1897 et
1259 1855 1414 1898 fideles
1428 1857 1473 1897 in
1488 1855 1723 1899 dilectione
1737 1856 1908 1909 aequie-

1079 1917 1202 1954 scent
1225 1911 1301 1953 illi:
1329 1913 1536 1966 queniam
1562 1913 1727 1955 donum
1753 1917 1797 1955 et
1819 1926 1908 1966 pax

1079 1973 1146 2010 est
1178 1968 1329 2011 electis
1357 1970 1460 2022 ejus.
1512 1969 1642 2022 Impii
1669 1974 1815 2013 autem
1842 1982 1906 2012 se-

1078 2024 1270 2066 cundum
1294 2039 1393 2078 quae
1417 2025 1737 2077 cogitaverunt,
1764 2039 1906 2069 corre-

1076 2083 1275 2135 ptionem
1310 2082 1548 2125 habebunt:
1595 2082 1669 2135 qui
1706 2083 1906 2134 neglexe-

1076 2144 1177 2181 runt
1196 2140 1372 2191 justum,
1397 2145 1441 2182 et
1460 2152 1486 2181 a
1504 2139 1696 2181 Demino
1715 2142 1905 2182 recesse-

1075 2201 1186 2238 runt.
1214 2196 1482 2249 Sapientiam
1501 2196 1630 2246 enim,
1650 2201 1694 2238 et
1715 2195 1904 2250 discipli-

1074 2265 1175 2294 nam
1202 2253 1276 2306 qui
1299 2253 1462 2305 abjicit,
1488 2252 1638 2294 infelix
1662 2258 1743 2295 est:
1771 2258 1815 2296 et
1835 2256 1905 2296 va-

1076 2322 1158 2350 cua
1191 2315 1258 2351 est
1290 2322 1392 2362 spes
1425 2309 1615 2351 illorum:
1654 2315 1698 2352 et
1728 2309 1904 2352 labetes

1075 2366 1168 2407 sine
1182 2366 1336 2416 fructu,
1352 2371 1396 2408 et
1409 2365 1579 2407 inutilia
1594 2368 1731 2419 epera
1741 2368 1904 2409 eerum.

1131 2422 1179 2472 R.
1204 2423 1364 2474 Magna
1383 2423 1509 2464 enim.
1527 2423 1620 2464 237.

1183 2478 1331 2518 Lectio
1353 2479 1406 2517 iii.
1584 2480 1686 2531 Cap.
1707 2480 1743 2519 5.
1766 2494 1820 2520 c.-

1075 2530 1229 2635 Justi
1247 2541 1393 2578 autem
1406 2537 1451 2578 in
1468 2538 1731 2590 perpetuum
1744 2537 1902 2586 vivent,

1161 2598 1205 2635 et
1234 2592 1354 2646 apud
1379 2594 1616 2635 Deminum
1642 2598 1710 2635 est
1733 2606 1902 2635 merces

1074 2650 1243 2699 earum,
1272 2655 1315 2692 et
1344 2650 1554 2701 cogitatio
1582 2649 1756 2692 illerum
1784 2649 1902 2702 apud.

1073 2705 1358 2747 Altissimum.
1419 2705 1529 2749 Ideo
1575 2706 1794 2759 accipient
1836 2718 1901 2748 re-

1071 2774 1204 2812 gnum
1224 2762 1415 2813 decoris,
1441 2768 1486 2805 et
1510 2761 1713 2805 diadema
1737 2762 1902 2816 speciei
