2040 2976
191 205 286 249 [368]

798 206 1037 249 1³raeparatio
1065 208 1112 241 ad
1140 208 1308 241 Missam.

191 300 228 335 in
247 311 306 336 me
328 301 489 345 aliquod
505 301 600 336 boni
617 301 748 345 operis
760 302 1024 337 testimenium

190 361 267 386 non
293 353 502 395 agnoscas,
527 352 696 387 officium
713 353 850 387 saltem
869 352 1023 397 dispen-

191 401 354 435 satienis
380 401 538 436 creditae
561 412 639 437 non
663 404 836 446 recuses,
860 412 932 437 nec
954 413 1024 446 per

190 461 250 485 me
293 451 495 495 indignum
539 453 672 487 eerum
711 453 849 487 salutis
891 454 1024 497 pereat

190 500 369 544 pretium,
398 511 470 545 pro
494 502 637 546 quibus
659 503 817 537 victima
841 503 1023 538 salutaris

190 550 372 593 dignatus
397 560 439 585 es
464 561 567 594 esse,
598 556 635 586 et
658 551 886 596 redemptio.
932 552 1023 586 Pro-

190 600 272 635 fero
289 601 415 644 etiam,
439 601 604 637 Demine
629 602 677 644 (si
699 602 872 646 digneris
895 603 1024 647 propi-

189 651 267 685 tius
306 651 476 695 intueri),
520 652 794 688 tribulationes
834 653 1023 697 plebium,

189 702 362 744 pericula
395 702 647 746 populerum,
687 703 931 747 captivemm
962 704 1024 746 ge-

189 751 322 795 mitus,
346 752 524 787 miserias
550 753 828 797 orphanorum,
856 753 1024 788 necessi-

189 803 288 836 tates
304 802 612 846 peregrinorum,
637 803 810 847 inopiam
828 803 1024 846 debilium,

190 851 484 896 desperatidnes
523 854 804 898 languentium,
850 854 1023 888 defectus

190 912 341 946 senum,
371 903 540 947 suspiria
563 904 761 947 juvenum,
790 907 883 938 vota
908 903 1024 947 virgi-

189 963 292 996 num,
316 953 484 988 lamenta
506 954 723 989 viduarum.

404 1021 564 1056 Feria
596 1021 809 1067 Quinta.

246 1103 272 1127 u
296 1092 399 1127 enim
421 1093 617 1128 misereris
639 1093 824 1136 omnium,
848 1094 1024 1137 Domine,

271 1146 308 1177 et
335 1142 434 1176 nihil
461 1143 580 1178 odisti
607 1144 740 1178 eerum
770 1153 858 1187 quae
885 1143 1021 1179 fecisti.

191 1191 416 1236 Memorare,
441 1203 530 1237 quae
555 1193 606 1228 sit
628 1198 763 1228 nostra
787 1195 1022 1230 substantia:

192 1243 284 1287 quia
308 1247 348 1278 tu
371 1243 488 1279 Pater
510 1248 643 1279 noster
667 1255 719 1288 es,
745 1246 837 1289 quia
860 1251 902 1281 tu
917 1246 1024 1282 Deus

191 1298 324 1328 noster
353 1304 413 1338 es,
449 1305 498 1329 ne
528 1295 711 1330 irascaris
744 1296 859 1340 satis,
898 1307 1024 1342 neque

190 1344 477 1380 multitudinem
505 1346 699 1381 viscerum
726 1348 880 1382 tuerum
906 1359 1024 1392 super

190 1405 263 1430 nos
288 1396 497 1431 contineas.
535 1396 626 1431 Non
651 1397 754 1431 enim
778 1397 818 1432 in
841 1398 1024 1441 justifica-

190 1445 362 1481 tionibus
394 1447 540 1482 nostris
573 1448 855 1491 prosternimus
886 1460 1023 1493 preces

191 1500 278 1531 ante
302 1497 441 1532 faciem
463 1502 587 1541 tuam,
612 1498 682 1532 sed
703 1498 743 1532 in
766 1499 1024 1535 miseratieni-

189 1546 263 1581 bus
279 1547 357 1582 tuis
375 1547 517 1582 multis,
549 1547 673 1582 Aufer
697 1558 719 1582 a
742 1549 858 1584 nobis
883 1550 1023 1594 iniqui-

189 1598 287 1631 tates
311 1602 478 1640 nostras,
503 1601 540 1632 et
563 1597 692 1641 ignem
714 1599 839 1634 sancti
856 1599 1023 1644 Spiritus

190 1645 230 1680 in
267 1646 382 1681 nobis
422 1647 628 1682 clementer
665 1648 842 1683 accende.
901 1650 1023 1685 Aufer

190 1706 257 1731 cor
285 1696 483 1740 lapideum
510 1697 559 1732 de
588 1707 702 1732 carne
726 1703 877 1742 nostra,
909 1704 947 1735 et
973 1701 1022 1735 da

189 1747 304 1782 nobis
330 1757 397 1782 cor
419 1749 615 1790 carneum,
647 1749 755 1793 quod
777 1753 814 1784 te
839 1754 954 1795 amet,
984 1755 1021 1786 te

190 1796 342 1840 diligat,
370 1801 407 1832 te
433 1797 659 1842 delectetur,
690 1803 726 1833 te
751 1802 953 1844 sequatur,
984 1805 1021 1836 te

189 1847 418 1891 perfruetur.
461 1847 635 1892 Oramus,
659 1848 836 1893 Domine,
860 1851 1020 1886 clemen-

187 1897 281 1931 tiam
309 1901 430 1940 tuam,
463 1902 505 1932 ut
535 1899 672 1933 sereno
697 1900 808 1935 vultu
836 1900 1022 1936 familiam

187 1951 309 1991 tuam,
334 1948 435 1982 sacri
451 1948 508 1982 tui
528 1948 698 1984 neminis
716 1950 845 1985 officia
860 1956 1023 1995 praesto-

187 1997 345 2041 lentem,
376 1999 550 2042 aspicere
580 1999 768 2043 digneris:
804 2005 842 2036 et
869 2005 911 2036 ut
939 2003 1022 2037 nul-

187 2047 262 2082 lius
292 2048 342 2082 sit
372 2048 521 2083 irritum
545 2053 697 2093 votum,
729 2051 873 2087 nullius
897 2054 1022 2087 vacua

188 2098 419 2142 postulatio,
454 2103 496 2133 tu
529 2099 645 2134 nobis
678 2110 815 2144 preces
846 2104 1021 2146 suggere,

189 2157 286 2191 quas
316 2147 401 2191 ipse
431 2149 624 2193 propitius
656 2150 806 2195 audire,
841 2155 878 2186 et
906 2162 1022 2188 exau-

189 2196 270 2231 dire
295 2197 509 2232 delecteris.

421 2255 454 2290 F
468 2255 582 2291 eria
616 2256 789 2292 Sexta.

187 2321 405 2396 Rogamus
423 2328 539 2363 etiam
555 2333 602 2372 te,
619 2329 784 2365 Demine
802 2335 934 2367 sancte
950 2332 1021 2367 Pa-

263 2382 332 2421 ter,
346 2382 384 2413 et
395 2388 468 2422 pro
483 2379 685 2422 spiritibus
699 2381 871 2416 fidelium
887 2382 1020 2417 defun—

189 2429 351 2463 cterum:
376 2432 418 2463 ut
435 2428 487 2463 sit
503 2429 582 2463 illis
600 2429 721 2474 salus,
744 2432 906 2475 sanitas,
929 2434 1020 2476 gau-

189 2476 297 2512 dium
313 2482 350 2513 et
366 2478 622 2522 refrigerium,
646 2479 722 2514 hoc
742 2490 925 2525 magnum
941 2482 1021 2526 pie-

188 2527 279 2562 tatis
293 2529 584 2564 sacramentum.
600 2528 766 2565 Demine
779 2530 886 2566 Deus
901 2542 1021 2575 meus,

189 2577 240 2612 sit
261 2577 340 2612 illis
361 2578 478 2613 hodie
500 2588 683 2622 magnum
705 2583 743 2614 et
757 2580 916 2623 plenum
933 2591 1021 2616 con-

188 2627 337 2662 vivium
360 2628 408 2663 de
431 2632 467 2663 te
490 2639 591 2672 pane
616 2629 729 2672 vivo,
755 2630 822 2673 qui
846 2631 894 2665 de
920 2631 1020 2666 coelo

190 2677 444 2722 descendisti,
477 2683 514 2714 et
539 2679 611 2714 das
636 2679 757 2714 vitam
781 2681 942 2724 mundo,
973 2682 1020 2717 de

189 2731 255 2762 tua
279 2728 404 2764 Carne
433 2733 568 2764 sancta
597 2733 634 2764 et
662 2730 882 2774 benedicta,
916 2732 1021 2776 Agni

1076 303 1260 338 videlicet
1283 302 1531 346 immaculati,
1556 301 1624 346 qui
1646 301 1753 337 tollis
1774 303 1910 345 pecca-

1076 357 1115 388 ta
1139 353 1290 396 mundi,
1324 362 1412 397 quae
1441 353 1490 388 de
1515 356 1650 388 sancto
1675 356 1713 387 et
1736 351 1910 396 glorioso

1076 404 1203 438 beatae
1218 403 1392 447 Virginis
1409 403 1542 438 Mariae
1560 404 1670 437 utero
1687 405 1747 436 est
1764 402 1911 436 assum-

1077 458 1159 498 pta,
1184 458 1221 489 et
1245 454 1292 489 de
1310 454 1456 498 Spiritu
1481 457 1616 489 sancto
1638 453 1840 496 concepta;
1866 461 1912 486 ac

1078 504 1126 539 de
1150 504 1218 539 illo
1242 505 1401 548 pietatis
1424 504 1542 547 fonte,
1567 503 1635 548 qui
1650 513 1722 547 per
1736 502 1912 536 lanceam

1077 554 1211 589 militis
1233 565 1282 589 ex
1304 558 1371 589 tuo
1393 553 1658 589 sacratissimo
1674 552 1794 587 latere
1811 561 1912 586 ema-

1076 605 1200 640 navit:
1228 609 1271 640 ut
1295 605 1435 640 exinde
1458 604 1592 639 refecti
1615 606 1654 638 et
1677 602 1825 646 satiati,
1854 612 1911 636 re-

1078 655 1251 699 frigerati
1270 659 1307 690 et
1323 654 1515 690 consolati
1533 653 1728 689 exsultent
1742 652 1783 687 in
1795 651 1912 686 laude

1079 709 1116 739 et
1139 706 1264 749 gleria
1287 709 1364 740 tua.
1408 705 1504 740 Peto
1530 703 1774 739 clementiam
1795 705 1912 745 tuam,

1077 755 1262 799 Demine,
1296 759 1338 790 ut
1373 754 1585 790 descendat
1619 763 1738 798 super
1770 762 1913 797 panem

1078 805 1151 841 tibi
1180 805 1478 840 sacrificandum
1507 803 1711 849 plenitudo
1742 806 1821 837 tuae
1847 802 1912 836 be-

1078 856 1328 899 nedicti6nis,
1363 859 1400 890 et
1428 853 1684 890 sanctificatio
1712 857 1791 888 tuae
1815 851 1913 887 divi-

1078 906 1222 942 nitatis.
1256 906 1478 942 Descendat
1494 905 1625 948 etiam,
1644 903 1824 946 Demine,
1845 902 1914 937 ina

1079 957 1204 1001 saneti
1227 957 1395 1001 Spiritus
1423 955 1481 991 tui
1510 953 1738 996 invisibilis,
1769 953 1913 988 incom-

1077 1006 1433 1050 prehensibilisque
1456 1005 1650 1049 majestas,
1675 1003 1776 1038 sicut
1792 1012 1912 1047 quon-

1079 1056 1169 1091 dam
1201 1057 1241 1091 in
1273 1060 1427 1101 patrum
1455 1055 1606 1090 hostias
1635 1052 1912 1088 descendebat:

1079 1107 1146 1151 qui
1179 1110 1216 1142 et
1247 1107 1466 1142 oblationes
1498 1109 1655 1140 nostras
1689 1102 1844 1147 Corpus
1876 1105 1914 1137 et

1078 1156 1315 1201 Sanguinem
1338 1160 1447 1192 tuum
1471 1155 1630 1198 efficiat,
1662 1157 1700 1188 et
1726 1162 1788 1187 me
1815 1151 1913 1186 indi-

1078 1213 1196 1251 gnum
1224 1207 1467 1243 sacerdotem
1497 1205 1636 1241 doceat
1661 1207 1811 1239 tantum
1837 1206 1912 1238 tra-

1078 1260 1181 1293 ctare
1210 1258 1438 1303 mysterium
1466 1267 1553 1291 cum
1584 1254 1715 1290 cordis
1744 1252 1912 1298 puritAte

1078 1313 1116 1344 et
1146 1309 1393 1343 lacrimairum
1424 1306 1649 1349 devotiene,
1690 1313 1778 1339 cum
1805 1313 1913 1339 reve·

1077 1359 1201 1394 rentia
1232 1362 1270 1394 et
1301 1358 1484 1401 tremore,
1523 1357 1579 1391 ita
1610 1359 1654 1390 ut
1682 1353 1837 1398 placide
1867 1363 1913 1389 ac

1077 1409 1243 1453 benigne
1273 1408 1467 1453 suscipias
1497 1405 1734 1443 sacrificium
1758 1403 1807 1438 de
1835 1405 1912 1438 ma-

1077 1459 1192 1495 nibus
1225 1459 1323 1494 meis
1359 1459 1410 1494 ad
1440 1458 1605 1493 salutem
1633 1453 1806 1491 omnium
1833 1457 1913 1488 tam

1076 1509 1266 1553 viverum,
1291 1519 1409 1553 quam
1433 1508 1711 1543 defunctorum.

1352 1593 1641 1630 Sabbato.

1078 1677 1208 1751 Rogo
1238 1679 1354 1714 etiam
1383 1683 1436 1722 te,
1468 1678 1650 1722 Domine,
1685 1687 1756 1721 per
1782 1676 1912 1721 ipsum

1158 1731 1450 1764 sacrosanctum
1473 1728 1700 1773 mysterium
1722 1726 1911 1771 Cerporis

1077 1782 1113 1814 et
1137 1779 1346 1824 Sanguinis
1369 1779 1441 1822 tui,
1473 1788 1550 1823 quo
1581 1777 1755 1822 quotidie
1778 1777 1819 1811 in
1842 1776 1911 1811 Ec-

1078 1829 1198 1864 clesia
1226 1834 1293 1864 tua
1322 1829 1519 1874 pascimur
1547 1831 1585 1863 et
1612 1829 1810 1872 potamur,
1846 1827 1911 1862 ab·

1076 1879 1219 1915 luimur
1248 1884 1285 1915 et
1314 1879 1615 1922 sanctificamur,
1650 1881 1766 1922 atque
1796 1876 1910 1912 unsus

1076 1940 1238 1965 summae
1255 1929 1473 1965 divinitatis
1485 1929 1696 1974 participes
1710 1927 1910 1963 efficimur:

1076 1980 1126 2015 da
1149 1981 1246 2015 mihi
1268 1981 1432 2016 virtutes
1454 1983 1542 2015 tuas
1567 1982 1741 2023 sanctas,
1767 1977 1910 2022 quibus

1075 2031 1261 2075 repletus,
1294 2031 1399 2066 bona
1432 2028 1672 2065 conscientia
1705 2027 1756 2063 ad
1790 2027 1910 2062 altare

1074 2085 1182 2116 tuum
1215 2081 1414 2124 accedam,
1456 2080 1511 2115 ita
1542 2083 1585 2115 ut
1616 2079 1703 2114 haec
1735 2077 1911 2114 coelestia

1075 2132 1317 2167 sacramenta
1353 2130 1571 2166 efficiantur
1601 2129 1699 2164 mihi
1733 2128 1840 2163 salus
1874 2131 1911 2163 et

1074 2181 1166 2217 vita.
1213 2181 1273 2217 Tu
1303 2181 1405 2217 enim
1430 2179 1566 2215 dixisti
1591 2189 1657 2214 ore
1680 2182 1749 2214 tuo
1774 2181 1910 2214 sancto

1077 2236 1114 2267 et
1136 2232 1358 2267 benedicto:
1393 2231 1524 2274 Panis,
1557 2240 1673 2274 quem
1696 2239 1769 2273 ego
1794 2228 1909 2281 dabo,

1076 2293 1167 2318 caro
1201 2293 1287 2318 mea
1323 2286 1382 2318 est
1414 2292 1487 2326 pro
1522 2280 1658 2316 mundi
1690 2280 1790 2315 vita:
1825 2279 1909 2324 Ego

1075 2343 1161 2368 sum
1183 2333 1299 2377 panis
1322 2332 1450 2376 vivus,
1475 2331 1543 2376 qui
1566 2331 1614 2366 de
1634 2329 1735 2365 coelo
1753 2329 1909 2364 descen-

1075 2383 1129 2418 di:
1154 2383 1196 2418 Si
1221 2383 1308 2427 quis
1330 2380 1625 2417 manducaverit
1641 2390 1691 2415 ex
1705 2379 1782 2414 hoc
1796 2389 1909 2423 pane,

1073 2433 1181 2468 vivet
1211 2433 1252 2468 in
1281 2433 1476 2468 aeternum.
1522 2430 1641 2465 Panis
1674 2428 1909 2472 dulcissime,

1074 2493 1171 2518 sana
1193 2483 1367 2527 palatum
1396 2481 1527 2516 cordis
1551 2479 1645 2523 mei,
1674 2483 1717 2514 ut
1745 2478 1910 2514 sentiam

1074 2533 1307 2568 suavitatem
1330 2531 1474 2567 ameris
1497 2530 1564 2566 tui.
1611 2529 1714 2565 Sana
1737 2528 1836 2564 illud
1859 2529 1908 2564 ab

1074 2583 1180 2618 omni
1211 2583 1416 2627 languere,
1449 2585 1492 2616 ut
1522 2580 1670 2616 nullam
1698 2577 1841 2624 praetef
1870 2583 1908 2614 te

1074 2633 1239 2668 sentiam
1262 2632 1517 2668 dulcedinem.
1562 2630 1682 2665 Panis
1715 2629 1908 2664 candidis-

1074 2683 1185 2726 sime,
1214 2683 1365 2717 habens
1387 2691 1500 2717 omne
1525 2680 1847 2715 delectamentum
1871 2682 1908 2714 et

1074 2743 1227 2768 omnem
1250 2733 1446 2777 saperem,
1477 2731 1544 2775 qui
1572 2741 1645 2766 nos
1670 2739 1824 2774 semper
1851 2729 1907 2763 re-
