2040 2976
503 245 618 278 Aliud
646 244 822 278 Officium
846 244 880 278 S.
902 244 1064 277 Joannis
1091 244 1355 291 Ncpomuccni
1382 245 1488 278 Mart.

143 338 296 379 Lectio
318 339 457 379 sancti
475 339 704 390 Evangelii
728 337 969 379 secundum

420 395 688 436 Matthaeum.

241 456 393 496 Lectio
414 456 483 495 vii.
694 456 863 507 Cap.‚ll.

186 525 214 552 n
249 511 324 552 illo
364 513 581 563 tempore:
629 511 738 551 Cum
774 509 970 551 audisset

205 567 229 607 J
232 569 397 608 oannes
422 567 465 607 in
485 566 670 608 vinculis
695 568 831 618 epera
851 565 969 607 Chri-

139 623 205 672 sti,
224 622 401 663 mittens
422 622 534 663 duos
555 622 610 663 de
628 621 853 673 discipulis
870 622 969 671 suis,

139 678 198 719 ait
221 678 296 718 illi:
320 679 390 719 Tu
415 691 462 719 es
490 678 564 730 qui
588 681 798 719 venturus
825 690 889 726 es,
915 690 968 718 an

138 734 270 775 alium
294 732 622 786 exspectamus?
650 734 708 775 Et
726 733 904 784 reliqua.

182 813 375 854 Homilia
399 811 537 853 sancti
557 811 759 862 Gregorii
780 811 925 862 Papae.

329 878 371 912 In
394 878 539 921 Evang.
560 878 731 912 Homilia
751 878 780 911 6.

148 954 154 990 ⁷:
171 945 257 983 Γη
269 934 428 975 imissis
443 934 468 974 J
470 933 592 975 oafiis
609 932 847 984 discipulis,
864 932 969 985 quid

171 985 240 1039 sl
289 990 343 1031 de
370 989 527 1031 eodem
547 989 571 1030 J
575 991 716 1030 oanne
741 989 882 1031 turbis
908 988 967 1031 di-

288 1051 373 1096 cat,
400 1045 640 1087 audiamus.
680 1045 796 1094 Quid
817 1045 968 1086 existis

137 1103 181 1143 in
221 1102 443 1144 desertum
484 1099 658 1142 videre?
709 1101 969 1143 arundinem

137 1163 270 1200 vento
315 1157 545 1208 agitatam?
599 1156 729 1206 Quod
763 1156 969 1198 videlicet

137 1227 225 1256 non
244 1214 500 1263 asserendo,
529 1212 608 1254 sed
635 1213 838 1263 negando
858 1215 967 1254 intu-

136 1270 196 1312 lit.
250 1269 523 1311 Arundinem
567 1269 732 1321 quippe
776 1282 881 1309 mox
922 1275 970 1310 ut

138 1339 244 1368 aura
264 1326 512 1376 contigerit,
531 1325 575 1365 in
593 1330 766 1377 partem
786 1325 969 1366 alteram

138 1383 330 1424 inflectit.
375 1383 431 1423 Et
465 1380 571 1433 quid
602 1389 682 1433 pe'r
710 1381 969 1423 arundinem

138 1439 221 1480 nisi
258 1439 445 1481 carnalis
485 1438 653 1479 animus
691 1437 968 1489 designatur?

139 1496 222 1546 Qui
241 1508 345 1536 mox
363 1499 412 1536 ut
436 1495 586 1536 favore
604 1494 675 1535 vel
695 1493 968 1535 detractione

137 1552 343 1602 tangitur,
365 1551 515 1592 statim
533 1551 576 1590 in
595 1555 769 1603 partem
789 1550 968 1602 quamli-

137 1607 213 1650 bet
231 1607 473 1648 inclinatur.
501 1607 545 1648 Si
565 1607 680 1648 enim
700 1606 755 1647 ab
774 1605 966 1647 humano

140 1677 216 1705 ore
236 1677 342 1705 aura
360 1663 523 1704 faveris
544 1663 725 1712 flaverit,
746 1662 968 1703 hilarescit

139 1723 183 1761 et'
215 1719 452 1762 extollitur:
493 1718 572 1760 sed
604 1719 640 1759 si
672 1718 775 1759 inde
808 1723 967 1759 ventus

139 1775 424 1817 detractionis
461 1775 669 1827 eruperit,
709 1774 826 1815 unde
862 1787 967 1815 aura

137 1831 278 1873 laudis
306 1831 528 1880 veniebat,
563 1843 669 1872 mox
697 1830 813 1871 hunc
843 1830 968 1881 quasi

136 1888 181 1928 in
206 1892 378 1940 partem
405 1887 587 1929 alteram
615 1886 672 1927 ad
695 1886 784 1926 vim
808 1885 967 1926 furoris

136 1944 325 1985 inclinat.

190 2009 242 2060 R.
267 2005 377 2045 Cum
402 2004 696 2056 corriperetur
725 2002 780 2043 ab
807 2002 882 2042 illo
911 2001 967 2042 de

138 2061 340 2102 Omnibus
366 2060 490 2101 malis
518 2072 616 2111 quae
643 2059 745 2100 fecit
771 2070 864 2107 rex,
894 2057 966 2098 ad-

136 2116 236 2168 jecit
255 2121 299 2158 et
315 2115 416 2158 hoc:
437 2118 460 2143 *
477 2116 534 2157 Et
557 2115 733 2156 inclusit
750 2115 774 2155 J
780 2116 967 2155 oannem

136 2172 180 2212 in
217 2175 404 2214 carcere.
445 2171 495 2222 ys.
526 2171 701 2212 Laboro
738 2182 879 2222 usque
911 2169 968 2210 ad

137 2229 324 2278 vincula,
354 2229 479 2280 quasi
508 2228 622 2269 male
652 2230 855 2279 eperans:
888 2225 968 2266 sed

138 2284 320 2325 verbum
338 2285 424 2326 Dei
439 2297 528 2325 non
548 2289 614 2325 est
633 2283 871 2334 alligatum.
898 2281 967 2322 Et.

414 2346 575 2391 'Lectio
595 2350 678 2389 viii.

141 2411 263 2517 Sed
291 2412 460 2454 arundo
490 2412 653 2463 agitata
680 2416 812 2452 vento
838 2411 862 2450 J
865 2412 966 2451 oan-

119 2478 122 2480 ·
229 2482 307 2509 nes
338 2481 426 2510 non
458 2473 566 2509 erat:
605 2468 707 2519 quia
739 2467 854 2508 hunc
886 2478 968 2506 nec

138 2524 347 2565 blandum
366 2525 519 2575 gratia,
542 2537 624 2565 nec
644 2522 875 2574 cujuslibet
894 2521 966 2562 de-

137 2580 363 2621 tractionis
404 2580 470 2620 ira
513 2582 719 2632 asperum
762 2577 967 2618 faciebat:

138 2648 220 2676 nec
258 2637 474 2687 prospera
511 2635 627 2676 hunc
660 2637 845 2684 erigere,
886 2644 967 2672 nec

139 2691 326 2732 adversa
345 2693 558 2732 neverant
577 2691 798 2731 inclinare.
826 2688 966 2728 Arun-

140 2746 197 2788 do
238 2758 343 2797 ergo
374 2751 505 2788 vento
543 2746 706 2797 agitata
737 2757 826 2785 non
862 2748 966 2793 erat,

292 2887 356 2911 Pars
372 2887 480 2912 AEstiva.

1022 350 1154 388 quam
1173 338 1227 379 ab
1247 344 1386 380 status
1403 339 1470 379 sui
1484 339 1747 380 rectitudine
1761 339 1852 380 nul-

1020 393 1063 434 la
1090 406 1236 434 rerum
1262 397 1451 436 varietas
1477 395 1739 437 inflectebat.
1779 396 1852 435 Di-

1022 452 1195 490 scamus
1245 462 1365 500 ergo,
1419 451 1575 492 fratres
1625 451 1852 500 carissimi,

1022 505 1278 546 arundinem
1324 511 1456 547 vento
1510 507 1719 557 agitatam
1763 519 1852 547 non

1022 574 1133 602 esse:
1158 561 1397 602 solidemus
1425 562 1615 603 animum
1641 563 1754 603 inter
1781 575 1851 603 au-

1021 630 1091 658 ras
1116 617 1362 668 linguarum
1388 618 1596 670 pesitum:
1623 624 1710 660 stet
1733 619 1852 660 infle-

1021 673 1167 714 xibilis
1202 679 1342 715 status
1374 675 1543 716 mentis.
1602 674 1735 715 Nulla
1770 687 1852 715 nos

1022 729 1240 771 detractio
1261 730 1317 771 ad
1337 731 1447 771 iram
1464 733 1694 783 provocet,
1719 735 1853 782 atque

1022 784 1079 826 ad
1098 786 1401 827 remissionem
1415 786 1579 827 inutilis
1593 787 1746 836 gratiae
1761 786 1852 827 nul-

1022 840 1090 881 lus
1122 841 1248 883 favor
1278 842 1466 884 inclinet.
1505 842 1616 883 Non
1639 855 1720 883 nos
1752 844 1852 894 pro-

1021 909 1150 948 spera
1171 897 1352 947 elevent,
1371 897 1663 938 nonadversa
1682 901 1852 950 pertur-

1020 952 1140 994 bent:
1164 958 1212 994 ut
1238 954 1311 1006 qui
1330 954 1372 994 in
1394 952 1617 994 soliditate
1637 952 1741 994 fidei
1760 953 1851 1004 figi-

1020 1022 1132 1058 mur,
1160 1012 1442 1062 nequaquam
1461 1022 1606 1051 rerum
1627 1012 1852 1050 transeun-

1020 1066 1130 1106 tium
1148 1066 1393 1107 mobilitate
1412 1068 1679 1107 moveamur.

1076 1125 1125 1165 R.
1156 1121 1371 1163 Reddidit
1399 1123 1520 1163 Deus
1548 1123 1661 1173 justo
1690 1123 1852 1162 merce—

1022 1176 1123 1218 dem
1148 1178 1351 1223 laborum
1374 1181 1570 1226 suorum,
1600 1182 1644 1219 et
1669 1177 1853 1218 deduxit

1020 1233 1200 1274 illumin
1216 1235 1286 1275 via
1303 1234 1505 1276 mirabili:
1528 1237 1549 1260 *
1566 1234 1623 1274 Et
1638 1233 1717 1274 fuit
1732 1233 1795 1273 illi
1809 1234 1853 1274 in

1021 1290 1269 1332 velamento
1287 1291 1382 1340 diei,
1399 1295 1443 1331 et
1456 1291 1500 1330 in
1514 1290 1612 1330 luce
1628 1289 1853 1330 stellarum

1021 1359 1101 1399 per
1128 1352 1316 1388 noctem.
1363 1343 1412 1394 V.
1438 1346 1703 1387 Transvexit
1730 1345 1852 1386 illum

1020 1415 1289 1454 peraquam
1321 1403 1515 1451 nimiam3
1547 1402 1748 1442 inimicos
1780 1414 1851 1442 au-

1021 1462 1111 1500 teni
1129 1459 1244 1499 illius
1265 1459 1482 1500 demersit.
1504 1459 1570 1499 Et.
1597 1457 1759 1498 Gleria.
1783 1457 1852 1498 Et.

1325 1515 1477 1555 Lectio
1499 1515 1552 1554 ix.

1100 1571 1216 1613 dhue
1240 1575 1387 1611 autem
1412 1570 1467 1611 de
1491 1570 1582 1621 ejus
1607 1569 1852 1621 expressio-

1124 1640 1179 1668 ne
1207 1626 1497 1678 subjungitur:
1529 1625 1617 1666 Sed
1646 1624 1752 1675 quid
1780 1637 1850 1665 ex-

1020 1685 1115 1725 istis
1143 1682 1293 1724 videre
1321 1683 1365 1723 in
1394 1679 1595 1723 deserto?
1629 1680 1853 1721 huminem

1020 1740 1225 1786 mullibus
1246 1736 1476 1780 vestitum?
1505 1738 1622 1778 Ecce
1648 1736 1722 1787 qui
1745 1736 1850 1776 mel-

1019 1796 1134 1837 libus
1171 1796 1433 1843 vestiuntur,
1469 1794 1513 1834 in
1551 1792 1754 1834 demibus
1788 1804 1851 1832 re-

1019 1866 1123 1903 gum
1149 1857 1260 1893 sunt.
1298 1850 1573 1891 Camelorum
1600 1849 1714 1889 enim
1740 1848 1851 1899 pilis,

1019 1913 1068 1949 ut
1099 1908 1239 1957 scitis,
1275 1908 1460 1947 vestitus
1490 1905 1681 1946 Joannes
1717 1903 1850 1944 fuisse

1020 1962 1293 2004 describitur.
1346 1962 1403 2002 Et
1439 1960 1544 2012 quid
1581 1964 1648 2000 est
1685 1958 1851 1999 dicere:

1019 2020 1134 2060 Ecce
1170 2018 1244 2070 qui
1278 2016 1484 2058 mollibus
1512 2015 1774 2062 vestiuntur,
1806 2014 1850 2054 in

1020 2074 1225 2116 domibus
1258 2086 1410 2123 regum
1443 2076 1557 2113 sunt:
1588 2070 1671 2111 nisi
1699 2071 1851 2122 aperta

1020 2130 1236 2171 sententia
1268 2128 1590 2176 demonstrare,
1629 2126 1731 2178 quia
1762 2138 1850 2166 non

1021 2186 1191 2228 coelesti
1223 2184 1302 2226 sed
1334 2185 1510 2225 terreno
1543 2182 1635 2233 regi
1662 2181 1851 2223 militant

1019 2243 1064 2291 ii,
1093 2242 1166 2294 qui
1188 2253 1270 2293 pro
1291 2240 1388 2281 Deo
1413 2239 1587 2292 perpeti
1611 2240 1769 2290 aspera
1788 2237 1849 2277 fu-

1019 2299 1158 2348 giunt,
1188 2302 1232 2338 et
1256 2296 1363 2337 solis
1390 2294 1680 2336 exterieribus
1701 2292 1849 2342 dediti,

1019 2353 1251 2406 praesentis
1275 2349 1379 2392 v'itae
1406 2351 1709 2392 mollitiem‘et
1734 2347 1848 2389 dele-

1020 2410 1258 2450 ctationem
1278 2411 1492 2458 quaerunt.

1075 2466 1134 2506 Te
1154 2465 1298 2504 Deum
1316 2462 1559 2504 laudamus.
1578 2461 1636 2502 13.

1283 2526 1363 2566 Ad
1388 2525 1584 2566 Laudes

1228 2585 1278 2614 et
1316 2590 1415 2622 per
1451 2579 1645 2612 Horas.

1076 2634 1173 2674 Ant.
1202 2636 1229 2672 l.
1268 2628 1571 2679 Interrogabat
1597 2639 1695 2668 eum
1720 2627 1744 2653 *
1769 2638 1847 2666 rex

1019 2687 1166 2728 multis
1198 2684 1486 2728 sermonibus:
1526 2687 1572 2723 at
1606 2682 1701 2733 ipse
1740 2680 1847 2721 nihil

1018 2742 1080 2783 ffli
1098 2741 1408 2794 respondebat.
