2040 2976
183 293 234 343 R'·
261 291 510 332 Honestum
534 289 639 330 fecit
664 287 788 328 illum
812 286 960 327 Domi-

131 360 223 403 nus²
247 351 291 388 et
310 345 551 387 custodivit
571 358 670 386 eum
690 344 744 385 ab
764 342 961 391 inimicis,

131 407 175 444 et
203 416 229 444 a
254 402 564 444 seductoribus
589 400 750 442 tutavit
774 399 912 440 illum:
937 402 959 425 *

130 460 187 501 Et
215 459 339 501 dedit
371 458 435 499 illi
468 458 714 499 claritatem
742 457 961 498 aeternam.

132 510 183 562 V.
220 516 394 557 Justum
428 514 611 556 dednxit
638 513 855 554 Dominus
882 524 963 565 per

130 572 225 614 vias
244 576 399 621 rectas,
424 576 467 612 et
487 569 680 612 ostendit
697 569 760 610 illi
779 581 962 620 regnum

130 628 225 670 Dei.
253 629 310 670 Et
328 626 461 669 dedit.

440 696 592 737 Lectio
614 710 651 735 v,

210 765 366 807 aritate
392 765 477 806 Dei
503 765 757 806 vulneratus
787 764 962 815 langue-

225 821 303 863 bat
328 821 503 874 jugiter,
528 823 741 873 tantoque
768 833 845 862 cor
872 821 963 872 ejus

131 877 349 920 aestuabat
374 876 549 928 ardore,
577 882 627 919 ut
651 890 751 919 cum
776 878 891 919 intra
915 877 962 917 fi-

131 947 210 976 nes
235 947 340 976 suos
367 934 582 976 contineri
605 947 695 976 non
720 939 888 987 posset,
916 933 963 974 il-

131 991 219 1033 lius
236 991 395 1042 sinum,
424 991 658 1033 confractis
683 995 816 1043 atque
837 989 963 1032 cletis

133 1046 305 1089 duabus
325 1047 517 1097 costulis,
538 1046 795 1089 mirabiliter
815 1046 963 1087 Domi-

131 1117 212 1145 nus
238 1103 525 1156 ampliaverit.
562 1104 745 1145 Sacrum
770 1115 875 1144 vero
904 1103 962 1143 fei-

133 1160 263 1210 ciens,
283 1164 358 1201 aut
377 1160 616 1202 ferventius
637 1173 778 1210 orans,
798 1160 842 1200 in
863 1161 964 1200 aera

133 1215 399 1269 quandoque
417 1216 627 1266 sublatus,
645 1217 756 1257 mira
770 1215 964 1268 undique

131 1273 230 1315 luce
255 1272 423 1324 fulgere
446 1273 566 1314 visus
589 1273 681 1314 fuit.
718 1273 895 1323 Egenos
921 1277 965 1313 et

131 1332 352 1382 pauperes
368 1329 486 1370 omni
501 1329 696 1370 caritetis
713 1328 858 1370 officio
872 1341 966 1380 pro-

133 1385 418 1437 sequebatur:
438 1383 610 1436 dignus,
632 1385 706 1437 qui
728 1390 771 1426 et
790 1384 963 1435 Angelo

133 1442 177 1482 in
214 1441 362 1495 speeie
395 1441 604 1494 patiperis
639 1441 965 1492 eleemosynam

134 1499 352 1549 erogaret3
381 1501 425 1538 et
450 1496 556 1538 dum
580 1497 807 1548 egentibus
830 1501 966 1538 noctu

133 1567 294 1607 panem
313 1553 520 1603 deferret,
547 1554 591 1593 in
609 1554 783 1594 foveam
802 1553 965 1605 lapsus,

132 1609 235 1652 inde
260 1610 427 1663 pariter
453 1609 508 1651 ab
532 1609 705 1660 Angelo
732 1610 965 1651 incolumis

134 1666 387 1719 eriperetur.
405 1666 655 1708 Humilitati
674 1665 889 1715 addictus,
909 1665 964 1707 ab

132 1722 376 1764 honoribus
413 1735 588 1775 semper
621 1722 867 1771 abhorruit,
904 1726 964 1763 at-

120 1791 219 1831 ,que
235 1778 556 1820 ecclesiasticas
572 1778 818 1829 dignitates,
834 1779 965 1819 etiam

133 1835 382 1888 primarias,
413 1847 502 1876 non
535 1834 671 1876 semel
700 1835 818 1876 ultro
847 1834 962 1875 dela-

133 1896 213 1941 tas,
235 1891 586 1933 constantissime
606 1891 835 1932 recusavit.
901 1895 906 1899 ’

190 1958 242 2010 R.
277 1955 456 1996 Amavit
500 1968 600 1996 eum
641 1956 879 2011 Dominus,
922 1961 966 1997 et

135 2012 306 2054 ornavit
326 2025 443 2054 eum:
471 2012 631 2054 stolam
649 2012 803 2063 gloriae
826 2012 966 2053 induit

136 2082 247 2118 eum,
270 2071 293 2095 *
305 2069 363 2111 Et
382 2068 440 2110 ad
457 2074 610 2122 portas
630 2068 824 2121 paradisi
843 2081 965 2110 coro-

134 2124 256 2166 navit
271 2125 380 2166 eum.
407 2120 458 2172 V.
468 2124 616 2166 Induit
636 2138 735 2166 eum
750 2125 965 2166 Dominus

134 2181 317 2223 loricam
344 2180 465 2231 fidei,
494 2186 538 2223 et
565 2181 737 2223 ornavit
762 2194 873 2223 eum.
910 2181 966 2222 Et

136 2237 194 2278 ad
211 2242 375 2289 portas.

442 2304 594 2344 Lectio
615 2304 667 2343 vi.

142 2359 438 2465 Prophetiae
462 2369 580 2411 dono
603 2370 684 2412 fuit
701 2370 899 2418 illustris,
923 2374 967 2410 et

232 2425 276 2465 in
318 2425 562 2467 animorum
602 2425 802 2467 sensibus
837 2438 966 2478 pene-

138 2480 309 2523 trandis
333 2481 516 2523 mirifice
537 2482 700 2524 enituit.
732 2481 967 2532 Virginita—

138 2542 227 2579 tem
262 2539 478 2590 perpetuo
514 2537 727 2579 illibatam
760 2537 968 2578 servavit:

138 2592 272 2645 idque
305 2597 532 2634 assecutus
566 2598 647 2642 est,
682 2598 731 2635 ut
764 2605 856 2643 eOS,
894 2593 969 2644 qui

139 2650 377 2701 puritatem
397 2649 612 2697 colerent,
636 2662 690 2690 ex
709 2648 865 2698 odore,
895 2649 969 2700 qui

139 2717 245 2746 vero
265 2717 404 2755 secus,
428 2718 483 2746 ex
502 2705 661 2746 foetore
680 2704 971 2756 dignosceret.

567 190 639 224 Die
662 191 714 224 26.
740 190 839 230 Maii.
887 190 921 223 S.
947 188 1121 231 Philippi
1146 188 1252 221 Nerii
1279 188 1387 222 Conl'.

1012 284 1283 326 Absentibus
1301 285 1522 326 interdum
1540 285 1756 338 apperuit,
1774 284 1844 325 iis-

1013 354 1098 393 que
1148 341 1499 393 periclitantibus
1549 354 1684 394 opem
1737 341 1846 382 tulit.

1012 398 1227 448 AEgrotos
1249 397 1463 449 plurimos
1488 402 1532 439 et
1549 397 1682 439 morti
1700 397 1845 450 proxi-

1011 467 1109 495 mos
1150 454 1325 495 sanitati
1362 454 1563 495 restituit.
1622 454 1846 495 Mortuum

1014 523 1192 562 quoque
1212 509 1269 551 ad
1287 510 1422 551 vitam
1441 509 1677 551 revocavit.
1707 509 1845 551 Coele-

1013 562 1146 607 stium'
1163 566 1404 618 spirituum,
1425 571 1468 607 et
1486 566 1625 618 ipsius
1639 566 1846 618 Deiparae

1013 622 1208 674 Virginis
1219 622 1471 674 frequenter
1481 622 1562 663 fuit
1571 622 1846 674 apparitione

1014 677 1238 729 dignatus,
1271 692 1323 720 ac
1354 678 1645 730 plurimorum
1677 678 1846 719 animas

1014 733 1252 788 splendore
1286 734 1574 776 circumfusas
1607 735 1651 775 in
1684 734 1845 775 coelum

1014 791 1312 834 conscendere
1340 791 1459 833 vidit.
1504 791 1706 842 Denique
1734 803 1847 831 anno

1015 849 1168 890 salutis
1213 848 1447 889 millesimo
1497 846 1846 899 quingentesimo

1014 905 1301 955 nonagesimo
1323 905 1489 956 quinto,
1511 906 1670 945 octavo
1688 903 1847 943 Kalen-

1015 961 1094 1003 das
1118 962 1284 1011 Junias,
1313 962 1356 1002 in
1386 974 1517 1013 quem
1545 960 1662 1001 diem
1687 957 1848 1000 incide-

1014 1022 1083 1059 rat
1100 1018 1261 1059 festum
1282 1017 1494 1070 Corporis
1516 1016 1693 1065 Christi,
1712 1016 1847 1056 Sacro

1014 1074 1205 1115 maxima
1229 1074 1410 1126 spiritus
1433 1073 1728 1115 exsultatione
1752 1084 1847 1124 per-

1016 1133 1134 1179 acto,
1171 1133 1417 1182 ceterisque
1449 1128 1745 1171 functionibus
1778 1141 1849 1169 ex-

1014 1187 1159 1238 pletis,
1192 1191 1295 1238 post
1320 1186 1511 1227 mediam
1534 1190 1728 1233 noctem,
1763 1198 1849 1237 qua

1015 1242 1285 1295 praedixerat
1303 1242 1423 1291 hora,
1444 1241 1753 1292 octogenarius
1773 1240 1848 1282 ob-

1017 1298 1225 1340 dormivit
1255 1300 1300 1340 in
1327 1299 1531 1340 Domino.
1573 1299 1715 1348 Quem
1742 1297 1847 1338 Gre-

1016 1355 1166 1406 gorius
1192 1355 1388 1396 decimus
1420 1355 1598 1406 quintus
1625 1353 1848 1394 miraculis

1017 1411 1182 1452 clarum
1201 1411 1244 1451 in
1264 1414 1517 1453 sanctorum
1535 1413 1764 1451 numerum
1784 1411 1847 1450 re-

1016 1467 1125 1509 tulit.

1072 1527 1122 1578 R.
1147 1524 1239 1565 Iste
1258 1524 1404 1565 homo.
1423 1524 1506 1576 [72]

1071 1583 1115 1616 In
1146 1583 1210 1617 III.
1234 1584 1433 1618 Nocturno
1464 1582 1635 1616 Homilia
1666 1582 1702 1614 in
1732 1581 1852 1614 Evan-

1020 1631 1122 1673 gelio
1150 1631 1236 1666 Sint
1256 1632 1388 1667 lumbi.
1415 1631 1462 1664 de
1488 1630 1625 1664 eodem
1651 1628 1852 1662 Communi

1023 1679 1049 1712 1.
1067 1679 1165 1713 loco.
1192 1679 1261 1723 [74]

1056 1735 1133 1769 Pro
1152 1735 1186 1769 S
1205 1735 1427 1769 Eleutherio
1446 1735 1553 1778 Papa
1574 1739 1610 1768 et
1630 1734 1807 1776 Martyrc.

1326 1800 1478 1840 Lectio
1500 1800 1553 1839 ix.

1026 1864 1358 1914 ‘Tsleutherius,
1385 1863 1593 1916 Nicopoli
1611 1863 1655 1903 in
1676 1863 1850 1903 Graecia

1030 1889 1094 1959 im
1122 1925 1266 1970 natus,
1304 1920 1478 1961 Aniceti
1504 1919 1731 1961 Pontificis
1761 1919 1848 1959 dia-

1019 1990 1167 2026 conus,
1188 1976 1432 2017 Commodo
1452 1976 1718 2028 imperatore
1738 1977 1849 2027 prze-

1018 2034 1098 2074 fuit
1121 2032 1345 2074 Ecclesiae.
1382 2033 1498 2073 Huic
1523 2032 1648 2073 initio
1676 2031 1849 2084 pontifi·
1902 2050 1903 2053 ¹

1019 2092 1143 2130 catus
1168 2089 1389 2141 supplices
1412 2089 1572 2129 litterae
1592 2089 1805 2128 venerunt
1825 2100 1850 2127 a

1017 2145 1156 2186 Lucio
1177 2145 1489 2186 Britannorum
1507 2157 1627 2195 rege,
1654 2148 1702 2185 ut
1726 2156 1773 2184 se
1799 2156 1850 2184 ac

1020 2214 1124 2242 suos
1161 2201 1205 2241 in
1240 2201 1586 2242 Christianorum
1620 2202 1850 2241 numerum

1018 2259 1246 2309 reciperet.
1288 2257 1586 2309 Quamobrem
1617 2256 1850 2307 Fugatium

1020 2318 1063 2354 et
1077 2313 1351 2363 Damianum,
1370 2312 1529 2354 doctos
1545 2318 1589 2354 et
1605 2312 1705 2364 pios
1719 2312 1849 2361 viros,

1018 2369 1138 2411 misit
1156 2369 1200 2410 in
1220 2369 1506 2419 Britanniam,
1534 2381 1614 2421 per
1640 2380 1752 2419 quos
1772 2380 1850 2408 rex

1020 2430 1064 2466 et
1087 2425 1244 2477 reliqui
1269 2424 1403 2466 fidem
1429 2427 1713 2479 susciperent.
1749 2424 1849 2464 Hoc

1018 2481 1233 2522 Pontifice
1253 2481 1448 2522 Irenaeus
1468 2479 1706 2532 Polycarpi
1724 2478 1849 2520 disci-

1019 2537 1149 2589 pulus
1177 2537 1366 2578 Romam
1388 2536 1584 2585 veniens,
1613 2535 1668 2576 ab
1697 2547 1750 2576 eo
1776 2534 1847 2575 be-

1019 2595 1149 2644 nigne
1175 2594 1386 2645 acceptus
1412 2597 1490 2634 est.
1527 2593 1624 2642 Quo
1649 2592 1848 2642 tempore

1021 2661 1188 2689 summa
1221 2661 1332 2701 pace
1365 2653 1410 2689 et
1445 2648 1591 2700 quiete
1624 2645 1850 2687 fruebatur

1020 2704 1220 2746 Ecclesia
1237 2704 1336 2745 Dei:
1359 2716 1412 2745 ac
1432 2716 1512 2756 per
1531 2707 1674 2744 totum
1697 2700 1850 2742 orbem
