2040 2976
695 214 897 249 Dominica
922 214 986 247 111.
1010 218 1098 257 post
1122 213 1387 256 Pentecosten.

199 312 326 354 nibus
345 311 617 352 inimicorum
635 313 844 352 meorum.
875 307 926 358 V.
946 310 1021 351 Mi-

201 369 255 410 sit
282 369 402 408 Deus
430 366 775 409 misericordiam
804 379 943 416 suam,
979 371 1022 408 et

200 424 427 466 veritatem
465 437 604 465 suam:
657 424 845 465 animam
879 436 1022 465 meam

199 481 357 533 eripuit
389 480 444 522 de
481 480 628 523 medio
661 481 903 522 catulorum
936 481 1022 522 leo-

198 551 311 579 num.
339 538 452 590 Ipse.
482 537 633 579 Gloria
652 538 781 579 Patri.
807 538 922 591 Ipse.

424 622 473 661 In
499 621 550 660 11.
577 620 798 659 Nocturno.

234 683 300 724 De
322 683 608 735 Expositione
628 683 767 724 sancti
788 683 989 733 Gregorii

334 739 469 792 Papae
489 739 532 780 in
551 739 688 781 libros
707 740 887 791 Regum.

301 808 383 842 Lib.
400 808 430 842 4.
450 817 532 851 cap.
547 807 578 841 5.
596 807 633 840 in
654 805 679 839 Ι.
698 805 788 848 ch.
813 815 841 839 c.
861 805 917 839 lO.

499 863 649 903 Lectio
671 862 723 901 iv.

169 962 175 967 ,
275 940 298 960 ε»
324 920 402 962 ulit
421 926 565 962 autem
582 921 756 963 samuel
774 922 1023 963 lenticulam

205 970 242 1030 ’ξ’
276 971 315 1037 322
341 977 443 1026 olei,
477 983 519 1018 et
552 978 704 1020 effudit
732 991 864 1031 super
892 984 1023 1032 caput

223 1032 231 1038 ⁴
281 1042 314 1051 ‘²
341 1035 442 1086 ejus.
483 1035 583 1076 Hoc
610 1035 810 1087 profecto
838 1035 920 1077 hac
948 1050 1023 1077 un-

200 1091 344 1132 ctione
364 1092 633 1144 exprimitur,
663 1092 782 1144 quod
805 1093 848 1133 in
873 1099 1023 1135 sancta

198 1147 396 1189 Ecclesia
428 1161 543 1190 nunc
579 1149 709 1189 etiam
740 1149 1023 1191 materialiter

199 1203 442 1246 exhibetur:
463 1205 563 1257 quia
584 1205 657 1257 qui
675 1206 719 1246 in
739 1206 925 1248 culmine
946 1209 1022 1259 po-

198 1261 327 1310 nitur,
357 1263 628 1303 sacramenta
653 1262 835 1315 suscipit
859 1264 1023 1305 unctio-

198 1318 274 1358 nis.
317 1317 427 1367 Quia
453 1330 558 1359 vero
587 1319 684 1371 ipsa
709 1320 857 1361 unctio
883 1333 1024 1362 sacra-

198 1377 391 1416 mentum
424 1379 504 1416 est:
540 1375 577 1417 is
616 1376 689 1428 qui
720 1379 1025 1429 promovetur,

198 1431 310 1473 bene
329 1431 434 1473 foris
454 1433 646 1483 ungitur,
673 1433 709 1474 si
727 1433 843 1474 intus
862 1434 1025 1476 virtute

199 1489 460 1529 sacramenti
486 1489 729 1531 roboretur.
766 1490 891 1542 Ipsas
919 1503 1023 1541 ergo

201 1545 285 1586 olei
304 1545 487 1587 virtutes
507 1546 628 1598 prius
643 1545 869 1589 videamus
890 1550 1024 1590 atten-

199 1601 296 1642 tius.
317 1601 471 1643 Oleum
491 1603 655 1655 quippe
670 1603 913 1655 liquoribus
929 1604 1025 1646 aliis

201 1658 485 1711 superfertur:
530 1659 673 1702 oleum
710 1661 855 1711 ignem
891 1661 1026 1704 fovet:

202 1714 346 1756 oleum
379 1715 557 1758 vulnera
594 1720 747 1759 curare
787 1719 1025 1761 consuevit.

200 1772 284 1814 Per
312 1772 419 1814 illud
452 1786 574 1824 ergo,
606 1774 917 1816 misericordiae
950 1774 1026 1817 bo-

200 1843 304 1870 num
332 1829 560 1880 significat,
595 1831 696 1883 quia
726 1832 938 1884 scriptum
970 1831 1026 1874 de

201 1886 391 1927 Damino
412 1892 492 1928 est:
516 1887 821 1930 Miserationes
849 1890 939 1941 ejus
959 1902 1026 1931 su-

201 1955 280 1996 per
301 1943 445 1984 amnia
466 1946 600 1996 opera
620 1946 720 1997 ejus.
754 1946 866 1996 Quia
884 1946 1028 1996 ignem

202 1999 338 2050 fovet,
366 2000 691 2052 praedicationis
710 2002 898 2053 gratiam
916 2002 1028 2044 desi-

202 2060 320 2106 gnat,
350 2069 447 2108 quae
475 2057 715 2100 electorum
740 2064 909 2101 mentes
933 2059 1026 2100 illu-

201 2112 346 2154 minat.

257 2171 309 2222 R.
339 2169 561 2211 Percussit
585 2171 687 2213 Saul
714 2171 847 2221 mille,
877 2178 919 2214 et
943 2173 1028 2215 Da-

204 2224 279 2267 vid
313 2225 465 2267 decem
496 2227 644 2269 millia:
678 2230 701 2254 '⁸‘
733 2229 843 2279 Quia
875 2243 1028 2272 manus

204 2283 382 2323 Domini
419 2288 512 2324 erat
549 2296 646 2325 cum
680 2285 770 2326 illo:
810 2287 1029 2338 percussit

204 2338 520 2390 Philisthaeum‚
567 2345 610 2381 et
651 2341 832 2383 abstulit
869 2345 1028 2395 oppro-

204 2395 346 2437 brium
366 2408 420 2437 ex
440 2397 586 2438 lsrael.
613 2391 664 2444 V.
685 2397 842 2439 Nonne
860 2399 942 2440 iste
963 2405 1029 2441 est

205 2451 365 2501 David,
395 2452 450 2494 de
473 2465 559 2504 quo
583 2454 796 2496 canebant
815 2455 858 2495 in
882 2455 1029 2505 choro,

206 2508 418 2550 dicentes:
448 2509 552 2551 Saul
579 2510 795 2562 percussit
822 2511 957 2561 mille,
987 2517 1030 2553 et

205 2566 351 2608 David
371 2566 523 2608 decem
541 2565 697 2607 millia?
727 2567 849 2616 Quia.

509 2628 660 2669 Lectio
681 2642 717 2668 V.

210 2672 362 2795 Quia
402 2701 508 2731 vero
545 2688 726 2730 vulnera
767 2701 845 2742 per
887 2689 1031 2730 Oleum

317 2749 538 2797 curantur,
576 2745 662 2787 hoc
697 2745 895 2798 profecto
932 2746 1031 2786 insi-

1073 312 1194 358 nuat,
1227 306 1347 359 quod
1379 306 1647 358 detergenda
1678 313 1779 350 sunt
1810 307 1900 350 vul-

1074 377 1179 406 nera
1214 365 1508 417 peccat6rum.
1560 363 1758 415 Ungatur
1794 377 1900 416 ergo

1075 425 1209 473 caput
1239 421 1374 471 regis,
1412 420 1516 472 quia
1545 420 1731 473 spiritali
1761 421 1902 472 gratia

1074 490 1196 518 mens
1229 482 1296 518 est
1327 475 1538 530 replenda
1566 476 1774 519 doctoris.
1814 478 1902 519 Ha-

1074 534 1177 575 beat
1208 533 1252 574 in
1286 534 1493 575 unctione
1524 546 1604 575 sua
1636 533 1796 585 oleum,
1827 533 1901 576 ha-

1075 591 1178 633 beat
1209 590 1558 632 misericordiam
1590 590 1902 642 abundantem,

1077 660 1176 699 quae
1202 647 1286 689 sibi
1311 647 1548 688 virtutibus
1579 647 1675 689 aliis
1699 647 1902 700 praefera-

1076 710 1158 746 tur.
1194 703 1370 746 Habeat
1394 703 1555 754 oleum,
1583 710 1631 746 ut
1655 703 1761 746 dum
1778 703 1902 746 ardo-

1076 773 1169 802 rem
1205 760 1345 802 sancti
1376 760 1565 813 Spiritus
1596 761 1639 802 in
1677 773 1725 802 se
1757 761 1903 812 nutrit,

1076 817 1222 859 lucere
1254 816 1536 859 vehementer
1572 817 1668 859 aliis
1699 831 1780 870 per
1811 830 1903 860 ver-

1076 873 1180 916 bum
1211 874 1364 927 possit.
1418 873 1594 916 Habeat
1625 874 1904 916 nihss6minus

1078 930 1223 972 oleum
1242 930 1486 973 medicinae:
1514 936 1562 973 ut
1581 931 1800 984 sapienter
1819 931 1904 974 dis-

1075 990 1222 1041 ponat,
1254 987 1441 1040 qualiter
1466 990 1750 1041 peccatorum
1776 988 1905 1031 foeto-

1077 1057 1148 1086 res
1166 1049 1323 1096 tergat,
1353 1049 1397 1086 et
1421 1057 1562 1096 aegras
1585 1050 1754 1087 mentes
1775 1045 1906 1088 saluti

1077 1103 1288 1144 restituat.

1131 1171 1182 1222 R.
1207 1167 1381 1210 Montes
1406 1167 1592 1217 Gelboe‚
1619 1180 1701 1209 nec
1725 1180 1800 1210 ros
1824 1181 1906 1210 nec

1077 1223 1229 1276 pluvia
1243 1224 1419 1266 veniant
1437 1237 1570 1278 super
1589 1237 1681 1274 vos,
1696 1226 1720 1250 *
1734 1224 1826 1266 Ubi
1840 1237 1906 1266 ce-

1078 1279 1279 1323 ciderunt
1306 1281 1444 1323 fortes
1472 1281 1620 1322 Israel.
1663 1274 1713 1328 Y.
1743 1280 1906 1323 Omnes

1077 1342 1270 1388 montes,
1299 1338 1373 1391 qui
1398 1338 1502 1384 estis
1528 1338 1573 1379 in
1598 1337 1782 1384 circuitu
1805 1338 1906 1391 ejus,

1078 1394 1226 1436 visitet
1250 1394 1483 1436 Dominus:
1511 1408 1537 1436 a
1561 1393 1733 1437 Gelboe
1761 1400 1909 1437 autem

1078 1453 1284 1493 transeat.
1311 1451 1409 1494 Ubi.

1382 1534 1534 1575 Lectio
1556 1533 1610 1574 vi.

1084 1596 1204 1704 Sed
1231 1601 1437 1642 lenticula
1465 1600 1567 1642 Saul
1595 1601 1786 1652 ungitur,
1818 1613 1908 1642 non

1160 1669 1242 1711 pro
1262 1657 1571 1711 praesignanda
1590 1656 1804 1707 doctrina,
1828 1656 1909 1700 sed

1079 1714 1136 1756 ad
1169 1714 1454 1767 exprimenda
1485 1714 1640 1755 futura.
1681 1713 1909 1756 Lenticula

1081 1771 1259 1824 quidem
1282 1784 1468 1824 parvum
1494 1775 1562 1813 est
1579 1783 1668 1812 vas.
1704 1770 1821 1822 Quid
1844 1783 1907 1812 er-

1079 1841 1136 1879 go
1171 1833 1254 1879 est,
1295 1827 1416 1881 quod
1446 1826 1654 1870 lenticula
1686 1826 1772 1869 olei
1804 1827 1909 1869 Saul

1080 1885 1271 1936 ungitur,
1298 1885 1382 1927 nisi
1406 1885 1507 1938 quia
1530 1885 1575 1926 in
1597 1884 1683 1926 fine
1703 1884 1908 1938 reproba-

1080 1940 1174 1984 tur?
1202 1942 1316 1984 Nam
1342 1942 1444 1995 quia
1467 1940 1649 1983 obedire
1668 1941 1764 1983 Deo
1789 1943 1908 1994 post-

1081 2011 1133 2040 ea
1151 1998 1302 2049 noluit,
1324 2011 1349 2040 a
1367 1997 1568 2039 Samuele
1589 1997 1771 2039 audivit:
1797 1997 1909 2047 Quia

1080 2055 1304 2108 projecisti
1324 2057 1573 2097 serm6nem
1592 2054 1785 2104 Domini,
1809 2067 1909 2107 pro-

1082 2112 1182 2164 jecit
1199 2112 1489 2160 teDominus,
1507 2123 1562 2153 ne
1580 2111 1640 2152 sis
1659 2123 1748 2152 rex.
1774 2110 1911 2154 Velut

1084 2169 1199 2211 enim
1223 2169 1429 2210 lenticula
1453 2167 1539 2209 olei
1563 2180 1719 2220 parum
1746 2167 1910 2218 habuit,

1084 2226 1158 2278 qui
1181 2225 1450 2279 spiritualem
1473 2225 1660 2275 gratiam
1682 2224 1910 2277 projicien-

1082 2281 1164 2324 dus
1197 2282 1377 2335 accepit.
1426 2280 1556 2331 Quod
1587 2281 1630 2322 in
1664 2281 1910 2323 rectoribus

1085 2352 1262 2392 quoque
1286 2343 1450 2381 sanctae
1473 2338 1685 2380 Ecclesiae
1709 2338 1910 2380 conveni-

1083 2398 1205 2438 enter
1233 2396 1457 2449 accipitur.
1500 2395 1765 2447 Pleramque
1797 2395 1911 2437 enim

1083 2453 1253 2494 culmen
1273 2451 1542 2505 praelationis
1570 2451 1807 2504 accipiunt,
1819 2484 1826 2490 .
1837 2450 1911 2504 qui

1083 2509 1126 2549 in
1146 2510 1327 2551 caritate
1347 2509 1431 2550 Dei
1455 2514 1499 2551 et
1522 2508 1709 2560 praximi
1728 2507 1911 2561 perfecti

1082 2579 1170 2607 non
1189 2572 1299 2608 sunt.

1138 2635 1190 2685 R.
1218 2633 1312 2683 Ego
1351 2636 1394 2673 te
1425 2631 1506 2673 tuli
1533 2631 1589 2672 de
1614 2629 1747 2672 domo
1774 2629 1910 2686 patris

1082 2689 1157 2738 tui,
1183 2688 1288 2738 dicit
1306 2689 1532 2737 Daminus‚
1559 2692 1602 2729 et
1625 2687 1753 2740 posui
1772 2691 1816 2728 te
1836 2688 1910 2739 pa-

1083 2758 1206 2787 scere
1230 2758 1409 2797 gregem
1432 2743 1589 2798 pdpuli
1610 2743 1709 2785 mei:
1733 2738 1755 2761 *
1772 2743 1830 2785 Et
1849 2742 1912 2785 fui
