2040 2976
636 202 705 235 l)ie
731 203 759 235 33.
788 202 884 242 Maii.
935 202 973 235 ln
1002 203 1226 236 Inventione
1250 203 1285 236 S.
1311 202 1456 236 Crucis

244 301 291 350 X.
308 301 461 343 Omnis
475 307 593 343 terra
609 301 765 343 adoret
779 306 835 350 te,
853 306 897 342 et
911 301 1017 353 psal-

187 358 247 400 lat
270 358 360 400 tibi.
397 357 684 411 1{›.Psalmum
712 357 830 399 dicat
853 357 1016 398 nemini

186 420 262 456 tuo
282 415 480 456 Domine.

192 484 340 525 Lectio
365 483 506 525 sancti
523 483 751 534 Evangelii
775 484 1016 525 secundum

487 540 511 581 J
515 542 712 581 oannem.

297 606 446 647 Lectio
469 609 534 647 vii.
754 610 856 661 Cap.
878 612 912 650 3.

182 665 259 772 In
292 670 367 712 1110
400 671 615 723 tempore:
653 670 761 712 Erat
793 669 926 712 homo
960 683 1014 712 ex

252 726 499 779 pharisaeis,
530 726 801 769 Nicodemus
828 727 1014 777 nomine,

182 783 388 836 princeps
406 783 673 825 Judaeorum.
708 783 793 824 Hic
813 783 933 826 venit
957 783 1014 825 ad

181 840 205 880 J
209 852 331 881 esum
363 845 507 890 nocte,
542 844 585 881 et
619 839 728 881 dixit
761 839 814 881 ei:
850 840 1013 890 Rabbi,

182 896 343 938 scimus
378 897 479 950 quia
509 909 534 938 a
561 897 659 938 Deo
691 897 850 938 venisti
881 899 1012 948 magi-

181 958 282 995 ster.
310 953 366 996 Et
385 953 564 1005 reliqua.

186 1023 373 1065 Homilia
388 1023 528 1065 sancti
545 1022 777 1074 Augustini
790 1022 1012 1075 Episcopi.

245 1090 369 1123 Tract.
398 1088 444 1121 11.
473 1088 509 1121 in
535 1089 735 1127 Jozmncm,
761 1095 850 1132 post
875 1092 953 1126 init.

206 1142 279 1189 {²22}
314 1140 539 1182 icodemus
582 1153 636 1182 ex
672 1140 741 1181 his
778 1144 889 1190 erat,
937 1140 1011 1192 qui

203 1155 305 1268 1
327 1196 1010 1305 ggggffiggagfgffffieogssgg

179 1322 278 1361 quae
304 1309 503 1351 faciebat.
543 1310 754 1362 Superius
782 1309 898 1350 enim
925 1309 1010 1351 hoc

180 1364 305 1407 dixit:
338 1365 447 1407 Cum
474 1371 621 1408 autem
646 1371 763 1408 esset
787 1366 812 1407 J
814 1366 1008 1418 erosoly-

179 1422 261 1463 mis
289 1423 333 1463 in
356 1423 527 1464 Pascha
550 1423 594 1464 in
622 1422 693 1464 die
721 1422 852 1473 festo,
883 1423 1010 1465 multi

179 1478 459 1522 crediderunt
478 1480 521 1520 in
540 1479 714 1521 nomine
735 1480 836 1531 ejus.
865 1480 1009 1530 Quare

177 1535 457 1578 crediderunt
493 1537 537 1577 in
572 1536 748 1578 nemine
785 1534 899 1587 ejus?
937 1536 1008 1578 Se-

177 1592 338 1643 quitur,
381 1598 425 1634 et
461 1592 582 1634 dicit:
623 1591 840 1634 Videntes
884 1593 1008 1644 signa

177 1649 284 1700 ejuS‚
311 1662 410 1701 quae
434 1649 632 1691 faciebat.
666 1649 723 1691 Et
743 1649 798 1691 de
817 1648 1006 1691 Nicode-

175 1718 249 1746 mo
279 1706 383 1758 quid
412 1706 538 1748 dicit?
576 1706 683 1747 Erat
710 1706 917 1759 princeps
935 1706 1006 1747 Ju-

176 1760 389 1811 daeOrum,
414 1762 590 1804 nomine
608 1761 889 1804 Nicodemus.
922 1763 1008 1805 Hic

176 1818 295 1860 venit
331 1818 387 1860 ad
425 1831 523 1860 eum
560 1823 708 1868 nocte,
754 1823 799 1860 et
835 1819 897 1860 ait
930 1819 1007 1860 illi:

176 1874 339 1924 Rabbi,
368 1875 528 1916 scimus
555 1875 658 1927 quia
681 1888 707 1915 a
725 1875 823 1916 Deo
848 1876 1007 1917 venisti

174 1933 393 1982 magister.
434 1932 491 1972 Et
517 1932 599 1973 iste
627 1944 732 1982 ergo
758 1931 1007 1974 crediderat

174 1986 218 2026 in
239 1988 415 2029 nemine
433 1989 535 2039 ejus.
571 1988 628 2029 Et
651 1988 747 2040 ipse
774 1987 890 2029 unde
917 2001 1006 2030 cre-

175 2041 368 2085 diderat?
388 2044 609 2096 Sequitur:
628 2044 771 2085 Nemo
787 2045 902 2085 enim
916 2050 1007 2098 pot-

175 2104 243 2141 est
261 2099 357 2141 haec
377 2100 500 2151 signa
518 2100 679 2150 facere,
700 2113 800 2153 quae
819 2106 868 2142 tu
887 2101 1005 2152 facis,

176 2155 258 2196 nisi
278 2155 407 2198 fuerit
426 2157 548 2198 Deus
568 2169 667 2198 cum
687 2169 752 2201 eo.

231 2213 281 2264 R'·
303 2212 443 2254 Dulce
467 2213 647 2264 lignum,
672 2213 824 2255 dulces
843 2214 1004 2265 clavos,

173 2267 301 2310 dulce
319 2269 494 2321 pondus
511 2270 729 2311 sustinuit:
746 2272 769 2294 *
782 2271 891 2321 Quae
909 2271 1003 2313 sola

173 2324 304 2376 digna
336 2325 418 2367 fuit
448 2328 628 2378 portare
659 2326 851 2379 pretium
878 2326 1004 2379 hujus

171 2381 334 2423 saeculi.
370 2376 420 2429 V.
438 2382 538 2423 Hoc
557 2382 728 2433 signum
749 2383 900 2424 Crucis
921 2384 1005 2426 erit

170 2437 214 2478 in
238 2437 353 2479 coelo
378 2450 478 2480 cum
496 2438 712 2480 Dominus
738 2437 794 2480 ad
813 2439 1002 2491 judican-

171 2493 276 2536 dum
295 2495 474 2536 venerit.
502 2495 622 2545 Quae.

458 2555 611 2598 Lectio
630 2557 715 2597 viii.

242 2615 256 2656 i
280 2627 384 2666 ergo
408 2615 679 2657 Nicodemus
703 2616 758 2657 de
783 2616 868 2657 illis
895 2617 1000 2657 mul-

255 2671 312 2712 tis
331 2677 442 2721 erat,
469 2672 543 2723 qui
569 2671 847 2714 crediderant
866 2672 909 2712 in
926 2675 1000 2714 no-

171 2729 286 2770 mine
311 2729 419 2780 ejus,
458 2729 542 2779 jam
571 2729 615 2769 in
642 2729 729 2771 isto
752 2729 1000 2771 Nicodemo

1069 300 1364 351 attendamus,
1406 314 1542 353 quare
1573 302 1701 344 Jesus
1733 315 1822 344 non
1854 316 1902 344 se

1069 357 1279 399 credebat
1305 357 1379 399 eis.
1416 358 1667 411 Respondit
1687 359 1833 409 JeSUS‚
1859 364 1903 401 et

1069 413 1178 456 dixit
1193 414 1250 455 ei:
1270 414 1423 464 Amen,
1443 427 1570 456 amen
1590 414 1691 457 dico
1709 415 1801 466 tibi,
1819 415 1902 457 nisi

1070 470 1166 523 quis
1186 472 1364 512 renatus
1384 470 1513 513 fuerit
1527 471 1682 522 denuo,
1697 484 1786 514 non
1804 477 1900 525 pot-

1069 532 1137 569 est
1156 526 1305 569 videre
1329 540 1510 579 regnum
1529 528 1624 570 Dei.
1659 528 1774 582 Ipsis
1794 542 1899 581 ergo

1068 596 1116 626 se
1151 583 1290 626 credit
1321 583 1346 625 J
1349 596 1466 634 esus,
1509 584 1583 637 qui
1617 585 1708 626 nati
1740 585 1901 628 fuerint

1067 640 1225 682 denuo.
1285 641 1402 682 Ecce
1438 640 1500 682 illi
1541 640 1820 684 crediderant
1855 641 1900 683 in

1067 709 1183 747 eum,
1210 702 1254 739 et
1272 697 1298 738 J
1300 710 1401 739 esus
1420 710 1508 739 non
1530 711 1578 740 se
1597 696 1807 740 credebat
1824 698 1898 740 eis.

1066 753 1198 795 Tales
1245 759 1346 796 sunt
1387 767 1539 796 omnes
1581 754 1899 796 catechumeni:

1065 810 1151 863 ipsi
1170 811 1255 862 jam
1271 809 1456 853 credunt
1474 811 1518 852 in
1535 811 1711 852 nemine
1726 810 1898 861 Christi,

1066 865 1145 908 sed
1171 867 1300 908 Jesus
1326 880 1414 908 non
1439 880 1487 909 se
1514 867 1654 909 credit
1680 867 1754 909 eis.

1124 924 1174 975 R.
1204 923 1325 965 Sicut
1354 924 1532 977 Meyses
1566 923 1778 966 exaltavit
1809 937 1895 966 ser-

1063 981 1242 1032 pentem
1286 980 1329 1021 in
1375 979 1570 1031 deserto,
1616 981 1678 1023 ita
1715 980 1897 1022 exaltari

1065 1038 1243 1088 oportet
1257 1036 1416 1078 Filium
1434 1036 1599 1079 homini
1604 1050 1638 1078 s:
1656 1037 1744 1079 *Ut
1754 1037 1896 1078 omnis

1065 1092 1140 1144 qui
1173 1092 1313 1135 credit
1343 1093 1388 1134 in
1419 1093 1584 1146 ipsum,
1616 1107 1705 1135 non
1766 1095 1896 1143 ereat‚

1064 1147 1144 1190 sed
1159 1148 1320 1192 hebeat
1335 1150 1470 1192 vitam
1482 1152 1702 1192 aeternam.
1732 1187 1738 1199 ,
1768 1184 1775 1191 .
1794 1149 1895 1192 Νο11

1062 1205 1180 1247 misit
1207 1206 1329 1247 Deus
1356 1206 1516 1247 Filium
1543 1219 1671 1247 suum
1703 1206 1747 1247 in
1774 1220 1894 1248 mun-

1063 1259 1169 1302 dum
1201 1267 1249 1303 ut
1281 1261 1444 1314 judicet
1475 1262 1702 1312 mundum,
1736 1262 1816 1304 sed
1847 1267 1895 1304 ut

1063 1317 1256 1360 salvetur
1293 1318 1482 1360 mundus
1518 1331 1598 1372 per
1633 1319 1789 1372 ipsum.
1835 1319 1896 1361 Ut

1063 1374 1217 1415 omnis.
1246 1374 1399 1416 Gloria
1417 1375 1548 1417 Patri.
1575 1375 1636 1417 Ut
1655 1375 1807 1417 omnis.

1371 1432 1523 1473 Lectio
1543 1432 1596 1473 ix.

1066 1483 1294 1588 Intendat
1321 1492 1365 1530 et
1393 1488 1610 1540 intelligat
1636 1489 1796 1531 caritas
1823 1502 1894 1532 ve-

1130 1549 1232 1586 stra.
1251 1544 1296 1585 Si
1307 1543 1548 1586 dixerimus
1560 1545 1893 1588 catechumeno:

1062 1599 1216 1643 Credis
1249 1601 1294 1642 in
1330 1600 1574 1644 Christum?
1620 1602 1893 1656 RespOndet,

1061 1657 1217 1708 Credo,
1243 1663 1287 1700 et
1311 1658 1455 1710 signat
1480 1670 1528 1700 se
1554 1659 1693 1701 Cruce
1717 1658 1893 1702 Christi:

1059 1719 1211 1767 portat
1235 1715 1280 1756 in
1303 1715 1461 1766 fronte,
1487 1720 1532 1757 et
1557 1728 1647 1757 non
1671 1715 1894 1758 erubescit

1061 1770 1117 1812 de
1138 1771 1278 1813 Cruce
1296 1771 1477 1813 Domini
1501 1772 1579 1814 sui.
1611 1772 1728 1815 Ecce
1753 1772 1894 1815 credit

1059 1828 1104 1868 in
1118 1828 1295 1870 nomine
1312 1829 1414 1880 ejus.
1434 1829 1762 1881 Interrogemus
1778 1842 1892 1871 eum:

1059 1883 1301 1926 Mandueas
1321 1897 1498 1927 carnem
1512 1885 1611 1926 Filii
1629 1885 1829 1937 heminis,
1848 1891 1892 1928 et

1059 1940 1174 1982 bibis
1223 1941 1482 1993 sanguinem
1526 1942 1626 1983 Filii
1676 1941 1890 1983 heminis?

1058 1996 1212 2039 Nescit
1248 1997 1354 2050 quid
1387 1998 1587 2049 dicimus,
1625 1998 1728 2051 quia
1762 1998 1787 2039 J
1789 2011 1890 2040 esus

1058 2066 1147 2095 non
1167 2066 1215 2095 se
1235 2053 1424 2097 credidit
1442 2055 1492 2097 ei.
1553 2057 1619 2098 Te
1636 2055 1792 2097 Deum.
1814 2056 1874 2097 13.

1113 2117 1345 2153 Occurrente
1363 2118 1545 2154 Lectione
1566 2128 1670 2153 nona
1689 2118 1779 2154 festi
1794 2119 1889 2154 Sim-

1060 2166 1175 2209 plicis
1199 2167 1264 2201 vel
1292 2167 1339 2201 de
1362 2167 1551 2210 Homilia,
1584 2167 1719 2202 Lectio
1741 2167 1822 2203 viii.
1854 2171 1888 2203 et

1060 2215 1110 2248 ix.
1137 2214 1392 2258 conjungitur.

1320 2274 1399 2315 Ad
1425 2275 1623 2317 Laudes

1229 2345 1252 2376 e
1272 2340 1290 2376 t
1335 2347 1364 2387 p
1385 2347 1409 2376 e
1428 2346 1449 2374 r
1494 2334 1537 2375 H
1557 2347 1583 2376 0
1602 2347 1625 2375 1·
1643 2347 1669 2375 a
1688 2347 1719 2375 s.

1112 2394 1211 2437 Ant.
1226 2396 1256 2436 1.
1282 2395 1320 2436 O
1337 2405 1543 2444 magnum
1562 2393 1740 2446 pietatis
1760 2406 1887 2446 opus:

1058 2451 1081 2476 *
1107 2461 1227 2490 mors
1251 2451 1426 2491 mortua
1451 2454 1556 2491 tune
1582 2454 1666 2500 est,
1697 2450 1742 2490 in
1766 2449 1886 2500 ligno

1057 2504 1234 2558 quando
1253 2508 1427 2548 mortua
1445 2506 1536 2548 vita
1552 2505 1644 2547 fuit.

1111 2565 1178 2605 Ps.
1205 2563 1420 2604 Deminus
1438 2562 1647 2614 regnAvit.
1665 2563 1725 2603 14.

1115 2622 1151 2661 2.
1178 2619 1308 2661 Salva
1332 2632 1414 2661 nos
1437 2619 1460 2645 *
1487 2618 1657 2661 Christe
1682 2615 1886 2660 Salvator

1055 2687 1135 2727 per
1169 2675 1376 2717 virtutem
1405 2675 1571 2716 Crucis:
1604 2674 1678 2727 qui
1706 2674 1885 2716 salvasti

1055 2731 1233 2772 Petrum
1263 2731 1307 2772 in
1339 2731 1465 2782 mari,
1504 2731 1711 2773 miserere
1743 2731 1882 2772 nobis.
