2040 2976
708 204 779 237 Die
804 206 857 237 29.
883 204 987 237 Julii.
1036 204 1070 237 S.
1097 201 1258 235 Marthae
1283 199 1468 242 Virginis.

232 311 282 361 R.
324 302 526 344 Verbera
558 302 813 344 carnificum
843 316 933 345 non
964 303 1014 345 ti-

181 361 386 401 muerunt
405 359 546 400 sancti
560 358 655 409 Dei,
674 359 914 401 morientes
931 372 1014 412 pro

183 415 344 458 Christi
368 415 560 464 nomine,
576 420 603 444 '*
629 415 688 457 Ut
714 415 914 457 haeredes
941 416 1013 457 fie-

182 478 279 514 rent
297 472 341 513 in
361 471 495 514 domo
514 471 704 513 Domini.
730 468 782 520 V.
805 471 1014 513 Tradide-

181 534 282 570 runt
315 531 506 581 corpora
544 541 624 570 sua
654 533 839 581 propter
872 529 1014 569 Deum

182 585 239 627 ad
260 585 488 638 supplicia.
516 584 576 626 Ut
594 584 809 626 haeredes.

484 656 636 696 Lectio
657 654 710 694 vi.

230 715 491 757 nnocentius
543 714 824 763 Albanensis‚
878 715 1018 757 sancti

248 772 508 824 Hieronymi
542 777 586 814 et
618 770 851 822 Augustini
886 773 1017 813 aetate

183 829 345 870 floruit:
378 828 434 870 de
471 841 558 880 quo
589 828 662 870 ille
691 827 748 869 ad
776 827 1017 869 Demetria-

185 885 287 927 dem
318 885 547 936 virginem:
579 885 729 926 Sancti
761 884 1017 934 Innocentii,

185 943 260 995 qui
279 942 539 995 apostolicae
556 940 791 991 cathedrae,
811 946 854 982 et
872 940 1018 982 beatae

182 999 409 1041 memoriae
446 998 671 1040 Anastasii
707 999 939 1039 successor
976 1002 1019 1039 et

183 1056 300 1096 filius
331 1062 413 1106 est,
445 1057 599 1097 teneas
629 1054 778 1103 fidem,
812 1066 894 1095 nec
921 1067 1018 1107 per-

184 1115 395 1165 egrinam,
442 1111 642 1164 quamvis
683 1110 765 1153 tibi
812 1110 1019 1163 prudens,

185 1169 432 1222 callidaque
451 1168 660 1218 videaris,
688 1168 935 1210 doctrinam
954 1180 1018 1208 re-

185 1227 334 1279 cipias.
368 1227 481 1267 Eum
504 1231 730 1278 tamquam
753 1225 915 1276 justum
934 1224 1020 1265 Lot

185 1283 461 1325 subtractum
505 1282 590 1324 Dei
635 1280 918 1334 providentia
962 1280 1019 1322 ad

185 1340 442 1382 Ravennam
462 1341 685 1380 servatum
700 1338 846 1387 fuisse,
868 1337 1021 1379 scribit

187 1397 383 1447 Orosius,
402 1409 456 1438 ne
472 1396 662 1437 Romani
680 1394 835 1448 populi
849 1394 1022 1436 vidoret

187 1453 417 1495 excidium.
454 1453 514 1502 Is,
539 1452 719 1503 Pelagio
746 1456 790 1493 et
809 1451 1020 1492 Coelestio

187 1509 424 1560 damnatis,
455 1514 609 1551 contra
638 1511 791 1550 eorum
818 1507 1022 1549 haeresim

188 1566 415 1608 decretum
435 1566 552 1615 fecit,
576 1570 624 1607 ut
642 1565 817 1618 parvuli
837 1577 892 1606 ex
912 1564 1021 1605 chri—

188 1623 331 1664 stiana
355 1623 488 1664 etiam
510 1622 692 1663 muliere
716 1621 822 1670 nati,
849 1634 929 1673 per
948 1620 1021 1662 ba-

187 1682 399 1732 ptismum
431 1679 605 1720 renasci
638 1678 866 1728 deberent3
902 1683 951 1719 ut
977 1678 1022 1718 in

189 1736 251 1778 eis
270 1736 604 1787 regeneratione
622 1733 874 1784 mundetur,
902 1734 1022 1787 quod

187 1793 470 1844 generatione
497 1793 822 1834 contraxerunt.
858 1790 1021 1832 Proba-

188 1850 252 1891 vit
265 1850 407 1899 otiam,
426 1854 474 1891 ut
489 1848 676 1890 sabbato
693 1847 750 1890 ob
766 1848 1024 1890 memoriam

191 1906 352 1949 Christi
367 1905 548 1947 Domini
563 1905 803 1958 sepulturae
818 1905 1024 1956 jejunium

190 1965 451 2005 servaretur.
506 1961 630 2003 Sedit
666 1974 805 2002 annos
843 1961 1023 2013 quinde—

190 2020 294 2070 cim,
327 2032 524 2061 mensem
550 2031 700 2068 unum,
735 2017 829 2060 dies
859 2017 1024 2059 decem.

191 2078 390 2127 Quatuor
410 2074 760 2117 ordinationibus
774 2087 925 2116 mense
939 2075 1024 2116 De—

191 2132 357 2175 cembri
403 2131 570 2173 creavit
618 2131 906 2184 presbyteros
950 2131 1023 2173 tri-

190 2192 328 2242 ginta,
370 2189 582 2230 diaconos
621 2187 889 2240 quindecim,
937 2190 1024 2241 epi—

192 2259 357 2300 scopos
382 2258 462 2299 per
487 2243 662 2287 diversa
688 2246 789 2287 loca
814 2246 1024 2298 quinqua-

191 2305 312 2355 ginta
332 2304 532 2355 quatuor.
560 2302 769 2355 Sepultus
791 2307 858 2344 est
876 2303 919 2343 in
940 2315 1025 2344 coe-

191 2359 375 2402 meterio
397 2359 455 2401 ad
475 2359 637 2401 Ursum
654 2359 878 2412 pileatum.

247 2422 297 2473 R.
323 2419 571 2473 Tamquam
591 2432 755 2461 aurum.
774 2419 851 2472 [41]

247 2495 290 2530 ln
313 2495 378 2529 ΠΙ.
398 2493 598 2529 Nocturno
624 2493 795 2527 Ilomilia
821 2493 859 2526 in
880 2492 1025 2535 Evang.

196 2546 293 2579 Cum
328 2541 540 2578 audieritis.
578 2542 624 2575 de
653 2542 789 2575 eodem
822 2541 1026 2575 Communi

198 2595 223 2627 1.
249 2593 346 2626 loco.
375 2590 444 2634 [43]

247 2645 434 2687 Vespera·
465 2654 483 2676 a
518 2642 642 2685 Capit.
677 2642 723 2674 de
755 2651 859 2683 sequ.
891 2651 1024 2674 comm.

197 2704 310 2737 praec.
337 2698 372 2727 et
394 2694 450 2726 Ss.
469 2691 610 2725 Felicis
636 2695 704 2723 ete.
726 2689 832 2722 Mart.
856 2693 895 2722 ut
916 2689 1024 2722 infra.

1333 302 1417 344 Die
1436 303 1502 343 29.
1521 301 1633 342 Julii.

1224 371 1267 411 S.
1291 371 1511 412 Marthae
1537 368 1743 419 Virginis.

1355 434 1617 477 Semiduplex.

1122 489 1259 523 Omnia
1291 489 1337 523 de
1363 487 1568 522 Communi
1591 485 1795 530 Virginum
1825 487 1898 531 [83]

1068 543 1210 581 praeter
1234 536 1446 581 sequentia.

1404 603 1567 643 Oratio.

1069 659 1288 766 Exaudi
1319 671 1400 700 nos
1431 658 1553 699 Deus
1590 657 1795 700 salutaris
1825 671 1900 700 no-

1162 722 1266 758 ster:
1284 720 1333 756 ut
1353 715 1466 756 sicut
1486 713 1542 756 de
1555 713 1701 756 beatae
1715 714 1901 757 Marthae

1070 772 1265 824 Virginis
1284 777 1372 813 tuae
1393 771 1631 813 festivitate
1644 770 1902 822 gaudemus3

1069 830 1131 872 ita
1149 829 1236 882 piae
1262 828 1511 871 devotionis
1532 827 1783 871 erudiamur
1802 826 1902 869 affe-

1071 891 1157 928 ctu.
1183 886 1270 927 Per
1289 886 1541 927 Dominum.

1123 954 1167 987 Et
1189 954 1229 986 fit
1255 962 1451 986 commem.
1477 951 1642 994 praeced.

1122 1010 1221 1050 Ant.
1270 1006 1474 1048 (iaudent
1508 1007 1554 1048 in
1590 1007 1715 1049 coelis
1748 1007 1905 1048 animae

1073 1067 1341 1114 sanctorum,
1392 1064 1466 1116 qui
1512 1063 1675 1105 Christi
1720 1063 1906 1114 vestigia

1073 1126 1173 1163 sunt
1198 1121 1355 1163 secuti:
1381 1126 1425 1163 et
1450 1121 1553 1173 quia
1575 1133 1658 1173 pro
1679 1121 1769 1172 ejus
1789 1121 1905 1161 amo—

1072 1190 1120 1219 re
1140 1178 1399 1229 sanguinem
1417 1190 1545 1218 suum
1563 1175 1780 1227 fuderunt,
1803 1175 1905 1226 ideo

1074 1247 1171 1276 cum
1193 1233 1370 1275 Christo
1391 1233 1614 1275 exsultant
1632 1233 1725 1274 sine
1745 1233 1842 1274 fine.

1124 1293 1175 1344 Y.
1203 1294 1501 1336 Exsultabunt
1526 1293 1665 1335 saneti
1690 1293 1733 1334 in
1758 1291 1908 1345 gloria.

1073 1355 1123 1406 Rv.
1143 1351 1432 1394 Laetabuntur
1451 1350 1495 1391 in
1515 1349 1732 1392 cubilibus
1752 1349 1854 1391 suis.

1410 1417 1578 1458 Oratio.

1149 1480 1379 1520 anctorum
1403 1479 1582 1519 tuorum
1605 1488 1688 1517 nos
1707 1474 1908 1524 Domine,

1165 1534 1358 1584 Nazarii,
1384 1533 1516 1583 Celsi,
1538 1532 1751 1582 Victoris,
1777 1535 1821 1573 et
1838 1531 1907 1572 In-

1074 1591 1265 1633 nocontii
1297 1590 1517 1632 confessio
1551 1589 1683 1631 beata
1711 1590 1907 1630 ‚commu-

1076 1647 1180 1689 niat:
1227 1652 1271 1689 et
1303 1646 1528 1698 fragilitati
1563 1650 1729 1686 nostrae
1768 1643 1906 1686 subsi-

1076 1703 1197 1745 dium
1216 1703 1450 1755 dignanter
1470 1704 1634 1744 exoret.

1127 1770 1278 1804 Deinde
1310 1779 1505 1803 commem.
1537 1768 1593 1802 Ss.
1623 1767 1780 1809 Felicis,
1813 1765 1908 1801 Sim-

1076 1820 1195 1863 plicii,
1220 1818 1397 1851 Faustini
1422 1824 1458 1851 et
1482 1816 1672 1851 Beati-icis
1697 1815 1805 1850 Mart.

1130 1876 1230 1915 Ant.
1268 1874 1460 1914 Istorum
1489 1875 1557 1912 est
1585 1871 1701 1912 enim
1727 1882 1911 1922 regnum

1077 1930 1310 1979 coelorum,
1351 1928 1427 1980 qui
1459 1928 1820 1980 contempsorunt
1850 1925 1910 1967 vi-

1076 1992 1168 2028 tam
1181 1985 1344 2036 mundi,
1365 1990 1408 2027 et
1422 1985 1718 2037 pervenerunt
1735 1983 1793 2024 ad
1805 1984 1912 2036 prae-

1077 2043 1164 2085 mia
1188 2043 1326 2094 regni,
1353 2046 1397 2083 et
1420 2041 1620 2083 laverunt
1646 2039 1784 2081 stolas
1807 2051 1910 2080 suas

1076 2100 1120 2141 in
1140 2099 1352 2150 sanguine
1371 2098 1498 2148 Agni.

1131 2155 1183 2208 V.
1204 2159 1438 2202 Laetamini
1460 2158 1505 2199 in
1530 2157 1738 2207 Domino,
1767 2161 1811 2198 et
1838 2169 1909 2198 ex-

1079 2217 1239 2259 sultate
1267 2215 1379 2268 justi.
1429 2216 1479 2268 R.
1506 2215 1563 2262 Et
1590 2212 1838 2265 gloriamini
1866 2225 1910 2254 o-

1077 2286 1201 2316 mnes
1220 2272 1329 2315 recti
1348 2271 1494 2314 corde.

1420 2332 1584 2374 Oratio.

1082 2387 1301 2492 Praesta
1334 2390 1587 2441 quaesumus
1619 2386 1826 2435 Domine,
1861 2391 1912 2428 ut

1174 2447 1287 2488 sicut
1306 2444 1499 2498 populus
1518 2443 1780 2485 christianus
1797 2442 1909 2483 Mar-

1078 2508 1224 2555 tyrum
1261 2504 1440 2543 tuorum
1473 2499 1650 2549 Felicis,
1680 2497 1910 2551 Simplicii,

1078 2559 1276 2601 Faustini
1295 2563 1339 2600 et
1355 2557 1571 2599 Beatricis
1588 2554 1826 2608 temporali
1843 2566 1910 2611 so-

1078 2616 1306 2658 lemnitate
1334 2613 1600 2665 congaudet:
1629 2613 1691 2654 ita
1715 2610 1910 2664 perfrua-

1078 2678 1150 2714 tur
1169 2674 1348 2722 aeterna3
1369 2676 1412 2713 et
1431 2669 1553 2723 quod
1571 2668 1687 2710 votis
1707 2666 1910 2716 celebrat,

1081 2727 1427 2782 comprehendat
1448 2726 1618 2768 effectu.
1655 2725 1741 2766 Per
1765 2723 1894 2764 Dfim.
