2040 2976
748 220 791 254 In
816 220 1067 254 Dedicatione
1092 219 1286 253 Ecclesiae.

160 315 221 356 tio
240 313 569 367 perambulante
592 313 636 353 in
659 312 866 354 tenebris:
884 311 908 337 *
928 310 982 352 ab

120 410 125 416 ,
159 371 345 422 incursu„
365 375 408 412 et
427 369 645 411 daemonio
665 367 915 410 meridiano.

213 426 380 469 Cadent
400 440 425 467 a
443 426 580 468 latere
598 430 675 467 tuo
694 425 829 474 mille,
849 428 893 466 et
912 423 983 465 de-

161 497 256 526 cem
281 483 415 524 millia
442 496 467 524 a
495 482 658 524 dextris
685 482 785 523 tuis:
809 481 832 507 *
857 480 914 522 ad
940 484 983 521 te

161 545 306 582 autem
324 553 412 581 non
432 537 812 592 appropinquabit.

211 597 526 638 Verumtamen
559 595 697 636 oculis
727 594 813 636 tuis
847 593 982 634 consi-

163 653 352 695 derabis:
371 655 395 680 *
414 657 458 694 et
478 651 808 694 retributionem
831 661 983 702 pecca-

161 712 307 752 torum
325 709 504 751 videbis.

215 766 429 817 Quoniam
442 770 490 807 tu
506 779 552 807 es
563 765 750 806 Domine
761 776 863 816 spes
874 775 985 804 mea:

163 824 186 849 *
226 823 499 864 Altissimum
546 821 732 874 posuisti
773 819 986 871 refugium

163 885 295 922 tuum.

214 936 314 977 Non
341 935 523 978 accedet
550 935 606 977 ad
634 940 677 976 te
705 935 881 976 malum:
899 934 922 960 *
943 938 987 975 et

163 993 382 1044 flagellum
409 1005 497 1034 non
529 990 900 1045 appropinquabit
927 995 986 1032 ta-

163 1049 400 1092 bernaculo
419 1054 507 1091 tuo.

215 1107 429 1156 Quoniam
449 1105 628 1157 Angelis
653 1106 741 1147 suis
763 1104 988 1146 mandavit

164 1163 218 1204 de
237 1168 297 1204 te:
316 1164 339 1189 *
358 1168 407 1204 ut
435 1161 684 1204 custodiant
709 1167 753 1203 te
780 1162 824 1202 in
853 1161 986 1202 omni—

162 1219 245 1261 bus
263 1220 345 1261 viis
364 1220 460 1261 tuis.

214 1277 264 1317 In
295 1276 494 1318 manibus
526 1275 766 1330 portabunt
797 1279 856 1316 te:
883 1275 906 1300 *
933 1286 987 1315 ne

164 1334 276 1375 forte
304 1333 499 1375 offendas
527 1333 583 1374 ad
610 1331 802 1386 lapidem
829 1330 988 1384 pedem

163 1395 297 1431 tuum.

215 1447 355 1499 Super
392 1446 606 1499 aspidem,
657 1450 700 1487 et
735 1444 988 1486 basiliscum

165 1503 420 1545 ambulabis:
431 1504 454 1529 *
466 1507 509 1544 et
523 1501 801 1544 conculcabis
816 1501 989 1542 leonem

164 1565 208 1602 et
227 1559 472 1601 draconem.

218 1617 432 1667 Quoniam
450 1616 494 1656 in
513 1629 583 1657 me
603 1615 810 1668 speravit,
832 1613 986 1656 libera-

163 1673 222 1715 bo
242 1686 355 1715 eum:
369 1675 393 1700 *
407 1674 636 1725 protegam
654 1685 763 1722 eum,
784 1670 988 1724 quoniam

165 1730 372 1781 cognovit
390 1742 549 1771 nomen
567 1741 722 1770 meum.

217 1786 431 1828 Clamabit
462 1785 519 1827 ad
549 1798 634 1835 me,
671 1790 714 1826 et
745 1798 826 1837 ego
860 1787 987 1826 exau-

165 1843 281 1884 diam
306 1855 419 1884 eum:
437 1843 461 1870 *
482 1855 582 1884 cum
604 1842 701 1894 ipso
728 1855 824 1882 sum
848 1842 893 1882 in
917 1841 988 1882 tri-

163 1899 401 1940 bulatione:
430 1898 610 1951 eripiam
636 1911 735 1939 eum
761 1903 804 1940 et
828 1897 987 1948 glorifi-

165 1955 276 1997 cabo
297 1968 406 1996 eum.

215 2014 506 2068 Longitudine
573 2015 740 2056 dierum
807 2014 988 2067 replebo

166 2086 278 2114 eum:
308 2074 332 2100 *
364 2077 408 2114 et
445 2071 675 2113 ostendam
705 2071 767 2112 illi
798 2071 987 2113 salutare

163 2132 335 2178 meum.‚‘=¹

217 2193 315 2233 Ant.
336 2191 419 2242 Qui
438 2189 605 2231 habitat
622 2189 666 2229 in
685 2188 900 2240 adjutorio
915 2188 988 2228 Al-

164 2247 335 2296 tissimi,
375 2247 419 2287 in
457 2246 731 2299 protectione
769 2245 851 2286 Dei
889 2244 989 2285 coeli

166 2303 517 2345 commorabitur.

217 2369 316 2410 Ant.
359 2366 590 2420 Templum
625 2366 802 2407 Domini
832 2366 855 2396 *
895 2378 987 2406 san-

167 2428 284 2465 ctum
316 2428 397 2474 est,
427 2423 511 2464 Dei
541 2426 759 2464 structura
792 2427 873 2472 est,
904 2421 989 2462 Dei

167 2479 399 2522 aedificatio
420 2484 496 2521 est.

439 2558 636 2599 Psalmus
655 2559 720 2599 95.

169 2623 389 2731 Cantate
427 2634 617 2675 Domino
659 2634 876 2675 canticum
913 2646 988 2675 no-

255 2705 372 2734 vum:
391 2693 414 2719 *
434 2693 605 2733 cantate
629 2690 819 2733 Domino
846 2690 987 2732 omnis

165 2753 292 2791 terra.

1766 211 1858 255 [119]

1088 309 1269 351 Cantate
1298 309 1505 359 Domino,
1542 314 1585 350 et
1614 308 1859 350 benedicite

1035 365 1200 407 nomini
1220 367 1323 417 ejus:
1342 366 1366 392 *
1386 366 1636 407 annuntiate
1656 365 1710 407 de
1731 364 1801 407 die
1817 365 1860 405 in

1036 422 1152 464 diem
1172 423 1361 464 salutare
1382 423 1482 475 ejus.

1087 483 1354 525 Annuntiate
1368 484 1481 525 inter
1497 483 1663 524 Gentes
1678 482 1862 534 gloriam

1037 541 1141 592 ejus,
1161 540 1246 580 *in
1270 539 1470 581 omnibus
1495 539 1672 593 populis
1690 539 1861 580 mirabi-

1036 597 1093 638 lia
1112 597 1213 648 ejus.

1090 658 1304 708 Quoniam
1335 670 1518 708 magnus
1546 658 1777 706 Dominus,
1819 661 1863 698 et

1036 714 1266 756 laudabilis
1287 714 1427 755 nimis:
1446 714 1469 739 *
1488 714 1693 756 terribilis
1714 719 1782 755 est
1797 727 1863 754 su-

1037 784 1115 824 per
1135 784 1287 813 omnes
1307 770 1425 813 deos.

1088 833 1302 883 Quoniam
1318 845 1470 874 omnes
1486 832 1545 874 dii
1557 831 1763 873 Gentium
1780 831 1864 872 dae-

1037 890 1198 931 monia:
1234 890 1256 915 *
1293 889 1508 930 Dominus
1545 894 1691 930 autem
1728 887 1865 929 coelos

1039 946 1151 987 fecit.

1093 1007 1330 1057 Confessio,
1350 1011 1393 1048 et
1411 1005 1691 1060 pulchritudo
1707 1006 1750 1046 in
1766 1018 1865 1046 con-

1041 1065 1196 1116 spectu
1225 1065 1330 1116 ejus:
1350 1064 1372 1089 *
1394 1063 1679 1111 sanctimonia
1708 1067 1750 1103 et
1778 1074 1864 1102 ma-

1039 1120 1288 1171 gnificentia
1306 1121 1349 1161 in
1370 1119 1712 1161 sanctificatione
1733 1119 1833 1170 ejus.

1093 1181 1259 1223 Afferte
1274 1181 1464 1222 Domino
1482 1181 1637 1234 patriae
1649 1179 1866 1229 Gentium,

1041 1238 1191 1279 afferte
1218 1238 1409 1279 Domino
1440 1237 1624 1289 gloriam
1656 1241 1699 1278 et
1730 1236 1865 1277 hono-

1041 1308 1147 1336 rem:
1166 1296 1189 1321 *
1209 1294 1360 1336 afferte
1379 1294 1569 1336 Domino
1591 1294 1774 1345 gloriam
1792 1295 1865 1334 no-

1039 1352 1143 1392 mini
1164 1353 1264 1404 ejus.

1092 1413 1253 1454 Tollite
1263 1413 1440 1462 hostiaS,
1460 1417 1503 1454 et
1516 1413 1692 1453 introite
1703 1412 1746 1452 in
1758 1411 1867 1452 atria

1043 1471 1146 1522 ejus:
1166 1470 1189 1495 *
1213 1469 1394 1511 adorate
1421 1469 1658 1510 Dominum
1683 1469 1725 1508 in
1754 1468 1865 1509 atrio

1042 1532 1193 1568 sancto
1214 1528 1315 1579 ejus.

1095 1588 1432 1630 Commoveatur
1465 1601 1490 1628 a
1522 1586 1631 1627 facie
1660 1586 1749 1637 ejus
1777 1586 1866 1626 uni-

1040 1647 1167 1686 versa
1198 1649 1334 1686 terra:
1361 1645 1384 1670 *
1413 1644 1543 1686 dicite
1575 1643 1619 1684 in
1653 1641 1866 1684 Gentibus

1043 1702 1143 1754 quia
1161 1701 1377 1742 Dominus
1396 1700 1603 1752 regnavit.

1092 1762 1266 1804 Etenim
1309 1762 1498 1803 correxit
1543 1760 1696 1802 orbem
1737 1765 1867 1801 terrae

1043 1819 1115 1871 qui
1134 1832 1222 1861 non
1237 1818 1597 1860 commovebitur:
1615 1818 1639 1842 *
1660 1816 1868 1869 judicabit

1040 1875 1231 1928 populos
1250 1876 1293 1917 in
1313 1875 1531 1928 aequitate.

1091 1937 1316 1978 Laetentur
1336 1935 1451 1985 coeli,
1471 1940 1514 1977 et
1533 1934 1720 1976 exsultet
1739 1938 1866 1983 terra,

1042 1995 1370 2035 commoveatur
1397 2005 1533 2042 mare,
1566 1996 1610 2034 et
1637 1989 1865 2044 plenitudo

1043 2051 1146 2102 ejus:
1165 2051 1189 2076 *
1208 2048 1460 2101 gaudebunt
1479 2048 1636 2101 campi,
1657 2052 1701 2089 et
1721 2047 1866 2088 omnia

1043 2119 1141 2159 quae
1160 2107 1204 2147 in
1223 2107 1284 2148 eis
1304 2111 1414 2147 sunt.

1093 2168 1217 2209 Tunc
1253 2166 1533 2209 exsultabunt
1570 2166 1716 2208 omnia
1751 2164 1865 2216 ligna

1042 2224 1248 2265 silvarum
1273 2236 1299 2265 a
1323 2223 1434 2265 facie
1452 2223 1646 2273 Domini,
1671 2222 1772 2275 quia
1795 2234 1864 2262 ve-

1041 2281 1117 2322 nit:
1135 2281 1159 2307 *
1185 2280 1389 2333 quoniam
1417 2280 1537 2322 venit
1563 2279 1755 2333 judicare
1782 2282 1864 2319 ter-

1041 2350 1144 2378 ram.
1648 2355 1657 2363 *

1092 2399 1116 2439 J
1119 2397 1315 2440 udicabit
1341 2397 1493 2439 orbem
1516 2402 1646 2440 terrae
1670 2397 1714 2438 in
1734 2395 1864 2448 aequi-

1040 2457 1141 2505 tate,
1160 2455 1183 2480 *
1203 2459 1246 2496 et
1262 2454 1452 2507 populos
1470 2455 1514 2495 in
1532 2454 1716 2496 veritate
1735 2465 1823 2494 sua.

1092 2518 1192 2557 Ant.
1224 2515 1452 2568 Templum
1469 2515 1646 2557 Domini
1667 2517 1863 2554 sanctum

1041 2576 1117 2621 est,
1134 2572 1218 2614 Dei
1238 2575 1456 2614 structura
1475 2576 1551 2622 est,
1575 2571 1659 2612 Dei
1678 2569 1863 2611 aedifica-

1039 2629 1102 2670 tio
1123 2633 1199 2671 est.

1092 2691 1190 2731 Ant.
1220 2689 1459 2732 Benedicta
1475 2689 1500 2715 *
1518 2688 1656 2739 gloria
1674 2685 1862 2736 Domini,

1040 2746 1094 2789 de
1112 2746 1212 2791 loco
1232 2751 1383 2790 sancto
1402 2758 1493 2796 suo,
1513 2743 1693 2797 alleluja.
