2040 2976
711 208 815 242 Infra
839 208 1135 242 Hebdomadam
1160 209 1196 242 ii.
1222 209 1399 252 Augusti.

199 310 299 352 loco
321 309 467 361 judicii
486 310 776 362 impietatem,
802 314 845 351 et
863 310 907 350 in
925 309 1026 351 loco

200 367 373 418 justitiae
409 367 695 418 iniquitatem.
755 368 811 409 Et
852 366 942 409 dixi
984 367 1026 407 in

199 423 334 464 corde
354 436 468 464 meo:
491 423 678 473 Justum,
705 428 749 465 et
767 424 949 476 impium
968 425 1025 475 ju-

199 479 364 521 dicabit
383 480 521 530 DeuS,
543 485 586 522 et
605 486 781 534 tempus
801 480 942 522 omnis
963 480 1026 521 rei

197 542 300 578 tune
321 537 413 578 erit.

253 593 304 645 R.
328 593 526 635 Verbum
545 594 752 646 iniquum.
771 595 864 635 242.

412 707 573 743 Feria
598 707 802 754 Quarta.

347 757 413 799 De
442 758 554 800 libro
583 759 877 800 Ecclesiastae.

303 817 455 858 Lectio
475 818 500 858 i.
764 818 866 869 Cap.
885 818 922 857 4.

204 888 302 930 59⁴.ss
314 877 395 918 ert1
421 890 491 918 me
517 877 573 919 ad
598 877 698 927 alia,
729 882 772 919 et
795 877 885 919 vidi
909 877 1024 919 calu-

210 921 299 966 Ψ
330 934 485 983 mnias,
519 947 617 986 quae
644 934 726 976 sub
752 934 845 975 sole
870 937 1023 985 gerun-

195 995 283 1039 tur,
321 995 366 1031 et
397 990 598 1031 lacrimas
630 990 943 1040 innocentium,
981 996 1025 1033 et

195 1047 413 1087 neminem
433 1047 771 1089 consolatorem:
791 1060 872 1089 nec
890 1061 1024 1100 posse

196 1104 402 1144 resistere
422 1105 574 1144 eorum
594 1104 830 1154 violentiae,
850 1107 1024 1147 cuncto-

192 1159 292 1200 'rum
312 1159 473 1201 auxilio
494 1159 740 1202 destitutos.
774 1160 831 1202 Et
849 1160 1026 1203 laudavi

196 1216 334 1267 magis
353 1218 568 1266 mortuOS‚
595 1230 725 1269 quam
744 1218 957 1259 viventes:
983 1223 1026 1260 et

197 1272 435 1314 felici6rem
476 1275 665 1325 utroque
701 1273 905 1325 judicavi,
952 1275 1026 1327 qui

196 1328 384 1370 necdum
407 1334 536 1371 natus
563 1335 644 1381 est,
670 1343 753 1372 nec
777 1329 887 1372 vidit
911 1331 1026 1373 mala

198 1398 296 1437 quae
323 1385 404 1428 sub
431 1386 524 1427 sole
550 1386 670 1428 fiunt.
708 1387 900 1429 Rursum
924 1401 1024 1430 con-

195 1443 435 1495 templatus
462 1456 558 1484 sum
583 1456 734 1485 omnes
754 1444 931 1487 laberes
950 1445 1025 1487 ho-

196 1499 376 1549 minum,
405 1505 447 1541 et
471 1499 711 1542 industrias
737 1502 1026 1545 animadverti

196 1558 347 1608 patere
372 1556 549 1598 invidiae
574 1558 779 1609 preximi:
808 1563 851 1600 et
874 1559 917 1600 in
940 1559 1026 1601 hoc

198 1624 304 1664 ergo
319 1613 504 1662 vanitas,
524 1619 567 1655 et
586 1627 689 1655 cura
709 1615 931 1668 superflua
948 1621 1026 1658 est.

252 1671 303 1722 R.
327 1669 516 1711 Domine
535 1675 672 1722 pater.
690 1672 781 1712 237.

506 1728 658 1770 Lectio
679 1729 719 1769 ii.

266 1782 402 1824 tultus
420 1784 656 1837 cumplicat
673 1798 828 1826 manus
848 1798 961 1835 suae,
982 1792 1026 1828 et

283 1839 475 1882 comedit
510 1854 662 1883 carnes
700 1855 818 1892 suas,
860 1842 1025 1884 dicens:

198 1895 354 1936 Melior
391 1902 458 1939 est
497 1898 686 1951 pugillus
724 1911 823 1940 cum
858 1899 1025 1951 requie,

199 1965 330 2004 quam
361 1953 492 2005 plena
523 1957 709 2007 utraque
741 1969 894 1997 manus
928 1969 1027 1997 cum

196 2008 359 2058 labore,
380 2015 423 2051 et
442 2010 679 2053 afflicti6ne
700 2012 841 2053 animi.
877 2012 1025 2053 Consi-

199 2064 355 2106 derans
383 2067 527 2118 reperi
560 2073 603 2109 et
632 2068 761 2110 uliam
789 2069 1026 2110 vanitatem

198 2121 279 2163 sub
309 2122 417 2163 sole:
449 2136 560 2164 unus
592 2129 675 2174 est,
709 2130 752 2166 et
785 2125 1027 2167 secundum

196 2190 285 2219 non
303 2178 446 2227 habet,
466 2193 553 2220 non
569 2180 716 2230 filium,
735 2194 822 2223 non
837 2182 1026 2231 fratrem,

197 2239 241 2276 et
260 2240 406 2276 tamen
425 2235 627 2278 laborare
652 2250 738 2279 non
759 2244 920 2288 cessat,
946 2251 1026 2280 nec

197 2292 410 2333 satiantur
443 2293 559 2334 oculi
593 2294 684 2345 ejus
718 2293 896 2336 divitiis:
946 2308 1027 2337 nec

198 2348 430 2398 recogitat,
464 2348 628 2390 dicens:
666 2350 745 2391 Cui
776 2350 949 2400 laboro,
983 2357 1027 2393 et

196 2403 352 2446 fraudo
391 2405 578 2446 animam
614 2419 757 2447 meam
792 2407 941 2448 bonis?
982 2407 1026 2448 in

196 2459 281 2501 hoc
302 2473 479 2512 quoque
497 2462 667 2503 vanitas
688 2468 764 2512 est,
785 2468 827 2504 et
846 2463 1026 2505 afflictio

196 2517 399 2570 pessima.
440 2515 491 2566 Βι-
509 2518 668 2569 Magna
688 2519 813 2560 enim.
832 2520 925 2560 237.

505 2572 655 2613 Lectio
676 2572 730 2612 iii.

301 2630 409 2671 elius
430 2635 497 2671 est
517 2643 622 2682 ergo
639 2631 752 2672 duos
772 2645 868 2673 esse
889 2633 1027 2683 simul,

321 2699 451 2739 quam
462 2700 609 2728 unum:
620 2687 783 2729 habent
794 2689 909 2729 enim
921 2702 1029 2731 emo-

199 2743 442 2784 lumentum
469 2744 693 2786 societatis
722 2757 828 2785 suae:
858 2746 894 2786 si
917 2759 1028 2787 unus

1078 309 1305 359 ceciderit,
1331 309 1386 351 ab
1414 309 1554 352 altero
1574 309 1788 351 fulcietur.
1824 309 1907 350 Vae

1078 365 1175 407 soli:
1197 366 1299 418 quia
1319 379 1417 407 cum
1433 366 1651 417 ceciderit,
1670 379 1759 408 non
1773 365 1907 407 habet

1078 422 1380 464 sublevuntem
1410 436 1467 465 se.
1503 423 1560 465 Et
1587 423 1624 464 si
1651 422 1907 465 dormierint

1077 478 1176 529 duo,
1196 479 1462 521 fovebuntur
1481 483 1651 522 mutuo:
1669 492 1781 520 unus
1802 479 1906 530 quo-

1076 535 1210 578 modo
1226 535 1420 578 calefiet?
1440 536 1497 578 Et
1512 536 1549 577 si
1565 535 1782 588 quispiam
1795 547 1906 588 prae-

1076 592 1263 634 valuerit
1301 597 1453 634 contra
1490 605 1641 642 unum,
1683 590 1771 633 duo
1803 593 1905 632 resi—

1076 654 1195 690 stunt
1222 649 1274 690 ei:
1302 648 1518 690 funiculus
1544 648 1704 701 triplex
1729 647 1905 689 difficile

1076 706 1302 758 rumpitur.
1337 705 1493 747 Melior
1518 710 1585 747 est
1607 717 1717 758 puer
1734 716 1906 757 pauper

1077 766 1122 803 et
1140 763 1327 815 sapiens,
1347 775 1450 813 rege
1471 775 1576 804 sene
1596 766 1640 803 et
1659 761 1806 811 stulto,
1831 760 1905 813 qui

1076 819 1215 861 nescit
1232 819 1478 872 praevidere
1497 819 1542 860 in
1561 821 1801 872 posterum.

1129 878 1184 931 R.
1206 877 1315 927 Quae
1335 881 1445 918 sunt.
1464 877 1556 917 237.

1289 990 1452 1026 Feria
1482 989 1694 1037 Quinta.

1227 1043 1295 1084 De
1323 1042 1436 1084 libro
1465 1041 1760 1083 Ecclesiastae.

1184 1104 1335 1146 Lectio
1356 1105 1380 1144 i.
1646 1104 1749 1156 Cap.
1767 1104 1805 1144 5.

1099 1188 1103 1196 .
1126 1171 1196 1250 :ghe
1214 1161 1380 1202 temere
1401 1158 1508 1212 quid
1526 1158 1738 1212 loquaris,
1763 1170 1907 1211 neque

1136 1209 1142 1219 ’
1190 1229 1266 1258 cor
1290 1222 1414 1258 tuum
1441 1216 1498 1258 sit
1525 1215 1656 1257 velox
1681 1213 1739 1256 ad
1763 1214 1907 1268 profe-

1077 1272 1262 1314 rendum
1307 1275 1555 1315 sermonem
1601 1284 1752 1313 coram
1797 1271 1908 1312 Deo.

1077 1330 1198 1371 Deus
1231 1329 1345 1371 enim
1378 1330 1422 1370 in
1454 1328 1586 1379 coelo,
1619 1333 1664 1370 et
1694 1335 1743 1370 tu
1775 1339 1908 1380 super

1078 1391 1254 1428 terram:
1282 1385 1450 1428 idcirco
1478 1385 1564 1426 sint
1590 1384 1720 1438 pauci
1745 1385 1908 1426 sermo-

1077 1456 1155 1485 nes
1186 1443 1261 1485 tui.
1308 1443 1471 1484 Multas
1506 1454 1633 1484 curas
1666 1444 1908 1493 sequuntur

1079 1500 1262 1550 somnia,
1302 1505 1345 1542 et
1376 1500 1420 1540 in
1452 1498 1600 1540 multis
1632 1496 1908 1540 sermunibus

1077 1557 1320 1599 invenietur
1340 1556 1534 1598 stultitia.
1562 1555 1607 1596 Si
1626 1554 1732 1607 quid
1746 1553 1909 1595 vovisti

1078 1615 1187 1665 Deo,
1206 1627 1261 1656 ne
1279 1613 1465 1656 moreris
1480 1610 1684 1654 reddere:
1703 1610 1909 1664 displicet

1079 1672 1193 1714 enim
1219 1671 1259 1713 ei
1283 1669 1472 1712 infidelis
1497 1674 1541 1711 et
1567 1668 1701 1711 stulta
1723 1669 1908 1721 promis-

1079 1729 1154 1770 sio.
1177 1727 1265 1770 Sed
1281 1727 1592 1780 quodcumque
1606 1724 1794 1774 voveris,
1812 1723 1908 1766 red-

1080 1785 1150 1827 de:
1182 1785 1412 1836 multoque
1441 1783 1595 1825 melius
1623 1786 1691 1824 est
1717 1793 1806 1823 non
1832 1792 1906 1822 vo-

1080 1844 1200 1892 vere,
1229 1854 1361 1894 quam
1388 1846 1492 1894 post
1514 1845 1667 1882 votum
1689 1839 1908 1891 promissa

1078 1911 1167 1940 non
1185 1897 1383 1940 reddere.

1133 1956 1184 2008 Rz.
1209 1955 1261 1996 In
1279 1954 1508 2008 principio.
1527 1954 1615 1995 241.

1388 2010 1541 2051 Lectio
1561 2009 1602 2050 ii.

1175 2081 1199 2110 e
1225 2067 1400 2110 dederis
1428 2079 1479 2108 os
1503 2071 1628 2107 tuum
1651 2068 1699 2106 ut
1721 2064 1909 2116 peccare

1183 2125 1317 2167 facias
1337 2136 1513 2166 carnem
1531 2127 1667 2164 tuam:
1685 2132 1829 2172 neque
1848 2118 1908 2161 di-

1081 2195 1155 2223 cas
1176 2194 1326 2224 coram
1345 2179 1533 2231 Angelo:
1558 2177 1659 2219 Non
1679 2182 1748 2218 est
1766 2175 1908 2229 provi-

1082 2239 1242 2282 dentia:
1260 2250 1314 2279 ne
1333 2237 1447 2279 forte
1466 2235 1604 2277 iratus
1619 2235 1740 2275 Deus
1756 2237 1910 2275 contra

1080 2298 1306 2339 sermunes
1355 2299 1472 2342 tuOS‚
1524 2291 1708 2344 dissipet
1753 2293 1910 2331 cuncta

1080 2355 1216 2406 opera
1234 2353 1440 2393 manuum
1458 2350 1642 2391 tuarum.
1670 2346 1756 2389 Ubi
1772 2345 1910 2387 multa

1080 2414 1181 2451 sunt
1200 2407 1383 2456 somnia,
1402 2406 1604 2459 plurimae
1626 2407 1727 2445 sunt
1746 2402 1908 2444 vanitu-

1079 2471 1158 2516 tes,
1180 2470 1223 2507 et
1242 2465 1468 2506 sermones
1487 2459 1717 2503 innumeri.
1735 2464 1784 2500 tu
1802 2470 1908 2499 vero

1079 2522 1223 2563 Deum
1249 2521 1364 2563 time.
1406 2519 1450 2561 Si
1479 2517 1641 2560 videris
1669 2514 1908 2557 calumnias

1081 2581 1334 2629 egenorum,
1367 2581 1411 2618 et
1438 2575 1630 2638 violenta
1657 2571 1832 2625 judicia,
1866 2575 1909 2612 et

1081 2634 1276 2676 subverti
1324 2632 1532 2686 justitiam
1576 2630 1620 2670 in
1664 2626 1908 2681 provincia,

1080 2703 1167 2732 non
1208 2690 1378 2731 mireris
1421 2699 1553 2741 super
1592 2685 1678 2726 hoc
1716 2683 1910 2735 negotio·

1082 2747 1183 2798 quia
1201 2746 1377 2788 excelso
1398 2743 1612 2787 excelsior
1630 2746 1697 2783 est
1716 2741 1841 2790 alius,
1865 2744 1908 2781 et
