2040 2976
325 219 397 253 Die
419 218 481 260 21„
503 218 565 255 24..
589 218 640 252 27.
666 223 701 252 et
724 218 778 252 28.
803 217 907 252 Julii.
933 235 945 240 -
968 216 1021 251 29.
1047 217 1081 251 S.
1108 217 1246 251 Felicis
1272 216 1314 250 ΙΙ.
1341 216 1458 258 Pupae
1483 221 1518 249 et
1544 216 1646 249 Mart.

138 313 254 355 ultro
270 311 524 362 contribuit;
544 316 588 354 et
606 313 838 364 quotannis
853 327 963 366 prae-

140 369 307 411 sulibus
343 368 579 418 Africanis,
616 381 641 409 a
671 369 886 411 Vandalis
921 370 965 410 in

141 424 290 467 odium
313 423 419 466 fidei
436 424 480 465 in
499 424 743 466 Sardiniam
761 425 965 476 relegatis

140 482 344 524 alimenta
388 485 432 522 et
468 486 613 523 vestes
650 481 966 534 suppeditavit3

141 540 307 590 eosque
330 538 467 579 sacris
492 550 601 589 quas
619 540 848 590 petierant,
870 539 965 580 reli-

142 594 271 646 quiis,
306 607 388 636 nec
423 607 511 636 non
545 594 747 646 epistola,
782 595 967 637 Ennodii

142 651 256 704 stylo
288 651 470 700 nitente,
502 650 727 692 recreavit.
769 650 966 693 Admira-

141 707 261 749 tione
285 720 421 760 porro
442 706 620 757 dignum
645 711 722 756 est,
747 707 867 758 quod
886 708 966 749 sub

142 763 333 805 barbaro
368 768 411 805 et
438 764 587 804 ariano
616 775 737 813 rege,
770 763 850 805 sub
880 777 967 816 quo

145 820 260 862 Urbs
294 820 394 872 ipsa
428 821 602 871 captiva
640 819 968 871 quodammodo

144 876 393 925 tenebamr,
420 880 587 917 tantam
615 875 708 916 auri
735 881 779 917 et
803 877 970 927 argenti

145 933 243 983 vim,
267 937 359 974 tum
379 931 436 974 ad
458 944 596 973 novas
614 931 818 973 basilicas
838 945 863 973 a
880 933 969 973 fun-

145 988 361 1031 damentis
376 987 675 1038 exstruendas,
689 993 782 1030 tum
794 989 849 1030 ad
865 988 971 1029 alias

146 1044 418 1098 reparandas
445 1049 490 1086 et
514 1044 651 1095 regali
675 1045 794 1086 cultu
818 1047 971 1086 ornan-

146 1101 226 1144 das
241 1101 486 1143 contulerit.
514 1102 644 1142 Anno
665 1099 839 1142 demum
854 1100 972 1142 Chri-

146 1159 203 1200 sti
228 1157 401 1200 decimo
428 1162 585 1209 quarto
609 1170 743 1210 supra
770 1157 972 1210 quingen-

145 1215 360 1264 tesimum,
382 1219 539 1267 quarto
559 1213 730 1255 decimo
749 1213 973 1255 Kalendas

148 1272 348 1323 Augusti,
370 1284 470 1313 eum
489 1269 678 1313 sedisset
696 1283 833 1311 annos
854 1272 973 1321 quin-

149 1328 291 1370 decim
310 1332 354 1370 et
372 1340 545 1370 menses
565 1332 679 1376 octo,
698 1326 770 1379 pie
790 1326 908 1376 obiit,
932 1330 975 1367 et

149 1385 349 1438 sepultus
370 1385 499 1426 estin
517 1384 744 1427 Vaticano.

200 1442 251 1494 Rz.
267 1442 360 1484 Iste
378 1445 446 1484 est
466 1441 553 1494 qui.

197 1508 243 1543 In
264 1507 330 1542 ΠΙ.
352 1506 552 1542 Nocturno
572 1505 743 1539 Homilia
768 1504 806 1537 in
830 1504 973 1545 Evang.

151 1555 278 1591 Homo
294 1557 466 1600 peregre.
488 1554 535 1588 de
557 1553 693 1588 eodem
707 1552 811 1587 Com.
834 1552 974 1586 1.1oeo.

417 1634 502 1676 Die
520 1635 578 1674 21.
597 1634 622 1674 J
625 1633 710 1674 ulii.

293 1699 336 1740 S.
363 1698 529 1740 Alexii
556 1695 840 1737 Confessoris.

371 1758 536 1803 Duplex.
580 1754 640 1797 (m.
663 1758 688 1789 t.
711 1755 760 1797 v.)

176 1859 178 1862 y
205 1818 348 1858 Omnia.
365 1821 407 1852 ut
431 1816 529 1850 inter
547 1815 644 1849 festa
659 1824 730 1858 pro
749 1813 863 1856 aliqu.
881 1813 977 1846 locis

155 1869 217 1903 die
242 1867 292 1902 17.
317 1865 422 1900 Julii.

419 1935 502 1976 Die
520 1928 586 1975 24.
604 1934 628 1974 J
630 1933 715 1974 ulii.

191 2000 235 2041 S.
249 1998 504 2041 Vincentii
523 2007 554 2038 a
571 1996 725 2038 Paulo
750 1994 944 2035 Confess.

486 2057 650 2100 Duplex.

209 2112 348 2148 Omnia
370 2115 412 2146 ut
436 2110 475 2144 in
498 2109 621 2150 Brev.‚
647 2107 708 2141 die
735 2107 786 2141 19.
810 2106 914 2140 Julii.

1277 319 1360 361 Die
1379 321 1443 361 28.
1461 320 1486 361 J
1488 320 1574 361 ulii.

1017 388 1085 428 Ss.
1101 387 1318 429 Victoris
1337 388 1372 428 Ι.
1404 386 1535 437 Papae
1562 391 1605 426 et
1628 386 1840 437 Martyris,

1017 443 1294 485 Innocentii
1323 444 1359 484 1.
1394 442 1526 493 Papae
1562 446 1604 482 et
1637 442 1841 492 Confess„

1073 499 1275 540 Nazarii
1309 503 1351 539 et
1377 499 1504 540 Celsi
1536 498 1785 549 Martyrum.

1348 559 1511 602 Duplex.

1077 614 1212 650 Omnia
1234 621 1274 651 ut
1299 617 1336 650 in
1353 616 1462 650 Brev.
1490 615 1622 649 eadem
1649 616 1721 658 die,
1747 627 1841 659 prae-

1023 668 1080 698 ter
1104 665 1313 707 sequentia.

1355 717 1516 757 Oratio.

1093 775 1321 814 anct6rum
1342 774 1516 814 tuerum
1533 784 1625 821 nos,
1643 772 1841 820 Domine,

1123 829 1332 877 Victoris,
1375 828 1632 878 Innocentii‚
1666 827 1841 869 Nazarii

1022 890 1065 926 et
1094 885 1210 926 Celsi
1242 884 1459 925 confessio
1490 883 1621 925 beata
1653 887 1841 925 commu-

1023 941 1128 982 niat:
1171 946 1214 982 et
1250 940 1471 991 fragilitati
1506 945 1670 981 nostrae
1707 939 1841 980 subsi-

1024 998 1142 1045 dium
1165 997 1394 1048 dignanter
1417 998 1578 1038 exoret.
1612 996 1695 1037 Per
1718 996 1843 1036 Dfim.

1076 1061 1119 1094 In
1142 1061 1168 1094 I.
1194 1060 1303 1094 Noct.
1328 1059 1427 1093 Leet.
1451 1059 1497 1092 de
1528 1058 1662 1101 Script.
1686 1069 1827 1093 occurr.

1078 1114 1120 1147 In
1153 1113 1197 1147 ΙΙ.
1228 1112 1337 1146 Noct.
1371 1111 1471 1145 Lect.
1505 1116 1545 1145 ut
1578 1111 1615 1145 in
1647 1111 1846 1146 Breviario

1026 1163 1183 1204 (mutato
1218 1160 1379 1197 ordine),
1413 1160 1460 1193 iv.
1490 1159 1632 1194 Victor.
1667 1169 1701 1192 v.
1735 1159 1844 1193 Inno-

1026 1209 1183 1244 centius.
1210 1209 1259 1243 vi.
1284 1207 1481 1243 Nazarius.

1079 1261 1122 1295 In
1143 1261 1206 1295 111.
1230 1261 1427 1295 Nocturno
1446 1259 1615 1292 Homilia
1640 1260 1677 1292 in
1703 1259 1846 1301 Evang.

1032 1310 1126 1344 Cum
1158 1307 1366 1343 audieritis.
1401 1307 1446 1340 de
1480 1307 1613 1341 eodem
1648 1306 1848 1341 Communi

1030 1358 1056 1391 1.
1082 1359 1179 1392 loeo.

1082 1410 1196 1451 Vesp.
1223 1420 1243 1443 a
1261 1408 1383 1451 Capit.
1410 1407 1455 1440 de
1481 1406 1515 1440 S.
1541 1406 1666 1439 Felice
1692 1408 1847 1440 coffiem.

1030 1458 1191 1502 praeced.
1222 1462 1257 1491 et
1282 1456 1338 1490 Ss.
1363 1454 1550 1497 Simplicii
1574 1458 1609 1487 et
1634 1453 1717 1487 Soc.
1742 1454 1847 1488 Mart.

1030 1506 1187 1545 (omisso
1214 1506 1251 1538 in
1276 1503 1458 1538 Oratione
1482 1501 1634 1535 nomine
1654 1499 1821 1541 Felicis).

1291 1580 1372 1621 Die
1391 1581 1456 1620 29.
1475 1579 1499 1619 J
1502 1578 1586 1620 ulii.

1054 1646 1097 1686 S.
1115 1644 1292 1686 Felicis
1310 1643 1367 1684 Π.
1393 1643 1523 1694 Papae
1544 1646 1587 1682 et
1607 1640 1819 1690 Martyris.

1360 1702 1522 1745 Duplex„
1589 1740 1591 1742 ,

1085 1762 1220 1798 Omnia
1246 1762 1291 1795 de
1316 1760 1458 1795 Comm.
1482 1758 1594 1792 unius
1614 1756 1731 1791 Mart..
1756 1766 1850 1798 prae-
1876 1750 1878 1753 ’

1034 1818 1089 1847 ter
1114 1810 1323 1854 sequentia.

1087 1863 1228 1898 Oratio.
1251 1860 1517 1895 Infirmitatem.

1085 1919 1128 1953 In
1160 1918 1186 1951 I.
1215 1918 1411 1951 Nocturno
1447 1915 1645 1949 Lectiones
1677 1913 1722 1946 de
1755 1912 1850 1946 Scri-

1035 1972 1147 2011 ptura
1171 1969 1400 2001 occurrente.

1258 2035 1306 2073 In
1332 2033 1382 2072 II.
1411 2031 1631 2070 Nocturno.

1334 2097 1483 2137 Lectio
1503 2095 1554 2135 iv.

208 2165 342 2200 Lectio
360 2164 411 2198 ix.
435 2163 482 2197 de
498 2160 670 2196 Homnia
687 2159 843 2202 Vigiliae
867 2157 981 2193 ssa-
1191 2159 1199 2167 ·

158 2214 247 2249 cobi
278 2213 416 2257 Apost.
447 2214 484 2245 et
515 2209 687 2252 ejusdem
717 2217 911 2241 commem.
943 2206 981 2239 in
1036 2206 1047 2250 ξ’,
1080 2209 1133 2234 «

157 2261 374 2302 Laudibus,
406 2258 546 2293 deinde
579 2257 613 2291 S.
643 2255 850 2290 Christinae
877 2254 981 2296 Virg.
1036 2254 1045 2276 Γ

159 2313 196 2345 et
219 2309 326 2344 Mart.

421 2385 504 2426 Die
522 2385 584 2426 27.
603 2384 628 2424 J
630 2383 715 2424 ulii.

183 2455 226 2496 S.
240 2453 594 2542 Ver-onieaeDd.el
602 2453 632 2494 J
632 2450 816 2492 ulianis
839 2445 958 2493 Virg-

526 2517 577 2550 up
597 2517 654 2540 ex.

212 2566 350 2607 Omnia
373 2570 414 2600 ut
438 2565 536 2599 inter
550 2564 648 2597 festa
664 2572 735 2605 pro
754 2561 868 2603 aliqu.
886 2559 982 2593 locis

162 2615 225 2650 die
248 2616 281 2650 9.
305 2612 411 2648 Julii.

213 2666 346 2701 Lectio
363 2665 414 2700 ix.
439 2664 474 2699 S.
491 2662 741 2698 Pantaleonis
756 2660 874 2702 Mart„
899 2668 983 2692 cum

163 2724 359 2750 commem.
384 2714 424 2747 in
446 2712 566 2747 Laud.

1161 2222 1227 2258 tre
1261 2213 1514 2261 Anastasio,
1551 2223 1605 2252 ex
1639 2210 1849 2251 Romanae

1036 2251 1142 2298 Q
1159 2271 1368 2313 Ecclesiae
1380 2267 1688 2310 archidiacono
1699 2266 1742 2306 in
1748 2265 1851 2305 Pon·

1030 2329 1193 2371 tificem
1221 2327 1385 2369 electus
1413 2330 1496 2373 est,
1527 2323 1699 2366 vivente
1724 2319 1848 2361 Libe-

1031 2386 1107 2426 rio.
1140 2385 1248 2426 Cum
1267 2387 1414 2424 autem
1433 2381 1487 2423 de
1505 2379 1661 2421 Felicis
1680 2375 1850 2430 pontifi-

1032 2444 1141 2490 catu,
1159 2442 1358 2492 tempore
1375 2436 1576 2488 Gregorii
1598 2432 1753 2476 decimi
1767 2433 1849 2473 ter-

1032 2498 1092 2547 tii,
1117 2509 1205 2538 non
1229 2495 1339 2537 levis
1364 2491 1662 2536 controversia
1679 2487 1850 2530 incidis—

1033 2558 1114 2604 set,
1150 2553 1319 2604 virique
1354 2547 1596 2601 gravissimi
1631 2545 1851 2587 diversum

1034 2611 1253 2658 sentirent,
1280 2606 1438 2649 accidit
1454 2617 1507 2646 eo
1524 2604 1622 2656 ipso
1638 2603 1850 2652 tempore,

1032 2671 1081 2707 ut
1113 2666 1157 2706 in
1187 2665 1386 2706 diaconia
1417 2661 1664 2702 sanctorum
1694 2656 1850 2707 Marty-
1886 2660 1888 2662 ’

1033 2736 1128 2763 rum
1163 2722 1333 2763 Cosmae
1365 2723 1408 2760 et
1434 2714 1651 2763 Damiani‚
1681 2714 1724 2753 in
1755 2711 1850 2752 foro
