2040 2976
270 300 379 351 Quia
407 298 548 339 anima
576 298 665 349 ejus
702 297 745 337 in
777 296 866 338 vita
902 295 1038 348 ipsius

217 356 496 399 benedicetur
505 371 512 394 :
522 355 545 379 *
557 353 834 395 confitebitur
846 352 925 394 tibi
941 365 1038 393 cum

217 411 482 455 benefeceris
503 411 552 452 ei.

267 468 468 510 Introibit
487 478 626 520 usque
645 467 687 507 in
710 464 942 519 progenies
964 477 1037 516 pa-

215 531 329 567 trum
354 527 548 574 suorum3
567 524 590 550 *
617 528 660 565 et
683 535 822 575 usque
846 522 889 562 in
915 522 1036 562 aeter-

214 596 316 623 num
335 595 423 623 non
443 580 608 622 videbit
625 579 779 621 lumen.

265 639 424 687 Homo,
439 651 537 679 cum
555 637 597 677 in
618 636 786 678 honore
806 639 932 685 esset,
948 646 1035 674 non

213 694 437 736 intellexit:
453 695 476 719 *
497 694 774 746 comparatus
792 696 858 733 est
877 691 1034 742 jumen-

212 751 268 792 tis
296 750 617 803 insipientibus,
646 754 688 791 et
717 747 867 789 similis
895 747 1034 788 factus

143 827 146 829 Δ
213 813 280 850 est
298 807 392 848 illis.

267 881 363 921 Ant.
393 879 573 927 Magnus
592 875 805 916 Dominus
827 878 870 915 et
888 871 1034 914 lauda-

212 933 311 976 bilis
334 933 470 974 nimis.
703 994 707 997 Ι

268 1002 365 1042 Ant.
396 1004 513 1045 Deus
542 1002 734 1044 deorum.

483 1077 675 1117 psalmus
697 1078 761 1115 49.

211 1135 376 1242 Deus
405 1145 586 1187 deorum
612 1144 826 1185 Dominus
861 1143 1032 1184 locutus

320 1207 404 1244 est:
428 1203 451 1227 ’⁸‘
471 1207 514 1244 et
535 1201 711 1243 vocavit
731 1205 903 1242 terram.

262 1259 303 1299 A
324 1258 429 1300 solis
450 1263 548 1300 ortu
573 1270 711 1310 usque
731 1256 786 1298 ad
807 1258 1033 1298 occasum:

210 1315 234 1341 *
253 1327 306 1356 ex
324 1315 427 1356 Sion
447 1314 615 1367 species
634 1313 806 1355 decoris
828 1313 929 1364 ejus.

261 1372 381 1413 Deus
413 1371 638 1412 manifeste
672 1370 829 1411 veniet:
855 1370 878 1395 *
911 1370 1031 1411 Deus

157 1439 159 1441 ’
210 1433 358 1469 noster
377 1433 420 1470 et
438 1441 526 1469 non
547 1427 699 1468 silebit.

261 1485 379 1535 Ignis
404 1485 447 1525 in
473 1485 711 1536 conspectu
739 1483 828 1535 ejus
853 1483 1031 1524 exarde-

212 1546 323 1582 scet:
350 1542 373 1566 *
402 1546 445 1583 et
471 1541 514 1582 in
542 1540 724 1582 circuitu
753 1540 842 1592 ejus
869 1542 1031 1592 tempe-

211 1602 301 1639 stas
318 1597 472 1639 valida.

263 1653 512 1696 Advocabit
528 1653 686 1695 coelum
701 1652 977 1694 desursumz*
989 1659 1032 1696 et

210 1715 372 1751 terram
390 1710 638 1752 discernere
662 1709 874 1762 populum
897 1723 1031 1752 suum.

264 1766 538 1818 Congregate
571 1766 632 1807 illi
667 1771 842 1808 sanctos
871 1767 979 1818 ejus:
1007 1770 1030 1794 *

213 1823 285 1875 qui
336 1822 536 1865 ordinant
585 1825 892 1864 testamentum
940 1824 1030 1875 ejus

212 1892 343 1931 super
366 1879 588 1921 sacrificia.

262 1936 318 1977 Et
349 1935 662 1978 annuntiabunt
694 1935 794 1977 coeli
825 1936 1030 1987 justitiam

211 1991 319 2043 ejus:
339 1993 363 2019 *
383 1992 586 2044 quoniam
606 1992 726 2034 Deus
747 1991 877 2043 judex
898 1998 974 2035 est.

262 2047 378 2090 Audi
406 2048 593 2101 p6pulus
620 2061 758 2097 mem,
787 2054 830 2090 et
856 2048 1029 2101 loquar:

210 2103 361 2154 Israel,
391 2110 434 2146 et
457 2104 727 2146 testificabor
750 2105 847 2147 tibi:
866 2106 890 2132 *
909 2106 1029 2148 Deus

210 2159 331 2201 Deus
351 2165 451 2202 tuus
471 2173 553 2211 ego
573 2173 677 2202 sum.

260 2216 361 2258 Non
397 2217 440 2258 in
479 2217 701 2258 sacrificiis
731 2218 817 2259 tuis
852 2220 1030 2269 arguam

210 2277 272 2314 te:
291 2275 315 2300 *
332 2273 589 2315 holocausta
607 2279 751 2316 autem
769 2279 843 2316 tua
867 2275 911 2315 in
931 2288 1029 2317 con-

210 2331 364 2382 spectu
380 2342 480 2371 meo
502 2335 601 2372 sunt
620 2343 803 2383 semper.

259 2385 360 2428 Non
379 2386 589 2439 accipiam
609 2386 663 2428 de
683 2386 815 2428 domo
834 2391 908 2429 tua
923 2390 1029 2430 vitu-

208 2441 470 2495 los:*neque
485 2442 540 2484 de
555 2442 758 2493 gregibus
773 2443 858 2485 tuis
874 2443 1030 2486 hircos.

261 2499 475 2549 Quoniam
495 2512 606 2541 meae
633 2504 731 2541 sunt
753 2512 903 2541 omnes
926 2501 1030 2543 ferae

210 2555 460 2604 silvarum*
479 2556 666 2607 jumenta
685 2555 727 2596 in
746 2556 967 2598 montibus
988 2563 1031 2600 et

210 2611 358 2653 boves.

261 2668 456 2719 Cognovi
482 2668 626 2710 Omnia
650 2668 842 2710 volatilia
870 2669 988 2711 coeli:
1007 2672 1030 2697 *

209 2730 252 2767 et
269 2724 549 2777 pulchritudo
570 2725 663 2776 agri
683 2738 853 2767 mecum
875 2731 952 2768 est.

782 198 888 231 Furia
915 197 1025 231 tertia
1052 197 1099 230 ad
1125 196 1361 230 Matutinum.

1143 294 1188 336 Si
1222 296 1435 343 esuriero,
1471 306 1559 334 non
1598 291 1742 334 dicam
1771 291 1867 334 tibi:
1894 294 1919 320 *¹

1090 363 1212 392 meus
1233 355 1300 392 est
1319 350 1434 391 enim
1454 348 1574 391 orbis
1593 354 1746 399 terrae,
1765 353 1810 391 et
1827 348 1916 402 ple-

1090 406 1242 449 nitudo
1265 407 1366 459 ejus.

1139 462 1364 515 Numquid
1426 460 1702 504 manducabo
1762 474 1917 504 carnes

1088 519 1336 561 taurorum?
1356 521 1379 546 *
1399 523 1473 560 aut
1502 519 1758 569 sanguinem
1775 518 1915 561 hirco-

1089 589 1184 617 rum
1201 575 1392 629 potabo?

1139 632 1278 674 Imola
1296 633 1393 674 Deo
1423 631 1685 673 sacrificium
1711 631 1872 674 laudis:
1891 633 1915 660 *

1088 694 1131 731 et
1151 688 1287 731 redde
1307 689 1535 731 Altissimo
1554 694 1659 731 vota
1678 694 1764 731 tua.

1138 745 1194 787 Et
1231 747 1388 787 invoca
1426 757 1498 786 me
1542 745 1587 786 in
1627 745 1698 787 die
1737 745 1913 788 tribula-

1085 802 1232 844 tionis:
1258 803 1282 829 *
1310 803 1458 843 eruam
1489 806 1550 852 te,
1582 806 1627 844 et
1654 801 1913 844 honorifica-

1086 858 1154 902 bis
1180 871 1261 900 me.

1137 915 1366 958 Peccatori
1398 919 1546 957 autem
1579 914 1689 957 dixit
1718 915 1860 958 Deus:
1889 919 1913 944 *

1086 973 1230 1023 Quare
1249 978 1297 1014 tu
1316 973 1495 1014 enarras
1514 971 1699 1024 justitias
1717 985 1851 1023 meas,
1869 978 1914 1015 et

1085 1029 1270 1070 assumis
1303 1030 1615 1071 testamentum
1650 1041 1797 1071 meum
1832 1042 1913 1083 per

1085 1098 1135 1127 os
1155 1085 1302 1128 tuum?
1673 1104 1677 1106 >

1136 1143 1205 1184 Tu
1225 1155 1332 1184 vero
1353 1141 1486 1184 odisti
1511 1141 1802 1195 disciplinam:
1820 1143 1845 1170 *
1864 1142 1913 1186 θ’(

1083 1199 1306 1252 projecisti
1338 1201 1563 1241 sermones
1595 1212 1719 1241 meos
1752 1201 1911 1242 retror-

1084 1269 1195 1298 sum:

1135 1313 1180 1354 Si
1198 1312 1380 1355 videbas
1401 1312 1559 1363 furem,
1585 1311 1793 1355 currebas
1811 1326 1912 1355 cum

1083 1382 1155 1411 eo:
1174 1370 1198 1397 *
1224 1374 1268 1412 et
1296 1383 1395 1411 cum
1423 1369 1634 1412 adulteris
1661 1369 1911 1423 portionem

1082 1431 1202 1468 tuam
1219 1426 1429 1479 ponebas.

1134 1483 1196 1525 Os
1220 1489 1343 1525 tuum
1368 1482 1607 1525 abundavit
1623 1483 1806 1526 malitia:
1823 1485 1848 1511 *
1867 1488 1911 1526 et

1082 1540 1227 1591 lingua
1243 1546 1320 1582 tua
1339 1539 1630 1582 concinnabat
1649 1539 1789 1582 dolos.

1134 1597 1300 1639 Sedens
1332 1596 1544 1639 adversus
1574 1597 1755 1639 fratrem
1786 1603 1911 1641 tuum

1082 1653 1351 1706 loquebaris,
1373 1659 1417 1696 et
1436 1653 1649 1696 adversus
1667 1653 1805 1696 filium
1821 1669 1910 1697 ma-

1082 1711 1160 1752 tris
1174 1716 1262 1753 tuae
1277 1710 1475 1764 ponebas
1491 1710 1747 1753 scandalum
1757 1727 1765 1752 :
1775 1712 1799 1740 *
1813 1711 1911 1754 haec

1082 1767 1233 1818 fecisti,
1253 1773 1297 1810 et
1315 1767 1443 1810 tacui.

1133 1824 1406 1867 Existimasti
1428 1825 1576 1878 inique
1602 1824 1722 1878 quod
1746 1837 1823 1867 ero
1847 1825 1911 1867 tui

1083 1880 1251 1922 similis:
1274 1882 1298 1908 *
1333 1883 1515 1933 arguam
1545 1886 1610 1932 te,
1644 1886 1689 1924 et
1720 1882 1911 1924 statuam

1083 1942 1235 1979 contra
1255 1937 1412 1980 faciem
1429 1943 1561 1980 tuam.

1134 1994 1368 2046 Intelligite
1391 1994 1489 2037 haec
1512 1994 1586 2048 qui
1605 1994 1911 2037 obliviscimini

1081 2051 1242 2092 Deum:
1260 2053 1284 2078 *
1310 2052 1546 2105 nequando
1570 2051 1728 2105 rapiat,
1753 2055 1797 2094 et
1821 2064 1910 2093 non

1083 2107 1138 2149 sit
1158 2107 1232 2159 qui
1252 2108 1417 2161 eripiat.

1133 2164 1403 2207 Sacrificium
1429 2165 1571 2208 laudis
1599 2164 1910 2207 honorificabit

1082 2233 1170 2262 me:
1191 2222 1215 2248 *
1244 2226 1287 2263 et
1314 2221 1402 2264 illic
1429 2222 1531 2272 iter,
1562 2235 1650 2275 quo
1679 2221 1909 2264 ostendam

1082 2275 1143 2317 illi
1163 2277 1354 2320 salutare
1373 2279 1469 2321 Dei.

1355 2353 1553 2395 Psalmus
1582 2354 1641 2394 51.

1084 2412 1238 2536 Quid
1273 2439 1475 2490 gloriaris
1503 2441 1546 2481 in
1573 2440 1755 2490 malitia,
1783 2441 1807 2467 *
1827 2439 1910 2493 ⁴qui

1194 2500 1352 2547 potens
1372 2509 1419 2537 es
1438 2497 1481 2537 in
1500 2496 1754 2550 iniquitate?

1135 2555 1249 2598 Tota
1293 2556 1363 2598 die
1409 2557 1660 2609 injustitiam
1699 2557 1909 2608 cogitavit

1083 2610 1226 2661 lingua
1248 2618 1341 2655 tua:
1360 2615 1384 2640 *
1404 2614 1515 2656 sicut
1540 2613 1755 2656 novacula
1780 2617 1909 2656 acuta

1083 2667 1222 2710 fecisti
1242 2669 1402 2711 dolum.

1134 2728 1336 2772 Dilexisti
1349 2731 1558 2773 malitiam
1574 2743 1705 2784 super
1715 2730 1908 2783 benigni-
