2040 2976
446 212 516 245 Dic
541 213 569 244 Γ).
596 211 701 244 .Ιυ1ἰί.
749 211 805 245 Ss.
832 210 966 253 Cyrilli
994 215 1030 243 ct
1055 209 1242 243 Methodii
1267 208 1376 242 Pont.
1403 212 1439 242 et
1463 208 1571 242 Conf.

495 308 657 348 Oratio.

152 362 328 468 Deus,
350 365 424 418 qui
449 364 707 407 hodiernam
727 364 843 406 diem
865 365 983 418 Apo-

254 422 471 464 stolorum
483 424 660 463 tuorum
670 422 792 464 Petri
807 426 851 464 et
860 421 985 463 Pauli

152 479 363 532 martyrio
384 479 676 521 consecrasti:
697 478 754 521 da
772 478 984 521 Ecclesiae

151 542 251 586 tuae,
272 538 427 578 eorum
446 535 489 576 in
512 535 716 578 omnibus
736 536 861 588 sequi
874 547 985 589 prae-

153 595 347 645 ceptum,
372 605 452 646 per
481 605 594 644 quos
621 592 846 644 religionis
873 605 985 634 sum-

154 651 242 703 psit
262 648 505 692 exordjum.
533 649 618 691 Per
637 649 889 690 Dominum.

319 731 407 772 Ad
433 729 824 771 Matutinum,

212 795 333 835 Invit.
368 794 533 844 Regem
560 791 874 833 Confessorum
900 791 987 832 Do-

155 850 323 891 minum
346 852 367 874 *
383 849 544 891 Venite
562 847 811 890 adoremus.

216 914 282 953 Ps.
312 914 477 962 Venite,
497 910 777 953 exsultemus.
804 911 840 951 2.

212 976 419 1026 Hymnus.
445 971 633 1014 Sedibus
653 971 765 1013 coeli.
784 971 885 1011 403.

213 1045 254 1078 In
289 1045 313 1078 Ι.
345 1044 544 1078 Nocturno
577 1042 781 1076 Lectiones
817 1040 862 1073 de
896 1038 993 1072 Scri-

160 1098 272 1136 ptura
299 1097 533 1126 occurrente.
697 1130 701 1133 ,

392 1155 440 1192 In
467 1154 517 1191 ΙΙ.
542 1153 766 1192 Nocturno.

163 1217 218 1249 Ex
239 1216 391 1249 Litteris
408 1214 625 1258 Eneyclicis
643 1212 785 1246 Leonis
802 1211 873 1244 ΡΙ).
890 1208 993 1242 XIII.

465 1271 620 1311 Lectio
641 1270 694 1309 iv.

162 1350 163 1355 ¹
190 1330 427 1390 ’,ΝὛΓῙΙΙΠΞ
465 1335 509 1372 et
541 1328 796 1372 Methodius
834 1329 992 1372 fratres

194 1385 270 1442 Ἰ»ρῑςςζξῖ
291 1387 507 1439 germani,
539 1386 871 1428 Thessalonicae
904 1399 991 1428 am-

164 1441 226 1472 ἓν»
248 1442 269 1468 -’
290 1445 490 1497 plissimo
516 1444 617 1485 loco
643 1443 751 1493 nati,
781 1443 992 1485 Constan-

157 1501 390 1554 tinopolim
409 1504 580 1543 mature
601 1502 926 1551 concesserunt,
946 1504 994 1541 ut

158 1558 202 1598 in
227 1558 325 1611 ipsa
347 1558 456 1600 urbe
480 1557 671 1599 Orientis
694 1557 893 1610 principe
917 1556 993 1598 hu-

158 1615 380 1657 manitatis
406 1620 523 1656 artes
543 1613 835 1656 addiscerent.
869 1613 992 1655 Uter-

160 1685 245 1724 que
273 1672 513 1725 plurimum
541 1671 666 1712 brevi
693 1671 994 1724 profecerunt;

159 1728 239 1770 sed
267 1729 459 1769 maxime
489 1727 694 1780 Cyrillus,
724 1728 799 1780 qui
827 1732 995 1769 tantam

160 1785 441 1827 scientiarum
474 1784 649 1826 laudem
690 1783 878 1837 adeptus
911 1788 995 1832 est,

159 1847 207 1883 ut
235 1841 468 1893 singularis
492 1840 674 1883 honoris
699 1854 829 1882 causa
855 1840 994 1893 philo-

159 1899 326 1951 sophus
355 1898 662 1951 appellaretur.
703 1897 876 1939 Deinde
903 1899 993 1939 mo-

159 1955 349 1996 nachum
386 1957 518 2005 agere
550 1953 804 1996 Methodius
841 1954 994 2007 coepit;

162 2012 350 2065 Cyrillus
372 2018 520 2054 autem
540 2011 698 2063 dignus
719 2016 787 2053 est
805 2010 994 2061 habitus,

162 2069 231 2111 eui
250 2068 491 2110 Theodora
513 2069 787 2121 imperatriX,
814 2070 995 2110 auctore

161 2126 334 2177 Ignatio
363 2125 636 2175 Patriarcha,
669 2125 895 2177 negotium
923 2123 996 2166 da-

162 2188 230 2224 ret
247 2181 476 2224 erudiendi
491 2181 548 2224 ad
562 2181 698 2224 fidem
713 2182 996 2224 christianam

163 2239 387 2280 Chazaros
401 2243 522 2280 trans
539 2239 864 2280 Chersonesum
878 2239 995 2280 inco-

162 2296 318 2346 lentes3
356 2308 468 2348 quos
502 2296 742 2348 praeceptis
776 2295 866 2336 suis
895 2293 996 2336 edo-

164 2357 261 2394 ctos
277 2357 321 2393 et
335 2351 420 2393 Dei
435 2351 612 2393 numine
626 2352 871 2401 instinctos,
889 2351 996 2392 mul-

163 2409 303 2462 tiplici
327 2408 643 2461 superstitione
669 2408 830 2456 deleta,
855 2406 912 2449 ad
930 2407 954 2448 J
958 2420 997 2448 e-

165 2479 262 2507 sum
294 2464 517 2507 Christum
550 2463 757 2517 adjanxit.
811 2464 998 2505 Recenti

165 2522 515 2564 Christianorum
543 2521 858 2562 communitate
887 2520 998 2573 opti-

165 2593 235 2621 me
272 2579 531 2628 constituta,
568 2576 998 2629 Constantinopolim

165 2636 295 2678 rediit
308 2635 463 2685 alacer,
478 2640 611 2687 atque
626 2634 670 2675 in
684 2633 999 2675 monasterium

165 2692 475 2746 Polychronis,
512 2704 600 2744 quo
634 2704 682 2732 se
715 2692 800 2743 jam
830 2689 998 2731 Metho-

168 2749 266 2792 dius
298 2750 544 2802 receperat,
585 2746 773 2800 Cyrillus
805 2746 902 2799 ipse
935 2758 998 2787 se-

1038 307 1181 349 cessit.
1206 307 1388 350 Interim
1404 319 1504 348 cum
1517 318 1588 348 res
1602 311 1723 348 trans
1739 306 1870 348 Cher-

1038 366 1245 406 sonesum
1279 366 1496 418 prospere
1523 367 1672 414 gestas
1700 363 1758 404 ad
1786 363 1870 404 Ra-

1038 420 1218 462 stilaum
1242 420 1455 462 Moraviae
1481 419 1729 473 principem
1755 419 1872 461 fama

1039 476 1285 528 detulisset,
1318 477 1357 518 is
1381 475 1437 518 de
1462 476 1632 529 aliquot
1657 476 1872 530 operariis

1039 534 1304 585 evangelicis
1324 533 1708 586 Constantinopoli
1731 545 1871 574 arces-

1040 591 1188 632 sendis
1226 604 1326 633 cum
1358 591 1627 643 imperatore
1658 589 1873 631 Michaele

1040 648 1171 690 tertio
1201 648 1300 699 egit.
1335 648 1476 699 Igitur
1502 646 1692 700 Cyrillus
1718 651 1761 688 et
1785 646 1873 688 Me-

1040 704 1220 747 thodius
1252 704 1315 745 illi
1347 703 1620 757 expeditioni
1652 702 1875 753 destinati,

1042 766 1086 803 et
1108 762 1152 803 in
1171 761 1416 803 Moraviam
1440 759 1604 802 celebri
1627 759 1781 801 laetitia
1804 772 1875 801 ex-

1042 818 1175 872 cepti,
1214 818 1383 859 animos
1421 816 1670 859 christianis
1705 816 1875 858 institu—

1041 875 1235 917 tionibus
1254 879 1376 916 tanta
1395 874 1455 923 vi,
1481 879 1661 926 tamque
1685 874 1876 926 operosa

1042 931 1258 974 industria
1303 929 1572 973 excolendos
1616 928 1876 982 aggredian-

1042 995 1131 1039 tur,
1172 994 1222 1031 ut
1257 1001 1346 1030 non
1383 988 1517 1039 longo
1553 986 1787 1029 intervallo
1825 999 1878 1028 ea

1043 1059 1150 1098 gens
1173 1058 1335 1088 nomen
1354 1046 1379 1087 J
1382 1058 1460 1087 esu
1484 1044 1660 1086 Christo
1683 1043 1877 1085 libentis-

1044 1104 1153 1145 sime
1186 1102 1367 1145 dederit.
1426 1102 1499 1144 Ad
1531 1115 1630 1143 eam
1661 1114 1755 1143 rem
1789 1113 1879 1142 non

1043 1173 1201 1214 parum
1252 1159 1435 1202 scientia
1485 1158 1623 1201 valuit
1672 1156 1878 1199 dictionis

1044 1217 1308 1267 Slav6nicae,
1361 1229 1494 1269 quam
1540 1215 1729 1268 Cyrillus
1777 1219 1878 1256 ante

1045 1275 1325 1327 perceperat,
1343 1273 1619 1325 multumque
1637 1273 1880 1325 potuerunt

1046 1343 1184 1372 sacrae
1201 1330 1429 1382 utriusque
1442 1329 1696 1371 testamenti
1709 1327 1880 1377 litterae,

1048 1400 1157 1440 quas
1181 1386 1364 1440 proprio
1383 1386 1541 1440 populi
1561 1387 1763 1427 sermone
1785 1383 1880 1426 red-

1047 1443 1235 1486 diderat:
1273 1457 1375 1485 nam
1409 1442 1598 1495 Cyrillus
1636 1447 1680 1484 et
1711 1441 1880 1483 Metho-

1048 1500 1145 1542 dius
1178 1501 1400 1554 principes
1429 1497 1679 1541 inveniendi
1706 1498 1883 1540 fuerunt

1046 1557 1168 1610 ipsas
1203 1557 1393 1606 litteras,
1432 1556 1592 1609 quibus
1631 1560 1699 1597 est
1735 1567 1881 1597 sermo

1048 1614 1247 1667 ipsorum
1265 1613 1497 1655 Slavorum
1521 1612 1717 1663 signatus
1742 1616 1786 1653 et
1809 1624 1880 1652 ex-

1047 1672 1246 1723 pressus,
1275 1672 1416 1723 eaque
1443 1669 1499 1711 de
1525 1682 1659 1711 causa
1685 1667 1883 1720 ejusdem

1049 1727 1264 1769 sermonis
1301 1728 1506 1768 auctores
1541 1739 1630 1768 non
1662 1725 1881 1766 immerito

1048 1782 1275 1825 habentur.

1106 1840 1157 1880 R.
1174 1840 1326 1881 Inveni
1345 1839 1491 1880 David
1519 1851 1695 1880 servum
1722 1850 1882 1887 meum,

1050 1896 1149 1938 oleo
1179 1902 1331 1938 sancto
1359 1909 1460 1938 meo
1480 1896 1586 1937 unxi
1604 1908 1723 1937 eum:
1756 1890 1779 1915 *
1793 1894 1882 1935 Ma-

1048 1967 1129 1994 nus
1146 1953 1261 1995 enim
1275 1966 1373 1994 mea
1390 1952 1669 1994 auxiliabitur
1683 1951 1733 1993 ei.
1757 1944 1884 1997 V.Ni-

1049 2010 1110 2051 hil
1124 2010 1328 2063 proficiet
1342 2010 1543 2051 inimicus
1561 2009 1605 2050 in
1623 2021 1688 2059 eo,
1709 2013 1753 2050 et
1766 2007 1883 2049 filius

1049 2066 1291 2119 iniquitatis
1310 2079 1399 2108 non
1418 2065 1594 2108 nocebit
1615 2065 1666 2107 ei.
1693 2065 1860 2106 Manus.

1364 2123 1518 2165 Lectio
1538 2135 1577 2162 V.

1057 2177 1206 2286 Cum
1251 2193 1398 2222 rerum
1435 2181 1661 2230 gestarum
1700 2177 1885 2230 gloriam

1148 2235 1367 2279 secandus
1392 2249 1543 2278 rumor
1566 2236 1756 2277 Romam
1779 2249 1884 2277 nun-

1050 2295 1221 2344 tiasset,
1262 2298 1440 2335 sanctus
1472 2292 1686 2334 Nicolaus
1717 2291 1885 2345 primus

1050 2351 1254 2392 Pontifex
1273 2350 1490 2391 Maximus
1515 2349 1672 2391 fratres
1693 2348 1885 2401 optimos

1052 2408 1239 2448 Romam
1260 2406 1528 2448 contendere
1548 2405 1682 2456 iussit.
1696 2405 1779 2452 ,1Πί
1797 2404 1885 2446 Ro-

1052 2466 1231 2506 manum
1249 2463 1332 2505 iter
1351 2462 1546 2514 ingressi,
1565 2461 1772 2514 reliquias
1789 2473 1884 2502 san-

1053 2520 1111 2562 cti
1132 2519 1370 2562 Clementis
1397 2519 1527 2572 primi
1550 2517 1777 2560 Pontificis
1796 2517 1885 2558 Ma-

1052 2577 1173 2626 ximi,
1207 2590 1315 2629 quas
1341 2576 1530 2628 Cyrillus
1556 2575 1795 2617 Chersonae
1821 2586 1884 2614 re-

1052 2635 1239 2686 pererat,
1254 2646 1404 2674 secum
1420 2632 1653 2674 advehunt.
1674 2631 1772 2681 Quo
1787 2633 1887 2671 nun-

1052 2690 1132 2739 tio,
1160 2688 1380 2731 Adrianus
1400 2685 1637 2737 secuffduS,
1664 2686 1738 2739 qui
1756 2686 1886 2728 Nico·

1052 2745 1125 2787 lao
1181 2745 1414 2787 demortuo
1465 2744 1608 2786 fuerat
1658 2742 1887 2793 suffectus,
