<?xml version="1.0" encoding="UTF-8"?>
<!DOCTYPE html PUBLIC "-//W3C//DTD XHTML 1.0 Transitional//EN"
    "http://www.w3.org/TR/xhtml1/DTD/xhtml1-transitional.dtd">
<html xmlns="http://www.w3.org/1999/xhtml" xml:lang="en" lang="en">
 <head>
  <title>
</title>
<meta http-equiv="Content-Type" content="text/html;charset=utf-8" />
  <meta name='ocr-system' content='tesseract 3.04.00' />
  <meta name='ocr-capabilities' content='ocr_page ocr_carea ocr_par ocr_line ocrx_word'/>
</head>
<body>
  <div class='ocr_page' id='page_1' title='image "./p3breviariumroma00cathuoft_0887.png"; bbox 0 0 2040 2976; ppageno 0'>
   <div class='ocr_carea' id='block_1_1' title="bbox 644 236 1371 270">
    <p class='ocr_par' dir='ltr' id='par_1_1' title="bbox 644 236 1371 270">
     <span class='ocr_line' id='line_1_1' title="bbox 644 236 1371 270; baseline -0.001 0"><span class='ocrx_word' id='word_1_1' title='bbox 644 236 716 270; x_wconf 85' lang='lat' dir='ltr'>Dic</span> <span class='ocrx_word' id='word_1_2' title='bbox 740 237 792 270; x_wconf 74' lang='lat'>25.</span> <span class='ocrx_word' id='word_1_3' title='bbox 818 236 935 270; x_wconf 78' lang='lat' dir='ltr'>Junii.</span> <span class='ocrx_word' id='word_1_4' title='bbox 984 236 1018 269; x_wconf 89' lang='lat' dir='ltr'>S.</span> <span class='ocrx_word' id='word_1_5' title='bbox 1047 236 1238 270; x_wconf 75' lang='lat' dir='ltr'>Gallicani</span> <span class='ocrx_word' id='word_1_6' title='bbox 1264 237 1371 269; x_wconf 67' lang='lat' dir='ltr'>Mart.</span> 
     </span>
    </p>
   </div>
   <div class='ocr_carea' id='block_1_2' title="bbox 152 324 991 2804">
    <p class='ocr_par' dir='ltr' id='par_1_2' title="bbox 152 324 988 932">
     <span class='ocr_line' id='line_1_2' title="bbox 153 324 987 377; baseline -0.001 -8"><span class='ocrx_word' id='word_1_7' title='bbox 153 339 200 369; x_wconf 91' lang='lat' dir='ltr'>se</span> <span class='ocrx_word' id='word_1_8' title='bbox 230 330 374 368; x_wconf 90' lang='lat' dir='ltr'>totum</span> <span class='ocrx_word' id='word_1_9' title='bbox 407 324 592 375; x_wconf 81' lang='lat' dir='ltr'>addixit3</span> <span class='ocrx_word' id='word_1_10' title='bbox 626 326 747 377; x_wconf 89' lang='lat' dir='ltr'>cujus</span> <span class='ocrx_word' id='word_1_11' title='bbox 778 326 842 368; x_wconf 92' lang='lat' dir='ltr'>rei</span> <span class='ocrx_word' id='word_1_12' title='bbox 870 326 987 368; x_wconf 88' lang='lat' dir='ltr'>fama</span> 
     </span>
     <span class='ocr_line' id='line_1_3' title="bbox 152 381 987 436; baseline 0 -11"><span class='ocrx_word' id='word_1_13' title='bbox 152 388 249 425; x_wconf 92' lang='lat' dir='ltr'>toto</span> <span class='ocrx_word' id='word_1_14' title='bbox 269 381 377 425; x_wconf 90' lang='lat' dir='ltr'>orbe</span> <span class='ocrx_word' id='word_1_15' title='bbox 393 381 630 432; x_wconf 89' lang='lat' dir='ltr'>divulgata,</span> <span class='ocrx_word' id='word_1_16' title='bbox 650 381 776 424; x_wconf 89' lang='lat' dir='ltr'>multi</span> <span class='ocrx_word' id='word_1_17' title='bbox 789 382 987 436; x_wconf 85' lang='lat' dir='ltr'>undique</span> 
     </span>
     <span class='ocr_line' id='line_1_4' title="bbox 152 437 987 481; baseline 0 0"><span class='ocrx_word' id='word_1_18' title='bbox 152 439 256 481; x_wconf 92' lang='lat' dir='ltr'>illuc</span> <span class='ocrx_word' id='word_1_19' title='bbox 293 438 566 480; x_wconf 91' lang='lat' dir='ltr'>confluentes</span> <span class='ocrx_word' id='word_1_20' title='bbox 603 437 814 480; x_wconf 90' lang='lat' dir='ltr'>videbant</span> <span class='ocrx_word' id='word_1_21' title='bbox 844 439 987 481; x_wconf 92' lang='lat' dir='ltr'>virum</span> 
     </span>
     <span class='ocr_line' id='line_1_5' title="bbox 154 493 987 548; baseline -0.001 -10"><span class='ocrx_word' id='word_1_22' title='bbox 154 509 209 538; x_wconf 84' lang='lat' dir='ltr'>ex</span> <span class='ocrx_word' id='word_1_23' title='bbox 246 494 427 548; x_wconf 90' lang='lat' dir='ltr'>patritio</span> <span class='ocrx_word' id='word_1_24' title='bbox 468 498 512 535; x_wconf 92' lang='lat' dir='ltr'>et</span> <span class='ocrx_word' id='word_1_25' title='bbox 548 493 729 535; x_wconf 90' lang='lat' dir='ltr'>consule</span> <span class='ocrx_word' id='word_1_26' title='bbox 766 494 987 537; x_wconf 90' lang='lat' dir='ltr'>lavantem</span> 
     </span>
     <span class='ocr_line' id='line_1_6' title="bbox 152 549 987 605; baseline -0.001 -11"><span class='ocrx_word' id='word_1_27' title='bbox 152 555 399 605; x_wconf 77' lang='lat' dir='ltr'>pauperum</span> <span class='ocrx_word' id='word_1_28' title='bbox 421 549 578 603; x_wconf 89' lang='lat' dir='ltr'>pedes,</span> <span class='ocrx_word' id='word_1_29' title='bbox 605 551 846 603; x_wconf 88' lang='lat' dir='ltr'>ponentem</span> <span class='ocrx_word' id='word_1_30' title='bbox 871 565 987 593; x_wconf 92' lang='lat' dir='ltr'>men-</span> 
     </span>
     <span class='ocr_line' id='line_1_7' title="bbox 154 605 988 660; baseline 0 -10"><span class='ocrx_word' id='word_1_31' title='bbox 154 622 260 659; x_wconf 89' lang='lat' dir='ltr'>sam,</span> <span class='ocrx_word' id='word_1_32' title='bbox 279 620 440 660; x_wconf 88' lang='lat' dir='ltr'>aquam</span> <span class='ocrx_word' id='word_1_33' title='bbox 457 605 661 648; x_wconf 91' lang='lat' dir='ltr'>manibus</span> <span class='ocrx_word' id='word_1_34' title='bbox 680 606 988 658; x_wconf 76' lang='lat' dir='ltr'>effundentem,</span> 
     </span>
     <span class='ocr_line' id='line_1_8' title="bbox 153 662 986 717; baseline 0 -11"><span class='ocrx_word' id='word_1_35' title='bbox 153 663 461 717; x_wconf 69' lang='lat' dir='ltr'>languentibus</span> <span class='ocrx_word' id='word_1_36' title='bbox 507 662 697 704; x_wconf 82' lang='lat' dir='ltr'>sollicite</span> <span class='ocrx_word' id='word_1_37' title='bbox 741 664 986 706; x_wconf 87' lang='lat' dir='ltr'>ministran-</span> 
     </span>
     <span class='ocr_line' id='line_1_9' title="bbox 153 719 986 772; baseline -0.001 -9"><span class='ocrx_word' id='word_1_38' title='bbox 153 727 258 772; x_wconf 79' lang='lat' dir='ltr'>tem3</span> <span class='ocrx_word' id='word_1_39' title='bbox 303 719 493 772; x_wconf 85' lang='lat' dir='ltr'>denique</span> <span class='ocrx_word' id='word_1_40' title='bbox 537 724 763 771; x_wconf 81' lang='lat' dir='ltr'><strong>tamquam</strong></span> <span class='ocrx_word' id='word_1_41' title='bbox 810 719 986 763; x_wconf 91' lang='lat' dir='ltr'>Christo</span> 
     </span>
     <span class='ocr_line' id='line_1_10' title="bbox 154 776 986 830; baseline 0 -11"><span class='ocrx_word' id='word_1_42' title='bbox 154 778 256 830; x_wconf 92' lang='lat' dir='ltr'>ipsi,</span> <span class='ocrx_word' id='word_1_43' title='bbox 283 777 474 818; x_wconf 88' lang='lat' dir='ltr'>minimis</span> <span class='ocrx_word' id='word_1_44' title='bbox 501 776 610 828; x_wconf 90' lang='lat' dir='ltr'>ejus,</span> <span class='ocrx_word' id='word_1_45' title='bbox 637 776 805 818; x_wconf 90' lang='lat' dir='ltr'>scilicet</span> <span class='ocrx_word' id='word_1_46' title='bbox 823 777 986 819; x_wconf 92' lang='lat' dir='ltr'>mendi-</span> 
     </span>
     <span class='ocr_line' id='line_1_11' title="bbox 156 832 987 886; baseline 0 -11"><span class='ocrx_word' id='word_1_47' title='bbox 156 834 218 876; x_wconf 85' lang='lat' dir='ltr'>cis</span> <span class='ocrx_word' id='word_1_48' title='bbox 239 838 283 875; x_wconf 89' lang='lat' dir='ltr'>et</span> <span class='ocrx_word' id='word_1_49' title='bbox 305 833 566 886; x_wconf 82' lang='lat' dir='ltr'>peregrinis,</span> <span class='ocrx_word' id='word_1_50' title='bbox 596 832 742 874; x_wconf 85' lang='lat' dir='ltr'>officia</span> <span class='ocrx_word' id='word_1_51' title='bbox 761 833 894 874; x_wconf 92' lang='lat' dir='ltr'>etiam</span> <span class='ocrx_word' id='word_1_52' title='bbox 912 834 987 875; x_wconf 90' lang='lat' dir='ltr'>hu-</span> 
     </span>
     <span class='ocr_line' id='line_1_12' title="bbox 155 888 645 932; baseline -0.004 0"><span class='ocrx_word' id='word_1_53' title='bbox 155 890 337 932; x_wconf 84' lang='lat' dir='ltr'>millima</span> <span class='ocrx_word' id='word_1_54' title='bbox 355 888 645 931; x_wconf 89' lang='lat' dir='ltr'>exhibentem.</span> 
     </span>
    </p>

    <p class='ocr_par' dir='ltr' id='par_1_3' title="bbox 155 945 989 1282">
     <span class='ocr_line' id='line_1_13' title="bbox 207 945 989 1001; baseline 0 -12"><span class='ocrx_word' id='word_1_55' title='bbox 207 950 259 1001; x_wconf 53' lang='lat' dir='ltr'>Ra,</span> <span class='ocrx_word' id='word_1_56' title='bbox 274 947 524 988; x_wconf 89' lang='lat' dir='ltr'>Honestum</span> <span class='ocrx_word' id='word_1_57' title='bbox 545 945 649 987; x_wconf 90' lang='lat' dir='ltr'>fecit</span> <span class='ocrx_word' id='word_1_58' title='bbox 667 945 792 987; x_wconf 92' lang='lat' dir='ltr'>illum</span> <span class='ocrx_word' id='word_1_59' title='bbox 810 947 921 996; x_wconf 79' lang='lat' dir='ltr'>Dfis,</span> <span class='ocrx_word' id='word_1_60' title='bbox 946 952 989 989; x_wconf 92' lang='lat' dir='ltr'>et</span> 
     </span>
     <span class='ocr_line' id='line_1_14' title="bbox 156 1001 988 1053; baseline -0.002 -7"><span class='ocrx_word' id='word_1_61' title='bbox 156 1003 397 1046; x_wconf 89' lang='lat' dir='ltr'>custodivit</span> <span class='ocrx_word' id='word_1_62' title='bbox 411 1014 513 1045; x_wconf 90' lang='lat' dir='ltr'>eum</span> <span class='ocrx_word' id='word_1_63' title='bbox 526 1001 583 1044; x_wconf 90' lang='lat' dir='ltr'>ab</span> <span class='ocrx_word' id='word_1_64' title='bbox 598 1002 796 1053; x_wconf 89' lang='lat' dir='ltr'>inimicis,</span> <span class='ocrx_word' id='word_1_65' title='bbox 818 1008 862 1044; x_wconf 90' lang='lat' dir='ltr'>et</span> <span class='ocrx_word' id='word_1_66' title='bbox 883 1016 909 1044; x_wconf 87' lang='lat' dir='ltr'>a</span> <span class='ocrx_word' id='word_1_67' title='bbox 924 1016 988 1044; x_wconf 91' lang='lat' dir='ltr'>se-</span> 
     </span>
     <span class='ocr_line' id='line_1_15' title="bbox 156 1058 989 1103; baseline -0.001 -1"><span class='ocrx_word' id='word_1_68' title='bbox 156 1059 413 1103; x_wconf 90' lang='lat' dir='ltr'>ductoribus</span> <span class='ocrx_word' id='word_1_69' title='bbox 427 1058 588 1101; x_wconf 89' lang='lat' dir='ltr'>tutavit</span> <span class='ocrx_word' id='word_1_70' title='bbox 600 1058 736 1100; x_wconf 93' lang='lat' dir='ltr'>illum:</span> <span class='ocrx_word' id='word_1_71' title='bbox 756 1061 778 1085; x_wconf 86' lang='lat'>*</span> <span class='ocrx_word' id='word_1_72' title='bbox 794 1059 852 1101; x_wconf 88' lang='lat' dir='ltr'>Et</span> <span class='ocrx_word' id='word_1_73' title='bbox 867 1058 989 1101; x_wconf 85' lang='lat' dir='ltr'>dedit</span> 
     </span>
     <span class='ocr_line' id='line_1_16' title="bbox 155 1110 989 1162; baseline 0 -4"><span class='ocrx_word' id='word_1_74' title='bbox 155 1117 218 1158; x_wconf 93' lang='lat' dir='ltr'>illi</span> <span class='ocrx_word' id='word_1_75' title='bbox 233 1117 479 1159; x_wconf 89' lang='lat' dir='ltr'>claritatem</span> <span class='ocrx_word' id='word_1_76' title='bbox 493 1117 714 1157; x_wconf 89' lang='lat' dir='ltr'>aeternam.</span> <span class='ocrx_word' id='word_1_77' title='bbox 740 1110 791 1162; x_wconf 86' lang='lat' dir='ltr'>V.</span> <span class='ocrx_word' id='word_1_78' title='bbox 804 1116 989 1158; x_wconf 90' lang='lat' dir='ltr'>Descen-</span> 
     </span>
     <span class='ocr_line' id='line_1_17' title="bbox 156 1172 987 1226; baseline -0.001 -11"><span class='ocrx_word' id='word_1_79' title='bbox 156 1174 308 1226; x_wconf 89' lang='lat' dir='ltr'>ditque</span> <span class='ocrx_word' id='word_1_80' title='bbox 341 1186 440 1215; x_wconf 87' lang='lat' dir='ltr'>cum</span> <span class='ocrx_word' id='word_1_81' title='bbox 466 1172 543 1214; x_wconf 88' lang='lat' dir='ltr'>illo</span> <span class='ocrx_word' id='word_1_82' title='bbox 575 1172 620 1213; x_wconf 92' lang='lat' dir='ltr'>in</span> <span class='ocrx_word' id='word_1_83' title='bbox 648 1173 836 1223; x_wconf 88' lang='lat' dir='ltr'>foveam,</span> <span class='ocrx_word' id='word_1_84' title='bbox 870 1178 914 1214; x_wconf 90' lang='lat' dir='ltr'>et</span> <span class='ocrx_word' id='word_1_85' title='bbox 943 1173 987 1214; x_wconf 90' lang='lat' dir='ltr'>in</span> 
     </span>
     <span class='ocr_line' id='line_1_18' title="bbox 155 1228 924 1282; baseline 0 -11"><span class='ocrx_word' id='word_1_86' title='bbox 155 1229 340 1272; x_wconf 90' lang='lat' dir='ltr'>vinculis</span> <span class='ocrx_word' id='word_1_87' title='bbox 359 1242 448 1271; x_wconf 92' lang='lat' dir='ltr'>non</span> <span class='ocrx_word' id='word_1_88' title='bbox 467 1228 702 1282; x_wconf 83' lang='lat' dir='ltr'>dereliquit</span> <span class='ocrx_word' id='word_1_89' title='bbox 718 1242 828 1271; x_wconf 91' lang='lat' dir='ltr'>eum.</span> <span class='ocrx_word' id='word_1_90' title='bbox 856 1230 924 1271; x_wconf 86' lang='lat' dir='ltr'>Et.</span> 
     </span>
    </p>

    <p class='ocr_par' dir='ltr' id='par_1_4' title="bbox 467 1287 676 1328">
     <span class='ocr_line' id='line_1_19' title="bbox 467 1287 676 1328; baseline -0.005 0"><span class='ocrx_word' id='word_1_91' title='bbox 467 1287 619 1328; x_wconf 88' lang='lat' dir='ltr'>Lectio</span> <span class='ocrx_word' id='word_1_92' title='bbox 640 1302 676 1327; x_wconf 81' lang='lat' dir='ltr'>v,</span> 
     </span>
    </p>

    <p class='ocr_par' dir='ltr' id='par_1_5' title="bbox 155 1342 991 2471">
     <span class='ocr_line' id='line_1_20' title="bbox 249 1342 989 1395; baseline -0.001 -10"><span class='ocrx_word' id='word_1_93' title='bbox 249 1344 286 1385; x_wconf 91' lang='lat' dir='ltr'>is</span> <span class='ocrx_word' id='word_1_94' title='bbox 310 1342 627 1385; x_wconf 83' lang='lat' dir='ltr'>misericordiae</span> <span class='ocrx_word' id='word_1_95' title='bbox 653 1342 863 1395; x_wconf 75' lang='lat' dir='ltr'>operibus</span> <span class='ocrx_word' id='word_1_96' title='bbox 889 1355 989 1394; x_wconf 89' lang='lat' dir='ltr'>quae</span> 
     </span>
     <span class='ocr_line' id='line_1_21' title="bbox 276 1398 988 1449; baseline -0.001 -7"><span class='ocrx_word' id='word_1_97' title='bbox 276 1399 485 1442; x_wconf 88' lang='lat' dir='ltr'>fratribus</span> <span class='ocrx_word' id='word_1_98' title='bbox 505 1398 717 1449; x_wconf 83' lang='lat' dir='ltr'>exhibuit,</span> <span class='ocrx_word' id='word_1_99' title='bbox 736 1399 880 1440; x_wconf 91' lang='lat' dir='ltr'>Patris</span> <span class='ocrx_word' id='word_1_100' title='bbox 903 1412 988 1441; x_wconf 90' lang='lat' dir='ltr'>coe-</span> 
     </span>
     <span class='ocr_line' id='line_1_22' title="bbox 155 1455 989 1508; baseline -0.002 -9"><span class='ocrx_word' id='word_1_101' title='bbox 155 1457 279 1499; x_wconf 89' lang='lat' dir='ltr'>lestis</span> <span class='ocrx_word' id='word_1_102' title='bbox 322 1455 671 1498; x_wconf 88' lang='lat' dir='ltr'>misericordiam</span> <span class='ocrx_word' id='word_1_103' title='bbox 722 1457 989 1508; x_wconf 90' lang='lat' dir='ltr'>promeritus</span> 
     </span>
     <span class='ocr_line' id='line_1_23' title="bbox 157 1511 989 1566; baseline -0.004 -10"><span class='ocrx_word' id='word_1_104' title='bbox 157 1519 240 1565; x_wconf 90' lang='lat' dir='ltr'>est,</span> <span class='ocrx_word' id='word_1_105' title='bbox 269 1518 313 1555; x_wconf 92' lang='lat' dir='ltr'>et</span> <span class='ocrx_word' id='word_1_106' title='bbox 337 1512 545 1566; x_wconf 84' lang='lat' dir='ltr'>passione</span> <span class='ocrx_word' id='word_1_107' title='bbox 571 1511 747 1554; x_wconf 89' lang='lat' dir='ltr'>Christo</span> <span class='ocrx_word' id='word_1_108' title='bbox 771 1512 884 1553; x_wconf 91' lang='lat' dir='ltr'>Filio</span> <span class='ocrx_word' id='word_1_109' title='bbox 905 1512 989 1554; x_wconf 92' lang='lat' dir='ltr'>Dei</span> 
     </span>
     <span class='ocr_line' id='line_1_24' title="bbox 157 1568 990 1622; baseline -0.002 -10"><span class='ocrx_word' id='word_1_110' title='bbox 157 1569 415 1612; x_wconf 88' lang='lat' dir='ltr'>consociari</span> <span class='ocrx_word' id='word_1_111' title='bbox 471 1568 582 1610; x_wconf 89' lang='lat' dir='ltr'>Cum</span> <span class='ocrx_word' id='word_1_112' title='bbox 612 1569 728 1610; x_wconf 91' lang='lat' dir='ltr'>enim</span> <span class='ocrx_word' id='word_1_113' title='bbox 756 1569 990 1622; x_wconf 91' lang='lat' dir='ltr'>imperium</span> 
     </span>
     <span class='ocr_line' id='line_1_25' title="bbox 155 1624 990 1680; baseline -0.002 -12"><span class='ocrx_word' id='word_1_114' title='bbox 155 1627 315 1680; x_wconf 91' lang='lat' dir='ltr'>impius</span> <span class='ocrx_word' id='word_1_115' title='bbox 334 1627 557 1679; x_wconf 89' lang='lat' dir='ltr'>Apostata</span> <span class='ocrx_word' id='word_1_116' title='bbox 575 1625 775 1667; x_wconf 87' lang='lat' dir='ltr'>Julianus</span> <span class='ocrx_word' id='word_1_117' title='bbox 801 1624 990 1679; x_wconf 89' lang='lat' dir='ltr'>adeptus</span> 
     </span>
     <span class='ocr_line' id='line_1_26' title="bbox 157 1675 990 1734; baseline -0.001 -9"><span class='ocrx_word' id='word_1_118' title='bbox 157 1688 285 1734; x_wconf 88' lang='lat' dir='ltr'>esset,</span> <span class='ocrx_word' id='word_1_119' title='bbox 305 1682 570 1731; x_wconf 79' lang='lat' dir='ltr'>GallicanUS‚</span> <span class='ocrx_word' id='word_1_120' title='bbox 589 1694 644 1723; x_wconf 86' lang='lat' dir='ltr'>ex</span> <span class='ocrx_word' id='word_1_121' title='bbox 658 1675 734 1724; x_wconf 89' lang='lat' dir='ltr'>illa</span> <span class='ocrx_word' id='word_1_122' title='bbox 746 1683 990 1724; x_wconf 86' lang='lat' dir='ltr'>misericor-</span> 
     </span>
     <span class='ocr_line' id='line_1_27' title="bbox 157 1738 990 1792; baseline -0.001 -11"><span class='ocrx_word' id='word_1_123' title='bbox 157 1738 242 1782; x_wconf 89' lang='lat' dir='ltr'>diae</span> <span class='ocrx_word' id='word_1_124' title='bbox 267 1738 374 1782; x_wconf 90' lang='lat' dir='ltr'>sede</span> <span class='ocrx_word' id='word_1_125' title='bbox 398 1744 443 1781; x_wconf 88' lang='lat' dir='ltr'>et</span> <span class='ocrx_word' id='word_1_126' title='bbox 461 1741 708 1791; x_wconf 80' lang='lat' dir='ltr'>pauperum</span> <span class='ocrx_word' id='word_1_127' title='bbox 727 1752 780 1781; x_wconf 92' lang='lat' dir='ltr'>ac</span> <span class='ocrx_word' id='word_1_128' title='bbox 799 1740 990 1792; x_wconf 92' lang='lat' dir='ltr'>peregri-</span> 
     </span>
     <span class='ocr_line' id='line_1_28' title="bbox 155 1795 989 1848; baseline -0.001 -10"><span class='ocrx_word' id='word_1_129' title='bbox 155 1798 314 1838; x_wconf 92' lang='lat' dir='ltr'>norum</span> <span class='ocrx_word' id='word_1_130' title='bbox 351 1796 547 1848; x_wconf 88' lang='lat' dir='ltr'>hospitio</span> <span class='ocrx_word' id='word_1_131' title='bbox 588 1795 759 1848; x_wconf 92' lang='lat' dir='ltr'>pulsus,</span> <span class='ocrx_word' id='word_1_132' title='bbox 802 1796 989 1837; x_wconf 86' lang='lat' dir='ltr'>Alexan-</span> 
     </span>
     <span class='ocr_line' id='line_1_29' title="bbox 157 1851 990 1906; baseline -0.001 -12"><span class='ocrx_word' id='word_1_133' title='bbox 157 1852 299 1895; x_wconf 90' lang='lat' dir='ltr'>driam</span> <span class='ocrx_word' id='word_1_134' title='bbox 325 1852 541 1906; x_wconf 89' lang='lat' dir='ltr'>perrexit,</span> <span class='ocrx_word' id='word_1_135' title='bbox 572 1851 649 1895; x_wconf 93' lang='lat' dir='ltr'>ubi</span> <span class='ocrx_word' id='word_1_136' title='bbox 679 1865 780 1894; x_wconf 90' lang='lat' dir='ltr'>eum</span> <span class='ocrx_word' id='word_1_137' title='bbox 804 1853 990 1894; x_wconf 86' lang='lat' dir='ltr'>Raucia-</span> 
     </span>
     <span class='ocr_line' id='line_1_30' title="bbox 156 1908 990 1962; baseline -0.002 -11"><span class='ocrx_word' id='word_1_138' title='bbox 156 1922 239 1951; x_wconf 92' lang='lat' dir='ltr'>nus</span> <span class='ocrx_word' id='word_1_139' title='bbox 258 1909 390 1962; x_wconf 87' lang='lat' dir='ltr'>judex</span> <span class='ocrx_word' id='word_1_140' title='bbox 409 1909 656 1951; x_wconf 90' lang='lat' dir='ltr'>sacrificare</span> <span class='ocrx_word' id='word_1_141' title='bbox 676 1909 922 1959; x_wconf 83' lang='lat' dir='ltr'>daemoniis,</span> <span class='ocrx_word' id='word_1_142' title='bbox 945 1908 990 1950; x_wconf 91' lang='lat' dir='ltr'>id</span> 
     </span>
     <span class='ocr_line' id='line_1_31' title="bbox 158 1964 990 2018; baseline -0.002 -10"><span class='ocrx_word' id='word_1_143' title='bbox 158 1966 227 2009; x_wconf 88' lang='lat' dir='ltr'>est</span> <span class='ocrx_word' id='word_1_144' title='bbox 271 1965 548 2008; x_wconf 90' lang='lat' dir='ltr'>ethnicorum</span> <span class='ocrx_word' id='word_1_145' title='bbox 593 1964 695 2016; x_wconf 91' lang='lat' dir='ltr'>diis,</span> <span class='ocrx_word' id='word_1_146' title='bbox 743 1965 990 2018; x_wconf 84' lang='lat' dir='ltr'>imperavit.</span> 
     </span>
     <span class='ocr_line' id='line_1_32' title="bbox 156 2021 991 2074; baseline -0.005 -8"><span class='ocrx_word' id='word_1_147' title='bbox 156 2022 326 2066; x_wconf 91' lang='lat' dir='ltr'>Verum</span> <span class='ocrx_word' id='word_1_148' title='bbox 346 2021 509 2064; x_wconf 89' lang='lat' dir='ltr'>Christi</span> <span class='ocrx_word' id='word_1_149' title='bbox 531 2022 656 2064; x_wconf 86' lang='lat' dir='ltr'>miles</span> <span class='ocrx_word' id='word_1_150' title='bbox 675 2021 832 2074; x_wconf 84' lang='lat' dir='ltr'>judicis</span> <span class='ocrx_word' id='word_1_151' title='bbox 851 2022 991 2062; x_wconf 89' lang='lat' dir='ltr'>minas</span> 
     </span>
     <span class='ocr_line' id='line_1_33' title="bbox 159 2077 990 2129; baseline -0.004 -7"><span class='ocrx_word' id='word_1_152' title='bbox 159 2081 456 2129; x_wconf 79' lang='lat' dir='ltr'>contemnenS,</span> <span class='ocrx_word' id='word_1_153' title='bbox 476 2091 558 2120; x_wconf 91' lang='lat' dir='ltr'>nec</span> <span class='ocrx_word' id='word_1_154' title='bbox 578 2091 734 2120; x_wconf 87' lang='lat' dir='ltr'>curans</span> <span class='ocrx_word' id='word_1_155' title='bbox 749 2077 990 2127; x_wconf 82' lang='lat' dir='ltr'>illecebras,</span> 
     </span>
     <span class='ocr_line' id='line_1_34' title="bbox 156 2134 990 2184; baseline -0.005 -6"><span class='ocrx_word' id='word_1_156' title='bbox 156 2137 325 2178; x_wconf 92' lang='lat' dir='ltr'>nullum</span> <span class='ocrx_word' id='word_1_157' title='bbox 354 2136 571 2177; x_wconf 84' lang='lat' dir='ltr'>honorem</span> <span class='ocrx_word' id='word_1_158' title='bbox 604 2134 736 2177; x_wconf 93' lang='lat' dir='ltr'>idolis</span> <span class='ocrx_word' id='word_1_159' title='bbox 769 2134 990 2184; x_wconf 87' lang='lat' dir='ltr'>Gentium,</span> 
     </span>
     <span class='ocr_line' id='line_1_35' title="bbox 157 2190 991 2245; baseline -0.004 -11"><span class='ocrx_word' id='word_1_160' title='bbox 157 2198 386 2245; x_wconf 90' lang='lat' dir='ltr'>tamquam</span> <span class='ocrx_word' id='word_1_161' title='bbox 410 2192 596 2233; x_wconf 80' lang='lat' dir='ltr'>mortuis</span> <span class='ocrx_word' id='word_1_162' title='bbox 619 2191 883 2241; x_wconf 83' lang='lat' dir='ltr'>simulacris,</span> <span class='ocrx_word' id='word_1_163' title='bbox 911 2190 991 2232; x_wconf 90' lang='lat' dir='ltr'>sed</span> 
     </span>
     <span class='ocr_line' id='line_1_36' title="bbox 157 2247 990 2297; baseline -0.005 -6"><span class='ocrx_word' id='word_1_164' title='bbox 157 2250 256 2291; x_wconf 93' lang='lat' dir='ltr'>Deo</span> <span class='ocrx_word' id='word_1_165' title='bbox 276 2249 377 2291; x_wconf 89' lang='lat' dir='ltr'>vivo</span> <span class='ocrx_word' id='word_1_166' title='bbox 396 2247 678 2290; x_wconf 87' lang='lat' dir='ltr'>tribuendum</span> <span class='ocrx_word' id='word_1_167' title='bbox 698 2247 879 2297; x_wconf 92' lang='lat' dir='ltr'>docens,</span> <span class='ocrx_word' id='word_1_168' title='bbox 902 2252 990 2288; x_wconf 91' lang='lat' dir='ltr'>tor-</span> 
     </span>
     <span class='ocr_line' id='line_1_37' title="bbox 158 2302 990 2357; baseline -0.005 -10"><span class='ocrx_word' id='word_1_169' title='bbox 158 2306 317 2348; x_wconf 77' lang='lat' dir='ltr'>mentis</span> <span class='ocrx_word' id='word_1_170' title='bbox 343 2309 387 2347; x_wconf 89' lang='lat' dir='ltr'>et</span> <span class='ocrx_word' id='word_1_171' title='bbox 410 2305 545 2347; x_wconf 93' lang='lat' dir='ltr'>morti</span> <span class='ocrx_word' id='word_1_172' title='bbox 571 2318 619 2346; x_wconf 92' lang='lat' dir='ltr'>se</span> <span class='ocrx_word' id='word_1_173' title='bbox 642 2306 848 2357; x_wconf 87' lang='lat' dir='ltr'>paratum</span> <span class='ocrx_word' id='word_1_174' title='bbox 874 2302 990 2344; x_wconf 88' lang='lat' dir='ltr'>exhi-</span> 
     </span>
     <span class='ocr_line' id='line_1_38' title="bbox 157 2359 987 2414; baseline -0.007 -10"><span class='ocrx_word' id='word_1_175' title='bbox 157 2362 265 2404; x_wconf 89' lang='lat' dir='ltr'>buit.</span> <span class='ocrx_word' id='word_1_176' title='bbox 303 2363 461 2414; x_wconf 89' lang='lat' dir='ltr'>Itaque</span> <span class='ocrx_word' id='word_1_177' title='bbox 488 2361 637 2413; x_wconf 87' lang='lat' dir='ltr'>gladio</span> <span class='ocrx_word' id='word_1_178' title='bbox 665 2363 903 2413; x_wconf 82' lang='lat' dir='ltr'>percussus</span> <span class='ocrx_word' id='word_1_179' title='bbox 930 2359 987 2399; x_wconf 90' lang='lat' dir='ltr'>vi-</span> 
     </span>
     <span class='ocr_line' id='line_1_39' title="bbox 159 2415 991 2471; baseline -0.006 -11"><span class='ocrx_word' id='word_1_180' title='bbox 159 2423 251 2460; x_wconf 87' lang='lat' dir='ltr'>tam</span> <span class='ocrx_word' id='word_1_181' title='bbox 287 2421 534 2471; x_wconf 80' lang='lat' dir='ltr'>pauperum</span> <span class='ocrx_word' id='word_1_182' title='bbox 575 2417 756 2459; x_wconf 90' lang='lat' dir='ltr'>servitio</span> <span class='ocrx_word' id='word_1_183' title='bbox 798 2415 991 2456; x_wconf 89' lang='lat' dir='ltr'>nobilem</span> 
     </span>
    </p>

    <p class='ocr_par' dir='ltr' id='par_1_6' title="bbox 160 2472 934 2526">
     <span class='ocr_line' id='line_1_40' title="bbox 160 2472 934 2526; baseline -0.005 -10"><span class='ocrx_word' id='word_1_184' title='bbox 160 2474 355 2526; x_wconf 89' lang='lat' dir='ltr'>glorioso</span> <span class='ocrx_word' id='word_1_185' title='bbox 373 2475 584 2526; x_wconf 72' lang='lat' dir='ltr'>martyrio</span> <span class='ocrx_word' id='word_1_186' title='bbox 603 2472 934 2515; x_wconf 80' lang='lat' dir='ltr'>consummavit.</span> 
     </span>
    </p>

    <p class='ocr_par' dir='ltr' id='par_1_7' title="bbox 160 2527 991 2804">
     <span class='ocr_line' id='line_1_41' title="bbox 210 2527 989 2584; baseline -0.008 -11"><span class='ocrx_word' id='word_1_187' title='bbox 210 2532 262 2584; x_wconf 65' lang='lat' dir='ltr'>Rz.</span> <span class='ocrx_word' id='word_1_188' title='bbox 290 2530 570 2572; x_wconf 90' lang='lat' dir='ltr'>Desiderium</span> <span class='ocrx_word' id='word_1_189' title='bbox 603 2530 760 2571; x_wconf 79' lang='lat' dir='ltr'>animae</span> <span class='ocrx_word' id='word_1_190' title='bbox 795 2529 884 2580; x_wconf 89' lang='lat' dir='ltr'>ejus</span> <span class='ocrx_word' id='word_1_191' title='bbox 917 2527 989 2568; x_wconf 92' lang='lat' dir='ltr'>tri-</span> 
     </span>
     <span class='ocr_line' id='line_1_42' title="bbox 160 2584 990 2636; baseline -0.006 -8"><span class='ocrx_word' id='word_1_192' title='bbox 160 2586 295 2628; x_wconf 88' lang='lat' dir='ltr'>buisti</span> <span class='ocrx_word' id='word_1_193' title='bbox 326 2586 367 2628; x_wconf 90' lang='lat' dir='ltr'>ei</span> <span class='ocrx_word' id='word_1_194' title='bbox 393 2586 598 2636; x_wconf 85' lang='lat' dir='ltr'>Domine,</span> <span class='ocrx_word' id='word_1_195' title='bbox 628 2592 651 2615; x_wconf 84' lang='lat'>*</span> <span class='ocrx_word' id='word_1_196' title='bbox 679 2586 736 2626; x_wconf 88' lang='lat' dir='ltr'>Et</span> <span class='ocrx_word' id='word_1_197' title='bbox 765 2584 990 2625; x_wconf 91' lang='lat' dir='ltr'>voluntate</span> 
     </span>
     <span class='ocr_line' id='line_1_43' title="bbox 161 2640 990 2695; baseline -0.005 -12"><span class='ocrx_word' id='word_1_198' title='bbox 161 2642 378 2684; x_wconf 82' lang='lat' dir='ltr'>labiorum</span> <span class='ocrx_word' id='word_1_199' title='bbox 405 2644 495 2695; x_wconf 90' lang='lat' dir='ltr'>ejus</span> <span class='ocrx_word' id='word_1_200' title='bbox 522 2655 612 2684; x_wconf 94' lang='lat' dir='ltr'>non</span> <span class='ocrx_word' id='word_1_201' title='bbox 639 2640 853 2682; x_wconf 81' lang='lat' dir='ltr'>fraudasti</span> <span class='ocrx_word' id='word_1_202' title='bbox 881 2652 990 2681; x_wconf 91' lang='lat' dir='ltr'>eum.</span> 
     </span>
     <span class='ocr_line' id='line_1_44' title="bbox 160 2693 990 2752; baseline -0.004 -14"><span class='ocrx_word' id='word_1_203' title='bbox 160 2693 211 2744; x_wconf 90' lang='lat' dir='ltr'>V.</span> <span class='ocrx_word' id='word_1_204' title='bbox 232 2699 449 2749; x_wconf 83' lang='lat' dir='ltr'>Quoniam</span> <span class='ocrx_word' id='word_1_205' title='bbox 466 2698 723 2752; x_wconf 79' lang='lat' dir='ltr'>praevenisti</span> <span class='ocrx_word' id='word_1_206' title='bbox 742 2709 842 2738; x_wconf 93' lang='lat' dir='ltr'>eum</span> <span class='ocrx_word' id='word_1_207' title='bbox 860 2695 903 2736; x_wconf 90' lang='lat' dir='ltr'>in</span> <span class='ocrx_word' id='word_1_208' title='bbox 918 2695 990 2736; x_wconf 92' lang='lat' dir='ltr'>be-</span> 
     </span>
     <span class='ocr_line' id='line_1_45' title="bbox 162 2753 991 2804; baseline -0.005 -8"><span class='ocrx_word' id='word_1_209' title='bbox 162 2754 484 2797; x_wconf 90' lang='lat' dir='ltr'>nedictionibus</span> <span class='ocrx_word' id='word_1_210' title='bbox 513 2753 773 2802; x_wconf 79' lang='lat' dir='ltr'>dulcedinis3</span> <span class='ocrx_word' id='word_1_211' title='bbox 804 2753 991 2804; x_wconf 91' lang='lat' dir='ltr'>posuisti</span> 
     </span>
    </p>
   </div>
   <div class='ocr_carea' id='block_1_3' title="bbox 1773 234 1868 278">
    <p class='ocr_par' dir='ltr' id='par_1_8' title="bbox 1773 234 1868 278">
     <span class='ocr_line' id='line_1_46' title="bbox 1773 234 1868 278; baseline 0 0"><span class='ocrx_word' id='word_1_212' title='bbox 1773 234 1868 278; x_wconf 87' lang='lat'>[297]</span> 
     </span>
    </p>
   </div>
   <div class='ocr_carea' id='block_1_4' title="bbox 1037 329 1868 438">
    <p class='ocr_par' dir='ltr' id='par_1_9' title="bbox 1037 329 1868 438">
     <span class='ocr_line' id='line_1_47' title="bbox 1037 329 1868 385; baseline 0.005 -16"><span class='ocrx_word' id='word_1_213' title='bbox 1037 329 1082 369; x_wconf 93' lang='lat' dir='ltr'>in</span> <span class='ocrx_word' id='word_1_214' title='bbox 1110 330 1255 382; x_wconf 90' lang='lat' dir='ltr'>capite</span> <span class='ocrx_word' id='word_1_215' title='bbox 1283 331 1374 382; x_wconf 83' lang='lat' dir='ltr'>ejus</span> <span class='ocrx_word' id='word_1_216' title='bbox 1404 332 1613 372; x_wconf 91' lang='lat' dir='ltr'>coronam</span> <span class='ocrx_word' id='word_1_217' title='bbox 1637 331 1692 373; x_wconf 92' lang='lat' dir='ltr'>de</span> <span class='ocrx_word' id='word_1_218' title='bbox 1720 331 1868 385; x_wconf 91' lang='lat' dir='ltr'>lapide</span> 
     </span>
     <span class='ocr_line' id='line_1_48' title="bbox 1038 386 1342 438; baseline 0.003 -12"><span class='ocrx_word' id='word_1_219' title='bbox 1038 386 1247 438; x_wconf 89' lang='lat' dir='ltr'>pretioso.</span> <span class='ocrx_word' id='word_1_220' title='bbox 1275 387 1342 428; x_wconf 90' lang='lat' dir='ltr'>Et.</span> 
     </span>
    </p>
   </div>
   <div class='ocr_carea' id='block_1_5' title="bbox 1040 462 1922 2152">
    <p class='ocr_par' dir='ltr' id='par_1_10' title="bbox 1042 462 1869 616">
     <span class='ocr_line' id='line_1_49' title="bbox 1042 462 1869 517; baseline 0.001 -12"><span class='ocrx_word' id='word_1_221' title='bbox 1042 466 1106 505; x_wconf 87' lang='lat' dir='ltr'>Ex</span> <span class='ocrx_word' id='word_1_222' title='bbox 1134 462 1345 505; x_wconf 81' lang='lat' dir='ltr'>Oratione</span> <span class='ocrx_word' id='word_1_223' title='bbox 1372 464 1412 505; x_wconf 91' lang='lat' dir='ltr'>S.</span> <span class='ocrx_word' id='word_1_224' title='bbox 1437 464 1638 515; x_wconf 86' lang='lat' dir='ltr'>Gregorii</span> <span class='ocrx_word' id='word_1_225' title='bbox 1667 465 1869 517; x_wconf 90' lang='lat' dir='ltr'>Nysseni.</span> 
     </span>
     <span class='ocr_line' id='line_1_50' title="bbox 1072 526 1839 569; baseline 0.001 -10"><span class='ocrx_word' id='word_1_226' title='bbox 1072 526 1250 569; x_wconf 79' lang='lat' dir='ltr'>Append.</span> <span class='ocrx_word' id='word_1_227' title='bbox 1276 526 1457 562; x_wconf 74' lang='lat' dir='ltr'>Grctseri.</span> <span class='ocrx_word' id='word_1_228' title='bbox 1482 526 1566 561; x_wconf 68' lang='lat'>237..</span> <span class='ocrx_word' id='word_1_229' title='bbox 1591 527 1672 560; x_wconf 71' lang='lat' dir='ltr'>sive</span> <span class='ocrx_word' id='word_1_230' title='bbox 1696 531 1785 560; x_wconf 91' lang='lat' dir='ltr'>tom.</span> <span class='ocrx_word' id='word_1_231' title='bbox 1810 527 1839 560; x_wconf 81' lang='lat'>3.</span> 
     </span>
     <span class='ocr_line' id='line_1_51' title="bbox 1300 574 1610 616; baseline 0.003 -9"><span class='ocrx_word' id='word_1_232' title='bbox 1300 574 1411 616; x_wconf 70' lang='lat' dir='ltr'>Opes.</span> <span class='ocrx_word' id='word_1_233' title='bbox 1438 575 1471 609; x_wconf 80' lang='lat' dir='ltr'>S.</span> <span class='ocrx_word' id='word_1_234' title='bbox 1499 574 1610 616; x_wconf 39' lang='grc' dir='ltr'>(ΞΥΟ-ε.</span> 
     </span>
    </p>

    <p class='ocr_par' dir='ltr' id='par_1_11' title="bbox 1343 632 1565 673">
     <span class='ocr_line' id='line_1_52' title="bbox 1343 632 1565 673; baseline 0 -2"><span class='ocrx_word' id='word_1_235' title='bbox 1343 632 1493 673; x_wconf 84' lang='lat' dir='ltr'>Lectio</span> <span class='ocrx_word' id='word_1_236' title='bbox 1513 633 1565 673; x_wconf 91' lang='lat' dir='ltr'>vi.</span> 
     </span>
    </p>

    <p class='ocr_par' dir='ltr' id='par_1_12' title="bbox 1042 683 1871 788">
     <span class='ocr_line' id='line_1_53' title="bbox 1042 683 1871 788; baseline 0.004 -59"><span class='ocrx_word' id='word_1_237' title='bbox 1042 683 1253 788; x_wconf 83' lang='lat' dir='ltr'>Frange</span> <span class='ocrx_word' id='word_1_238' title='bbox 1274 689 1481 731; x_wconf 89' lang='lat' dir='ltr'>esurienti</span> <span class='ocrx_word' id='word_1_239' title='bbox 1499 702 1659 742; x_wconf 90' lang='lat' dir='ltr'>panem</span> <span class='ocrx_word' id='word_1_240' title='bbox 1671 695 1807 740; x_wconf 91' lang='lat' dir='ltr'>tuum,</span> <span class='ocrx_word' id='word_1_241' title='bbox 1827 695 1871 732; x_wconf 91' lang='lat' dir='ltr'>et</span> 
     </span>
    </p>

    <p class='ocr_par' dir='ltr' id='par_1_13' title="bbox 1040 745 1922 2085">
     <span class='ocr_line' id='line_1_54' title="bbox 1133 745 1869 796; baseline 0.001 -9"><span class='ocrx_word' id='word_1_242' title='bbox 1133 747 1296 796; x_wconf 89' lang='lat' dir='ltr'>egenos</span> <span class='ocrx_word' id='word_1_243' title='bbox 1321 745 1412 786; x_wconf 90' lang='lat' dir='ltr'>sine</span> <span class='ocrx_word' id='word_1_244' title='bbox 1436 750 1556 788; x_wconf 92' lang='lat' dir='ltr'>tecto</span> <span class='ocrx_word' id='word_1_245' title='bbox 1580 746 1712 788; x_wconf 92' lang='lat' dir='ltr'>induc</span> <span class='ocrx_word' id='word_1_246' title='bbox 1731 747 1774 788; x_wconf 93' lang='lat' dir='ltr'>in</span> <span class='ocrx_word' id='word_1_247' title='bbox 1795 745 1869 788; x_wconf 93' lang='lat' dir='ltr'>do-</span> 
     </span>
     <span class='ocr_line' id='line_1_55' title="bbox 1040 802 1869 845; baseline 0 -2"><span class='ocrx_word' id='word_1_248' title='bbox 1040 815 1159 844; x_wconf 92' lang='lat' dir='ltr'>mum</span> <span class='ocrx_word' id='word_1_249' title='bbox 1173 807 1305 843; x_wconf 83' lang='lat' dir='ltr'>tuam.</span> <span class='ocrx_word' id='word_1_250' title='bbox 1325 802 1509 843; x_wconf 94' lang='lat' dir='ltr'>Multam</span> <span class='ocrx_word' id='word_1_251' title='bbox 1522 802 1650 844; x_wconf 89' lang='lat' dir='ltr'>nobis</span> <span class='ocrx_word' id='word_1_252' title='bbox 1665 803 1749 844; x_wconf 95' lang='lat' dir='ltr'>hoc</span> <span class='ocrx_word' id='word_1_253' title='bbox 1763 808 1869 845; x_wconf 89' lang='lat' dir='ltr'>tem-</span> 
     </span>
     <span class='ocr_line' id='line_1_56' title="bbox 1040 857 1870 912; baseline -0.001 -11"><span class='ocrx_word' id='word_1_254' title='bbox 1040 873 1125 912; x_wconf 92' lang='lat' dir='ltr'>pus</span> <span class='ocrx_word' id='word_1_255' title='bbox 1158 858 1284 900; x_wconf 89' lang='lat' dir='ltr'>affert</span> <span class='ocrx_word' id='word_1_256' title='bbox 1320 857 1539 900; x_wconf 91' lang='lat' dir='ltr'>nudorum</span> <span class='ocrx_word' id='word_1_257' title='bbox 1571 863 1870 912; x_wconf 86' lang='lat' dir='ltr'>vagorumque</span> 
     </span>
     <span class='ocr_line' id='line_1_57' title="bbox 1042 915 1871 969; baseline -0.001 -12"><span class='ocrx_word' id='word_1_258' title='bbox 1042 916 1228 969; x_wconf 91' lang='lat' dir='ltr'>copiam.</span> <span class='ocrx_word' id='word_1_259' title='bbox 1261 915 1477 967; x_wconf 87' lang='lat' dir='ltr'>Hospites</span> <span class='ocrx_word' id='word_1_260' title='bbox 1502 915 1764 968; x_wconf 82' lang='lat' dir='ltr'>exsulesque</span> <span class='ocrx_word' id='word_1_261' title='bbox 1782 928 1871 957; x_wconf 93' lang='lat' dir='ltr'>non</span> 
     </span>
     <span class='ocr_line' id='line_1_58' title="bbox 1042 971 1871 1025; baseline 0 -12"><span class='ocrx_word' id='word_1_262' title='bbox 1042 971 1218 1022; x_wconf 72' lang='lat' dir='ltr'>desunt,</span> <span class='ocrx_word' id='word_1_263' title='bbox 1271 971 1435 1024; x_wconf 92' lang='lat' dir='ltr'>ubique</span> <span class='ocrx_word' id='word_1_264' title='bbox 1486 971 1589 1013; x_wconf 89' lang='lat' dir='ltr'>licet</span> <span class='ocrx_word' id='word_1_265' title='bbox 1639 974 1871 1025; x_wconf 91' lang='lat' dir='ltr'>protensas</span> 
     </span>
     <span class='ocr_line' id='line_1_59' title="bbox 1043 1028 1871 1081; baseline -0.002 -11"><span class='ocrx_word' id='word_1_266' title='bbox 1043 1041 1174 1081; x_wconf 91' lang='lat' dir='ltr'>opem</span> <span class='ocrx_word' id='word_1_267' title='bbox 1210 1028 1539 1081; x_wconf 88' lang='lat' dir='ltr'>implorantium</span> <span class='ocrx_word' id='word_1_268' title='bbox 1575 1041 1728 1069; x_wconf 90' lang='lat' dir='ltr'>manus</span> <span class='ocrx_word' id='word_1_269' title='bbox 1761 1030 1871 1080; x_wconf 87' lang='lat' dir='ltr'>aspi-</span> 
     </span>
     <span class='ocr_line' id='line_1_60' title="bbox 1043 1083 1871 1136; baseline -0.001 -10"><span class='ocrx_word' id='word_1_270' title='bbox 1043 1097 1154 1126; x_wconf 90' lang='lat' dir='ltr'>cere.</span> <span class='ocrx_word' id='word_1_271' title='bbox 1186 1084 1268 1125; x_wconf 89' lang='lat' dir='ltr'>His</span> <span class='ocrx_word' id='word_1_272' title='bbox 1289 1087 1363 1124; x_wconf 80' lang='lat' dir='ltr'>aer</span> <span class='ocrx_word' id='word_1_273' title='bbox 1382 1083 1462 1125; x_wconf 89' lang='lat' dir='ltr'>sub</span> <span class='ocrx_word' id='word_1_274' title='bbox 1484 1083 1557 1125; x_wconf 91' lang='lat' dir='ltr'>dio</span> <span class='ocrx_word' id='word_1_275' title='bbox 1577 1089 1744 1125; x_wconf 87' lang='lat' dir='ltr'>tectum</span> <span class='ocrx_word' id='word_1_276' title='bbox 1763 1097 1871 1136; x_wconf 89' lang='lat' dir='ltr'>prae-</span> 
     </span>
     <span class='ocr_line' id='line_1_61' title="bbox 1042 1140 1872 1193; baseline -0.001 -11"><span class='ocrx_word' id='word_1_277' title='bbox 1042 1141 1128 1182; x_wconf 90' lang='lat' dir='ltr'>bet.</span> <span class='ocrx_word' id='word_1_278' title='bbox 1169 1141 1389 1190; x_wconf 90' lang='lat' dir='ltr'>Porticus,</span> <span class='ocrx_word' id='word_1_279' title='bbox 1418 1145 1462 1181; x_wconf 90' lang='lat' dir='ltr'>et</span> <span class='ocrx_word' id='word_1_280' title='bbox 1488 1140 1622 1190; x_wconf 88' lang='lat' dir='ltr'>bivia,</span> <span class='ocrx_word' id='word_1_281' title='bbox 1651 1146 1695 1182; x_wconf 94' lang='lat' dir='ltr'>et</span> <span class='ocrx_word' id='word_1_282' title='bbox 1721 1146 1872 1193; x_wconf 89' lang='lat' dir='ltr'>partes</span> 
     </span>
     <span class='ocr_line' id='line_1_62' title="bbox 1040 1196 1872 1249; baseline 0 -12"><span class='ocrx_word' id='word_1_283' title='bbox 1040 1197 1124 1238; x_wconf 92' lang='lat' dir='ltr'>fori</span> <span class='ocrx_word' id='word_1_284' title='bbox 1152 1197 1292 1247; x_wconf 91' lang='lat' dir='ltr'>magis</span> <span class='ocrx_word' id='word_1_285' title='bbox 1322 1196 1508 1238; x_wconf 80' lang='lat' dir='ltr'>desertae</span> <span class='ocrx_word' id='word_1_286' title='bbox 1534 1201 1635 1237; x_wconf 89' lang='lat' dir='ltr'>sunt</span> <span class='ocrx_word' id='word_1_287' title='bbox 1661 1197 1872 1249; x_wconf 91' lang='lat' dir='ltr'>hospitia:</span> 
     </span>
     <span class='ocr_line' id='line_1_63' title="bbox 1041 1254 1872 1306; baseline -0.001 -11"><span class='ocrx_word' id='word_1_288' title='bbox 1041 1254 1369 1306; x_wconf 90' lang='lat' dir='ltr'>nycticoracum</span> <span class='ocrx_word' id='word_1_289' title='bbox 1393 1258 1438 1294; x_wconf 93' lang='lat' dir='ltr'>et</span> <span class='ocrx_word' id='word_1_290' title='bbox 1460 1255 1720 1295; x_wconf 76' lang='lat' dir='ltr'>noctuarum</span> <span class='ocrx_word' id='word_1_291' title='bbox 1738 1266 1872 1303; x_wconf 92' lang='lat' dir='ltr'>more,</span> 
     </span>
     <span class='ocr_line' id='line_1_64' title="bbox 1042 1309 1922 1359; baseline 0 -9"><span class='ocrx_word' id='word_1_292' title='bbox 1042 1310 1086 1350; x_wconf 91' lang='lat' dir='ltr'>in</span> <span class='ocrx_word' id='word_1_293' title='bbox 1109 1310 1308 1351; x_wconf 90' lang='lat' dir='ltr'>cavernis</span> <span class='ocrx_word' id='word_1_294' title='bbox 1331 1309 1518 1351; x_wconf 88' lang='lat' dir='ltr'>latitant.</span> <span class='ocrx_word' id='word_1_295' title='bbox 1553 1309 1784 1359; x_wconf 90' lang='lat' dir='ltr'>Pannosis,</span> <span class='ocrx_word' id='word_1_296' title='bbox 1812 1314 1872 1350; x_wconf 91' lang='lat' dir='ltr'>at·</span> <span class='ocrx_word' id='word_1_297' title='bbox 1920 1314 1922 1323; x_wconf 64' lang='lat'><em>¹</em></span> 
     </span>
     <span class='ocr_line' id='line_1_65' title="bbox 1042 1365 1872 1417; baseline -0.002 -9"><span class='ocrx_word' id='word_1_298' title='bbox 1042 1367 1156 1408; x_wconf 90' lang='lat' dir='ltr'>tritis</span> <span class='ocrx_word' id='word_1_299' title='bbox 1194 1371 1238 1408; x_wconf 90' lang='lat' dir='ltr'>et</span> <span class='ocrx_word' id='word_1_300' title='bbox 1273 1366 1478 1408; x_wconf 88' lang='lat' dir='ltr'>laceratis</span> <span class='ocrx_word' id='word_1_301' title='bbox 1511 1369 1719 1417; x_wconf 83' lang='lat' dir='ltr'>teguntur</span> <span class='ocrx_word' id='word_1_302' title='bbox 1751 1365 1872 1407; x_wconf 93' lang='lat' dir='ltr'>indu-</span> 
     </span>
     <span class='ocr_line' id='line_1_66' title="bbox 1042 1422 1872 1473; baseline -0.001 -9"><span class='ocrx_word' id='word_1_303' title='bbox 1042 1423 1211 1464; x_wconf 91' lang='lat' dir='ltr'>mentis.</span> <span class='ocrx_word' id='word_1_304' title='bbox 1239 1422 1535 1473; x_wconf 82' lang='lat' dir='ltr'>Agriculturae</span> <span class='ocrx_word' id='word_1_305' title='bbox 1555 1422 1721 1463; x_wconf 90' lang='lat' dir='ltr'>fructus</span> <span class='ocrx_word' id='word_1_306' title='bbox 1742 1427 1808 1463; x_wconf 92' lang='lat' dir='ltr'>est</span> <span class='ocrx_word' id='word_1_307' title='bbox 1827 1422 1872 1463; x_wconf 94' lang='lat' dir='ltr'>il-</span> 
     </span>
     <span class='ocr_line' id='line_1_67' title="bbox 1042 1479 1872 1529; baseline -0.001 -9"><span class='ocrx_word' id='word_1_308' title='bbox 1042 1479 1096 1521; x_wconf 90' lang='lat' dir='ltr'>lis</span> <span class='ocrx_word' id='word_1_309' title='bbox 1124 1479 1424 1521; x_wconf 84' lang='lat' dir='ltr'>miserantium</span> <span class='ocrx_word' id='word_1_310' title='bbox 1453 1479 1586 1520; x_wconf 89' lang='lat' dir='ltr'>animi</span> <span class='ocrx_word' id='word_1_311' title='bbox 1610 1479 1872 1529; x_wconf 84' lang='lat' dir='ltr'>benignitas;</span> 
     </span>
     <span class='ocr_line' id='line_1_68' title="bbox 1044 1536 1872 1588; baseline -0.002 -10"><span class='ocrx_word' id='word_1_312' title='bbox 1044 1536 1183 1587; x_wconf 91' lang='lat' dir='ltr'>cibus,</span> <span class='ocrx_word' id='word_1_313' title='bbox 1217 1537 1253 1577; x_wconf 87' lang='lat' dir='ltr'>si</span> <span class='ocrx_word' id='word_1_314' title='bbox 1282 1536 1387 1588; x_wconf 94' lang='lat' dir='ltr'>quid</span> <span class='ocrx_word' id='word_1_315' title='bbox 1415 1536 1470 1578; x_wconf 95' lang='lat' dir='ltr'>ab</span> <span class='ocrx_word' id='word_1_316' title='bbox 1500 1536 1738 1577; x_wconf 90' lang='lat' dir='ltr'>accedente</span> <span class='ocrx_word' id='word_1_317' title='bbox 1768 1537 1872 1588; x_wconf 92' lang='lat' dir='ltr'>quo-</span> 
     </span>
     <span class='ocr_line' id='line_1_69' title="bbox 1043 1592 1874 1646; baseline -0.002 -12"><span class='ocrx_word' id='word_1_318' title='bbox 1043 1594 1162 1646; x_wconf 91' lang='lat' dir='ltr'>piam</span> <span class='ocrx_word' id='word_1_319' title='bbox 1187 1593 1536 1646; x_wconf 82' lang='lat' dir='ltr'>impetraverint3</span> <span class='ocrx_word' id='word_1_320' title='bbox 1564 1593 1689 1645; x_wconf 91' lang='lat' dir='ltr'>potio</span> <span class='ocrx_word' id='word_1_321' title='bbox 1719 1592 1874 1633; x_wconf 91' lang='lat' dir='ltr'>eadem</span> 
     </span>
     <span class='ocr_line' id='line_1_70' title="bbox 1045 1648 1874 1702; baseline -0.002 -11"><span class='ocrx_word' id='word_1_322' title='bbox 1045 1662 1144 1702; x_wconf 87' lang='lat' dir='ltr'>quae</span> <span class='ocrx_word' id='word_1_323' title='bbox 1168 1649 1309 1691; x_wconf 91' lang='lat' dir='ltr'>brutis</span> <span class='ocrx_word' id='word_1_324' title='bbox 1335 1648 1643 1698; x_wconf 89' lang='lat' dir='ltr'>animantibus,</span> <span class='ocrx_word' id='word_1_325' title='bbox 1671 1649 1874 1689; x_wconf 91' lang='lat' dir='ltr'>nimirum</span> 
     </span>
     <span class='ocr_line' id='line_1_71' title="bbox 1044 1703 1874 1756; baseline -0.002 -9"><span class='ocrx_word' id='word_1_326' title='bbox 1044 1706 1200 1747; x_wconf 89' lang='lat' dir='ltr'>fontes.</span> <span class='ocrx_word' id='word_1_327' title='bbox 1233 1706 1406 1756; x_wconf 87' lang='lat' dir='ltr'>Vagam</span> <span class='ocrx_word' id='word_1_328' title='bbox 1426 1710 1469 1747; x_wconf 92' lang='lat' dir='ltr'>et</span> <span class='ocrx_word' id='word_1_329' title='bbox 1489 1707 1708 1756; x_wconf 89' lang='lat' dir='ltr'>agrestem</span> <span class='ocrx_word' id='word_1_330' title='bbox 1726 1703 1874 1746; x_wconf 85' lang='lat' dir='ltr'>tradu-</span> 
     </span>
     <span class='ocr_line' id='line_1_72' title="bbox 1045 1761 1872 1812; baseline -0.002 -8"><span class='ocrx_word' id='word_1_331' title='bbox 1045 1768 1148 1804; x_wconf 92' lang='lat' dir='ltr'>cunt</span> <span class='ocrx_word' id='word_1_332' title='bbox 1178 1762 1330 1812; x_wconf 90' lang='lat' dir='ltr'>vitam,</span> <span class='ocrx_word' id='word_1_333' title='bbox 1372 1761 1693 1803; x_wconf 89' lang='lat' dir='ltr'>calamitatibus</span> <span class='ocrx_word' id='word_1_334' title='bbox 1728 1766 1771 1803; x_wconf 92' lang='lat' dir='ltr'>et</span> <span class='ocrx_word' id='word_1_335' title='bbox 1802 1773 1872 1802; x_wconf 92' lang='lat' dir='ltr'>ne-</span> 
     </span>
     <span class='ocr_line' id='line_1_73' title="bbox 1045 1817 1873 1871; baseline -0.004 -11"><span class='ocrx_word' id='word_1_336' title='bbox 1045 1819 1252 1860; x_wconf 88' lang='lat' dir='ltr'>cessitate</span> <span class='ocrx_word' id='word_1_337' title='bbox 1273 1818 1501 1871; x_wconf 82' lang='lat' dir='ltr'>compulsi.</span> <span class='ocrx_word' id='word_1_338' title='bbox 1528 1818 1610 1858; x_wconf 88' lang='lat' dir='ltr'>His</span> <span class='ocrx_word' id='word_1_339' title='bbox 1625 1817 1873 1859; x_wconf 89' lang='lat' dir='ltr'>necessaria</span> 
     </span>
     <span class='ocr_line' id='line_1_74' title="bbox 1044 1874 1873 1928; baseline -0.005 -12"><span class='ocrx_word' id='word_1_340' title='bbox 1044 1875 1179 1917; x_wconf 94' lang='lat' dir='ltr'>victui</span> <span class='ocrx_word' id='word_1_341' title='bbox 1215 1874 1452 1928; x_wconf 87' lang='lat' dir='ltr'>suppedita</span> <span class='ocrx_word' id='word_1_342' title='bbox 1488 1879 1553 1924; x_wconf 91' lang='lat' dir='ltr'>tu,</span> <span class='ocrx_word' id='word_1_343' title='bbox 1592 1874 1665 1926; x_wconf 92' lang='lat' dir='ltr'>qui</span> <span class='ocrx_word' id='word_1_344' title='bbox 1697 1874 1873 1925; x_wconf 81' lang='lat' dir='ltr'>jejunas.</span> 
     </span>
     <span class='ocr_line' id='line_1_75' title="bbox 1043 1929 1872 1982; baseline -0.005 -10"><span class='ocrx_word' id='word_1_345' title='bbox 1043 1932 1161 1982; x_wconf 87' lang='lat' dir='ltr'>Erga</span> <span class='ocrx_word' id='word_1_346' title='bbox 1179 1931 1336 1972; x_wconf 87' lang='lat' dir='ltr'>fratres</span> <span class='ocrx_word' id='word_1_347' title='bbox 1357 1930 1639 1972; x_wconf 90' lang='lat' dir='ltr'>calamitosos</span> <span class='ocrx_word' id='word_1_348' title='bbox 1658 1929 1872 1980; x_wconf 90' lang='lat' dir='ltr'>benignus</span> 
     </span>
     <span class='ocr_line' id='line_1_76' title="bbox 1046 1984 1873 2039; baseline -0.005 -10"><span class='ocrx_word' id='word_1_349' title='bbox 1046 1992 1155 2039; x_wconf 80' lang='lat' dir='ltr'>est03</span> <span class='ocrx_word' id='word_1_350' title='bbox 1177 1987 1298 2039; x_wconf 92' lang='lat' dir='ltr'>quod</span> <span class='ocrx_word' id='word_1_351' title='bbox 1318 1987 1459 2028; x_wconf 90' lang='lat' dir='ltr'>ventri</span> <span class='ocrx_word' id='word_1_352' title='bbox 1479 1985 1711 2036; x_wconf 82' lang='lat' dir='ltr'>subtrahis,</span> <span class='ocrx_word' id='word_1_353' title='bbox 1729 1984 1873 2027; x_wconf 91' lang='lat' dir='ltr'>tribue</span> 
     </span>
     <span class='ocr_line' id='line_1_77' title="bbox 1045 2044 1263 2085; baseline -0.009 0"><span class='ocrx_word' id='word_1_354' title='bbox 1045 2044 1263 2085; x_wconf 89' lang='lat' dir='ltr'>esurienti.</span> 
     </span>
    </p>

    <p class='ocr_par' dir='ltr' id='par_1_14' title="bbox 1096 2098 1709 2152">
     <span class='ocr_line' id='line_1_78' title="bbox 1096 2098 1709 2152; baseline 0 -13"><span class='ocrx_word' id='word_1_355' title='bbox 1096 2102 1147 2152; x_wconf 65' lang='lat' dir='ltr'>R.</span> <span class='ocrx_word' id='word_1_356' title='bbox 1174 2100 1298 2141; x_wconf 90' lang='lat' dir='ltr'>Stola</span> <span class='ocrx_word' id='word_1_357' title='bbox 1317 2098 1608 2152; x_wconf 89' lang='lat' dir='ltr'>jucunditatis.</span> <span class='ocrx_word' id='word_1_358' title='bbox 1628 2098 1709 2151; x_wconf 88' lang='lat'>[27]</span> 
     </span>
    </p>
   </div>
   <div class='ocr_carea' id='block_1_6' title="bbox 1268 2177 1648 2217">
    <p class='ocr_par' dir='ltr' id='par_1_15' title="bbox 1268 2177 1648 2217">
     <span class='ocr_line' id='line_1_79' title="bbox 1268 2177 1648 2217; baseline -0.005 0"><span class='ocrx_word' id='word_1_359' title='bbox 1268 2179 1317 2217; x_wconf 86' lang='lat' dir='ltr'>In</span> <span class='ocrx_word' id='word_1_360' title='bbox 1335 2178 1406 2215; x_wconf 89' lang='grc' dir='ltr'><strong>ΙΙΙ.</strong></span> <span class='ocrx_word' id='word_1_361' title='bbox 1426 2177 1648 2216; x_wconf 82' lang='lat' dir='ltr'>Nocturno.</span> 
     </span>
    </p>
   </div>
   <div class='ocr_carea' id='block_1_7' title="bbox 1046 2236 1872 2400">
    <p class='ocr_par' dir='ltr' id='par_1_16' title="bbox 1046 2236 1872 2400">
     <span class='ocr_line' id='line_1_80' title="bbox 1046 2236 1872 2288; baseline -0.002 -9"><span class='ocrx_word' id='word_1_362' title='bbox 1046 2238 1199 2280; x_wconf 89' lang='lat' dir='ltr'>Lectio</span> <span class='ocrx_word' id='word_1_363' title='bbox 1225 2238 1366 2279; x_wconf 90' lang='lat' dir='ltr'>sancti</span> <span class='ocrx_word' id='word_1_364' title='bbox 1383 2237 1609 2288; x_wconf 90' lang='lat' dir='ltr'>Evangelii</span> <span class='ocrx_word' id='word_1_365' title='bbox 1632 2236 1872 2279; x_wconf 78' lang='lat' dir='ltr'>secundum</span> 
     </span>
     <span class='ocr_line' id='line_1_81' title="bbox 1372 2295 1550 2336; baseline -0.006 0"><span class='ocrx_word' id='word_1_366' title='bbox 1372 2295 1550 2336; x_wconf 92' lang='lat' dir='ltr'>Lucam.</span> 
     </span>
     <span class='ocr_line' id='line_1_82' title="bbox 1123 2350 1792 2400; baseline -0.003 -10"><span class='ocrx_word' id='word_1_367' title='bbox 1123 2351 1275 2391; x_wconf 87' lang='lat' dir='ltr'>Lectio</span> <span class='ocrx_word' id='word_1_368' title='bbox 1299 2350 1365 2389; x_wconf 82' lang='lat' dir='ltr'>vii.</span> <span class='ocrx_word' id='word_1_369' title='bbox 1561 2350 1666 2400; x_wconf 90' lang='lat' dir='ltr'>Cap.</span> <span class='ocrx_word' id='word_1_370' title='bbox 1680 2351 1743 2388; x_wconf 78' lang='lat'>10</span> <span class='ocrx_word' id='word_1_371' title='bbox 1760 2362 1792 2388; x_wconf 82' lang='lat' dir='ltr'>c.</span> 
     </span>
    </p>
   </div>
   <div class='ocr_carea' id='block_1_8' title="bbox 1043 2410 1873 2802">
    <p class='ocr_par' dir='ltr' id='par_1_17' title="bbox 1043 2410 1873 2802">
     <span class='ocr_line' id='line_1_83' title="bbox 1043 2410 1873 2516; baseline -0.01 -60"><span class='ocrx_word' id='word_1_372' title='bbox 1043 2411 1120 2516; x_wconf 86' lang='lat' dir='ltr'>In</span> <span class='ocrx_word' id='word_1_373' title='bbox 1137 2414 1213 2455; x_wconf 92' lang='lat' dir='ltr'>illo</span> <span class='ocrx_word' id='word_1_374' title='bbox 1232 2415 1448 2465; x_wconf 90' lang='lat' dir='ltr'>tempore·</span> <span class='ocrx_word' id='word_1_375' title='bbox 1467 2412 1718 2464; x_wconf 87' lang='lat' dir='ltr'>Suscipiens</span> <span class='ocrx_word' id='word_1_376' title='bbox 1733 2410 1758 2450; x_wconf 91' lang='lat' dir='ltr'><strong>J</strong></span> <span class='ocrx_word' id='word_1_377' title='bbox 1761 2421 1873 2457; x_wconf 88' lang='lat' dir='ltr'>esus</span> 
     </span>
     <span class='ocr_line' id='line_1_84' title="bbox 1110 2463 1871 2521; baseline -0.008 -10"><span class='ocrx_word' id='word_1_378' title='bbox 1110 2470 1234 2512; x_wconf 85' lang='lat' dir='ltr'>dixit:</span> <span class='ocrx_word' id='word_1_379' title='bbox 1259 2470 1407 2511; x_wconf 92' lang='lat' dir='ltr'>Homo</span> <span class='ocrx_word' id='word_1_380' title='bbox 1434 2467 1611 2521; x_wconf 92' lang='lat' dir='ltr'>quidam</span> <span class='ocrx_word' id='word_1_381' title='bbox 1637 2463 1871 2508; x_wconf 88' lang='lat' dir='ltr'>descende-</span> 
     </span>
     <span class='ocr_line' id='line_1_85' title="bbox 1043 2522 1871 2572; baseline -0.01 -3"><span class='ocrx_word' id='word_1_382' title='bbox 1043 2527 1120 2569; x_wconf 93' lang='lat' dir='ltr'>bat</span> <span class='ocrx_word' id='word_1_383' title='bbox 1141 2526 1197 2568; x_wconf 87' lang='lat' dir='ltr'>ab</span> <span class='ocrx_word' id='word_1_384' title='bbox 1216 2525 1491 2568; x_wconf 89' lang='lat' dir='ltr'>Jerusalem</span> <span class='ocrx_word' id='word_1_385' title='bbox 1480 2538 1523 2565; x_wconf 92' lang='lat' dir='ltr'>1n</span> <span class='ocrx_word' id='word_1_386' title='bbox 1542 2525 1564 2565; x_wconf 90' lang='lat' dir='ltr'><strong>J</strong></span> <span class='ocrx_word' id='word_1_387' title='bbox 1569 2522 1728 2572; x_wconf 83' lang='lat' dir='ltr'>ericho</span> <span class='ocrx_word' id='word_1_388' title='bbox 1751 2525 1794 2562; x_wconf 89' lang='lat' dir='ltr'>et</span> <span class='ocrx_word' id='word_1_389' title='bbox 1813 2522 1871 2561; x_wconf 88' lang='lat' dir='ltr'>in-</span> 
     </span>
     <span class='ocr_line' id='line_1_86' title="bbox 1045 2577 1872 2632; baseline -0.009 -8"><span class='ocrx_word' id='word_1_390' title='bbox 1045 2582 1180 2625; x_wconf 90' lang='lat' dir='ltr'>cidit</span> <span class='ocrx_word' id='word_1_391' title='bbox 1169 2596 1213 2623; x_wconf 91' lang='lat'>111</span> <span class='ocrx_word' id='word_1_392' title='bbox 1231 2582 1442 2631; x_wconf 91' lang='lat' dir='ltr'>latrones,</span> <span class='ocrx_word' id='word_1_393' title='bbox 1471 2580 1546 2632; x_wconf 92' lang='lat' dir='ltr'>qui</span> <span class='ocrx_word' id='word_1_394' title='bbox 1566 2579 1695 2620; x_wconf 90' lang='lat' dir='ltr'>etiam</span> <span class='ocrx_word' id='word_1_395' title='bbox 1716 2577 1872 2629; x_wconf 91' lang='lat' dir='ltr'>despo-</span> 
     </span>
     <span class='ocr_line' id='line_1_87' title="bbox 1043 2632 1872 2688; baseline -0.01 -8"><span class='ocrx_word' id='word_1_396' title='bbox 1043 2639 1262 2680; x_wconf 90' lang='lat' dir='ltr'>liaverunt</span> <span class='ocrx_word' id='word_1_397' title='bbox 1282 2651 1395 2680; x_wconf 91' lang='lat' dir='ltr'>eum:</span> <span class='ocrx_word' id='word_1_398' title='bbox 1421 2642 1465 2678; x_wconf 92' lang='lat' dir='ltr'>et</span> <span class='ocrx_word' id='word_1_399' title='bbox 1488 2635 1630 2688; x_wconf 92' lang='lat' dir='ltr'>plagis</span> <span class='ocrx_word' id='word_1_400' title='bbox 1653 2632 1872 2686; x_wconf 88' lang='lat' dir='ltr'>impositis</span> 
     </span>
     <span class='ocr_line' id='line_1_88' title="bbox 1044 2689 1870 2744; baseline -0.007 -8"><span class='ocrx_word' id='word_1_401' title='bbox 1044 2692 1256 2744; x_wconf 84' lang='lat' dir='ltr'>abierunt,</span> <span class='ocrx_word' id='word_1_402' title='bbox 1284 2694 1496 2736; x_wconf 91' lang='lat' dir='ltr'>semivivo</span> <span class='ocrx_word' id='word_1_403' title='bbox 1525 2691 1690 2732; x_wconf 90' lang='lat' dir='ltr'>relicto.</span> <span class='ocrx_word' id='word_1_404' title='bbox 1726 2689 1783 2730; x_wconf 87' lang='lat' dir='ltr'>Et</span> <span class='ocrx_word' id='word_1_405' title='bbox 1808 2690 1870 2730; x_wconf 86' lang='lat' dir='ltr'>re-</span> 
     </span>
     <span class='ocr_line' id='line_1_89' title="bbox 1043 2751 1174 2802; baseline -0.008 -10"><span class='ocrx_word' id='word_1_406' title='bbox 1043 2751 1174 2802; x_wconf 89' lang='lat' dir='ltr'>liqua.</span> 
     </span>
    </p>
   </div>
  </div>
 </body>
</html>
