2040 2976
208 202 279 239 102

208 300 303 352 ipse
330 298 386 340 ad
413 296 594 338 nihilum
619 295 808 338 deducet
827 295 1026 336 inimicos

208 361 392 397 nostros.

460 410 655 450 l'salmus
678 410 765 449 108.

204 464 373 569 Deus
392 465 566 508 laudem
585 477 727 506 meam
747 476 802 505 ne
823 463 1026 505 tacueris:

308 525 332 551 *
355 523 456 576 quia
473 535 524 564 os
540 520 798 575 peccatoris,
818 524 862 562 et
881 532 932 561 os
951 519 1026 561 do-

207 581 289 621 l(')si
307 593 438 632 super
456 592 526 620 me
545 580 745 630 apertum
763 581 840 618 est.

258 636 415 677 Locuti
435 640 536 676 sunt
550 634 783 676 adversum
797 645 867 674 me
881 632 1026 683 lingua

207 693 371 742 dolosa,
389 697 432 734 et
451 690 724 733 sermonibus
742 688 832 731 odii
848 689 1026 730 circum-

208 749 422 791 dederunt
449 761 533 789 me:
554 749 577 774 *
597 752 641 788 et
669 747 1028 799 expugnaverunt

207 819 277 847 me
295 805 443 857 gratis.

258 862 344 902 Pro
369 874 420 902 eo
446 866 493 902 ut
518 873 588 902 me
613 859 858 911 diligerent,
886 858 1027 899 detra-

207 918 368 959 hebant
388 917 510 958 mihi:
529 919 552 944 *
572 929 652 968 ego
672 920 818 957 autem
836 914 1028 956 orabam.

258 975 315 1016 Et
328 976 569 1027 posuerunt
583 973 816 1014 adversum
831 984 900 1013 me
913 971 1028 1012 mala

207 1043 288 1084 pro
318 1030 462 1072 bonis:
495 1032 519 1058 *
552 1035 595 1072 et
631 1029 780 1071 edium
809 1041 891 1081 pro
924 1028 1027 1070 dile-

172 1125 187 1134 .
207 1087 352 1129 cti6ne
372 1099 480 1128 mea.

259 1143 486 1185 Constitue
522 1156 654 1196 super
691 1155 790 1183 eum
825 1143 1027 1194 peccatc-

208 1213 316 1242 rem:
341 1202 365 1227 *
393 1205 436 1242 et
464 1199 664 1242 diabolus
693 1203 780 1240 stet
807 1211 831 1240 a
862 1198 1028 1240 dextris

209 1270 310 1309 elus.

261 1313 369 1354 Cum
383 1313 607 1365 judicatur,
627 1314 754 1354 exeat
769 1311 1028 1354 condemna-

207 1375 292 1411 tus:
311 1371 334 1397 *
354 1374 397 1411 et
425 1370 568 1411 oratio
599 1370 688 1421 ejus
715 1369 793 1411 fiat
814 1369 858 1409 in
876 1370 1028 1422 pecca-

208 1432 311 1468 tum.

261 1483 389 1524 Fiant
407 1483 500 1524 dies
515 1483 606 1534 ejus
619 1483 763 1536 pauci:
773 1484 796 1510 *
807 1487 851 1525 et
865 1482 1029 1534 episco-

209 1541 362 1592 patum
381 1540 471 1591 ejus
490 1539 675 1592 accipiat
691 1539 812 1581 alter.

260 1595 388 1637 Fiant
404 1595 483 1636 filii
502 1596 591 1647 ejus
611 1595 808 1648 Orphani:
823 1596 846 1622 *
862 1600 906 1638 et
919 1608 1030 1637 uxor

212 1652 302 1702 ejus
320 1651 462 1693 vidua.

264 1707 481 1750 Nutantes
499 1709 815 1751 transferantur
833 1709 911 1750 filii
930 1710 1031 1761 ejus,

213 1768 257 1806 et
292 1763 554 1806 mendicent:
582 1766 605 1792 *
639 1770 682 1807 et
719 1766 942 1817 ejiciantur
977 1766 1031 1808 de

212 1820 553 1862 habitaticnibus
573 1822 673 1880 suis.

263 1876 489 1918 Scrutetur
498 1877 737 1920 foenerator
748 1891 920 1921 omnem
934 1879 1031 1921 sub-

214 1933 420 1975 stantiam
439 1934 542 1985 ejus:
561 1936 584 1961 *
604 1940 647 1977 et
673 1934 881 1988 diripiant
903 1936 1032 1978 alieni

214 1989 388 2031 lab6res
410 1991 511 2042 ejus.

265 2045 367 2087 Non
384 2046 440 2087 sit
458 2046 520 2087 illi
535 2047 723 2099 adjutor:
741 2050 765 2076 *
783 2061 864 2090 nec
883 2050 940 2091 sit
960 2051 1034 2102 qui

214 2102 474 2144 misereatur
491 2104 669 2156 pupillis
689 2106 789 2157 eius.

266 2158 394 2199 Fiant
411 2159 502 2200 nati
521 2160 611 2212 ejus
629 2161 672 2201 in
691 2161 930 2203 interitum:
948 2163 972 2189 *
991 2162 1034 2203 in

215 2215 496 2280 generaticne
527 2229 613 2258 una
644 2217 840 2260 deleatur
877 2231 1035 2261 nomen

214 2284 315 2323 elus.

268 2327 319 2368 In
355 2329 610 2370 memcriam
645 2329 796 2371 redeat
830 2330 1036 2383 iniquitas

215 2388 390 2436 patrum
410 2385 500 2436 ejus
524 2385 567 2425 in
589 2387 829 2438 conspectu
846 2387 1038 2429 Dcmini:

217 2442 240 2467 *
261 2444 304 2481 et
322 2443 553 2492 peccatum
579 2442 730 2483 matris
752 2443 841 2494 ejus
858 2456 946 2485 non
966 2440 1036 2486 de-

215 2496 367 2538 leatur.

266 2553 394 2594 Fiant
418 2558 569 2594 contra
593 2554 828 2595 D6minum
854 2568 1037 2608 semper,

217 2614 260 2651 et
279 2608 502 2661 dispereat
525 2609 580 2651 de
602 2615 719 2651 terra
737 2612 947 2653 memoria
969 2615 1037 2654 εό-

217 2679 325 2706 rum:
345 2667 368 2693 *
387 2678 469 2718 pro
490 2678 542 2707 eo
564 2666 682 2718 quod
703 2680 790 2708 non
811 2673 878 2709 est
897 2681 1038 2710 recor-

219 2721 348 2764 datus
367 2722 511 2764 faeere
531 2723 884 2765 misericerdiam.

799 208 968 241 &abbam
994 207 1042 240 ad
1067 205 1302 239 Matutinum,

1130 293 1187 335 Et
1215 295 1476 345 persecutus
1504 296 1572 334 est
1598 291 1820 332 hominem
1843 293 1903 340 in—

1081 362 1226 402 opem,
1246 353 1290 390 et
1307 347 1572 398 mendicum,
1591 349 1615 375 *
1634 352 1678 390 et
1697 350 1903 400 compun-

1080 411 1198 448 ctum
1219 405 1354 447 corde
1371 404 1648 446 mortificare.

1130 462 1187 504 Et
1209 461 1362 503 dilexit
1380 460 1752 511 maledictionem,
1772 466 1816 504 et
1834 462 1904 503 ve-

1079 519 1170 560 niet
1191 518 1244 560 ei:
1263 520 1287 545 *
1307 523 1352 560 et
1372 518 1515 559 ncluit
1538 517 1905 568 benedictionem,

1081 580 1124 617 et
1144 574 1422 626 elongabitur
1440 574 1496 616 ab
1517 587 1581 616 eo.

1130 631 1188 673 Et
1221 630 1364 673 induit
1397 630 1754 673 maledictionem
1791 631 1906 673 sicut

1080 688 1409 738 vestimentum,
1441 689 1466 715 *
1496 692 1540 730 et
1575 688 1756 730 intravit
1793 688 1906 730 sicut

1080 757 1195 797 aqua
1228 744 1285 785 in·
1307 744 1516 786 interi6ra
1555 745 1665 796 ejus,
1710 749 1754 786 et
1794 745 1907 786 sicut

1081 801 1226 843 Oleum
1243 801 1287 842 in
1305 801 1477 843 dssibus
1497 801 1599 853 ejus.

1131 858 1231 901 Fiat
1259 858 1300 899 ei
1327 857 1441 899 sicut
1468 857 1790 908 vestimentum,
1819 870 1906 910 quo

1081 917 1294 970 operitur:
1311 916 1335 942 *
1356 918 1400 956 et
1420 914 1533 956 sicut
1550 926 1672 964 zona,
1693 927 1779 967 qua
1797 927 1906 956 sem-

1080 984 1160 1024 per
1177 971 1472 1024 praecingitur.

1131 1028 1231 1069 Hoc
1251 1040 1364 1080 opus
1384 1030 1556 1078 ecrum,
1576 1028 1652 1080 qui
1672 1026 1908 1070 detrahunt

1080 1084 1187 1126 mihi
1213 1084 1331 1137 apud
1353 1085 1606 1127 Deminum:
1629 1086 1654 1112 *
1678 1089 1722 1127 et
1747 1083 1822 1137 qui
1846 1083 1906 1125 lo-

1081 1144 1274 1194 qur‘mtur
1309 1141 1425 1183 mala
1469 1141 1680 1184 adversus
1717 1140 1906 1182 animam

1080 1211 1234 1240 meam.

1131 1255 1189 1296 Et
1213 1259 1262 1296 tu
1285 1254 1486 1304 D6mine,
1512 1254 1702 1296 Domine
1727 1254 1796 1296 fac
1817 1267 1905 1296 me-

1082 1324 1182 1353 cum
1209 1315 1392 1364 propter
1419 1323 1580 1352 nomen
1606 1315 1745 1352 tuum:
1762 1312 1786 1338 *
1805 1311 1907 1364 quia

1082 1368 1228 1410 suavis
1250 1372 1317 1410 est
1335 1367 1640 1410 misericcrdia
1656 1372 1744 1409 tua.

1132 1425 1293 1467 Libera
1311 1437 1381 1466 me
1402 1424 1505 1477 quia
1526 1426 1706 1476 egenus,
1737 1429 1781 1466 et
1804 1437 1908 1478 pau-

1081 1494 1161 1535 per
1189 1494 1273 1533 ego
1301 1494 1413 1522 sum:
1430 1481 1454 1507 *
1474 1486 1518 1523 et
1543 1493 1621 1523 cor
1641 1494 1787 1523 meum
1809 1493 1908 1523 con-

1082 1538 1307 1580 turbatum
1326 1542 1392 1579 est
1410 1538 1526 1580 intra
1543 1550 1624 1579 me.

1134 1595 1255 1636 Sicut
1276 1594 1432 1636 umbra
1450 1607 1550 1636 cum
1569 1593 1771 1645 declinat,
1793 1593 1909 1636 abla-

1083 1656 1155 1693 tus
1183 1665 1295 1693 sum:
1316 1653 1340 1679 *
1359 1655 1403 1694 et
1432 1654 1644 1693 excussus
1672 1663 1769 1692 sum
1796 1651 1910 1692 sicut

1083 1708 1280 1750 locustae.

1136 1765 1291 1807 Genua
1317 1777 1415 1806 mea
1441 1764 1661 1807 infirmata
1688 1769 1790 1806 sunt
1809 1777 1836 1806 a
1855 1765 1910 1816 ie-

1084 1822 1216 1874 junio:
1235 1823 1259 1849 *
1278 1826 1322 1864 et
1348 1833 1452 1863 caro
1478 1834 1577 1863 mea
1594 1822 1825 1863 immutata
1843 1825 1910 1863 est

1083 1883 1268 1931 propter
1290 1878 1447 1920 Oleum.

1135 1935 1192 1977 Et
1221 1947 1303 1987 ego
1330 1934 1472 1976 factus
1498 1948 1595 1976 sum
1622 1933 1911 1988 opprdbrium

1084 1992 1188 2033 illis:
1215 1993 1240 2019 *
1265 1991 1470 2034 viderunt
1496 2004 1579 2043 me,
1607 1996 1651 2034 et
1678 1992 1911 2033 moverunt

1085 2048 1231 2102 capita
1249 2061 1339 2090 sua.

1137 2105 1310 2158 Adjuva
1334 2118 1405 2147 me
1424 2105 1613 2147 D6mine
1631 2105 1752 2146 Deus
1770 2116 1911 2145 meus:

1086 2163 1109 2188 *
1125 2162 1294 2203 salvum
1310 2174 1381 2203 me
1399 2161 1468 2203 fac
1487 2160 1728 2204 secundum
1746 2160 1911 2203 miseri-

1087 2218 1284 2260 cerdiam
1301 2223 1433 2260 tuam.

1138 2275 1195 2317 Et
1221 2275 1361 2316 sciant
1389 2274 1492 2327 quia
1516 2287 1670 2315 manus
1698 2278 1774 2316 tua
1801 2273 1913 2316 haec:

1087 2333 1110 2358 *
1130 2337 1174 2374 et
1193 2337 1242 2374 tu
1258 2331 1447 2373 D6mine
1465 2331 1608 2373 fecisti
1628 2343 1734 2372 eam.

1138 2387 1404 2430 Maledicent
1423 2387 1504 2438 illi,
1533 2392 1576 2430 et
1594 2392 1644 2429 tu
1661 2386 1913 2429 benedices:

1088 2446 1111 2471 *
1131 2445 1206 2497 qui
1223 2445 1453 2497 insurgunt
1473 2445 1518 2485 in
1536 2457 1623 2494 me,
1648 2443 1913 2490 confundan-

1088 2506 1172 2542 tur:
1201 2514 1354 2543 servus
1379 2506 1525 2543 autem
1551 2505 1653 2542 tuus
1679 2499 1913 2542 laetabitur.

1139 2558 1381 2600 Induantur
1415 2558 1490 2610 qui
1523 2556 1759 2599 detrahunt
1789 2555 1914 2606 mihi,

1089 2614 1276 2666 pudore:
1304 2615 1328 2640 *
1357 2619 1401 2657 et
1429 2614 1683 2667 operiantur
1711 2613 1825 2655 sicut
1851 2612 1912 2655 di-

1088 2670 1238 2722 plOide
1258 2671 1515 2713 confusicne
1534 2682 1623 2712 sua.

1141 2727 1395 2770 Confitebor
1413 2727 1605 2769 D6min0
1625 2726 1754 2767 nimis
1773 2726 1816 2767 in
1837 2738 1914 2768 ore
