2040 2976
517 215 589 250 Die
614 218 643 250 9.
669 217 844 259 Augusti.

136 308 278 352 bitur?
306 309 357 349 In
371 308 539 361 populo
555 321 714 359 magno
729 322 816 350 non
833 311 963 361 agno-

139 379 252 408 scar:
281 377 380 417 quae
404 370 470 406 est
494 365 607 406 enim
635 365 776 406 anima
800 378 897 407 mea
919 366 963 406 in

138 428 230 465 tam
250 422 461 463 immensa
485 418 707 476 creatora?
742 422 857 463 Ecce
879 435 962 464 coe-

139 479 244 528 lum,
270 483 314 519 et
333 477 434 519 coeli
457 477 683 528 coelorum,
710 477 895 530 abyssus
921 483 965 520 et

139 536 342 577 universa
363 539 491 583 terra,
517 538 560 575 et
584 546 682 585 quae
706 533 749 574 in
772 534 834 575 eis
855 540 964 584 sunt,

140 593 184 632 in
211 592 451 643 conspectu
482 589 596 630 illius
629 590 964 632 commovebun-

141 653 222 697 tur,
240 651 413 688 montes
430 646 568 695 simul,
589 650 632 687 et
651 646 797 696 colles,
817 652 860 688 et
875 647 966 687 fun-

143 702 346 745 damenta
377 707 524 743 terrae:
559 714 658 742 cum
689 703 967 754 conspexerit

142 760 217 801 illa
234 759 367 808 Deus,
386 760 576 800 tremore
597 758 906 800 concutientur.

200 827 251 878 R.
263 821 408 875 Elegit
432 823 626 875 abjectus
647 836 744 865 esse
768 824 811 864 in
835 824 966 865 domo

143 882 237 932 Dei,
267 883 290 908 *
305 880 445 931 Magis
471 892 602 932 quam
620 880 817 921 habitare
840 881 884 920 in
907 885 967 921 ta-

143 937 391 980 bernaculis
413 939 706 989 peccatorum.
741 932 790 983 V.
814 937 869 977 Et
887 937 968 977 vir-

145 997 239 1036 tute
265 1005 424 1044 magna
442 992 656 1034 reddebat
674 993 970 1034 testimonium

146 1051 170 1092 J
173 1063 252 1092 esu
270 1049 431 1091 Christi
449 1049 625 1090 Domini
644 1049 793 1091 nostri.
821 1049 970 1100 Magis.

150 1106 300 1150 Gloria
317 1106 448 1148 Patri.
475 1105 626 1156 Magis.

373 1187 422 1226 In
448 1187 499 1226 H.
526 1186 749 1226 Nocturno.

206 1255 305 1295 Ant.
349 1248 588 1292 Audientes
627 1253 772 1290 autem
807 1249 972 1290 Gentes

149 1308 309 1357 gavisae
339 1311 452 1356 sunt,
481 1311 524 1348 et
550 1305 854 1357 glorificabant
881 1318 972 1347 ver-

148 1362 253 1404 bum
275 1362 371 1405 Dei.

201 1423 300 1464 Ant.
325 1423 383 1462 Et
407 1418 641 1461 cantabant
665 1420 882 1461 canticum
900 1433 973 1461 no-

150 1490 270 1527 vum,
303 1489 479 1518 carmen
507 1477 604 1517 Deo
632 1481 801 1517 nostro:
826 1477 973 1517 Domi-

89 1563 92 1565 -
151 1546 233 1574 nus
272 1533 386 1575 enim
422 1532 610 1584 augebat
647 1531 863 1585 quotidie,
902 1533 975 1584 qui

152 1589 263 1631 salvi
290 1589 456 1631 fierent.

206 1648 307 1688 Ant.
326 1645 615 1688 Multitudinis
635 1650 780 1686 autem
800 1644 974 1686 creden-

151 1703 260 1745 tium
284 1708 377 1745 erat
402 1715 479 1744 cor
502 1715 635 1743 unum
658 1706 702 1743 et
722 1701 863 1742 anima
882 1714 977 1742 una.

205 1762 255 1814 V.
271 1764 465 1806 Posuisti
475 1764 572 1805 Dfie
587 1776 719 1816 super
733 1767 865 1814 caput
877 1763 977 1814 ejus.

153 1824 205 1876 R.
232 1821 452 1863 Coronam
471 1820 527 1863 de
545 1819 692 1873 lapide
711 1819 920 1872 pretioso.

457 1886 607 1927 Lectio
627 1886 678 1925 iv.

253 1946 479 1999 mygdius,
505 1959 529 1988 e
553 1945 689 1988 nobili
711 1945 979 1986 Francorum

230 2003 260 2061 kf
285 2003 495 2056 prosapia
505 2002 699 2044 Treviris
712 2006 851 2050 natus,
866 2012 978 2041 anno

286 2060 428 2102 aetatis
441 2060 653 2110 vigesimo
668 2058 811 2107 tertio,
827 2058 979 2109 paren-

155 2116 272 2158 tibus
303 2116 550 2158 idololatris
581 2116 742 2157 frustra
773 2113 979 2156 obstanti-

155 2172 250 2223 buS,
268 2173 403 2215 fidem
418 2173 579 2215 Christi
597 2171 799 2223 suscepit,
819 2175 862 2211 et
881 2181 979 2211 con-

158 2230 423 2271 stantissime
466 2229 692 2282 professus
737 2231 814 2268 est.
873 2226 980 2267 Cum

157 2285 297 2328 tribus
325 2285 551 2338 discipulis
575 2284 736 2337 Euplo,
761 2283 981 2324 Germano

159 2347 202 2384 et
227 2343 463 2384 Valentino
489 2342 626 2384 vitam
648 2339 783 2382 duxit.
819 2339 980 2380 Huma-

158 2399 225 2441 nis
260 2399 421 2452 spretis
457 2396 806 2445 oblectamentis,
850 2394 981 2436 rebus

159 2455 316 2498 divinis
346 2455 518 2508 plenius
549 2452 843 2501 incumbebat,
879 2462 982 2501 erga

158 2511 408 2564 proximum
431 2510 626 2552 caritatis
650 2508 808 2550 ardore
827 2508 982 2548 aestua-

159 2567 251 2618 bat;
272 2567 437 2610 idcirco
461 2567 518 2609 ad
536 2564 859 2620 procurandam
877 2562 982 2603 mul-

159 2626 306 2665 torum
323 2624 508 2666 salutem
523 2625 710 2663 Romam
729 2633 775 2662 se
790 2618 984 2660 contulit.

162 2681 369 2733 Hospitio
393 2682 603 2732 exceptus
628 2679 670 2718 in
693 2676 833 2718 insula
855 2674 982 2714 Tibe-

161 2737 239 2786 ris,
266 2737 452 2790 hospitis
481 2736 614 2777 filiam
642 2746 723 2786 per
749 2732 983 2784 quinquen-

892 216 925 250 S.
951 216 1130 259 Ernygdii
1154 215 1278 258 Episc.
1304 219 1339 248 ct
1361 215 1465 247 Mart.

1765 215 1831 250 23*

1015 310 1132 350 nium
1162 310 1469 353 immedicabili
1499 312 1654 354 morbo
1686 312 1831 362 langu-

1016 368 1158 407 entem
1185 366 1404 419 baptismo
1429 369 1606 409 sanavit.

1075 423 1174 474 RuA
1197 423 1306 464 facie
1330 423 1488 465 furoris
1513 424 1575 464 tui
1594 424 1713 465 Deus
1734 436 1832 465 con-

1015 477 1190 519 turbata
1221 484 1288 520 est
1318 480 1457 520 omnis
1488 484 1620 521 terra:
1660 479 1680 501 *
1709 479 1833 520 Mise-

1016 535 1123 583 rere,
1140 539 1182 575 et
1196 547 1249 575 ne
1260 535 1394 576 facias
1409 536 1835 577 consummationem.

1024 586 1074 638 V.
1092 590 1329 631 Avertatur
1352 591 1471 632 furor
1494 596 1594 632 tuus
1619 605 1643 632 a
1669 591 1835 644 populo

1017 650 1105 687 tuo.
1134 646 1351 688 Miserere.

1330 703 1480 743 Lectio
1503 716 1538 741 v.

1025 758 1194 863 Mox,
1221 758 1357 799 oculis
1381 759 1485 800 caeci
1505 772 1653 801 coram
1670 759 1837 811 populo

1141 815 1265 865 signo
1290 815 1428 856 crucis
1453 816 1628 867 apertis,
1654 828 1678 856 a
1698 815 1837 856 multi-

1019 870 1186 920 tudine,
1216 883 1314 912 eum
1341 871 1477 911 filium
1505 871 1721 923 Apollinis
1750 883 1838 912 cre-

1022 926 1167 976 dente,
1198 927 1242 966 in
1266 926 1477 979 templum
1504 927 1748 979 AEsculapii
1775 929 1838 967 ra-

1021 983 1148 1034 pitur.
1184 983 1252 1024 Ibi
1281 983 1441 1024 Christi
1469 995 1641 1024 servum
1669 995 1715 1023 se
1741 995 1839 1034 pro-

1023 1039 1180 1088 fessus,
1213 1040 1302 1091 ejus
1333 1038 1608 1080 invocatione
1639 1051 1842 1089 magnum

1022 1098 1250 1136 nnmerum
1282 1097 1515 1146 aegrorum,
1550 1094 1844 1146 nequidquam

1023 1150 1131 1192 idoli
1158 1164 1288 1203 opem
1315 1151 1654 1203 implorantium,
1682 1150 1843 1191 valeta-

1025 1207 1115 1249 dini
1138 1208 1336 1257 restituit,
1359 1220 1457 1248 aras
1482 1207 1623 1257 diruit,
1647 1206 1843 1247 AEscula-

1025 1265 1086 1317 pii
1110 1265 1278 1315 signum
1301 1264 1570 1306 confractum
1588 1263 1632 1303 in
1651 1262 1845 1303 Tiberim

1025 1322 1218 1374 projecit.
1245 1321 1411 1371 Quibus
1426 1320 1567 1369 rebus,
1583 1324 1625 1361 et
1639 1319 1754 1359 mille
1770 1323 1846 1360 tre·

1026 1380 1251 1421 centorum
1262 1377 1507 1425 Gentilium,
1522 1380 1682 1428 praeter
1692 1375 1845 1415 AEscu-

1026 1435 1130 1487 lapii
1154 1433 1416 1483 sacerdoteS,
1440 1433 1725 1474 conversione
1744 1430 1845 1473 inde

1027 1495 1194 1541 secata,
1227 1490 1382 1532 irritati
1412 1488 1656 1531 Posthumii
1688 1488 1846 1529 Titiani

1027 1547 1225 1601 praefecti
1247 1546 1378 1588 Urbis
1403 1546 1552 1595 minas,
1577 1544 1734 1594 Angeli
1757 1546 1845 1585 mo-

1027 1605 1137 1654 nitu,
1172 1603 1411 1652 declinans,
1445 1606 1642 1643 sanctum
1669 1599 1846 1641 Marcel-

1028 1661 1117 1702 lum
1143 1659 1402 1701 Pontificem
1429 1658 1552 1707 adiit,
1584 1670 1609 1698 a
1642 1669 1728 1708 quo
1762 1658 1847 1707 epi-

1030 1730 1190 1769 scopus
1210 1715 1446 1764 ordinatuS,
1466 1719 1510 1756 et
1523 1713 1731 1754 Asculum
1751 1712 1847 1752 mis-

1030 1787 1103 1815 sus
1124 1778 1200 1815 est.

1086 1833 1134 1883 Ru
1162 1829 1335 1870 Montes
1368 1825 1772 1872 commovebantur,
1804 1828 1847 1864 et

1031 1886 1165 1928 colles
1188 1886 1538 1926 contremiscent:
1563 1887 1584 1910 *
1606 1881 1847 1921 Misericor-

1032 1943 1103 1985 dia
1134 1946 1279 1983 autem
1305 1952 1402 1980 mea
1426 1952 1513 1980 non
1541 1937 1717 1979 recedet
1742 1949 1766 1977 a
1793 1940 1848 1976 te.

1034 1997 1084 2048 V.
1098 1998 1155 2039 Et
1173 1997 1315 2039 foedus
1333 1997 1455 2049 pacis
1473 2007 1583 2036 meae
1600 2006 1687 2034 non
1705 1993 1848 2033 move-

1031 2056 1157 2098 bitur.
1185 2051 1495 2094 Misericordia.

1332 2109 1483 2150 Lectio
1504 2108 1553 2147 vi.

1038 2164 1240 2270 Multis
1271 2166 1315 2206 in
1341 2165 1493 2206 itinere
1524 2161 1761 2209 miraculis,
1792 2160 1850 2200 in-

1160 2222 1278 2274 genti
1295 2219 1570 2262 multiti'idine
1587 2217 1758 2260 Christo
1779 2215 1850 2257 ad-

1033 2282 1196 2333 ji'mcta,
1227 2277 1354 2319 simul
1381 2289 1433 2318 ac
1460 2275 1670 2317 Asculum
1696 2273 1850 2324 Emyg-

1035 2337 1133 2378 dius
1150 2334 1360 2387 pervenit,
1385 2333 1619 2380 daemones,
1639 2332 1662 2371 e
1681 2327 1850 2370 simula-

1035 2393 1119 2435 cris
1142 2390 1361 2432 idolorum
1381 2401 1461 2442 per
1480 2392 1635 2430 cuncta
1654 2385 1751 2426 fana
1769 2384 1852 2435 eju-

1034 2447 1194 2495 latibus
1220 2445 1364 2496 editis,
1388 2445 1664 2498 peregrinum
1688 2438 1852 2481 doloris

1035 2505 1102 2545 sui
1121 2515 1297 2545 causam
1316 2501 1570 2543 indicarunt.
1598 2499 1736 2547 Quem
1755 2507 1853 2536 cum

1036 2559 1254 2602 concitata
1275 2557 1401 2610 plebs
1424 2555 1480 2597 ad
1499 2554 1664 2596 caedem
1689 2553 1852 2603 quaere-

1036 2621 1114 2665 ret,
1133 2617 1301 2656 excitus
1315 2612 1501 2655 tumi'iltu
1515 2608 1736 2661 Polymius
1753 2606 1853 2647 civi-

1036 2672 1139 2713 tatis
1167 2683 1346 2723 praeses,
1374 2680 1472 2709 eum
1497 2666 1553 2708 ad
1578 2677 1624 2706 se
1649 2665 1853 2705 vocatum

1035 2728 1182 2769 multis
1208 2725 1287 2768 sed
1311 2723 1440 2766 irritis
1465 2722 1626 2771 verbis,
1651 2719 1708 2762 ad
1732 2719 1854 2760 Jovis
