2040 2976
896 228 951 259 Ss.
978 227 1117 259 Coralis
1142 227 1247 259 Jesu.

259 319 343 359 Per
353 318 548 368 singulos
560 318 656 360 dies
670 318 929 360 benedicam
943 319 1037 360 tibi:

207 377 230 401 *
245 380 288 415 et
307 374 500 415 laudabo
520 387 680 416 nomen
699 379 821 415 tuum
840 375 883 414 in
903 377 1037 416 sa'ecu-

206 430 306 478 lum,
326 435 369 471 et
389 431 432 470 in
455 430 665 471 saeculum
685 430 846 471 saeculi.

258 487 441 536 Magnus
474 486 691 527 Dominus
725 491 769 527 et
804 486 1037 528 laudabilis

205 542 348 582 nimis:
372 544 395 568 *
425 547 469 583 et
494 541 805 592 magnitudinis
830 544 921 593 ejus
949 555 1037 583 non

206 603 273 639 est
292 598 401 638 finis.

258 655 498 695 Generatio
524 659 567 695 et
591 654 818 705 generatio
838 654 1037 696 laudabit

206 712 342 762 opera
376 715 466 751 tua:
497 712 521 737 *
555 715 598 751 et
635 711 880 762 potentiam
917 716 1037 752 tuam

204 766 559 818 pronuntiabunt.

256 822 625 873 Magnificentiam
652 822 806 873 gloriae
832 823 1035 864 sanctita-

203 877 259 918 tis
293 884 381 919 tuae
409 879 661 931 loquentur:
692 880 716 904 *
745 884 789 920 et
820 879 1037 920 mirabilia

205 939 281 974 tua
299 935 549 976 narrabunt.

256 990 312 1031 Et
338 991 546 1032 virtutem
574 991 833 1033 terribilium
859 994 1036 1032 tuorum

205 1045 366 1088 dicent:
402 1048 425 1071 *
463 1053 506 1089 et
539 1047 890 1101 magnitudinem
916 1052 1037 1088 tuam

203 1102 453 1144 narrabunt.

256 1158 514 1200 Memoriam
539 1159 822 1201 abundantiae
848 1159 1035 1199 suavita-

203 1214 259 1254 tis
280 1219 368 1255 tuae
385 1216 659 1266 eructabunt:
674 1216 697 1241 *
717 1221 760 1256 et
778 1215 943 1266 justitia
961 1219 1037 1256 tua

205 1270 496 1312 exsultabunt.

254 1326 488 1368 Miserator
516 1333 559 1369 et
590 1328 841 1369 misericors
869 1327 978 1367 Dfis:
1011 1327 1034 1353 *

201 1383 385 1433 patiens,
405 1388 449 1424 et
468 1384 654 1425 multum
672 1383 935 1424 misericors.

253 1438 408 1479 Suavis
437 1440 654 1480 Dominus
682 1440 913 1480 universis:
942 1441 966 1466 *
991 1444 1035 1480 et

202 1493 505 1537 miserationes
532 1497 623 1548 ejus
656 1508 789 1548 super
818 1496 965 1536 omnia
990 1497 1034 1537 ό-

201 1562 307 1600 pera
327 1552 428 1601 ejus:

255 1606 558 1649 Confiteantur
576 1608 656 1650 tibi
675 1607 864 1649 Domine
889 1608 1034 1648 omnia

203 1663 339 1713 opera
364 1669 453 1704 tua:
480 1666 502 1689 *
530 1671 572 1706 et
598 1665 738 1706 sancti
768 1665 833 1706 tui
855 1664 1032 1706 benedi-

203 1724 303 1759 cant
321 1719 412 1760 tibi.

255 1774 450 1816 Gloriam
484 1777 605 1827 regni
638 1776 702 1818 tui
739 1775 902 1817 dicent:
934 1777 958 1803 *
991 1780 1034 1817 et

200 1831 440 1879 potentiam
463 1837 584 1873 tuam
604 1832 854 1883 loquentur:

252 1886 311 1927 Ut
329 1892 480 1928 notam
499 1888 660 1929 faciant
686 1888 787 1928 filiis
806 1887 1033 1929 hominum

200 1943 444 1993 potentiam
468 1949 603 1985 tuam:
623 1945 645 1969 *
673 1949 716 1986 et
735 1944 920 1995 gloriam
943 1957 1030 1985 ma-

199 1998 460 2047 gnificentiae
479 2001 602 2052 regni
619 2001 693 2042 tui.

251 2054 452 2105 Regnum
478 2062 602 2098 tuum
629 2070 811 2108 regnum
837 2057 1031 2098 omnium

200 2110 478 2153 saeculorum:
502 2114 525 2138 *
549 2119 593 2155 et
617 2113 858 2155 dominatio
883 2118 959 2154 tua
985 2113 1030 2154 in

200 2166 317 2206 omni
332 2170 614 2217 generatione
632 2175 675 2211 et
689 2169 1030 2220 generationem.

252 2221 415 2264 Fidelis
430 2224 646 2266 Dominus
662 2226 705 2265 in
719 2224 920 2266 omnibus
935 2238 1029 2266 ver-

199 2277 268 2318 bis
297 2279 402 2319 suis:
428 2281 450 2304 *
476 2286 521 2321 et
549 2286 726 2322 sanctus
754 2281 797 2321 in
826 2281 1030 2322 omnibus

200 2334 408 2386 operibus
428 2336 529 2377 suis.

251 2390 428 2433 Allevat
441 2392 658 2433 Dominus
674 2406 827 2434 omnes
844 2393 919 2445 qui
935 2395 1028 2434 cor-

198 2452 343 2488 ruunt:
361 2447 385 2472 *
404 2452 448 2488 et
467 2447 594 2498 erigit
615 2461 766 2489 omnes
786 2449 928 2490 elisos.

252 2503 379 2544 Oculi
400 2504 595 2545 omnium
614 2504 657 2544 in
676 2510 720 2545 te
740 2509 920 2556 sperant
939 2505 1027 2546 Do-

197 2559 328 2600 mine:
348 2561 371 2585 *
391 2564 435 2601 et
458 2564 506 2600 tu
525 2559 604 2600 das
625 2573 771 2601 escam
790 2560 965 2601 illorum
983 2561 1027 2601 in

198 2616 400 2667 tempore
421 2619 686 2668 opportuno.

249 2671 409 2723 Aperis
428 2676 476 2712 tu
494 2685 671 2712 manum
690 2676 827 2712 tuam:
846 2672 868 2696 *
890 2677 933 2712 et
951 2672 1027 2712 im-

196 2726 293 2778 ples
314 2740 443 2769 omne
463 2728 622 2769 animal
640 2727 958 2769 benedictione.

1142 319 1166 360 J
1169 324 1293 360 ustus
1312 319 1528 360 Dominus
1555 319 1599 359 in
1619 318 1822 360 omnibus
1840 319 1922 360 viis

1091 375 1194 415 suis:
1214 375 1237 400 *
1258 379 1301 416 et
1325 380 1504 416 sanctus
1532 375 1577 415 in
1597 374 1799 416 omnibus
1819 376 1921 427 ope-

1090 431 1210 472 ribus
1230 431 1331 471 suis.

1141 487 1288 540 Prope
1313 491 1381 528 est
1398 487 1615 528 Dominus
1635 486 1837 528 omnibus
1861 487 1922 527 in-

1090 542 1350 584 vocantibus
1377 556 1491 584 eum:
1518 544 1541 568 *
1569 542 1773 584 omnibus
1802 543 1922 583 invo-

1091 599 1293 640 cantibus
1314 612 1414 640 eum
1433 599 1477 639 in
1496 599 1694 640 veritate.

1141 655 1428 697 Voluntatem
1445 655 1693 704 timentium
1711 667 1758 696 se
1778 654 1924 696 faciet:

1090 711 1113 736 *
1147 715 1191 752 et
1223 710 1581 763 deprecationem
1610 712 1764 752 eorum
1794 713 1922 752 exau-

1091 766 1196 808 diet:
1216 772 1259 808 et
1279 767 1425 808 salvos
1446 767 1577 808 faciet
1595 779 1684 808 eos.

1143 823 1350 865 Custodit
1385 824 1602 865 Dominus
1639 835 1792 864 omnes
1829 822 1921 864 dili-

1089 881 1243 930 gentes
1273 893 1335 921 se:
1363 881 1386 906 *
1414 885 1458 921 et
1482 892 1636 921 omnes
1661 881 1922 932 peccatores

1090 934 1330 988 disperdet.

1140 991 1463 1033 Laudationem
1500 991 1679 1032 Domini
1715 990 1922 1043 loquetur

1090 1060 1141 1088 os
1178 1061 1338 1089 meum:
1373 1048 1397 1072 *
1432 1052 1477 1089 et
1513 1046 1748 1088 benedicat
1780 1047 1922 1088 omnis

1090 1116 1194 1145 caro
1221 1103 1389 1145 nomini
1415 1108 1570 1144 sancto
1598 1104 1689 1155 ejus
1717 1103 1761 1143 in
1787 1105 1922 1144 saecu-

1088 1159 1190 1209 lum,
1210 1165 1254 1201 et
1273 1160 1317 1200 in
1336 1159 1546 1201 saeculum
1565 1159 1726 1200 saeculi.

1144 1226 1242 1265 Ant.
1276 1224 1430 1265 Suavis
1453 1224 1671 1264 Dominus
1696 1223 1921 1272 universis,

1089 1284 1133 1320 et
1160 1280 1468 1321 miserationes
1496 1281 1588 1332 ejus
1615 1292 1749 1332 super
1775 1279 1922 1321 omnia

1088 1337 1225 1387 opera
1245 1338 1348 1388 ejus.

1197 1421 1457 1473 Capitulum.
1642 1422 1762 1462 Cant.
1783 1423 1819 1461 3.

1170 1482 1412 1532 gred1mini,
1441 1487 1486 1524 et
1511 1482 1659 1525 videte
1686 1482 1789 1524 filiae
1816 1482 1921 1524 Sion

1192 1551 1342 1589 regem
1373 1539 1656 1581 Salomonem
1690 1539 1735 1579 in
1773 1538 1919 1580 diade-

1086 1601 1220 1644 mate,
1255 1608 1343 1647 quo
1372 1596 1604 1637 coronavit
1630 1595 1754 1637 illum
1779 1600 1920 1637 mater

1086 1664 1166 1692 sua
1193 1651 1238 1691 in
1264 1650 1335 1693 die
1364 1651 1722 1704 desponsationis
1748 1651 1851 1703 ejus,
1877 1656 1920 1694 et

1085 1707 1129 1747 in
1148 1706 1220 1748 die
1239 1708 1405 1749 laetitiae
1426 1707 1573 1749 cordis
1594 1709 1696 1760 eius.

1402 1788 1613 1838 Hymnus.

1224 1850 1460 1902 uicumque
1479 1855 1649 1892 certum
1669 1851 1866 1903 quaeritis

1251 1906 1404 1948 Rebus
1422 1906 1623 1948 levamen
1640 1907 1822 1959 asperis,

1189 1962 1276 2004 Seu
1296 1962 1427 2015 culpa
1445 1962 1621 2004 mordet
1641 1963 1780 2012 anxia,

1189 2019 1275 2060 Seu
1294 2032 1426 2071 poena
1446 2031 1527 2060 vos
1546 2019 1707 2071 premit
1727 2031 1887 2060 comes.

1140 2090 1249 2137 Jesu,
1271 2088 1346 2139 qui
1364 2093 1413 2129 ut
1432 2100 1570 2138 agnus
1588 2090 1800 2130 innocens

1188 2145 1294 2185 Sese
1313 2142 1631 2185 immolandum
1649 2143 1841 2194 tradidit,

1187 2199 1260 2241 Ad
1279 2200 1366 2241 Cor
1384 2199 1605 2242 reclusum
1624 2201 1816 2250 vulnere,

1188 2256 1261 2297 Ad
1279 2257 1383 2298 mite
1405 2257 1492 2297 Cor
1511 2255 1719 2298 accedite.

1142 2323 1323 2374 Auditis,
1342 2330 1391 2366 ut
1411 2325 1681 2366 suavissimis

1185 2381 1347 2423 Invitet
1367 2394 1520 2422 omnes
1539 2381 1738 2422 vocibus:

1186 2436 1357 2486 Venite,
1379 2450 1491 2489 quos
1510 2442 1666 2487 gravat
1683 2436 1822 2486 labor,
1839 2485 1844 2490 j

1185 2493 1438 2545 Premitque
1459 2491 1633 2545 pondus
1653 2493 1892 2534 criminum.

1139 2561 1253 2611 Quid
1272 2561 1416 2603 Corde
1435 2561 1460 2601 J
1463 2574 1541 2602 esu
1558 2561 1726 2603 mitius?

1184 2618 1209 2658 J
1212 2630 1334 2658 esum
1354 2617 1473 2658 cruci
1493 2618 1568 2668 qui
1587 2617 1818 2659 affixerant

1184 2674 1391 2722 Excusat,
1412 2678 1455 2714 et
1474 2673 1650 2714 Patrem
1669 2678 1808 2724 rogat,

1182 2728 1251 2770 Ne
1270 2728 1429 2780 perdat
1447 2728 1565 2769 ultor
1583 2729 1756 2781 impios.
