2040 2976
478 166 547 200 Die
572 167 623 199 24.
650 166 767 200 Junii.
814 166 855 198 In
880 164 1093 198 Nativitatc
1120 164 1154 195 S.
1179 163 1344 196 Joannis
1370 163 1568 205 Baptistae.

156 261 261 303 bum
278 260 458 302 Domini
477 260 534 301 ad
553 272 637 310 me,
658 258 825 301 dicens:
842 258 984 299 Prius-

157 329 290 368 quam
314 322 358 358 te
384 316 620 358 formarem
643 316 687 356 in
711 319 856 364 utero,
883 314 988 361 novi

155 377 217 414 te:
250 378 293 415 et
322 375 560 425 antequam
592 374 735 413 exires
762 371 817 413 de
845 370 987 419 vulva,

156 429 427 471 sanctificavi
460 434 524 478 te,
565 434 609 470 et
640 427 910 480 Prophetam
942 427 987 467 in

157 485 373 527 Gentibus
393 484 566 526 dedite.

212 545 263 595 Κ.
282 542 383 582 Fuit
401 541 534 582 homo
554 541 713 582 missus
733 552 758 580 a
777 540 891 588 Deo,
917 539 987 580 cui

155 609 316 639 nomen
345 602 439 638 erat
467 597 675 638 Joannes:
706 599 729 623 *
754 596 841 637 Hic
867 595 987 637 venit

154 654 199 694 in
234 653 552 703 testimonium,
597 658 646 694 ut
687 652 987 707 testimonium

155 709 409 762 perhiberet
437 708 492 751 de
520 709 700 758 lumine,
735 713 779 750 et
807 710 987 761 pararet

155 766 347 807 Demino
363 765 539 818 plebem
551 765 804 817 perfectam.
820 760 871 811 V.
879 764 986 806 Erat

154 822 347 863 Joannes
373 824 417 862 in
441 821 617 863 deserto
640 820 889 873 praedicans
913 820 985 862 ba-

155 881 364 931 ptismum
383 878 666 931 poenitentiae.
694 876 790 918 Hic.

465 935 617 975 Lectio
638 935 678 974 ii.

239 995 258 1032 t
285 990 391 1041 dixi,
425 990 466 1031 A
497 1003 523 1031 a
555 1003 594 1039 a,
627 990 818 1031 Domine
850 989 986 1030 Deus:

255 1059 358 1088 ecce
390 1047 540 1088 nescio
572 1046 710 1098 loqui,
743 1046 844 1098 quia
875 1058 986 1098 puer

155 1116 238 1154 ego
254 1117 360 1144 sum.
388 1104 445 1145 Et
465 1102 574 1145 dixit
589 1103 805 1144 Deminus
825 1101 883 1143 ad
900 1115 985 1143 me:

153 1159 256 1200 Noli
287 1159 448 1201 dicere:
480 1160 596 1200 Puer
629 1172 741 1200 sum:
778 1159 986 1210 quoniam

154 1215 212 1257 ad
232 1216 393 1266 emnia,
419 1229 518 1268 quae
538 1216 710 1257 mittam
726 1220 786 1265 te,
814 1215 913 1256 ibis:
942 1219 986 1256 et

153 1273 358 1314 universa
392 1275 682 1324 quaecumque
715 1271 985 1313 mandavero

153 1329 251 1378 tibi,
282 1328 488 1380 loqueris.
540 1328 610 1369 Ne
638 1330 795 1369 timeas
823 1341 849 1368 a
875 1327 986 1368 facie
1046 1341 1065 1360 ν

155 1387 322 1426 eorum:
363 1385 465 1437 quia
501 1389 647 1426 tecum
687 1397 769 1435 ego
809 1397 906 1425 sum
938 1388 986 1425 ut

156 1443 305 1482 eruam
322 1446 383 1490 te,
409 1440 514 1483 dicit
532 1441 759 1482 Dominus.
793 1441 850 1481 Et
867 1440 986 1481 misit

154 1497 371 1538 Deminus
397 1510 575 1538 manum
600 1510 741 1546 suam,
770 1502 814 1538 et
842 1497 987 1547 tetigit

155 1565 205 1594 os
223 1566 384 1595 meum:
404 1558 448 1595 et
467 1553 577 1594 dixit
591 1553 809 1594 Dominus
829 1553 886 1594 ad
901 1565 987 1594 me:

154 1610 271 1651 Ecce
300 1608 404 1651 dedi
431 1609 567 1650 verba
594 1622 692 1651 mea
718 1609 763 1650 in
788 1622 866 1651 ore
892 1614 986 1650 tuo:

155 1679 259 1708 ecce
279 1666 487 1707 constitui
505 1670 550 1707 te
569 1664 703 1707 hodie
723 1679 856 1718 super
873 1666 986 1707 Gen-

153 1727 240 1772 teS‚
266 1728 310 1764 et
330 1734 464 1775 super
482 1735 634 1773 regna,
659 1726 708 1763 ut
735 1722 916 1771 evellas,
944 1727 987 1764 et

155 1778 368 1828 destruas,
393 1783 436 1820 et
455 1778 699 1832 disperdas,
725 1784 768 1821 et
788 1777 987 1831 dissipes,

155 1839 198 1876 et
218 1833 422 1884 aedifices,
442 1839 486 1876 et
504 1835 688 1888 plantes.

210 1891 262 1943 Rc,
283 1890 512 1933 Elisabeth
531 1891 760 1933 Zachariae
780 1904 988 1942 magnum

154 1947 295 1988 virum
315 1948 480 1998 genuit,
505 1948 529 1988 J
533 1950 720 1989 oannem
739 1948 988 2000 Baptistam

154 2003 483 2045 Praecursorem
507 2004 700 2044 Demini:
723 2004 746 2027 *
764 2004 849 2054 Qui
872 2004 988 2045 viam

155 2059 347 2101 Demino
400 2060 669 2112 praeparavit
726 2060 770 2100 in
826 2062 987 2101 eremo.

158 2111 210 2164 V.
236 2116 338 2157 Fuit
365 2115 499 2158 homo
528 2117 688 2158 missus
718 2130 744 2158 a
770 2117 885 2166 Deo,
919 2116 988 2157 cui

154 2183 314 2213 nomen
334 2177 429 2214 erat
448 2173 473 2214 J
475 2175 652 2215 oannes.
681 2173 766 2223 Qui
784 2173 912 2214 viam.

462 2229 614 2270 Lectio
634 2229 689 2269 iii.

157 2280 263 2385 Tu
283 2297 388 2336 ergo
408 2288 587 2336 accinge
605 2285 780 2327 lumbos
798 2290 917 2336 tuOS,
945 2291 989 2328 et

247 2354 387 2392 surge,
409 2346 453 2383 et
471 2341 653 2393 loquere
672 2342 729 2384 ad
749 2355 826 2384 eos
843 2342 989 2383 omnia

158 2410 258 2449 quae
283 2410 365 2448 ego
388 2397 600 2450 praecipio
624 2398 715 2440 tibi.
750 2398 818 2439 Ne
842 2398 987 2440 formi-

157 2454 236 2495 des
255 2467 281 2495 a
296 2454 407 2494 facie
422 2456 589 2495 eorum:
607 2467 690 2496 nec
705 2455 819 2496 enim
832 2455 987 2496 timere

156 2514 200 2551 te
215 2510 372 2551 faciam
386 2509 556 2551 vultum
571 2512 734 2551 eorum.
752 2511 848 2561 Ego
865 2511 987 2563 quip-

157 2578 214 2618 pe
241 2565 345 2607 dedi
370 2571 414 2608 te
440 2565 572 2607 hodie
591 2566 636 2607 in
654 2567 877 2609 civitatem
897 2581 986 2609 mu-

157 2623 308 2671 nitam,
331 2627 375 2664 et
392 2622 436 2662 in
456 2622 705 2664 columnam
724 2623 924 2674 ferream,
944 2629 989 2666 et

157 2677 202 2718 in
232 2691 406 2719 murum
437 2681 619 2730 aereum,
652 2692 785 2731 super
813 2692 988 2722 omnem

1808 162 1872 197 351

1041 261 1221 306 terram,
1247 256 1424 307 regibus
1443 258 1574 307 Juda,
1600 258 1872 311 principibus

1041 314 1150 364 ejus,
1185 317 1228 353 et
1261 312 1585 363 sacerdotibus,
1626 319 1669 355 et
1701 314 1872 366 pepulo

1039 373 1182 410 terrae.
1219 368 1276 409 Et
1301 368 1529 411 bellabunt
1555 369 1791 411 adversum
1816 375 1872 420 te,

1042 429 1085 465 et
1108 437 1198 465 non
1221 424 1545 476 praevalebunt:
1575 426 1677 477 quia
1703 438 1784 477 ego
1811 431 1871 468 te-

1041 493 1141 522 cum
1174 494 1288 530 sum,
1326 481 1385 522 ait
1416 481 1650 531 Dominus,
1686 487 1735 523 ut
1767 482 1871 524 libe-

1040 549 1133 578 rem
1151 542 1206 579 te.

1098 604 1149 656 R».
1183 602 1446 653 Priusquam
1483 607 1527 644 te
1558 602 1796 643 formarem
1829 603 1873 643 in

1040 662 1182 707 utero,
1205 658 1310 699 novi
1328 663 1385 699 te:
1411 663 1454 699 et
1474 661 1711 710 antequam
1730 661 1873 700 exires

1041 714 1096 756 de
1111 719 1274 763 ventre,
1294 714 1566 756 sanctificavi
1584 720 1642 756 te:
1665 715 1753 756 *Et
1766 716 1871 756 Pro-

1039 770 1221 823 phetam
1239 771 1283 811 in
1299 770 1516 812 Gentibus
1533 770 1635 812 dedi
1649 776 1705 812 te.
1730 770 1779 820 Y.
1791 771 1873 813 Vir

1041 826 1228 868 dilectus
1256 840 1281 868 a
1307 827 1424 876 Deo,
1453 832 1496 868 et
1522 826 1771 868 hominibus
1796 827 1871 868 ho-

1040 885 1223 925 noratus
1243 889 1320 925 est.
1348 884 1414 924 Et.
1446 883 1597 925 GlOria
1616 884 1745 924 Patri.
1774 884 1840 924 Et.

1274 975 1322 1014 In
1346 975 1396 1014 ΙΙ.
1421 975 1645 1014 Nocturno.

1098 1041 1197 1080 Ant.
1240 1039 1361 1080 Misit
1392 1039 1609 1079 Deminus
1642 1039 1666 1064 *
1698 1052 1874 1087 manum

1041 1108 1182 1145 suam,
1212 1100 1255 1136 et
1278 1095 1422 1145 tetigit
1446 1108 1495 1136 os
1514 1108 1678 1145 meum,
1707 1100 1751 1136 et
1769 1096 1873 1136 Pro-

1039 1151 1219 1203 phetam
1242 1151 1286 1192 in
1306 1151 1523 1193 Gentibus
1548 1152 1671 1193 dedit
1694 1165 1764 1193 me
1783 1152 1871 1192 De-

1039 1207 1193 1248 minus.

1335 1264 1533 1303 Psalmus
1554 1264 1590 1302 4.

1043 1346 1230 1400 με
1261 1334 1515 1375 invocarem
1547 1333 1771 1375 exaudivit
1803 1346 1873 1374 me

1043 1400 1151 1455 KQ¹
1173 1390 1295 1430 Deus
1326 1390 1502 1441 iustitiae
1530 1403 1659 1431 meae:
1684 1391 1708 1417 *
1731 1390 1776 1430 in
1799 1390 1871 1431 tri-

1046 1438 1143 1469 *5‘
1174 1445 1398 1488 bulatione
1418 1446 1612 1488 dilatasti
1630 1446 1745 1486 mihi.

1091 1503 1300 1558 Miserere
1318 1503 1415 1554 mei,
1430 1503 1454 1528 *
1475 1507 1518 1544 et
1538 1502 1697 1544 exaudi
1713 1502 1872 1544 oratio-

1040 1571 1142 1600 nem
1160 1571 1314 1600 meam.

1092 1615 1191 1655 Filii
1223 1614 1451 1656 hominum
1482 1618 1714 1667 usquequo
1752 1614 1875 1665 gravi

1042 1669 1199 1712 corde?
1227 1671 1251 1696 *
1279 1676 1327 1712 ut
1360 1671 1467 1722 quid
1499 1670 1676 1721 diligitis
1709 1670 1872 1711 vanita-

1041 1732 1141 1776 tem,
1170 1732 1214 1769 et
1235 1727 1430 1778 quaeritis
1449 1725 1750 1769 mendacium?

1092 1784 1149 1824 Et
1186 1783 1343 1824 scitete
1381 1784 1589 1835 queniam
1626 1782 1874 1823 mirificavit

1040 1839 1257 1880 Dominus
1283 1844 1485 1880 sanctum
1510 1852 1652 1880 suum:
1675 1839 1699 1864 *
1723 1838 1872 1879 Domi-

1040 1908 1122 1936 nus
1151 1895 1358 1937 exaudiet
1389 1908 1459 1937 me
1492 1908 1592 1936 cum
1623 1894 1871 1936 clamavero

1042 1951 1099 1992 ad
1127 1964 1238 1992 eum.

1095 2007 1353 2057 Irascimini,
1387 2012 1431 2049 et
1457 2007 1593 2049 nolite
1620 2009 1822 2060 peecare:
1850 2008 1873 2034 *

1043 2076 1141 2116 quae
1166 2063 1310 2105 dicitis
1334 2064 1378 2104 in
1402 2063 1611 2105 cerdibus
1632 2064 1802 2112 vestris,
1829 2063 1871 2103 in

1041 2119 1257 2160 cubilibus
1276 2119 1436 2161 vestris
1459 2119 1813 2171 compungimini.

1092 2176 1346 2217 Sacrificate
1384 2176 1648 2217 sacrificium
1684 2175 1872 2227 justitiae,

1042 2236 1086 2273 et
1112 2233 1289 2283 sperate
1317 2232 1361 2272 in
1387 2232 1590 2273 Domino.
1610 2232 1634 2257 *
1656 2232 1785 2273 Multi
1812 2230 1872 2273 di-

1041 2292 1159 2329 cunt:
1187 2288 1294 2338 Quis
1313 2288 1507 2330 ostendit
1525 2288 1654 2330 nobis
1672 2286 1812 2329 bona?

1093 2344 1320 2394 Signatum
1348 2349 1416 2386 est
1447 2357 1580 2397 super
1611 2357 1693 2386 nos
1724 2344 1871 2384 lumen

1041 2400 1187 2442 vultus
1210 2400 1275 2441 tui
1296 2400 1501 2443 Domine:
1528 2402 1552 2428 *
1580 2400 1741 2442 dedisti
1764 2399 1870 2440 laeti-

1040 2457 1148 2498 tiam
1165 2457 1210 2497 in
1229 2456 1364 2498 corde
1383 2469 1494 2498 meo.

1092 2513 1134 2553 A
1157 2513 1302 2554 fructu
1328 2513 1548 2562 frumenti,
1580 2511 1683 2561 vini,
1717 2515 1760 2552 et
1784 2510 1870 2551 olei

1041 2569 1108 2610 sui
1125 2571 1149 2597 *
1167 2569 1446 2621 multiplicati
1464 2572 1574 2609 sunt.

1092 2626 1143 2666 In
1168 2637 1278 2677 pace
1305 2625 1349 2666 in
1375 2624 1567 2677 idipsum
1591 2624 1614 2649 *
1643 2621 1868 2671 dormiam,

1042 2686 1086 2723 et
1104 2681 1393 2733 requiescam3
