2040 2976
207 210 278 255 [92]

838 207 1046 239 Commune
1076 207 1091 238 Χ
1111 207 1282 246 irginum.

209 309 334 348 versa
361 310 494 347 terra:
521 306 544 332 *
576 304 709 346 dicite
740 304 783 344 in
817 303 1030 345 Gontibus

209 363 309 414 quia
337 362 550 403 Dominus
577 361 784 412 regnavit.

258 419 433 460 Etenim
473 418 664 459 correxit
705 417 857 458 orbem
899 422 1027 458 terrae

209 476 282 527 qui
313 488 401 517 non
429 473 789 516 commovebitur:
820 475 844 500 ¹⁸¹
872 473 1028 524 judiea-

207 531 272 573 bit
298 531 488 584 populos
515 531 559 571 in
587 530 805 582 aequitate.

258 588 482 630 Laetessntur
502 587 612 637 coeli,
633 592 676 628 et
694 586 882 628 exsultet
900 591 1030 627 terra:

207 647 535 686 commoveatur
562 656 696 692 mare,
732 648 774 685 et
800 642 1028 696 plenitudo

208 702 315 753 ejus:
335 703 358 728 *
376 700 629 752 gaudebunt
651 700 804 752 campi,
823 704 866 740 et
885 699 1029 740 Omnia

209 770 308 809 quae
335 758 380 798 in
407 758 468 799 eis
497 762 607 798 sunt.

258 815 383 855 Tunc
418 814 695 855 exsultabunt
731 813 874 854 omnia
913 812 1030 863 ligna

207 870 415 911 silvarum
438 883 464 910 a
485 870 595 911 facie
617 870 804 919 Do'mini‚
833 869 935 920 quia
959 881 1028 909 ve-

206 927 283 968 nit:
309 929 332 954 *
359 926 565 979 quoniam
588 926 707 967 venit
731 925 920 978 judicare
946 929 1028 966 ter-

206 996 310 1024 ram.

258 1039 479 1082 Judieabit
505 1040 657 1082 orbem
682 1044 812 1080 terrae
836 1039 880 1079 in
899 1038 1029 1090 aequi-

206 1098 306 1147 tate,
325 1098 348 1123 *
375 1101 418 1138 et
444 1096 635 1149 p6pulos
662 1096 713 1136 in'
729 1095 913 1137 veritate
941 1107 1029 1135 sua.

263 1154 360 1192 Ant.
403 1153 534 1204 Nigra
565 1166 677 1202 sum,
715 1151 793 1193 sed
826 1152 1029 1201 formosa,

206 1209 308 1250 filiae
341 1209 598 1251 Jerusalem:
634 1208 735 1250 ideo
773 1208 926 1250 diluxit
959 1220 1029 1248 me

208 1266 322 1315 Rex,
351 1271 394 1307 et
418 1265 662 1307 introduxit
687 1278 757 1306 me
783 1265 827 1306 in
856 1264 1028 1306 cubicu-

205 1321 295 1362 lum
314 1335 450 1363 suum.

263 1382 358 1419 Ant.
379 1379 522 1420 'l‘rahe
541 1392 611 1420 me
630 1384 734 1432 post
754 1384 809 1429 te,
824 1378 905 1418 *in
925 1377 1029 1419 odo-

205 1447 297 1475 rem
330 1437 554 1477 eurromus
584 1437 906 1487 unguentorum
936 1436 1029 1476 tuo-

205 1504 315 1532 rum:
344 1491 487 1533 Oleum
512 1493 697 1534 effusum
715 1505 874 1534 nomen
895 1496 1028 1533 tuum.

476 1551 671 1591 l'salmus
700 1551 766 1589 945.

210 1603 465 1708 Dominus
480 1606 688 1657 regnavit,
701 1606 890 1647 exsultet
898 1610 1029 1647 terra:

329 1664 352 1688 *
380 1662 583 1704 laete'mtur
611 1662 764 1703 insulae
792 1662 952 1704 multae.

258 1718 420 1768 Nubes,
440 1724 483 1760 et
502 1719 642 1771 caligo
660 1719 703 1759 in
723 1719 906 1760 circuitu
925 1720 1030 1771 ejus:

207 1776 231 1802 *
267 1775 444 1827 justitia,
487 1781 530 1817 et
571 1775 776 1827 judicium
813 1775 1029 1817 eorrectio

209 1831 327 1873 sedis
355 1833 458 1884 eJus.

261 1888 379 1939 Ignis
418 1893 516 1930 ante
556 1888 699 1940 ipsum
734 1888 975 1941 praecodet,
1009 1889 1032 1913 ²*

212 1949 254 1985 et
282 1944 521 1986 inflaffiabit
552 1945 595 1985 in
623 1945 806 1986 circuitu
832 1945 1031 1986 inimicos

212 2001 312 2051 ejus.

263 2056 502 2098 Illuxe‘trunt
524 2057 695 2108 fulgura
719 2059 807 2110 ejus
832 2057 929 2099 orbi
949 2062 1032 2099 ter-

212 2125 287 2153 rae:
309 2115 332 2139 *
354 2113 473 2163 vidit,
499 2119 542 2155 et
565 2115 784 2155 commota
813 2119 879 2155 est
906 2119 1034 2156 terra.

263 2169 450 2219 Montes,
484 2171 596 2211 sicut
630 2183 731 2211 cera
762 2170 982 2212 fluxorunt
1009 2184 1034 2212 a

213 2225 322 2267 faeie
357 2226 547 2267 D6mini:
584 2229 607 2254 *
645 2240 670 2268 a
706 2226 816 2268 facie
855 2228 1034 2269 Domini

213 2282 355 2323 omnis
381 2286 508 2323 terra.

264 2338 641 2380 Annuntiavorunt
684 2339 785 2380 coeli
830 2340 1035 2392 justitiam

212 2396 317 2446 ejus:
349 2396 373 2421 *
406 2399 449 2435 et
476 2394 677 2437 vidorunt
705 2408 855 2438 omnes
882 2396 1036 2449 populi

212 2450 395 2502 g16riam
423 2451 522 2502 ejus.

265 2506 595 2549 confundantur
635 2519 800 2557 omnes,
847 2509 921 2560 qui
963 2509 1035 2550 ad-

214 2566 340 2605 orant
364 2563 598 2616 sculptilia:
631 2565 654 2590 *
682 2569 725 2605 et
751 2565 825 2616 qui
852 2564 1035 2616 glorian-

213 2625 284 2661 tur
311 2620 354 2660 in
382 2619 624 2661 simulacris
653 2620 752 2661 suis.

266 2676 461 2718 Adoreite
479 2690 576 2717 eum
594 2688 744 2717 omnes
759 2677 915 2727 Angeli
932 2679 1036 2729 ejus:

215 2735 238 2759 *
265 2732 443 2782 audivit,
472 2738 515 2774 et
541 2732 690 2774 laetata
718 2738 784 2774 est
811 2733 925 2774 Sion.

1133 303 1191 344 Et
1223 303 1551 344 exsultaverunt
1581 303 1684 345 fssiae
1711 303 1853 356 Judae,
1880 306 1904 332 ¹⁸¹

1082 363 1265 411 propter
1293 358 1450 411 judicia
1477 364 1553 400 tua
1579 359 1781 402 Domine:

1134 415 1349 465 Qu6niam
1366 421 1414 457 tu
1427 415 1640 458 Dominus
1655 416 1905 458 Altissir'nus

1082 484 1212 524 super
1240 485 1414 513 omnem
1437 477 1612 513 terram:
1635 475 1659 500 *
1682 473 1808 514 nimis
1834 486 1904 515 ex-

1083 528 1241 569 altatus
1270 541 1316 569 es
1345 541 1476 581 super
1505 542 1655 571 omnes
1683 528 1802 571 deos.

1134 585 1217 635 Qui
1233 584 1411 636 diligitis
1426 585 1672 635 Dominum,
1687 585 1807 627 odite
1817 598 1904 627 ma-

1081 641 1184 682 lum:
1213 643 1236 668 *
1268 641 1462 682 custOdit
1493 642 1707 683 Dominus
1739 642 1905 683 animas

1082 700 1331 739 sanctorum
1358 700 1547 749 suorum,
1576 698 1631 740 de
1655 711 1786 739 manu
1806 711 1904 751 pec-

1082 755 1241 796 catoris
1269 754 1471 796 liberabit
1499 767 1587 796 eos.

1132 810 1228 852 Lux
1257 815 1353 852 orta
1387 815 1453 852 est
1479 812 1610 863 justo,
1642 812 1666 838 *
1699 815 1743 853 et
1774 811 1906 853 rectis

1082 867 1216 908 corde
1243 867 1406 909 laetitia.

1132 923 1362 965 Laetaimini
1389 924 1490 976 justi
1517 924 1560 964 in
1586 924 1791 965 Domino:
1816 925 1840 951 *
1863 928 1906 966 et

1082 980 1347 1022 confitomini
1374 981 1598 1022 memoriae
1631 980 1904 1022 sanctificati-

1082 1036 1177 1077 onis
1206 1038 1306 1090 ejus.

1139 1098 1238 1138 Ant.
1265 1093 1409 1135 Trahe
1431 1106 1500 1135 me
1523 1098 1627 1146 post
1650 1098 1709 1143 te,
1737 1094 1781 1134 in
1801 1093 1905 1135 odo-

1081 1163 1174 1191 rem
1204 1151 1429 1191 eurromus
1463 1152 1785 1201 unguentorum
1811 1152 1906 1192 tuo-

1082 1219 1192 1247 rum:
1221 1207 1365 1248 Oleum
1391 1206 1576 1248 effusum
1594 1219 1753 1248 nomen
1772 1211 1907 1248 tuum.

1135 1266 1229 1305 Ant.
1262 1264 1367 1305 Veni
1395 1276 1558 1316 sponsa
1586 1262 1764 1313 Christi,
1787 1264 1811 1288 ²⁸¹
1838 1265 1904 1304 eic-

1082 1320 1179 1372 cipe
1199 1321 1423 1370 coffinam,
1445 1332 1575 1372 quam
1594 1318 1675 1361 tibi
1692 1319 1907 1361 Dominus

1081 1377 1347 1429 praeparavit
1366 1377 1409 1417 in
1432 1378 1655 1418 aetornum.

1361 1434 1561 1482 I'salmus
1578 1435 1643 1474 97.

1088 1485 1317 1593 Caritate
1349 1489 1540 1531 Domino
1576 1489 1793 1531 canticum
1834 1501 1907 1530 no-

1176 1559 1292 1587 vum:
1311 1546 1335 1571 *
1356 1546 1458 1598 quia
1475 1546 1692 1587 mirabilia
1710 1545 1824 1587 fecit.

1133 1602 1327 1643 Salvavit
1355 1602 1439 1643 sibi
1472 1602 1654 1643 doxtera
1682 1603 1787 1654 ejus:
1810 1601 1834 1627 *
1863 1607 1908 1642 et

1081 1658 1308 1700 brachium
1330 1663 1528 1700 sanctum
1550 1659 1651 1711 ejus.

1133 1719 1301 1760 Notum
1332 1719 1435 1760 fecit
1463 1719 1678 1761 D6minus
1715 1718 1906 1760 salutare

1084 1789 1223 1817 suum:
1242 1776 1265 1801 *
1285 1776 1329 1816 in
1349 1777 1590 1828 conspoctu
1610 1775 1817 1817 Gentium
1843 1787 1907 1816 re-

1083 1832 1246 1874 velavit
1265 1832 1473 1884 justitiam
1492 1845 1625 1874 suam.

1134 1888 1410 1930 Recordatus
1471 1894 1537 1930 est
1590 1887 1906 1930 misericordiae

1085 1959 1190 1996 suae,
1211 1946 1235 1971 *
1255 1950 1299 1987 et
1326 1946 1524 1987 veritatis
1553 1959 1644 1987 suae
1673 1944 1823 1987 domui
1845 1944 1907 1986 Is-

1085 2002 1187 2043 raffiL

1136 2058 1355 2101 Vidsrunt
1373 2071 1525 2100 omnes
1547 2058 1721 2100 tormini
1739 2062 1870 2099 terrae
1884 2056 1908 2082 *

1086 2115 1276 2157 salutare
1294 2115 1378 2157 Dei
1395 2115 1545 2156 nostri.

1137 2172 1160 2213 J
1162 2171 1327 2213 ubilate
1343 2172 1440 2213 Deo
1461 2171 1602 2212 omnis
1623 2175 1754 2212 terra:
1773 2170 1796 2196 *
1812 2182 1909 2211 can-

1086 2231 1189 2278 tate,
1210 2233 1253 2270 et
1274 2228 1501 2277 exsultate,
1520 2232 1563 2269 et
1579 2226 1764 2280 psallite.

1138 2285 1317 2330 Psallite
1344 2285 1535 2326 DOmino
1568 2284 1612 2325 in
1647 2283 1829 2334 cithara,
1866 2282 1910 2323 in

1087 2341 1254 2383 cithara
1282 2345 1325 2382 et
1351 2353 1461 2383 voce
1487 2340 1660 2393 psalmi:
1678 2340 1702 2366 *
1727 2340 1771 2380 in
1790 2338 1909 2381 tubis

1087 2397 1335 2447 ductilibus,
1356 2402 1399 2439 et
1418 2410 1528 2438 voce
1545 2396 1665 2438 tubae
1684 2398 1867 2437 eorneae.

1138 2454 1327 2495 Jubilate
1353 2454 1398 2494 in
1421 2455 1661 2506 conspoetu
1686 2452 1802 2504 regis
1820 2452 1908 2493 Do-

1087 2511 1206 2551 mini:
1225 2511 1248 2536 *
1268 2512 1496 2551 moveatur
1513 2522 1644 2559 mare,
1664 2513 1707 2550 et
1725 2508 1909 2561 plenitu-

1088 2567 1145 2608 do
1165 2568 1269 2619 ejus:
1293 2566 1412 2608 orbis
1431 2568 1660 2615 terrarum,
1679 2570 1723 2606 et
1743 2564 1817 2617 qui
1834 2562 1907 2604 ha-

1087 2623 1229 2664 bitant
1248 2623 1293 2663 in
1314 2635 1377 2665 eo.

1139 2679 1339 2720 Flumina
1365 2678 1576 2732 plaudent
1602 2689 1743 2726 manu,
1780 2674 1908 2716 simul

1088 2740 1260 2776 montes
1295 2734 1575 2777 exsultabunt
1611 2747 1636 2775 a
1669 2733 1910 2784 conspoctu
