2040 2976
207 229 246 262 12
789 220 987 255 Dominicu
1013 219 1060 252 ud
1084 216 1318 251 Matutinum.

427 323 507 361 I'ro
529 320 578 359 vi.
599 318 815 359 Lectione.

268 377 420 422 Bencd.
444 378 584 427 Ignem
604 376 669 416 sui
689 373 848 415 amoris
869 373 1018 413 accen-

206 436 279 477 dat
297 436 413 476 Deus
432 434 474 473 in
494 431 698 474 cordibus
717 429 886 471 nostris.

269 494 313 544 Ru
331 491 481 531 Amen.

421 578 469 615 In
496 575 564 614 ΠΙ.
592 575 812 614 Nocturno.

267 649 345 689 l'er
371 648 552 686 Annum.
591 645 686 683 Ant.
721 642 812 682 Non
839 645 937 681 sunt
960 639 1019 679 lo-

207 701 355 754 quelae.

488 768 679 809 Psalmus
702 768 755 806 18.

427 833 626 872 enarrant
657 828 837 879 glo‘riam
865 826 966 874 Dei,
997 826 1020 850 *

209 880 214 932 ’.
239 878 267 936 ·Ϊ.’
280 879 315 923 .³
335 893 378 928 et
393 890 525 939 opera
539 888 742 927 manuum
757 884 846 935 ejus
862 885 1020 923 annun-

250 953 314 972 ἓῖ
335 944 412 984 tiat
432 943 756 997 firmamentum.

258 1000 361 1040 Dies
393 999 476 1040 diei
509 1002 675 1040 eructat
707 996 903 1044 verbum,
927 996 950 1020 *
980 999 1022 1036 et

207 1069 293 1096 nox
312 1056 427 1097 nocti
447 1055 606 1096 indicat
625 1054 855 1096 scientiam.

258 1112 356 1153 Non
376 1117 474 1152 sunt
492 1111 688 1163 loquelae,
707 1122 847 1161 neque
863 1109 1021 1150 sermo-

207 1181 298 1210 nes.
323 1169 346 1193 *
371 1181 552 1220 quorum
582 1180 667 1208 non
695 1165 923 1207 audiantur
950 1177 1021 1204 vo-

208 1237 280 1265 ces
300 1226 459 1265 eorum.

259 1281 307 1320 In
339 1293 509 1321 omnem
542 1285 701 1321 terram
730 1278 862 1319 exivit
890 1290 1022 1318 sonus

208 1338 371 1378 eorum:
402 1336 424 1361 *
457 1341 500 1377 et
530 1336 572 1376 in
604 1335 712 1376 fines
745 1334 862 1376 orbis
893 1339 1021 1375 terrae

208 1391 339 1434 verba
359 1394 518 1433 cotum.

258 1449 307 1488 In
332 1447 422 1489 sole
446 1448 590 1500 p6suit
612 1446 937 1488 tabernaculum
957 1459 1022 1487 su-

209 1518 298 1545 um:
329 1505 351 1529 *
384 1510 426 1545 et
457 1505 549 1556 ipse
585 1509 806 1555 tamquam
839 1516 1023 1555 sponsus

208 1559 449 1613 procedens
469 1560 522 1601 de
541 1559 731 1601 thalamo
752 1572 845 1600 suo:

261 1616 503 1657 Exsulteivit
535 1621 582 1657 ut
613 1616 733 1666 gigas
768 1615 822 1656 ad
855 1617 1023 1656 curren-

212 1672 310 1714 dam
330 1673 456 1721 viam,
475 1673 498 1698 *
518 1685 542 1713 a
561 1685 728 1713 summo
751 1672 863 1713 coelo
885 1674 1023 1722 egres-

212 1729 276 1770 sio
296 1729 400 1780 ejus:

263 1785 317 1826 Et
342 1788 547 1826 occ1'1rsus
572 1785 661 1836 ejus
684 1797 820 1836 usque
840 1783 894 1825 ad
915 1797 1025 1824 sum-

211 1854 327 1882 mum
343 1841 445 1891 ejus:
464 1842 486 1866 *
506 1853 585 1882 nec
605 1846 670 1882 est
691 1841 762 1892 qui
782 1853 828 1882 se
846 1840 1024 1882 abscon-

212 1896 286 1938 dat
305 1910 329 1938 a
348 1897 491 1938 calore
511 1898 610 1948 ejus.

261 1953 353 1994 Lex
367 1954 541 1994 Domini
558 1953 831 1994 immaculata
851 1955 1025 1995 conver-

211 2014 306 2051 tens
325 2010 502 2050 animas:
512 2010 535 2034 *
545 2010 838 2050 testimonium
852 2010 1027 2050 D6mini

212 2064 358 2114 fidele,
394 2065 646 2118 sapientiam
683 2071 895 2118 praestans
931 2068 1026 2119 peir-

212 2121 332 2162 vulis.

262 2178 286 2218 J
289 2178 445 2219 ustitiae
460 2178 633 2219 D6mini
648 2183 790 2227 rectae,
808 2178 1027 2220 laetificzin-

212 2239 278 2275 tes
314 2233 462 2275 corda:
493 2235 516 2259 *
548 2237 816 2287 praeceptum
852 2235 1027 2276 Domini

212 2289 415 2339 lucidum3
434 2290 675 2332 illuminans
695 2291 856 2332 oculos.

264 2346 412 2387 Timor
438 2347 612 2387 D6mini
640 2353 829 2396 sanctus,
862 2349 1027 2400 perma-

214 2415 318 2443 nens
346 2403 387 2443 in
414 2403 618 2444 saeculum
647 2403 808 2445 saeculi:
827 2405 849 2429 *
873 2403 1028 2455 judicia

213 2458 386 2499 D6mini
411 2472 528 2508 vera,
556 2460 783 2511 justificata
807 2460 849 2500 in
875 2465 1027 2502 semet-

215 2516 318 2566 ipsa.

264 2570 575 2612 Desiderabilia
595 2585 724 2624 super
743 2585 894 2613 aurum
911 2578 953 2614 et
970 2573 1027 2614 Ιέι-

214 2625 357 2678 pidem
376 2627 613 2679 pretiosum
632 2628 827 2669 multum:
842 2629 864 2654 *
881 2634 923 2670 et
938 2629 1027 2670 dul-

215 2682 331 2722 ciora
350 2695 479 2734 super
498 2683 581 2724 mel
601 2690 643 2724 et
663 2684 816 2725 favum.

266 2733 433 2777 Etenim
457 2747 606 2777 servus
630 2741 728 2778 tuus
753 2736 943 2779 cust6dit
967 2750 1028 2788 ea,

1071 314 1094 339 ¹⁸¹
1130 313 1172 353 in
1210 307 1506 352 custodiendis
1542 307 1626 348 illis
1666 304 1896 347 retributio

1071 368 1216 410 multa.

1124 424 1294 466 Delicta
1316 422 1411 474 quis
1430 418 1650 471 intelligit?
1678 418 1732 461 ab
1753 419 1896 460 occul-

1072 482 1127 523 tis
1145 481 1252 522 meis
1275 478 1435 520 munda
1454 490 1538 519 me:
1557 478 1580 503 *
1600 482 1644 518 et
1667 475 1722 518 ab
1747 475 1898 517 alienis

1073 551 1204 591 parce
1224 549 1351 578 servo
1370 541 1457 576 tuo.

1123 595 1167 636 Si
1182 594 1266 635 mei
1282 605 1368 633 non
1383 591 1541 633 fuerint
1558 590 1779 640 dominati,
1794 594 1898 631 tunc

1074 649 1374 692 immaculatus
1398 662 1490 690 ero:
1510 649 1532 674 *
1557 652 1600 689 et
1626 646 1898 696 emundabor

1073 721 1098 749 a
1118 707 1277 749 delicto
1297 705 1498 746 maximo.

1124 764 1180 805 Et
1200 768 1325 804 erunt
1344 768 1391 804 ut
1406 761 1710 814 complaceant
1725 760 1899 813 eloquia

1075 821 1160 862 oris
1180 820 1278 861 mei:
1298 820 1320 845 *
1342 824 1384 860 et
1403 818 1629 860 meditatio
1649 817 1794 860 cordis
1812 817 1899 859 mei

1074 878 1115 918 in
1136 878 1374 929 conspectu
1394 881 1469 917 tuo
1490 888 1674 928 semper.

1125 934 1311 975 Domine
1336 932 1506 984 adjutor
1529 945 1668 981 meus,
1687 932 1711 958 *
1735 936 1779 973 et
1803 930 1898 973 red-

1075 994 1246 1043 emptor
1266 1003 1398 1031 meus.

1135 1050 1215 1090 Per
1235 1050 1417 1088 Annum.
1456 1047 1554 1087 Ant.
1595 1046 1689 1087 Non
1715 1050 1816 1087 sunt
1838 1044 1900 1086 lo-

1076 1103 1230 1156 que'lae‚
1262 1116 1403 1155 neque
1437 1105 1676 1152 sermones,
1714 1114 1900 1155 quorum

1075 1173 1161 1202 non
1182 1160 1411 1202 audiantur
1430 1173 1562 1202 voces
1582 1162 1745 1202 eorum.

1136 1220 1230 1259 Ant.
1257 1216 1482 1258 Exaudiat.

1356 1272 1553 1313 Psalmus
1574 1273 1630 1312 19.

1162 1331 1340 1372 xaudiat
1359 1336 1402 1372 te
1425 1331 1640 1372 Dominus
1664 1330 1708 1371 in
1735 1329 1805 1372 die
1829 1329 1901 1371 tri-

1168 1387 1415 1429 bulationis:
1430 1388 1453 1413 *
1470 1389 1675 1440 protegat
1687 1391 1732 1429 te
1742 1398 1902 1428 nomen

1075 1445 1159 1486 Dei
1176 1443 1324 1486 Jacob.

1126 1501 1271 1542 Mittat
1289 1500 1367 1542 tibi
1386 1500 1594 1542 auxilium
1617 1500 1672 1543 de
1692 1505 1859 1542 sancto:
1878 1499 1902 1525 *

1077 1563 1119 1599 et
1139 1557 1193 1599 de
1213 1557 1315 1599 Sion
1334 1559 1507 1599 tueatur
1526 1562 1581 1599 te.

1127 1614 1294 1655 Memor
1319 1614 1374 1655 sit
1397 1614 1537 1656 omnis
1561 1614 1763 1656 sacrificii
1781 1613 1858 1655 tui:
1878 1613 1902 1639 *

1077 1676 1120 1713 et
1138 1671 1443 1712 holocaustum
1461 1676 1584 1713 tuum
1603 1671 1763 1725 pingue
1782 1669 1870 1712 fiat.

1127 1727 1310 1769 Tribuat
1324 1727 1402 1770 tibi
1417 1727 1658 1770 secundum
1673 1740 1749 1770 cor
1763 1731 1902 1768 tuum:

1076 1784 1107 1876 Ξ,
1136 1789 1179 1826 et
1202 1797 1342 1877 tomne
1378 1785 1606 1827 consilium
1640 1789 1764 1827 tuum
1800 1795 1900 1825 con·

1094 1849 1200 1877 1rme
1222 1868 1229 1876 .

1127 1892 1392 1934 Laetzibimur
1420 1894 1464 1934 in
1493 1893 1671 1935 salutari
1694 1897 1786 1935 tuo:
1809 1892 1833 1918 *
1857 1895 1902 1934 et

1077 1949 1120 1990 in
1143 1950 1316 1991 nomine
1340 1950 1423 1991 Dei
1446 1951 1584 1992 nostri
1607 1947 1900 2001 magnificabi-

1078 2019 1314 2115 mllliripleat
1328 2064 1541 2105 D6minus
1559 2076 1711 2106 omnes
1729 2062 1901 2117 petitio-

1079 2131 1154 2160 nes
1174 2124 1284 2160 tuas:
1303 2120 1326 2145 *
1346 2133 1459 2162 nunc
1484 2121 1671 2172 cognovi
1697 2119 1902 2173 quomam

1080 2175 1246 2216 salvum
1287 2176 1387 2218 fecit
1430 2177 1645 2219 Dominus
1682 2176 1903 2219 Christum

1081 2244 1345 2330 sufflaifldiet
1375 2289 1495 2330 illum
1523 2289 1578 2331 de
1607 2290 1722 2332 eoelo
1751 2293 1903 2331 sancto

1080 2357 1173 2409 suo:
1183 2345 1257 2386 *in
1267 2346 1565 2398 potentatibus
1581 2346 1697 2388 salus
1709 2346 1902 2388 dexterae

1081 2413 1188 2497 elufsli
1212 2458 1254 2498 in
1279 2458 1491 2509 curribus,
1517 2465 1560 2501 et
1583 2460 1627 2500 hi
1651 2460 1694 2501 in
1719 2459 1860 2512 equis:
1879 2459 1903 2485 *

1080 2525 1159 2554 nos
1184 2520 1327 2556 autem
1351 2515 1394 2555 in
1422 2516 1595 2558 nomine
1619 2516 1798 2558 Domini
1820 2515 1904 2558 Dei

1080 2571 1216 2611 nostri
1235 2571 1542 2613 invocabimus.

1131 2627 1220 2678 Ipsi
1240 2627 1418 2679 obligati
1438 2634 1551 2678 sunt,
1576 2634 1619 2671 et
1638 2629 1904 2671 ceciderunt:

1080 2683 1103 2707 *
1127 2695 1206 2723 nos
1231 2690 1374 2726 autem
1403 2685 1668 2726 surreximus
1698 2691 1742 2728 et
1771 2685 1905 2728 erecti

1081 2751 1238 2781 sumus.
