2040 2976
183 216 252 251 110

235 311 349 363 Quid
378 310 505 351 detur
527 307 623 356 tibi,
650 311 726 347 aut
749 303 853 356 quid
874 313 1008 354 appo-

183 371 310 410 natur
337 366 417 408 tibi
440 366 463 390 *
486 364 542 406 ad
566 364 759 414 linguam
785 356 1008 400 dolusam?

234 429 413 477 Sagittae
441 424 638 478 potentis
666 425 827 469 acutae,
857 420 880 445 *
909 429 1008 459 cum

183 483 445 525 carbonibus
475 478 768 522 desolaturiis.

234 545 332 585 Heu
360 542 478 591 mihi,
509 540 610 592 quia
639 537 856 579 incolatus
886 547 1009 574 meus

183 600 472 653 prolongatus
493 602 575 638 est:
603 593 799 635 habitavi
820 604 918 632 curn
938 589 1009 630 ha—

183 654 426 697 bitantibus
446 652 603 694 Cedar:
621 652 644 676 *
664 649 849 690 multum
867 645 1010 687 incola

184 713 264 753 fuit
282 711 425 752 anima
443 722 551 750 mea.

235 772 343 814 Cum
380 771 469 819 his,
510 768 584 820 qui
622 766 809 808 oderunt
845 775 1010 816 pacem,

186 841 304 870 eram
340 826 565 879 pacificus:
601 824 624 849 *
663 835 761 863 cum
798 818 1010 871 loquebar

185 884 282 934 illis,
310 881 625 935 impugnabant
652 892 723 919 me
751 876 899 928 gratis.

237 959 333 999 Ant.
364 954 578 1003 Clamavi,
608 958 650 994 et
679 949 902 996 exaudivit
930 960 1010 988 me.

238 1032 336 1070 Ant.
369 1028 494 1070 Unde
522 1027 676 1068 veniet.

442 1107 641 1146 psalmus
662 1106 751 1144 120.

184 1173 371 1277 Dvavi
394 1174 546 1216 Oculos
565 1185 688 1214 meos
713 1172 757 1211 in
776 1175 968 1218 montes,
988 1170 1011 1194 *

274 1231 390 1272 unde
418 1231 563 1271 veniet
591 1228 800 1269 auxilium
828 1225 944 1266 mihi.

239 1287 461 1328 Auxilium
481 1298 625 1327 meum
642 1297 666 1325 a
677 1283 880 1333 Dumino,
897 1283 920 1308 *
937 1281 1011 1333 qui

186 1344 288 1385 fecit
308 1343 468 1384 coelum
488 1347 531 1383 et
549 1346 722 1382 terram.

236 1404 338 1445 Non
375 1403 450 1444 det
486 1402 530 1442 in
564 1400 904 1442 commotiunem
939 1411 1012 1450 pe-

188 1459 287 1501 dem
310 1464 448 1500 tuum:
476 1459 499 1483 *
527 1469 670 1508 neque
699 1455 909 1497 dormitet
938 1454 1013 1506 qui

188 1514 380 1556 custudit
407 1519 463 1555 te.

239 1575 354 1616 Ecce
372 1587 460 1615 non
480 1572 735 1615 dormitabit
754 1584 896 1623 neque
915 1570 1013 1611 dur-

188 1631 304 1680 miet,
323 1632 346 1655 *
370 1631 443 1682 qui
463 1628 655 1671 custodit
674 1627 822 1668 Israel.

241 1691 456 1731 Duminus
485 1689 678 1731 custudit
706 1694 767 1737 te,
796 1688 1012 1729 Duminus

190 1747 406 1799 protectio
429 1752 514 1795 tua,
528 1747 552 1771 *
568 1758 698 1797 super
717 1758 893 1785 manum
913 1744 1014 1785 dex-

194 1808 332 1843 teram
351 1808 481 1843 tuam.

242 1863 326 1903 Per
355 1862 471 1903 diem
499 1861 566 1902 sol
594 1874 682 1903 non
706 1866 803 1902 uret
822 1866 881 1902 te:
901 1861 924 1886 *
944 1874 1015 1901 ne-

193 1931 278 1970 que
305 1919 406 1959 luna
433 1931 511 1970 per
539 1923 724 1959 noctem.

243 1979 457 2019 Dominus
495 1978 687 2019 custodit
724 1983 769 2019 te
807 1977 862 2018 ab
898 1977 1017 2018 omni

192 2034 324 2075 malo:
358 2035 381 2059 *
414 2033 635 2074 custudiat
673 2034 861 2074 animam
897 2038 1017 2074 tuam

193 2090 419 2131 D6minus.

246 2150 460 2190 Deminus
477 2149 696 2190 custudiat
711 2149 939 2190 intruitum
954 2154 1018 2190 tu-

194 2218 287 2254 um,
328 2210 371 2246 et
408 2205 572 2246 exitum
608 2211 746 2246 tuum:
782 2206 805 2230 *
844 2218 898 2246 ex
934 2204 1019 2246 hoc

194 2273 321 2310 nunc,
349 2266 392 2302 et
419 2274 558 2312 usque
586 2261 629 2301 in
658 2261 877 2302 sa'eculum.

244 2335 343 2374 Ant.
373 2334 495 2375 Ifnde
514 2335 657 2375 ve'niet
678 2335 886 2375 auxilium
903 2334 1019 2375 mihi.

747 2418 799 2457 11.
822 2418 915 2458 Cor.
936 2421 964 2458 1.

280 2485 506 2527 enedictus
534 2485 669 2534 Deus,
705 2491 747 2526 et
775 2486 906 2526 Pater
934 2486 1020 2526 Du-

303 2541 407 2582 mini
425 2541 563 2582 nostri
582 2541 604 2581 J
609 2554 685 2581 esu
703 2541 875 2589 Christi,
891 2542 1022 2583 Pater

197 2596 615 2645 misericordiarum,
654 2602 697 2637 et
730 2597 851 2638 Deus
886 2600 1021 2638 totius

198 2652 529 2701 consolatiunis,
559 2653 633 2703 qui
663 2652 915 2693 consolatur
940 2665 1022 2694 nos

198 2709 241 2748 in
262 2709 379 2749 omni
399 2708 681 2749 tribulatiune
700 2714 861 2749 nostra.

245 2416 502 2466 Capitulum.

730 209 838 243 Furia
865 206 1034 240 secunda
1060 205 1108 238 ad
1136 204 1337 246 Vespera&

1370 297 1581 347 Hymnus.

1139 358 1335 397 mme'nse
1356 354 1458 396 coeli
1477 352 1705 402 C6nditor,

1166 412 1250 461 Qui
1268 411 1406 452 mixta
1425 423 1479 451 ne
1499 408 1830 456 confunderent,

1140 470 1283 520 Aquae
1303 468 1467 508 fluenta
1487 465 1701 515 dividens,

1141 524 1313 566 Coelum
1333 523 1496 565 dedisti
1515 522 1711 563 limitem.

1090 599 1289 639 Firmans
1307 597 1455 638 locum
1474 594 1743 643 coelestibus,

1141 653 1367 704 Simulque
1387 658 1518 694 terrae
1537 651 1708 701 rivulis;

1141 710 1200 751 Ut
1220 709 1337 750 unda
1357 709 1556 750 flammas
1577 709 1806 759 temperet,

1138 766 1290 807 Terrae
1309 765 1452 806 solum
1471 777 1526 805 ne
1546 763 1774 815 dissipent.

1090 837 1278 879 Infunde
1296 850 1422 886 nunc,
1441 836 1649 889 piissime,

1126 895 1319 935 'Donum
1340 892 1547 946 perennis
1566 891 1736 943 gratiae:

1142 949 1329 991 Fraudis
1349 962 1478 990 novae
1498 961 1553 989 ne
1573 946 1750 989 casibus

1141 1007 1238 1048 Nos
1259 1018 1382 1047 error
1403 1007 1565 1046 atterat
1586 1009 1725 1045 vetus.

1091 1081 1254 1121 Lucem
1273 1079 1384 1121 fides
1403 1078 1639 1130 adaugeat:

1142 1136 1214 1177 Sic
1233 1136 1410 1177 luminis
1430 1135 1554 1188 jubar
1572 1134 1702 1175 ferat:

1142 1193 1253 1233 Haec
1270 1205 1383 1233 vana
1402 1196 1561 1233 cuncta
1578 1191 1793 1243 pruterat:

1142 1249 1269 1290 Hanc
1289 1248 1399 1290 falsa
1417 1247 1538 1288 nulla
1557 1245 1863 1298 cumprimant.

1092 1324 1270 1371 Praesta,
1289 1322 1422 1362 Pater
1441 1319 1650 1374 piissime,

1142 1379 1352 1430 Patrique
1373 1390 1556 1430 compar
1572 1375 1723 1424 Unice,

1145 1434 1255 1475 Cum
1276 1434 1444 1486 Spiritu
1462 1431 1685 1474 Paraclito

1144 1491 1352 1541 Regnans
1370 1502 1450 1542 per
1470 1501 1600 1530 omne
1621 1487 1844 1529 saeculum.

1379 1546 1535 1587 Amen.
1734 1595 1736 1597 V

1119 1606 1170 1659 V.
1186 1611 1414 1665 Dirigatur
1428 1609 1618 1651 D6mine
1633 1608 1776 1650 oratio
1790 1619 1900 1649 mea.

1068 1669 1119 1720 R.
1132 1667 1254 1708 Sicut
1265 1667 1493 1708 incensum
1502 1666 1547 1706 in
1558 1666 1800 1717 conspectu
1810 1668 1900 1705 tuo.

1122 1734 1157 1773 Α
1166 1733 1193 1773 d
1205 1733 1274 1773 Ma
1279 1732 1379 1781 gnif.
1400 1732 1500 1772 Ant.
1515 1729 1768 1781 Magnificat
1777 1729 1802 1754 *
1813 1727 1901 1769 ani-

1068 1801 1139 1829 ma
1166 1801 1265 1829 mea
1287 1787 1545 1836 Duminum,
1575 1785 1678 1837 quia
1705 1783 1902 1837 respexit

1068 1845 1191 1886 Deus
1210 1843 1503 1885 humilitatem
1520 1855 1676 1883 meam.

1112 1927 1155 1960 In
1187 1926 1309 1961 Feriis
1335 1926 1582 1969 Vigiliarum,
1615 1935 1702 1969 quae
1734 1925 1903 1968 ieiunan-

1069 1980 1139 2017 tur,
1166 1972 1256 2018 pos't
1280 1975 1368 2008 Ant.
1396 1974 1445 2007 ad
1469 1973 1700 2015 Magnificat,
1725 1972 1904 2007 dicuntur

1072 2027 1277 2066 sequentes
1317 2022 1456 2055 Preces
1496 2021 1609 2055 flexis
1647 2020 1829 2063 genibus,
1870 2020 1902 2054 si

1071 2071 1247 2105 dicendae
1273 2070 1359 2104 sint.

1171 2142 1265 2194 yrie
1294 2138 1471 2183 eleison.
1519 2139 1698 2181 Christe
1727 2139 1903 2179 eleison.

1192 2198 1329 2250 Kyrie
1358 2197 1535 2239 eleison.

1132 2259 1257 2300 Pater
1271 2263 1435 2300 noster.
1448 2267 1570 2297 totum
1587 2262 1659 2296 dic.
1678 2262 1782 2296 clara
1797 2271 1903 2295 voce.

1125 2316 1173 2365 V.
1202 2319 1259 2360 Et
1287 2331 1342 2360 ne
1372 2330 1455 2359 nos
1483 2317 1667 2358 inducas
1695 2316 1739 2356 in
1764 2318 1903 2356 tenta-

1074 2375 1250 2416 tiunem.
1285 2375 1335 2426 R.
1364 2373 1453 2415 Sed
1472 2373 1611 2414 libera
1631 2385 1713 2413 nos
1732 2384 1758 2412 a
1774 2370 1903 2411 malo.

1126 2428 1174 2476 Y.
1208 2432 1302 2482 Ego
1332 2430 1439 2480 dixi,
1474 2429 1664 2470 Dumine
1694 2427 1905 2483 miserere

1075 2487 1171 2528 mei.
1206 2488 1257 2538 R».
1282 2487 1395 2528 Sana
1415 2486 1613 2526 animam·
1624 2496 1782 2532 meam,
1803 2481 1907 2533 quia

1076 2544 1257 2593 peccavi
1276 2542 1368 2584 tibi.

1126 2595 1174 2644 Y.
1215 2600 1483 2640 Convertere
1519 2596 1710 2638 D6mine
1745 2598 1902 2645 usque-

1078 2666 1175 2705 quo.
1219 2656 1267 2707 Rg.
1302 2656 1359 2696 Et
1388 2652 1683 2707 deprecabilis
1713 2657 1808 2691 esto
1839 2662 1906 2690 su-

1076 2723 1155 2761 per
1184 2723 1337 2752 servos
1365 2716 1477 2752 tuos.
