2040 2976
630 212 732 246 Infra
760 211 943 245 Octavum
969 210 1153 252 Corporis
1179 209 1330 243 Christi.
1403 237 1406 239 .

1766 207 1828 243 157

130 305 395 347 ineffabilem
431 304 611 346 modum
649 304 808 346 divinae
843 317 952 357 prae-

132 362 283 403 sentiae
318 362 361 402 in
388 362 667 403 Sacramento
695 360 855 402 visibili
883 372 953 401 ve-

130 419 345 459 neremur:
366 422 408 459 et
426 415 627 459 laudetur
642 417 726 458 Dei
745 416 954 469 potentia,

133 486 231 526 quae
250 474 294 514 in
314 474 595 515 Sacramento
620 472 777 514 eodem
794 477 861 514 tot
879 473 954 513 mi-

131 529 284 572 rabilia
300 532 521 583 operatur:
540 542 620 571 nec
634 542 722 570 non
738 534 780 570 et
796 529 851 570 de
865 534 955 570 tam

132 586 307 636 salubri,
325 591 502 638 tamque
517 585 640 627 suavi
654 585 869 639 beneficio
885 598 956 626 ex-

132 642 359 684 solvantur
391 642 488 684 Deo
520 642 759 693 gratiarum
795 641 957 683 debitae

133 698 337 740 actiones.
360 699 526 740 Verum
546 699 629 740 etsi
645 698 689 739 in
709 698 780 740 die
797 699 955 748 Coenae,

134 753 310 807 quando
338 755 667 797 Sacramentum
698 754 958 808 praedictum

133 811 328 853 noscitur
363 810 622 861 institutum,
658 812 771 853 inter
806 812 957 852 Missa-

132 881 230 908 rum
244 867 453 909 solemnia
468 867 523 910 de
537 868 809 910 institutione
819 869 957 921 ipsius

134 923 336 976 specialis
367 925 529 966 mentio
557 924 785 967 habeatur:
816 929 958 967 totum

132 984 279 1023 tamen
300 980 522 1023 residuum
546 981 741 1034 ejusdem
760 981 846 1023 diei
866 981 956 1023 offi-

136 1036 250 1079 cium
279 1037 335 1079 ad
364 1037 524 1080 Christi
551 1038 802 1091 passionem
829 1038 959 1090 perti-

134 1098 223 1144 net,
249 1094 365 1136 circa
388 1095 508 1146 cujus
531 1095 857 1137 venerationem
879 1095 958 1135 Ec-

135 1149 267 1192 clesia
284 1150 360 1192 illo
379 1153 579 1204 tempore
599 1154 850 1204 occupatur.

186 1215 236 1267 R.
265 1211 559 1254 Coenantibus.
578 1214 659 1254 151.

442 1287 593 1327 Lectio
614 1301 650 1326 v.

226 1355 244 1391 t
263 1355 407 1392 autem
426 1354 596 1402 integro
616 1350 882 1392 celebritatis
902 1351 960 1392 of-

238 1406 340 1447 ficio
359 1407 675 1449 institutionem
689 1407 800 1449 tanti
814 1407 961 1448 Sacra-

69 1474 74 1480 ·
137 1461 272 1503 menti
285 1462 500 1504 recoleret
513 1463 640 1516 plebs
650 1463 860 1505 fidelium:
875 1464 961 1505 Ro-

138 1519 292 1559 manus
315 1519 518 1560 Pontifex
541 1519 745 1561 Urbanus
771 1525 962 1572 quartus,

137 1573 262 1626 hujus
293 1575 560 1616 Sacramenti
596 1575 829 1618 devotione
861 1575 960 1617 affe-

139 1635 253 1681 ctus,
285 1631 357 1683 pie
389 1632 541 1674 statuit
568 1632 767 1685 praefatae
794 1632 961 1674 institu-

138 1687 270 1729 tionis
292 1689 547 1729 memoriam
570 1689 712 1741 prima
736 1690 884 1742 quinta
905 1689 962 1730 fe-

139 1744 203 1784 ria
239 1749 342 1797 post
374 1745 589 1787 Octavam
607 1746 904 1788 Pentecostes
938 1759 963 1786 a
1020 1745 1146 1803 ,2‘

140 1800 306 1842 cunctis
331 1800 534 1843 fidelibus
559 1802 783 1844 celebrari:
815 1806 864 1843 ut
890 1801 963 1852 qui
1027 1821 1155 1847 5

139 1869 219 1909 per
245 1861 387 1899 totum
414 1858 515 1899 anni
542 1859 750 1900 circulum
777 1858 862 1900 hoc
890 1859 962 1899 Sa-

140 1915 362 1955 cramento
383 1915 544 1956 utimur
568 1915 625 1956 ad
644 1915 844 1964 salutem,
872 1915 962 1965 ejus

138 1968 456 2012 institutionem
481 1971 556 2013 illo
579 1973 778 2024 tempore
798 1970 962 2024 specia-

141 2024 240 2067 liter
263 2026 525 2078 reeolAmus,
555 2041 642 2080 quo
663 2028 850 2081 Spiritus
870 2040 963 2068 san-

141 2085 237 2123 ctus
268 2082 403 2124 corda
439 2083 753 2137 discipulorum
787 2082 964 2125 edocuit

141 2137 198 2179 ad
229 2138 358 2190 plene
392 2140 698 2192 cognoscenda
724 2140 849 2192 hujus
876 2153 963 2191 my-

142 2194 274 2235 steria
295 2195 573 2238 Sacramenti.
609 2197 723 2238 Nam
750 2202 794 2238 et
820 2196 865 2236 in
892 2198 963 2237 eo-

142 2247 243 2291 dem
280 2253 480 2305 tempore
521 2254 657 2306 coepit
696 2253 781 2294 hoc
817 2253 964 2293 Sacra-

141 2307 336 2348 mentum
355 2321 381 2349 a
398 2308 601 2351 fidelibus
623 2306 900 2361 frequentari.

195 2371 245 2423 Ru
271 2369 459 2422 Accepit
477 2370 502 2411 J
505 2383 615 2412 esus.
634 2371 714 2411 151.

442 2444 595 2485 Lectio
615 2443 669 2483 vi.

232 2506 251 2543 t
275 2507 421 2544 autem
443 2504 657 2556 praedicta
683 2502 831 2556 quinta
849 2503 966 2553 feria,

247 2563 290 2600 et
309 2571 388 2611 per
404 2559 594 2601 Octavas
614 2561 856 2611 sequentes,
877 2559 966 2609 ejus

145 2613 348 2655 salutaris
372 2615 655 2656 institutionis
680 2614 965 2656 honorificen-

142 2669 228 2710 tius
257 2672 410 2721 agatur
436 2671 662 2720 memoria,
696 2675 740 2711 et
768 2670 965 2711 solemni-

143 2729 211 2766 tas
260 2726 316 2768 de
362 2726 447 2768 hoc
482 2726 696 2768 celebrior
740 2726 966 2768 habeatur:

298 2866 362 2890 Pars
376 2866 483 2891 AEstiva.

1004 302 1103 344 loco
1138 303 1490 345 distributionum
1524 305 1827 354 materialium,

1006 372 1104 411 quae
1124 359 1168 400 in
1188 359 1383 401 ecclesiis
1404 361 1727 402 cathedralibus
1746 361 1826 401 lar-

1005 416 1181 466 giuntur
1206 416 1516 458 exsistentibus
1535 417 1668 458 Horis
1690 417 1826 458 Cano-

1005 472 1113 513 nicis
1129 473 1365 523 nocturnis,
1384 474 1635 526 pariterque
1655 472 1829 523 diurnis,

1006 528 1214 580 praefatus
1252 529 1479 570 Romanus
1515 530 1716 571 Pontifex
1753 530 1829 579 eis,

1009 585 1082 637 qui
1110 584 1361 637 hujusmodi
1386 586 1520 627 Horis
1546 586 1588 626 in
1614 586 1696 628 hac
1721 586 1829 627 sole-

1007 642 1189 683 mnitate
1230 642 1518 694 personaliter
1558 642 1601 682 in
1638 642 1831 684 ecclesiis

1007 698 1295 748 interfuerint,
1338 699 1556 751 stipendia
1592 699 1833 751 spiritualia

1009 754 1254 807 apostolica
1311 755 1542 806 largitione
1600 755 1833 796 concessit:

1013 812 1225 862 quatenus
1251 824 1331 864 per
1354 811 1449 853 haec
1473 811 1626 853 fideles
1651 811 1707 852 ad
1725 811 1834 852 tanti

1010 866 1110 908 festi
1129 866 1428 909 celebritatem
1445 868 1613 910 avidius
1629 872 1672 909 et
1687 867 1833 919 copio-

1011 923 1100 964 sius
1119 926 1411 966 convenirent.

1064 988 1115 1039 R,
1140 980 1235 1031 Ego
1256 994 1361 1021 sum.
1381 981 1467 1022 152.

1232 1066 1280 1105 In
1302 1066 1372 1104 111.
1395 1065 1615 1104 Nocturno.

1013 1120 1163 1163 Lectio
1191 1120 1329 1161 sancti
1347 1120 1572 1171 Evangelii
1598 1119 1836 1161 secundum

1313 1176 1535 1226 Joannem.

1102 1241 1266 1296 ,Lcctio
1291 1241 1359 1281 vii.
1529 1240 1629 1291 Cap.
1651 1241 1686 1279 6.
1709 1240 1730 1279 f.

1059 1315 1087 1342 n
1112 1301 1186 1342 illo
1212 1303 1426 1354 tempore:
1454 1302 1576 1344 Dixit
1599 1303 1624 1343 J
1627 1316 1726 1344 esus
1750 1307 1834 1344 tur-

1081 1357 1148 1399 bis
1167 1358 1191 1398 J
1194 1357 1434 1399 udaeorum:
1461 1358 1573 1400 Caro
1598 1372 1709 1408 mea,
1732 1372 1834 1400 vere

1014 1418 1079 1455 est
1108 1413 1249 1455 cibus:
1286 1419 1329 1455 et
1358 1415 1532 1466 sanguis
1559 1428 1699 1466 meus,
1732 1428 1835 1457 vere

1015 1475 1081 1511 est
1099 1475 1240 1523 potus.
1266 1471 1324 1511 Et
1342 1471 1520 1523 reliqua.

1070 1544 1136 1583 De
1164 1540 1357 1581 Homih'a
1385 1541 1523 1582 sancti
1550 1540 1782 1592 Augustini

1199 1600 1201 1602 ’
1315 1597 1537 1650 Episcopi.

1183 1665 1307 1699 Tract.
1331 1665 1382 1698 27.
1408 1665 1446 1698 in
1471 1664 1668 1698 -lounncnr

1077 1719 1140 1758 »ists
1164 1713 1275 1755 erba
1302 1714 1476 1754 Domini
1509 1726 1563 1755 ex
1589 1713 1837 1764 Evangelio,

1131 1776 1158 1804 εἰ
1189 1782 1287 1822 quae
1329 1772 1573 1811 sermonem
1609 1770 1837 1822 pristinum

1149 1849 1154 1851 -
1187 1829 1534 1877 consequuntur,
1586 1825 1838 1866 audivimus.

1015 1883 1130 1924 Hinc
1171 1895 1315 1924 sermo
1357 1881 1551 1938 debetur¹
1581 1881 1756 1923 auribus
1795 1886 1838 1922 et

1015 1938 1232 1980 mentibus
1260 1939 1434 1988 vestris,
1462 1943 1506 1980 et
1530 1937 1742 1979 hodierna
1768 1937 1838 1978 die

1015 2008 1103 2036 non
1125 1995 1401 2047 importunus
1426 1999 1502 2035 est.
1543 1994 1623 2035 Est
1646 1994 1760 2035 enim
1784 1993 1839 2034 de

1017 2054 1203 2104 corpore
1228 2051 1418 2100 Domini,
1448 2050 1568 2103 quod
1593 2050 1767 2092 dicebat
1793 2062 1839 2090 se

1018 2107 1122 2149 dare
1167 2107 1224 2148 ad
1267 2106 1616 2148 manducandum
1657 2111 1839 2159 propter

1017 2165 1226 2205 aeternam
1256 2164 1399 2205 vitam.
1451 2163 1668 2215 Exposuit
1695 2168 1839 2204 autem

1017 2219 1196 2262 modum
1214 2219 1507 2261 attributionis
1522 2218 1658 2271 hujus,
1678 2224 1721 2260 et
1737 2218 1839 2260 doni

1018 2277 1099 2326 sui,
1124 2275 1347 2328 quomodo
1372 2275 1496 2317 daret
1520 2287 1693 2317 carnem
1718 2287 1840 2316 suam

1016 2332 1291 2382 manducare,
1314 2332 1478 2374 dicens:
1503 2333 1587 2382 Qui
1605 2330 1840 2372 manducat

1018 2401 1193 2429 carnem
1213 2401 1366 2438 meam,
1390 2393 1434 2430 et
1454 2387 1565 2430 bibit
1588 2387 1840 2438 sanguinem

1017 2457 1172 2493 meum,
1197 2444 1240 2484 in
1258 2457 1328 2485 me
1346 2448 1502 2493 manet,
1528 2448 1571 2485 et
1590 2455 1671 2494 ego
1691 2443 1733 2483 in
1753 2442 1840 2483 illo.

1018 2500 1196 2552 Signum
1222 2499 1322 2552 quia
1347 2499 1627 2541 manducavit
1651 2504 1694 2540 et
1719 2498 1839 2545 bibit,

1017 2556 1102 2597 hoc
1129 2561 1212 2597 est:
1242 2557 1278 2597 si
1304 2561 1465 2605 manet,
1494 2561 1538 2597 et
1563 2556 1776 2596 manetur:
1803 2552 1840 2593 si

1017 2611 1195 2661 habitat,
1215 2617 1258 2653 et
1275 2611 1554 2654 inhabitatur:
1575 2611 1611 2651 si
1627 2610 1774 2659 haeret,
1792 2612 1840 2649 ut

1017 2680 1106 2709 non
1125 2668 1361 2710 deseretur.

1071 2737 1121 2787 R
1147 2728 1230 2778 Qui
1251 2727 1495 2769 manducat.
1519 2727 1606 2767 154.

1571 2853 1633 2886 11*
