2040 2976
820 231 984 265 Litaniae
1009 231 1246 265 Sanctorum.

448 327 648 366 Psalmus
669 327 734 366 69.

289 399 340 427 us
359 386 403 426 in
423 385 685 437 adjuterium
704 398 851 426 meum
870 384 1005 426 inten-

281 442 352 483 de:
371 443 395 467 *
413 442 604 483 Demine
630 441 688 482 ad
713 439 1008 493 adjuvandum
1058 439 1152 482 bus.

174 510 246 539 me
266 498 436 539 festina.

228 553 578 602 Confundantur,
599 558 643 594 et
662 555 964 601 revereantur,
983 554 1008 579 *

177 610 252 662 qui
271 615 474 661 quaerunt
493 610 682 650 animam
701 621 858 649 meam:

229 667 500 707 Avertantur
537 667 795 713 reuersum,
836 669 880 705 et
913 677 1006 705 eru-

175 721 368 771 bescant,
386 722 410 747 *
431 721 506 773 qui
523 720 677 761 volunt
696 719 803 760 mihi
819 719 949 759 mala:

173 834 197 859 *
218 833 291 885 qui
311 833 461 874 dieunt
478 831 599 872 mihi:
624 833 756 882 Euge,
781 843 903 881 euge.

1032 735 1036 754 ι
1205 751 1213 759 ,
1264 716 1289 751 12:

226 777 496 818 Avertantur
516 777 664 817 statim
684 774 1007 823 erubescentes,
1032 755 1036 810 J
1059 727 1203 760 meam

1119 318 1164 368 ’λ
1176 329 1477 380 Requiescant
1487 329 1530 369 in
1540 341 1662 381 pace.
1689 342 1691 345 ·
1738 329 1892 369 Amen.

1118 380 1163 424 δ’.
1186 384 1274 426 Pro
1294 384 1502 426 fratribus
1520 385 1683 425 nostris
1703 383 1890 426 absenti-

1222 437 1268 486 Νη.
1297 440 1453 481 Salvos
1485 440 1555 481 fac
1587 453 1739 482 servos
1772 445 1890 489 tuos,

1032 498 1036 543 J
1059 497 1181 544 Deus
1200 509 1324 536 meus
1344 498 1576 548 sperantes
1593 496 1638 536 in
1658 501 1713 537 te.

1117 547 1148 591 ,Ὺ
1199 552 1327 593 Mitte
1364 552 1427 593 eis
1459 552 1649 592 Demine
1682 552 1892 593 auxilium

1061 607 1116 649 de
1131 612 1297 664 sancto.
1327 607 1371 653 Ν,
1389 608 1447 648 Et
1467 607 1522 649 de
1541 608 1646 649 Sion
1665 610 1788 649 tuere
1804 620 1892 649 eos.

1116 658 1137 702 J
1206 664 1395 704 Demine
1441 663 1602 704 exandi
1646 664 1892 704 oratienem

1333 720 1389 760 Et
1419 719 1586 760 elamor
1611 732 1735 760 meus
1763 718 1821 760 ad
1847 724 1892 760 te

1059 775 1217 835 veniat.

1124 838 1163 869 52-
1198 831 1416 872 Deminus
1455 830 1697 872 vobiscum.
1836 831 1893 872 Et

224 888 459 930 Exsultent
475 893 519 929 et
529 888 734 929 laetentur
744 889 787 928 in
797 892 842 929 te
854 900 1007 928 omnes
1032 886 1035 941 J
1060 900 1160 928 cum
1180 887 1337 940 spiritu
1356 891 1446 928 tuo.

176 945 250 997 qui
265 949 467 996 quaerunt
482 949 537 993 te,
552 945 576 969 '⁸¹
592 949 636 985 et
656 943 804 985 dicant
818 956 1006 995 semper:

1169 959 1177 984 ¹
1196 958 1365 997 'remus

173 1000 718 1051 MagnificeturDeminus:
734 1001 809 1052 qui
822 1000 1007 1051 diligunt
1032 999 1035 1072 J
1064 1001 1243 1105 Deus,
1269 1013 1338 1053 cui
1362 1012 1592 1064 pffiprium
1611 986 1895 1053 est-miserffii

1032 1073 1036 1095 J

175 1057 367 1098 salutare
386 1061 520 1097 tuum.

1156 1081 1332 1121 semper
1351 1073 1394 1109 et
1410 1070 1609 1120 parcere:
1629 1068 1806 1120 suscipe
1822 1067 1893 1109 de-

226 1113 321 1163 EgO
337 1124 443 1153 Vero
459 1113 633 1163 egemus,
651 1116 695 1153 et
711 1124 881 1164 Pauper
897 1125 1007 1153 SUffl³
1032 1097 1037 1183 J
1060 1125 1362 1176 precatienem
1393 1129 1606 1173 nostram3
1647 1128 1695 1164 ut
1722 1136 1819 1172 nOS‚
1851 1129 1894 1165 et

174 1169 198 1194 *
216 1168 338 1209 Deus
359 1168 518 1218 adjuva
534 1180 616 1208 me.

230 1224 415 1275 Adiutor
434 1236 569 1273 meus,
589 1228 633 1264 et
653 1222 864 1265 liberator
883 1237 1007 1264 meus

177 1293 224 1321 es
241 1285 303 1321 tu:
323 1280 347 1306 *
366 1280 556 1321 Demine
575 1292 629 1320 ne
648 1280 845 1320 moreris.

229 1336 384 1377 Gloria
402 1335 534 1376 Patri.
562 1335 682 1376 Sicut
702 1341 806 1376 erat.

231 1388 281 1439 V'.
296 1392 452 1433 Salvos
467 1391 536 1432 fae
551 1403 704 1432 servos
719 1396 830 1432 tuos.
861 1394 905 1442 Κ,
920 1392 1004 1433 De-

175 1461 226 1489 us
245 1460 368 1489 meus
389 1449 618 1499 sperantes
638 1447 682 1487 in
700 1453 756 1488 te.

231 1499 281 1550 V.
296 1504 405 1545 Esto
425 1503 553 1545 nobis
569 1504 758 1545 Domine
777 1504 908 1544 turris
923 1503 1007 1544 for-

175 1559 385 1601 titudinis.
419 1563 466 1612 R'·
487 1561 528 1600 A
547 1560 658 1600 facie
678 1560 852 1600 inimici.

233 1611 282 1662 V.
297 1615 416 1656 Nihil
435 1616 639 1669 proficiat
658 1616 858 1656 inimicus
873 1616 917 1655 in
932 1628 1007 1656 no-

175 1672 254 1714 bis.
320 1674 369 1724 Rz.
403 1673 460 1714 Et
496 1672 611 1712 filius
644 1672 886 1723 iniquitatis
919 1684 1007 1712 non

176 1731 372 1781 appenat
390 1731 550 1770 nocere
570 1727 709 1769 nobis.

234 1779 285 1830 V.
305 1785 494 1826 Demine
522 1797 611 1826 non
639 1784 882 1825 secundum
907 1797 1006 1836 pec-

177 1842 276 1881 cata
294 1845 446 1882 nostra
464 1841 599 1882 facias
619 1840 758 1882 nobis.
787 1841 836 1880 R.
850 1839 1007 1891 Neque

176 1895 419 1937 secundum
450 1897 704 1948 iniquitates
736 1901 911 1937 nostras
943 1907 1007 1935 re-

175 1951 344 1992 tribuas
363 1952 502 1993 nobis.

234 2004 286 2055 V.
302 2007 489 2048 Oremus
513 2020 594 2060 pro
614 2007 829 2048 Pontifice
852 2012 1005 2048 nostro

180 2064 232 2105 N.
264 2065 315 2116 R.
331 2063 549 2104 Deminus
569 2065 803 2104 conservet
822 2076 936 2111 eum,
963 2068 1007 2104 et

176 2119 368 2161 vivificet
383 2132 492 2169 eum,
509 2124 552 2160 et
566 2119 746 2160 beatum
760 2119 892 2159 faciat
907 2131 1006 2159 eum

176 2175 220 2215 in
238 2179 370 2224 terra,
397 2180 441 2218 et
463 2188 552 2216 non
571 2175 717 2216 tradat
737 2187 835 2215 eum
854 2174 900 2214 in
919 2175 1005 2215 ani-

176 2243 293 2271 mam
311 2231 587 2272 inimicorum
607 2231 708 2282 ejus.

234 2286 284 2336 V.
313 2287 500 2327 Oremus
533 2299 615 2339 pro
647 2286 1006 2328 benefactoribus

177 2343 350 2384 nostris.
379 2346 429 2396 R.
443 2342 706 2383 Retribuere
723 2342 904 2393 dignare
919 2343 1006 2384 De-

176 2399 293 2439 mine
322 2398 526 2439 omnibus
553 2398 681 2440 nobis
708 2398 826 2439 bona
851 2399 1007 2439 facien-

177 2453 296 2495 tibus
321 2459 506 2506 propter
533 2467 694 2495 nomen
721 2460 845 2495 tuum
873 2455 1009 2495 vitam

178 2511 400 2550 aeternam.
427 2510 581 2550 Amen.

236 2561 285 2611 V.
309 2565 496 2605 Oremus
521 2577 603 2616 pro
628 2564 833 2606 fidelibus
858 2564 1007 2605 defun-

179 2620 272 2661 ctis.
327 2622 372 2672 R.
401 2621 618 2671 Requiem
649 2622 860 2661 aeternam
891 2620 1009 2662 dona

180 2676 242 2717 eis
276 2676 481 2717 Demine:
522 2682 566 2716 et
598 2676 673 2716 lux
705 2677 918 2728 perpetua
947 2676 1008 2716 lu·
1036 2690 1039 2708 =

1036 2711 1040 2777 J
1063 2735 1215 2785 epera:
1243 2733 1300 2774 da
1324 2733 1463 2774 servis
1486 2732 1573 2773 tuis
1597 2731 1731 2780 illam,
1761 2743 1892 2782 quam

179 2736 276 2772 ceat
295 2731 368 2772 eis.

1032 1187 1037 1238 ζ
1061 1193 1214 1221 omnes
1232 1172 1421 1221 famulo's
1440 1185 1556 1229 tuos,
1581 1192 1694 1231 quos
1714 1178 1894 1220 delicte—

1033 1243 1037 1276 }
1060 1249 1156 1277 rum
1183 1238 1339 1277 catena
1363 1235 1640 1286 constringit,
1668 1235 1893 1276 miseratio

1060 1297 1148 1333 tuae
1168 1292 1344 1344 pietatis
1364 1291 1602 1333 clementer
1622 1291 1836 1332 absolvat.

1064 1346 1288 1451 Exaudi,
1308 1364 1560 1414 quaesumus
1575 1361 1774 1410 Demine,
1795 1364 1895 1413 sup-

1156 1418 1321 1470 plicum
1338 1431 1506 1470 preces,
1527 1423 1571 1458 et
1590 1417 1894 1458 confitentium

1060 1474 1142 1516 tibi
1166 1487 1300 1526 parce
1320 1474 1531 1526 peccatis:
1558 1478 1608 1514 ut
1630 1473 1796 1524 pariter
1819 1485 1894 1513 no-

1059 1530 1128 1571 bis
1150 1529 1470 1580 indulgentiam
1492 1528 1660 1570 tribuas
1680 1528 1894 1580 benignus

1061 1591 1105 1626 et
1124 1598 1291 1638 pacem.

1067 1642 1359 1746 Ineffabilem
1377 1649 1506 1690 nobis
1522 1649 1711 1689 Demine
1730 1648 1894 1688 miseri-

1129 1705 1325 1746 cerdiam
1348 1710 1469 1746 tuam
1494 1704 1733 1745 clementer
1752 1705 1894 1744 osten-

1061 1761 1131 1802 de:
1159 1766 1207 1802 ut
1236 1761 1365 1802 simul
1394 1773 1476 1801 nos
1504 1765 1548 1801 et
1576 1773 1601 1801 a
1626 1760 1824 1812 peccatis
1851 1762 1894 1800 ό-

1061 1816 1235 1858 mnibus
1270 1818 1421 1864 exuas,
1454 1822 1499 1857 et
1533 1829 1558 1856 a
1591 1816 1751 1868 poenis,
1786 1828 1895 1866 quas

1060 1885 1142 1925 pro
1162 1872 1230 1912 his
1248 1874 1478 1921 meremur,
1498 1873 1669 1923 eripias.

1066 1937 1244 2041 DeuS‚
1272 1936 1346 1987 qui
1371 1937 1501 1987 culpa
1524 1934 1776 1983 offenderis,
1802 1946 1893 1986 poe-

1168 1992 1350 2033 nitentia
1381 1990 1587 2043 placaris:
1628 2003 1784 2042 preces
1817 1991 1893 2042 ρό-

1060 2047 1153 2099 puli
1177 2047 1242 2088 tui
1268 2046 1557 2099 supplicantis
1583 2045 1803 2098 propitius
1829 2048 1893 2086 re-

1062 2104 1199 2156 spice3
1238 2108 1282 2143 et
1313 2101 1486 2152 flagella
1517 2107 1607 2143 tuae
1638 2101 1894 2150 iracundiae,

1064 2171 1163 2210 quae
1181 2171 1263 2210 pro
1279 2158 1475 2210 peccatis
1490 2158 1653 2199 nostris
1667 2158 1894 2206 meremur,

1063 2216 1223 2256 averte.

1144 2277 1396 2326 mnipotens
1441 2274 1708 2326 sempiterne
1754 2273 1893 2323 Deus,

1162 2330 1370 2371 miserere
1396 2329 1560 2371 famulo
1587 2335 1665 2371 tuo
1690 2329 1894 2370 Pontifici

1061 2391 1216 2427 nostro
1230 2386 1293 2435 N„
1313 2391 1356 2427 et
1376 2386 1515 2437 dirige
1535 2398 1635 2427 eum
1651 2384 1893 2426 secundum

1061 2447 1182 2482 tuam
1215 2441 1493 2483 clementiam
1524 2442 1567 2482 in
1595 2441 1711 2482 viam
1739 2440 1892 2481 salutis

1062 2499 1254 2538 aeternae:
1273 2502 1331 2547 ut,
1350 2502 1394 2539 te
1410 2497 1614 2546 donante,
1633 2496 1713 2538 tibi
1731 2496 1893 2548 placita

1063 2553 1222 2605 cupiat,
1243 2559 1286 2594 et
1304 2559 1399 2595 tota
1418 2554 1580 2595 virtute
1599 2552 1810 2604 perficiat.

1067 2620 1244 2723 Deus,
1286 2634 1311 2662 a
1349 2634 1437 2673 quo
1475 2625 1627 2662 sancta
1663 2619 1892 2668 desideria,

1183 2683 1303 2718 recta
1335 2677 1534 2724 consilia,
1573 2681 1616 2716 et
1647 2676 1758 2727 justa
1791 2679 1892 2716 sunt
