<?xml version="1.0" encoding="UTF-8"?>
<!DOCTYPE html PUBLIC "-//W3C//DTD XHTML 1.0 Transitional//EN"
    "http://www.w3.org/TR/xhtml1/DTD/xhtml1-transitional.dtd">
<html xmlns="http://www.w3.org/1999/xhtml" xml:lang="en" lang="en">
 <head>
  <title>
</title>
<meta http-equiv="Content-Type" content="text/html;charset=utf-8" />
  <meta name='ocr-system' content='tesseract 3.04.00' />
  <meta name='ocr-capabilities' content='ocr_page ocr_carea ocr_par ocr_line ocrx_word'/>
</head>
<body>
  <div class='ocr_page' id='page_1' title='image "./p3breviariumroma00cathuoft_0664.png"; bbox 0 0 2040 2976; ppageno 0'>
   <div class='ocr_carea' id='block_1_1' title="bbox 181 199 250 243">
    <p class='ocr_par' dir='ltr' id='par_1_1' title="bbox 181 199 250 243">
     <span class='ocr_line' id='line_1_1' title="bbox 181 199 250 243; baseline 0 0"><span class='ocrx_word' id='word_1_1' title='bbox 181 199 250 243; x_wconf 85' lang='lat'>[74]</span> 
     </span>
    </p>
   </div>
   <div class='ocr_carea' id='block_1_2' title="bbox 179 300 1011 858">
    <p class='ocr_par' dir='ltr' id='par_1_2' title="bbox 180 300 1009 518">
     <span class='ocr_line' id='line_1_2' title="bbox 446 300 735 341; baseline 0.003 -2"><span class='ocrx_word' id='word_1_2' title='bbox 446 300 645 341; x_wconf 85' lang='lat' dir='ltr'>Psalmus</span> <span class='ocrx_word' id='word_1_3' title='bbox 673 301 735 340; x_wconf 83' lang='lat'>23.</span> 
     </span>
     <span class='ocr_line' id='line_1_3' title="bbox 267 353 1009 407; baseline 0.001 -13"><span class='ocrx_word' id='word_1_4' title='bbox 267 353 402 394; x_wconf 85' lang='lat' dir='ltr'>omini</span> <span class='ocrx_word' id='word_1_5' title='bbox 433 358 501 395; x_wconf 89' lang='lat' dir='ltr'>est</span> <span class='ocrx_word' id='word_1_6' title='bbox 532 358 666 404; x_wconf 88' lang='lat' dir='ltr'>terra,</span> <span class='ocrx_word' id='word_1_7' title='bbox 707 359 751 396; x_wconf 91' lang='lat' dir='ltr'>et</span> <span class='ocrx_word' id='word_1_8' title='bbox 781 354 1009 407; x_wconf 81' lang='lat' dir='ltr'>plenitudo</span> 
     </span>
     <span class='ocr_line' id='line_1_4' title="bbox 284 409 1009 462; baseline 0.001 -11"><span class='ocrx_word' id='word_1_9' title='bbox 284 411 389 462; x_wconf 87' lang='lat' dir='ltr'>ejus:</span> <span class='ocrx_word' id='word_1_10' title='bbox 410 411 434 437; x_wconf 86' lang='lat'>*</span> <span class='ocrx_word' id='word_1_11' title='bbox 453 409 573 451; x_wconf 92' lang='lat' dir='ltr'>orbis</span> <span class='ocrx_word' id='word_1_12' title='bbox 594 413 826 460; x_wconf 85' lang='lat' dir='ltr'>terrarum,</span> <span class='ocrx_word' id='word_1_13' title='bbox 857 416 900 452; x_wconf 88' lang='lat' dir='ltr'>et</span> <span class='ocrx_word' id='word_1_14' title='bbox 919 411 1009 452; x_wconf 90' lang='lat' dir='ltr'>uni—</span> 
     </span>
     <span class='ocr_line' id='line_1_5' title="bbox 180 465 758 518; baseline 0.002 -11"><span class='ocrx_word' id='word_1_15' title='bbox 180 466 295 507; x_wconf 85' lang='lat' dir='ltr'>versi</span> <span class='ocrx_word' id='word_1_16' title='bbox 317 466 392 518; x_wconf 94' lang='lat' dir='ltr'>qui</span> <span class='ocrx_word' id='word_1_17' title='bbox 410 465 610 508; x_wconf 88' lang='lat' dir='ltr'>habitant</span> <span class='ocrx_word' id='word_1_18' title='bbox 628 467 672 507; x_wconf 92' lang='lat' dir='ltr'>in</span> <span class='ocrx_word' id='word_1_19' title='bbox 693 479 758 508; x_wconf 88' lang='lat' dir='ltr'>eo.</span> 
     </span>
    </p>

    <p class='ocr_par' dir='ltr' id='par_1_3' title="bbox 180 526 1011 680">
     <span class='ocr_line' id='line_1_6' title="bbox 233 526 1011 579; baseline 0 -12"><span class='ocrx_word' id='word_1_20' title='bbox 233 526 344 576; x_wconf 83' lang='lat' dir='ltr'><strong>Quia</strong></span> <span class='ocrx_word' id='word_1_21' title='bbox 369 527 465 578; x_wconf 92' lang='lat' dir='ltr'>ipse</span> <span class='ocrx_word' id='word_1_22' title='bbox 490 539 623 579; x_wconf 90' lang='lat' dir='ltr'>super</span> <span class='ocrx_word' id='word_1_23' title='bbox 648 527 786 568; x_wconf 88' lang='lat' dir='ltr'>maria</span> <span class='ocrx_word' id='word_1_24' title='bbox 811 526 1011 568; x_wconf 83' lang='lat' dir='ltr'>fundavit</span> 
     </span>
     <span class='ocr_line' id='line_1_7' title="bbox 180 583 1010 636; baseline 0 -12"><span class='ocrx_word' id='word_1_25' title='bbox 180 596 293 624; x_wconf 92' lang='lat' dir='ltr'>eum:</span> <span class='ocrx_word' id='word_1_26' title='bbox 325 584 348 609; x_wconf 85' lang='lat'>*</span> <span class='ocrx_word' id='word_1_27' title='bbox 382 587 426 624; x_wconf 91' lang='lat' dir='ltr'>et</span> <span class='ocrx_word' id='word_1_28' title='bbox 460 595 594 635; x_wconf 90' lang='lat' dir='ltr'>super</span> <span class='ocrx_word' id='word_1_29' title='bbox 631 583 809 624; x_wconf 67' lang='lat' dir='ltr'>flamina</span> <span class='ocrx_word' id='word_1_30' title='bbox 842 596 1010 636; x_wconf 88' lang='lat' dir='ltr'>praepa-</span> 
     </span>
     <span class='ocr_line' id='line_1_8' title="bbox 180 639 431 680; baseline -0.004 -1"><span class='ocrx_word' id='word_1_31' title='bbox 180 639 293 679; x_wconf 85' lang='lat' dir='ltr'>ravit</span> <span class='ocrx_word' id='word_1_32' title='bbox 321 651 431 680; x_wconf 87' lang='lat' dir='ltr'>eum.</span> 
     </span>
    </p>

    <p class='ocr_par' dir='ltr' id='par_1_4' title="bbox 179 694 1011 858">
     <span class='ocr_line' id='line_1_9' title="bbox 232 694 1011 744; baseline 0.001 -9"><span class='ocrx_word' id='word_1_33' title='bbox 232 695 339 744; x_wconf 94' lang='lat' dir='ltr'>Quis</span> <span class='ocrx_word' id='word_1_34' title='bbox 374 694 582 736; x_wconf 91' lang='lat' dir='ltr'>ascendet</span> <span class='ocrx_word' id='word_1_35' title='bbox 619 695 662 735; x_wconf 90' lang='lat' dir='ltr'>in</span> <span class='ocrx_word' id='word_1_36' title='bbox 696 700 890 736; x_wconf 91' lang='lat' dir='ltr'>montem</span> <span class='ocrx_word' id='word_1_37' title='bbox 924 695 1011 736; x_wconf 83' lang='lat' dir='ltr'>Do-</span> 
     </span>
     <span class='ocr_line' id='line_1_10' title="bbox 179 749 1011 803; baseline 0.001 -12"><span class='ocrx_word' id='word_1_38' title='bbox 179 749 307 791; x_wconf 88' lang='lat' dir='ltr'>mini?</span> <span class='ocrx_word' id='word_1_39' title='bbox 342 752 366 778; x_wconf 85' lang='lat'>*</span> <span class='ocrx_word' id='word_1_40' title='bbox 401 755 476 792; x_wconf 89' lang='lat' dir='ltr'>aut</span> <span class='ocrx_word' id='word_1_41' title='bbox 517 751 614 803; x_wconf 89' lang='lat' dir='ltr'>quis</span> <span class='ocrx_word' id='word_1_42' title='bbox 655 751 788 792; x_wconf 90' lang='lat' dir='ltr'>stabit</span> <span class='ocrx_word' id='word_1_43' title='bbox 827 751 871 791; x_wconf 90' lang='lat' dir='ltr'>in</span> <span class='ocrx_word' id='word_1_44' title='bbox 911 751 1011 792; x_wconf 94' lang='lat' dir='ltr'>loco</span> 
     </span>
     <span class='ocr_line' id='line_1_11' title="bbox 180 805 479 858; baseline 0.003 -11"><span class='ocrx_word' id='word_1_45' title='bbox 180 812 333 848; x_wconf 91' lang='lat' dir='ltr'>sancto</span> <span class='ocrx_word' id='word_1_46' title='bbox 363 805 479 858; x_wconf 85' lang='lat' dir='ltr'>ejus?</span> 
     </span>
    </p>
   </div>
   <div class='ocr_carea' id='block_1_3' title="bbox 230 863 1014 905">
    <p class='ocr_par' dir='ltr' id='par_1_5' title="bbox 230 863 1014 905">
     <span class='ocr_line' id='line_1_12' title="bbox 230 863 1014 905; baseline -0.001 -1"><span class='ocrx_word' id='word_1_47' title='bbox 230 864 447 905; x_wconf 85' lang='lat' dir='ltr'>Innocens</span> <span class='ocrx_word' id='word_1_48' title='bbox 465 863 667 904; x_wconf 87' lang='lat' dir='ltr'>manibus</span> <span class='ocrx_word' id='word_1_49' title='bbox 686 868 730 905; x_wconf 91' lang='lat' dir='ltr'>et</span> <span class='ocrx_word' id='word_1_50' title='bbox 748 863 912 904; x_wconf 91' lang='lat' dir='ltr'>mundo</span> <span class='ocrx_word' id='word_1_51' title='bbox 927 876 1014 905; x_wconf 93' lang='lat' dir='ltr'>cor·</span> 
     </span>
    </p>
   </div>
   <div class='ocr_carea' id='block_1_4' title="bbox 175 920 1010 2098">
    <p class='ocr_par' dir='ltr' id='par_1_6' title="bbox 178 920 1010 1085">
     <span class='ocr_line' id='line_1_13' title="bbox 180 920 1010 972; baseline -0.001 -11"><span class='ocrx_word' id='word_1_52' title='bbox 180 920 247 969; x_wconf 88' lang='lat' dir='ltr'>de,</span> <span class='ocrx_word' id='word_1_53' title='bbox 267 921 290 947; x_wconf 90' lang='lat'>*</span> <span class='ocrx_word' id='word_1_54' title='bbox 311 920 385 971; x_wconf 91' lang='lat' dir='ltr'>qui</span> <span class='ocrx_word' id='word_1_55' title='bbox 412 932 500 961; x_wconf 93' lang='lat' dir='ltr'>non</span> <span class='ocrx_word' id='word_1_56' title='bbox 528 920 698 972; x_wconf 86' lang='lat' dir='ltr'>accepit</span> <span class='ocrx_word' id='word_1_57' title='bbox 722 920 765 959; x_wconf 93' lang='lat' dir='ltr'>in</span> <span class='ocrx_word' id='word_1_58' title='bbox 785 932 899 960; x_wconf 90' lang='lat' dir='ltr'>vano</span> <span class='ocrx_word' id='word_1_59' title='bbox 924 920 1010 960; x_wconf 87' lang='lat' dir='ltr'>ani-</span> 
     </span>
     <span class='ocr_line' id='line_1_14' title="bbox 179 975 1010 1027; baseline 0.001 -11"><span class='ocrx_word' id='word_1_60' title='bbox 179 989 295 1016; x_wconf 92' lang='lat' dir='ltr'>mam</span> <span class='ocrx_word' id='word_1_61' title='bbox 332 989 475 1024; x_wconf 79' lang='lat' dir='ltr'>suam,</span> <span class='ocrx_word' id='word_1_62' title='bbox 515 988 597 1017; x_wconf 91' lang='lat' dir='ltr'>nec</span> <span class='ocrx_word' id='word_1_63' title='bbox 635 975 791 1027; x_wconf 87' lang='lat' dir='ltr'>juravit</span> <span class='ocrx_word' id='word_1_64' title='bbox 827 976 870 1016; x_wconf 94' lang='lat' dir='ltr'>in</span> <span class='ocrx_word' id='word_1_65' title='bbox 906 975 1010 1018; x_wconf 95' lang='lat' dir='ltr'>dolo</span> 
     </span>
     <span class='ocr_line' id='line_1_15' title="bbox 178 1033 501 1085; baseline 0 -13"><span class='ocrx_word' id='word_1_66' title='bbox 178 1033 381 1085; x_wconf 86' lang='lat' dir='ltr'>proximo</span> <span class='ocrx_word' id='word_1_67' title='bbox 410 1045 501 1073; x_wconf 92' lang='lat' dir='ltr'>suo.</span> 
     </span>
    </p>

    <p class='ocr_par' dir='ltr' id='par_1_7' title="bbox 178 1088 1010 1243">
     <span class='ocr_line' id='line_1_16' title="bbox 231 1088 1010 1140; baseline 0.003 -11"><span class='ocrx_word' id='word_1_68' title='bbox 231 1089 316 1130; x_wconf 92' lang='lat' dir='ltr'>Hic</span> <span class='ocrx_word' id='word_1_69' title='bbox 361 1088 547 1140; x_wconf 82' lang='lat' dir='ltr'>accipiet</span> <span class='ocrx_word' id='word_1_70' title='bbox 586 1088 940 1130; x_wconf 82' lang='lat' dir='ltr'>benedicti6nem</span> <span class='ocrx_word' id='word_1_71' title='bbox 985 1103 1010 1131; x_wconf 89' lang='lat' dir='ltr'>a</span> 
     </span>
     <span class='ocr_line' id='line_1_17' title="bbox 178 1145 1009 1188; baseline 0.002 -3"><span class='ocrx_word' id='word_1_72' title='bbox 178 1145 383 1186; x_wconf 85' lang='lat' dir='ltr'>Domino:</span> <span class='ocrx_word' id='word_1_73' title='bbox 399 1147 423 1172; x_wconf 88' lang='lat'>*</span> <span class='ocrx_word' id='word_1_74' title='bbox 443 1150 486 1186; x_wconf 91' lang='lat' dir='ltr'>et</span> <span class='ocrx_word' id='word_1_75' title='bbox 506 1145 851 1186; x_wconf 85' lang='lat' dir='ltr'>misericordiam</span> <span class='ocrx_word' id='word_1_76' title='bbox 871 1159 895 1187; x_wconf 91' lang='lat' dir='ltr'>a</span> <span class='ocrx_word' id='word_1_77' title='bbox 911 1146 1009 1188; x_wconf 88' lang='lat' dir='ltr'>Deo</span> 
     </span>
     <span class='ocr_line' id='line_1_18' title="bbox 178 1201 476 1243; baseline 0 -1"><span class='ocrx_word' id='word_1_78' title='bbox 178 1201 356 1243; x_wconf 90' lang='lat' dir='ltr'>salutari</span> <span class='ocrx_word' id='word_1_79' title='bbox 385 1214 476 1242; x_wconf 91' lang='lat' dir='ltr'>suo.</span> 
     </span>
    </p>

    <p class='ocr_par' dir='ltr' id='par_1_8' title="bbox 175 1258 1009 1412">
     <span class='ocr_line' id='line_1_19' title="bbox 228 1258 1009 1310; baseline 0.003 -12"><span class='ocrx_word' id='word_1_80' title='bbox 228 1258 338 1299; x_wconf 89' lang='lat' dir='ltr'>Haec</span> <span class='ocrx_word' id='word_1_81' title='bbox 371 1262 438 1299; x_wconf 89' lang='lat' dir='ltr'>est</span> <span class='ocrx_word' id='word_1_82' title='bbox 464 1258 690 1308; x_wconf 89' lang='lat' dir='ltr'>generatio</span> <span class='ocrx_word' id='word_1_83' title='bbox 721 1259 1009 1310; x_wconf 89' lang='lat' dir='ltr'>quaerentium</span> 
     </span>
     <span class='ocr_line' id='line_1_20' title="bbox 177 1314 1009 1366; baseline 0.002 -11"><span class='ocrx_word' id='word_1_84' title='bbox 177 1326 293 1364; x_wconf 80' lang='lat' dir='ltr'>eum,</span> <span class='ocrx_word' id='word_1_85' title='bbox 334 1314 357 1339; x_wconf 85' lang='grc'>*</span> <span class='ocrx_word' id='word_1_86' title='bbox 400 1314 690 1366; x_wconf 88' lang='lat' dir='ltr'>quaerentium</span> <span class='ocrx_word' id='word_1_87' title='bbox 731 1315 888 1356; x_wconf 87' lang='lat' dir='ltr'>faciem</span> <span class='ocrx_word' id='word_1_88' title='bbox 924 1316 1009 1358; x_wconf 88' lang='lat' dir='ltr'>Dei</span> 
     </span>
     <span class='ocr_line' id='line_1_21' title="bbox 175 1370 325 1412; baseline 0.007 -2"><span class='ocrx_word' id='word_1_89' title='bbox 175 1370 325 1412; x_wconf 84' lang='lat' dir='ltr'>Jacob.</span> 
     </span>
    </p>

    <p class='ocr_par' dir='ltr' id='par_1_9' title="bbox 175 1427 1007 1590">
     <span class='ocr_line' id='line_1_22' title="bbox 228 1427 1007 1479; baseline 0.001 -11"><span class='ocrx_word' id='word_1_90' title='bbox 228 1427 431 1468; x_wconf 78' lang='lat' dir='ltr'>Attellite</span> <span class='ocrx_word' id='word_1_91' title='bbox 476 1431 629 1479; x_wconf 88' lang='lat' dir='ltr'>portas</span> <span class='ocrx_word' id='word_1_92' title='bbox 672 1427 894 1479; x_wconf 82' lang='lat' dir='ltr'>principes</span> <span class='ocrx_word' id='word_1_93' title='bbox 936 1441 1007 1469; x_wconf 91' lang='lat' dir='ltr'>ve—</span> 
     </span>
     <span class='ocr_line' id='line_1_23' title="bbox 177 1483 1006 1535; baseline 0.001 -11"><span class='ocrx_word' id='word_1_94' title='bbox 177 1488 303 1532; x_wconf 84' lang='lat' dir='ltr'>stras,</span> <span class='ocrx_word' id='word_1_95' title='bbox 333 1488 376 1524; x_wconf 93' lang='lat' dir='ltr'>et</span> <span class='ocrx_word' id='word_1_96' title='bbox 405 1483 635 1524; x_wconf 87' lang='lat' dir='ltr'>elevamini</span> <span class='ocrx_word' id='word_1_97' title='bbox 662 1488 805 1535; x_wconf 90' lang='lat' dir='ltr'>portae</span> <span class='ocrx_word' id='word_1_98' title='bbox 825 1487 1006 1525; x_wconf 79' lang='lat' dir='ltr'>aeterna-</span> 
     </span>
     <span class='ocr_line' id='line_1_24' title="bbox 175 1539 922 1590; baseline 0.003 -11"><span class='ocrx_word' id='word_1_99' title='bbox 175 1539 257 1580; x_wconf 87' lang='lat' dir='ltr'>les:</span> <span class='ocrx_word' id='word_1_100' title='bbox 286 1542 309 1566; x_wconf 87' lang='lat'>*</span> <span class='ocrx_word' id='word_1_101' title='bbox 338 1544 381 1580; x_wconf 90' lang='lat' dir='ltr'>et</span> <span class='ocrx_word' id='word_1_102' title='bbox 408 1539 605 1581; x_wconf 84' lang='lat' dir='ltr'>introibit</span> <span class='ocrx_word' id='word_1_103' title='bbox 632 1540 731 1581; x_wconf 87' lang='lat' dir='ltr'>Rex</span> <span class='ocrx_word' id='word_1_104' title='bbox 758 1540 922 1590; x_wconf 77' lang='lat' dir='ltr'>gleriae.</span> 
     </span>
    </p>

    <p class='ocr_par' dir='ltr' id='par_1_10' title="bbox 175 1599 1006 1764">
     <span class='ocr_line' id='line_1_25' title="bbox 228 1599 1005 1650; baseline 0.003 -10"><span class='ocrx_word' id='word_1_105' title='bbox 228 1600 335 1649; x_wconf 89' lang='lat' dir='ltr'>Quis</span> <span class='ocrx_word' id='word_1_106' title='bbox 364 1605 431 1642; x_wconf 89' lang='lat' dir='ltr'>est</span> <span class='ocrx_word' id='word_1_107' title='bbox 457 1600 540 1642; x_wconf 87' lang='lat' dir='ltr'>iste</span> <span class='ocrx_word' id='word_1_108' title='bbox 560 1601 658 1641; x_wconf 89' lang='lat' dir='ltr'>Rex</span> <span class='ocrx_word' id='word_1_109' title='bbox 679 1599 855 1650; x_wconf 80' lang='lat' dir='ltr'>gloriae?</span> <span class='ocrx_word' id='word_1_110' title='bbox 875 1603 899 1628; x_wconf 88' lang='lat'>*</span> <span class='ocrx_word' id='word_1_111' title='bbox 918 1601 1005 1642; x_wconf 81' lang='lat' dir='ltr'>Do-</span> 
     </span>
     <span class='ocr_line' id='line_1_26' title="bbox 175 1656 1006 1708; baseline 0.002 -12"><span class='ocrx_word' id='word_1_112' title='bbox 175 1656 317 1696; x_wconf 92' lang='lat' dir='ltr'>minus</span> <span class='ocrx_word' id='word_1_113' title='bbox 350 1656 475 1698; x_wconf 90' lang='lat' dir='ltr'>fortis</span> <span class='ocrx_word' id='word_1_114' title='bbox 512 1661 556 1697; x_wconf 92' lang='lat' dir='ltr'>et</span> <span class='ocrx_word' id='word_1_115' title='bbox 583 1661 756 1708; x_wconf 90' lang='lat' dir='ltr'>potens:</span> <span class='ocrx_word' id='word_1_116' title='bbox 791 1657 1006 1698; x_wconf 86' lang='lat' dir='ltr'>Dominus</span> 
     </span>
     <span class='ocr_line' id='line_1_27' title="bbox 175 1711 598 1764; baseline -0.002 -11"><span class='ocrx_word' id='word_1_117' title='bbox 175 1717 334 1764; x_wconf 91' lang='lat' dir='ltr'>potens</span> <span class='ocrx_word' id='word_1_118' title='bbox 362 1712 405 1752; x_wconf 90' lang='lat' dir='ltr'>in</span> <span class='ocrx_word' id='word_1_119' title='bbox 433 1711 598 1764; x_wconf 70' lang='lat' dir='ltr'>praelio.</span> 
     </span>
    </p>

    <p class='ocr_par' dir='ltr' id='par_1_11' title="bbox 175 1772 1006 1937">
     <span class='ocr_line' id='line_1_28' title="bbox 228 1772 1006 1826; baseline 0.004 -13"><span class='ocrx_word' id='word_1_120' title='bbox 228 1772 430 1814; x_wconf 86' lang='lat' dir='ltr'>Attollite</span> <span class='ocrx_word' id='word_1_121' title='bbox 478 1778 631 1825; x_wconf 88' lang='lat' dir='ltr'>portas</span> <span class='ocrx_word' id='word_1_122' title='bbox 673 1774 894 1826; x_wconf 88' lang='lat' dir='ltr'>principes</span> <span class='ocrx_word' id='word_1_123' title='bbox 936 1787 1006 1816; x_wconf 90' lang='lat' dir='ltr'>ve-</span> 
     </span>
     <span class='ocr_line' id='line_1_29' title="bbox 175 1828 1005 1882; baseline 0.004 -13"><span class='ocrx_word' id='word_1_124' title='bbox 175 1833 305 1878; x_wconf 83' lang='lat' dir='ltr'>stras,</span> <span class='ocrx_word' id='word_1_125' title='bbox 334 1834 378 1870; x_wconf 90' lang='lat' dir='ltr'>et</span> <span class='ocrx_word' id='word_1_126' title='bbox 406 1828 636 1870; x_wconf 83' lang='lat' dir='ltr'>elevamini</span> <span class='ocrx_word' id='word_1_127' title='bbox 659 1835 801 1882; x_wconf 88' lang='lat' dir='ltr'>portae</span> <span class='ocrx_word' id='word_1_128' title='bbox 825 1833 1005 1872; x_wconf 88' lang='lat' dir='ltr'>aeterna-</span> 
     </span>
     <span class='ocr_line' id='line_1_30' title="bbox 175 1885 919 1937; baseline 0.004 -12"><span class='ocrx_word' id='word_1_129' title='bbox 175 1885 253 1926; x_wconf 93' lang='lat' dir='ltr'>les:</span> <span class='ocrx_word' id='word_1_130' title='bbox 282 1887 305 1912; x_wconf 87' lang='lat'>*</span> <span class='ocrx_word' id='word_1_131' title='bbox 334 1890 378 1927; x_wconf 86' lang='lat' dir='ltr'>et</span> <span class='ocrx_word' id='word_1_132' title='bbox 405 1885 603 1927; x_wconf 89' lang='lat' dir='ltr'>introibit</span> <span class='ocrx_word' id='word_1_133' title='bbox 629 1887 728 1928; x_wconf 86' lang='lat' dir='ltr'>Rex</span> <span class='ocrx_word' id='word_1_134' title='bbox 755 1886 919 1937; x_wconf 86' lang='lat' dir='ltr'>gloriae.</span> 
     </span>
    </p>

    <p class='ocr_par' dir='ltr' id='par_1_12' title="bbox 175 1946 1005 2098">
     <span class='ocr_line' id='line_1_31' title="bbox 228 1946 1005 1998; baseline 0.005 -13"><span class='ocrx_word' id='word_1_135' title='bbox 228 1946 334 1995; x_wconf 92' lang='lat' dir='ltr'>Quis</span> <span class='ocrx_word' id='word_1_136' title='bbox 363 1951 429 1987; x_wconf 91' lang='lat' dir='ltr'>est</span> <span class='ocrx_word' id='word_1_137' title='bbox 456 1946 539 1988; x_wconf 86' lang='lat' dir='ltr'>iste</span> <span class='ocrx_word' id='word_1_138' title='bbox 559 1947 656 1988; x_wconf 88' lang='lat' dir='ltr'>Rex</span> <span class='ocrx_word' id='word_1_139' title='bbox 680 1946 856 1998; x_wconf 81' lang='lat' dir='ltr'>gloriae?</span> <span class='ocrx_word' id='word_1_140' title='bbox 876 1949 900 1975; x_wconf 86' lang='grc'>*</span> <span class='ocrx_word' id='word_1_141' title='bbox 917 1948 1005 1989; x_wconf 83' lang='lat' dir='ltr'>Do-</span> 
     </span>
     <span class='ocr_line' id='line_1_32' title="bbox 175 2001 1005 2056; baseline 0.006 -15"><span class='ocrx_word' id='word_1_142' title='bbox 175 2001 316 2042; x_wconf 90' lang='lat' dir='ltr'>minus</span> <span class='ocrx_word' id='word_1_143' title='bbox 343 2003 553 2044; x_wconf 82' lang='lat' dir='ltr'>virtutum</span> <span class='ocrx_word' id='word_1_144' title='bbox 580 2003 675 2056; x_wconf 93' lang='lat' dir='ltr'>ipse</span> <span class='ocrx_word' id='word_1_145' title='bbox 705 2008 771 2045; x_wconf 88' lang='lat' dir='ltr'>est</span> <span class='ocrx_word' id='word_1_146' title='bbox 791 2004 889 2046; x_wconf 88' lang='lat' dir='ltr'>Rex</span> <span class='ocrx_word' id='word_1_147' title='bbox 915 2005 1005 2056; x_wconf 77' lang='lat' dir='ltr'>gle-</span> 
     </span>
     <span class='ocr_line' id='line_1_33' title="bbox 176 2058 262 2098; baseline 0 0"><span class='ocrx_word' id='word_1_148' title='bbox 176 2058 262 2098; x_wconf 88' lang='lat' dir='ltr'>riae.</span> 
     </span>
    </p>
   </div>
   <div class='ocr_carea' id='block_1_5' title="bbox 175 2124 1006 2760">
    <p class='ocr_par' dir='ltr' id='par_1_13' title="bbox 175 2124 1006 2344">
     <span class='ocr_line' id='line_1_34' title="bbox 230 2124 1005 2178; baseline 0.003 -13.039"><span class='ocrx_word' id='word_1_149' title='bbox 230 2126 328 2166; x_wconf 54' lang='grc' dir='ltr'>ΑΜ</span> <span class='ocrx_word' id='word_1_150' title='bbox 376 2124 458 2165; x_wconf 89' lang='lat' dir='ltr'>Hic</span> <span class='ocrx_word' id='word_1_151' title='bbox 507 2125 695 2178; x_wconf 87' lang='lat' dir='ltr'>accipiet</span> <span class='ocrx_word' id='word_1_152' title='bbox 735 2125 1005 2168; x_wconf 85' lang='lat' dir='ltr'>benedictio-</span> 
     </span>
     <span class='ocr_line' id='line_1_35' title="bbox 176 2180 1006 2230; baseline 0.005 -11"><span class='ocrx_word' id='word_1_153' title='bbox 176 2191 276 2220; x_wconf 89' lang='lat' dir='ltr'>nem</span> <span class='ocrx_word' id='word_1_154' title='bbox 304 2192 329 2220; x_wconf 91' lang='lat' dir='ltr'>a</span> <span class='ocrx_word' id='word_1_155' title='bbox 347 2180 556 2230; x_wconf 84' lang='lat' dir='ltr'>Domino,</span> <span class='ocrx_word' id='word_1_156' title='bbox 585 2186 628 2223; x_wconf 90' lang='lat' dir='ltr'>et</span> <span class='ocrx_word' id='word_1_157' title='bbox 655 2181 1006 2224; x_wconf 81' lang='lat' dir='ltr'>misericordiam</span> 
     </span>
     <span class='ocr_line' id='line_1_36' title="bbox 176 2235 1006 2289; baseline 0.005 -13"><span class='ocrx_word' id='word_1_158' title='bbox 176 2248 202 2276; x_wconf 91' lang='lat' dir='ltr'>a</span> <span class='ocrx_word' id='word_1_159' title='bbox 226 2235 323 2277; x_wconf 93' lang='lat' dir='ltr'>Deo</span> <span class='ocrx_word' id='word_1_160' title='bbox 350 2236 531 2278; x_wconf 87' lang='lat' dir='ltr'>salutari</span> <span class='ocrx_word' id='word_1_161' title='bbox 561 2250 657 2278; x_wconf 86' lang='lat' dir='ltr'>suo:</span> <span class='ocrx_word' id='word_1_162' title='bbox 685 2238 788 2289; x_wconf 90' lang='lat' dir='ltr'>quia</span> <span class='ocrx_word' id='word_1_163' title='bbox 815 2238 911 2280; x_wconf 87' lang='lat' dir='ltr'>haec</span> <span class='ocrx_word' id='word_1_164' title='bbox 939 2243 1006 2280; x_wconf 93' lang='lat' dir='ltr'>est</span> 
     </span>
     <span class='ocr_line' id='line_1_37' title="bbox 175 2291 980 2344; baseline 0.004 -12"><span class='ocrx_word' id='word_1_165' title='bbox 175 2291 401 2342; x_wconf 87' lang='lat' dir='ltr'>generatio</span> <span class='ocrx_word' id='word_1_166' title='bbox 422 2293 711 2344; x_wconf 87' lang='lat' dir='ltr'>quaerentium</span> <span class='ocrx_word' id='word_1_167' title='bbox 730 2294 980 2335; x_wconf 85' lang='lat' dir='ltr'>Dominum.</span> 
     </span>
    </p>

    <p class='ocr_par' dir='ltr' id='par_1_14' title="bbox 176 2355 1005 2520">
     <span class='ocr_line' id='line_1_38' title="bbox 228 2355 1005 2412; baseline 0.005 -15"><span class='ocrx_word' id='word_1_168' title='bbox 228 2355 279 2406; x_wconf 62' lang='lat' dir='ltr'>V.</span> <span class='ocrx_word' id='word_1_169' title='bbox 301 2356 395 2398; x_wconf 89' lang='lat' dir='ltr'>Lex</span> <span class='ocrx_word' id='word_1_170' title='bbox 413 2357 496 2398; x_wconf 88' lang='lat' dir='ltr'>Dei</span> <span class='ocrx_word' id='word_1_171' title='bbox 519 2358 609 2409; x_wconf 91' lang='lat' dir='ltr'>ejus</span> <span class='ocrx_word' id='word_1_172' title='bbox 632 2358 676 2399; x_wconf 91' lang='lat' dir='ltr'>in</span> <span class='ocrx_word' id='word_1_173' title='bbox 699 2358 836 2400; x_wconf 88' lang='lat' dir='ltr'>corde</span> <span class='ocrx_word' id='word_1_174' title='bbox 855 2359 1005 2412; x_wconf 93' lang='lat' dir='ltr'>ipsius.</span> 
     </span>
     <span class='ocr_line' id='line_1_39' title="bbox 176 2413 1004 2468; baseline 0.004 -13"><span class='ocrx_word' id='word_1_175' title='bbox 176 2417 226 2468; x_wconf 67' lang='lat' dir='ltr'>R.</span> <span class='ocrx_word' id='word_1_176' title='bbox 259 2413 315 2454; x_wconf 86' lang='lat' dir='ltr'>Et</span> <span class='ocrx_word' id='word_1_177' title='bbox 342 2425 431 2453; x_wconf 94' lang='lat' dir='ltr'>non</span> <span class='ocrx_word' id='word_1_178' title='bbox 459 2414 860 2465; x_wconf 83' lang='lat' dir='ltr'>supplantabuntur</span> <span class='ocrx_word' id='word_1_179' title='bbox 888 2429 1004 2467; x_wconf 90' lang='lat' dir='ltr'>gres-</span> 
     </span>
     <span class='ocr_line' id='line_1_40' title="bbox 176 2481 374 2520; baseline -0.005 -10"><span class='ocrx_word' id='word_1_180' title='bbox 176 2482 251 2510; x_wconf 89' lang='lat' dir='ltr'>sus</span> <span class='ocrx_word' id='word_1_181' title='bbox 273 2481 374 2520; x_wconf 88' lang='lat' dir='ltr'>eJus.</span> 
     </span>
    </p>

    <p class='ocr_par' dir='ltr' id='par_1_15' title="bbox 234 2531 540 2571">
     <span class='ocr_line' id='line_1_41' title="bbox 234 2531 540 2571; baseline -0.007 0"><span class='ocrx_word' id='word_1_182' title='bbox 234 2531 362 2571; x_wconf 85' lang='lat' dir='ltr'>Pater</span> <span class='ocrx_word' id='word_1_183' title='bbox 381 2533 540 2571; x_wconf 91' lang='lat' dir='ltr'>noster.</span> 
     </span>
    </p>

    <p class='ocr_par' dir='ltr' id='par_1_16' title="bbox 228 2591 758 2634">
     <span class='ocr_line' id='line_1_42' title="bbox 228 2591 758 2634; baseline -0.008 0"><span class='ocrx_word' id='word_1_184' title='bbox 228 2594 473 2634; x_wconf 82' lang='lat' dir='ltr'>Absolutio.</span> <span class='ocrx_word' id='word_1_185' title='bbox 504 2595 539 2633; x_wconf 78' lang='grc' dir='ltr'>Α</span> <span class='ocrx_word' id='word_1_186' title='bbox 561 2591 758 2631; x_wconf 93' lang='lat' dir='ltr'>vinculis.</span> 
     </span>
    </p>

    <p class='ocr_par' dir='ltr' id='par_1_17' title="bbox 229 2648 610 2698">
     <span class='ocr_line' id='line_1_43' title="bbox 229 2648 610 2698; baseline -0.005 -7"><span class='ocrx_word' id='word_1_187' title='bbox 229 2648 278 2698; x_wconf 62' lang='lat' dir='ltr'>Y.</span> <span class='ocrx_word' id='word_1_188' title='bbox 305 2649 418 2692; x_wconf 85' lang='lat' dir='ltr'>Jube</span> <span class='ocrx_word' id='word_1_189' title='bbox 437 2649 610 2690; x_wconf 92' lang='lat' dir='ltr'>domne.</span> 
     </span>
    </p>

    <p class='ocr_par' dir='ltr' id='par_1_18' title="bbox 232 2709 848 2760">
     <span class='ocr_line' id='line_1_44' title="bbox 232 2709 848 2760; baseline -0.002 -9"><span class='ocrx_word' id='word_1_190' title='bbox 232 2712 390 2753; x_wconf 84' lang='lat' dir='ltr'>Bened.</span> <span class='ocrx_word' id='word_1_191' title='bbox 419 2709 684 2760; x_wconf 88' lang='lat' dir='ltr'>Evangelica</span> <span class='ocrx_word' id='word_1_192' title='bbox 706 2709 848 2751; x_wconf 90' lang='lat' dir='ltr'>lectio.</span> 
     </span>
    </p>
   </div>
   <div class='ocr_carea' id='block_1_6' title="bbox 628 200 1446 235">
    <p class='ocr_par' dir='ltr' id='par_1_19' title="bbox 628 200 1446 235">
     <span class='ocr_line' id='line_1_45' title="bbox 628 200 1446 235; baseline -0.001 -1"><span class='ocrx_word' id='word_1_193' title='bbox 628 200 837 234; x_wconf 83' lang='lat' dir='ltr'>Commune</span> <span class='ocrx_word' id='word_1_194' title='bbox 864 201 1110 235; x_wconf 68' lang='lat' dir='ltr'>Conlessoris</span> <span class='ocrx_word' id='word_1_195' title='bbox 1136 210 1211 234; x_wconf 86' lang='lat' dir='ltr'>non</span> <span class='ocrx_word' id='word_1_196' title='bbox 1237 200 1446 234; x_wconf 79' lang='lat' dir='ltr'>Pontificis.</span> 
     </span>
    </p>
   </div>
   <div class='ocr_carea' id='block_1_7' title="bbox 1063 294 1894 392">
    <p class='ocr_par' dir='ltr' id='par_1_20' title="bbox 1063 294 1894 392">
     <span class='ocr_line' id='line_1_46' title="bbox 1063 294 1894 390; baseline 0.002 -55"><span class='ocrx_word' id='word_1_197' title='bbox 1063 294 1216 336; x_wconf 77' lang='lat' dir='ltr'>Lectio</span> <span class='ocrx_word' id='word_1_198' title='bbox 1237 294 1626 390; x_wconf 48' lang='lat' dir='ltr'>sanetiffvangelii</span> <span class='ocrx_word' id='word_1_199' title='bbox 1649 295 1894 338; x_wconf 82' lang='lat' dir='ltr'>secundum</span> 
     </span>
     <span class='ocr_line' id='line_1_47' title="bbox 1427 362 1565 392; baseline 0 -1"><span class='ocrx_word' id='word_1_200' title='bbox 1427 362 1565 392; x_wconf 90' lang='lat' dir='ltr'>ucam.</span> 
     </span>
    </p>
   </div>
   <div class='ocr_carea' id='block_1_8' title="bbox 1062 415 1895 697">
    <p class='ocr_par' dir='ltr' id='par_1_21' title="bbox 1062 415 1895 697">
     <span class='ocr_line' id='line_1_48' title="bbox 1166 415 1789 468; baseline -0.002 -11"><span class='ocrx_word' id='word_1_201' title='bbox 1166 417 1319 457; x_wconf 88' lang='lat' dir='ltr'>Lectio</span> <span class='ocrx_word' id='word_1_202' title='bbox 1340 416 1408 455; x_wconf 91' lang='lat' dir='ltr'>vii.</span> <span class='ocrx_word' id='word_1_203' title='bbox 1559 415 1661 468; x_wconf 88' lang='lat' dir='ltr'>Cap.</span> <span class='ocrx_word' id='word_1_204' title='bbox 1678 416 1735 456; x_wconf 85' lang='lat'>12.</span> <span class='ocrx_word' id='word_1_205' title='bbox 1755 428 1789 456; x_wconf 90' lang='lat' dir='ltr'>e.</span> 
     </span>
     <span class='ocr_line' id='line_1_49' title="bbox 1062 474 1894 580; baseline 0.006 -66"><span class='ocrx_word' id='word_1_206' title='bbox 1062 474 1138 580; x_wconf 89' lang='lat' dir='ltr'>In</span> <span class='ocrx_word' id='word_1_207' title='bbox 1167 474 1243 515; x_wconf 91' lang='lat' dir='ltr'>illo</span> <span class='ocrx_word' id='word_1_208' title='bbox 1272 476 1492 527; x_wconf 84' lang='lat' dir='ltr'>tempore:</span> <span class='ocrx_word' id='word_1_209' title='bbox 1523 475 1649 517; x_wconf 84' lang='lat' dir='ltr'>Dixit</span> <span class='ocrx_word' id='word_1_210' title='bbox 1675 477 1700 517; x_wconf 92' lang='lat' dir='ltr'><strong>J</strong></span> <span class='ocrx_word' id='word_1_211' title='bbox 1703 489 1803 518; x_wconf 89' lang='lat' dir='ltr'>esus</span> <span class='ocrx_word' id='word_1_212' title='bbox 1832 477 1894 519; x_wconf 93' lang='lat' dir='ltr'>di-</span> 
     </span>
     <span class='ocr_line' id='line_1_50' title="bbox 1133 531 1895 584; baseline 0.005 -13"><span class='ocrx_word' id='word_1_213' title='bbox 1133 531 1312 584; x_wconf 88' lang='lat' dir='ltr'>scipulis</span> <span class='ocrx_word' id='word_1_214' title='bbox 1337 531 1442 572; x_wconf 88' lang='lat' dir='ltr'>suis:</span> <span class='ocrx_word' id='word_1_215' title='bbox 1469 531 1566 573; x_wconf 88' lang='lat' dir='ltr'>Sint</span> <span class='ocrx_word' id='word_1_216' title='bbox 1592 531 1732 574; x_wconf 91' lang='lat' dir='ltr'>lumbi</span> <span class='ocrx_word' id='word_1_217' title='bbox 1759 533 1895 575; x_wconf 89' lang='lat' dir='ltr'>vestri</span> 
     </span>
     <span class='ocr_line' id='line_1_51' title="bbox 1063 587 1895 639; baseline 0.005 -12"><span class='ocrx_word' id='word_1_218' title='bbox 1063 587 1309 639; x_wconf 82' lang='lat' dir='ltr'>praecincti,</span> <span class='ocrx_word' id='word_1_219' title='bbox 1337 592 1382 629; x_wconf 89' lang='lat' dir='ltr'>et</span> <span class='ocrx_word' id='word_1_220' title='bbox 1409 587 1601 629; x_wconf 91' lang='lat' dir='ltr'>lucernae</span> <span class='ocrx_word' id='word_1_221' title='bbox 1622 588 1829 631; x_wconf 74' lang='lat' dir='ltr'>ardentes</span> <span class='ocrx_word' id='word_1_222' title='bbox 1850 589 1895 630; x_wconf 92' lang='lat' dir='ltr'>in</span> 
     </span>
     <span class='ocr_line' id='line_1_52' title="bbox 1063 643 1753 697; baseline 0.003 -13"><span class='ocrx_word' id='word_1_223' title='bbox 1063 643 1266 684; x_wconf 87' lang='lat' dir='ltr'>manibus</span> <span class='ocrx_word' id='word_1_224' title='bbox 1289 644 1460 685; x_wconf 88' lang='lat' dir='ltr'>vestris.</span> <span class='ocrx_word' id='word_1_225' title='bbox 1490 645 1548 686; x_wconf 91' lang='lat' dir='ltr'>Et</span> <span class='ocrx_word' id='word_1_226' title='bbox 1573 644 1753 697; x_wconf 90' lang='lat' dir='ltr'>reliqua.</span> 
     </span>
    </p>
   </div>
   <div class='ocr_carea' id='block_1_9' title="bbox 1107 721 1852 833">
    <p class='ocr_par' dir='ltr' id='par_1_22' title="bbox 1107 721 1852 833">
     <span class='ocr_line' id='line_1_53' title="bbox 1107 721 1852 776; baseline 0 -12"><span class='ocrx_word' id='word_1_227' title='bbox 1107 721 1301 764; x_wconf 89' lang='lat' dir='ltr'>Homilia</span> <span class='ocrx_word' id='word_1_228' title='bbox 1320 721 1461 763; x_wconf 90' lang='lat' dir='ltr'>sancti</span> <span class='ocrx_word' id='word_1_229' title='bbox 1481 721 1687 773; x_wconf 83' lang='lat' dir='ltr'>Gregorii</span> <span class='ocrx_word' id='word_1_230' title='bbox 1705 722 1852 776; x_wconf 86' lang='lat' dir='ltr'>Papae.</span> 
     </span>
     <span class='ocr_line' id='line_1_54' title="bbox 1250 788 1708 833; baseline 0.004 -11"><span class='ocrx_word' id='word_1_231' title='bbox 1250 788 1422 823; x_wconf 90' lang='lat' dir='ltr'>Homilia</span> <span class='ocrx_word' id='word_1_232' title='bbox 1442 790 1489 823; x_wconf 85' lang='lat'>13.</span> <span class='ocrx_word' id='word_1_233' title='bbox 1509 789 1547 823; x_wconf 93' lang='lat' dir='ltr'>in</span> <span class='ocrx_word' id='word_1_234' title='bbox 1563 789 1708 833; x_wconf 81' lang='lat' dir='ltr'>Evang.</span> 
     </span>
    </p>
   </div>
   <div class='ocr_carea' id='block_1_10' title="bbox 1056 842 1896 2763">
    <p class='ocr_par' dir='ltr' id='par_1_23' title="bbox 1056 842 1896 2763">
     <span class='ocr_line' id='line_1_55' title="bbox 1067 842 1896 926; baseline 0.002 -40.002"><span class='ocrx_word' id='word_1_235' title='bbox 1067 851 1151 926; x_wconf 43' lang='grc' dir='ltr'>[ὦ</span> <span class='ocrx_word' id='word_1_236' title='bbox 1165 846 1283 887; x_wconf 88' lang='lat' dir='ltr'>ancti</span> <span class='ocrx_word' id='word_1_237' title='bbox 1304 846 1550 898; x_wconf 81' lang='lat' dir='ltr'>Evangelii,</span> <span class='ocrx_word' id='word_1_238' title='bbox 1579 842 1737 889; x_wconf 89' lang='lat' dir='ltr'>fratres</span> <span class='ocrx_word' id='word_1_239' title='bbox 1766 850 1896 889; x_wconf 91' lang='lat' dir='ltr'>caris-</span> 
     </span>
     <span class='ocr_line' id='line_1_56' title="bbox 1067 900 1895 959; baseline 0.005 -18.084"><span class='ocrx_word' id='word_1_240' title='bbox 1067 900 1149 959; x_wconf 24' lang='grc' dir='ltr'>ἧς</span> <span class='ocrx_word' id='word_1_241' title='bbox 1181 902 1295 951; x_wconf 86' lang='lat' dir='ltr'>simi,</span> <span class='ocrx_word' id='word_1_242' title='bbox 1328 904 1483 955; x_wconf 87' lang='lat' dir='ltr'>aperta</span> <span class='ocrx_word' id='word_1_243' title='bbox 1511 903 1638 944; x_wconf 89' lang='lat' dir='ltr'>vobis</span> <span class='ocrx_word' id='word_1_244' title='bbox 1668 908 1736 945; x_wconf 90' lang='lat' dir='ltr'>est</span> <span class='ocrx_word' id='word_1_245' title='bbox 1762 903 1895 945; x_wconf 88' lang='lat' dir='ltr'>lectio</span> 
     </span>
     <span class='ocr_line' id='line_1_57' title="bbox 1090 958 1896 1012; baseline 0.004 -14"><span class='ocrx_word' id='word_1_246' title='bbox 1090 963 1100 967; x_wconf 74' lang='grc'>”</span> <span class='ocrx_word' id='word_1_247' title='bbox 1114 960 1157 983; x_wconf 57' lang='lat'>‘³</span> <span class='ocrx_word' id='word_1_248' title='bbox 1180 958 1376 1000; x_wconf 86' lang='lat' dir='ltr'>recitata.</span> <span class='ocrx_word' id='word_1_249' title='bbox 1395 958 1483 1000; x_wconf 90' lang='lat' dir='ltr'>Sed</span> <span class='ocrx_word' id='word_1_250' title='bbox 1498 972 1553 1000; x_wconf 94' lang='lat' dir='ltr'>ne</span> <span class='ocrx_word' id='word_1_251' title='bbox 1568 959 1811 1011; x_wconf 88' lang='lat' dir='ltr'>aliquibus</span> <span class='ocrx_word' id='word_1_252' title='bbox 1799 973 1896 1012; x_wconf 90' lang='lat' dir='ltr'>1psa</span> 
     </span>
     <span class='ocr_line' id='line_1_58' title="bbox 1064 1014 1896 1066; baseline 0.002 -11"><span class='ocrx_word' id='word_1_253' title='bbox 1064 1015 1156 1066; x_wconf 87' lang='lat' dir='ltr'>ejus</span> <span class='ocrx_word' id='word_1_254' title='bbox 1183 1014 1389 1066; x_wconf 91' lang='lat' dir='ltr'>planities</span> <span class='ocrx_word' id='word_1_255' title='bbox 1418 1015 1507 1056; x_wconf 88' lang='lat' dir='ltr'>alta</span> <span class='ocrx_word' id='word_1_256' title='bbox 1534 1015 1724 1057; x_wconf 88' lang='lat' dir='ltr'>fortasse</span> <span class='ocrx_word' id='word_1_257' title='bbox 1749 1015 1896 1058; x_wconf 84' lang='lat' dir='ltr'>videa-</span> 
     </span>
     <span class='ocr_line' id='line_1_59' title="bbox 1063 1071 1895 1120; baseline 0.002 -9"><span class='ocrx_word' id='word_1_258' title='bbox 1063 1075 1150 1120; x_wconf 92' lang='lat' dir='ltr'>tur,</span> <span class='ocrx_word' id='word_1_259' title='bbox 1179 1083 1276 1112; x_wconf 88' lang='lat' dir='ltr'>eam</span> <span class='ocrx_word' id='word_1_260' title='bbox 1295 1071 1377 1112; x_wconf 93' lang='lat' dir='ltr'>sub</span> <span class='ocrx_word' id='word_1_261' title='bbox 1397 1071 1617 1113; x_wconf 87' lang='lat' dir='ltr'>brevitate</span> <span class='ocrx_word' id='word_1_262' title='bbox 1636 1073 1895 1114; x_wconf 82' lang='lat' dir='ltr'>transcurri-</span> 
     </span>
     <span class='ocr_line' id='line_1_60' title="bbox 1062 1129 1895 1180; baseline 0.004 -13"><span class='ocrx_word' id='word_1_263' title='bbox 1062 1140 1176 1177; x_wconf 90' lang='lat' dir='ltr'>mus,</span> <span class='ocrx_word' id='word_1_264' title='bbox 1214 1129 1430 1179; x_wconf 87' lang='lat' dir='ltr'>quatenus</span> <span class='ocrx_word' id='word_1_265' title='bbox 1464 1129 1555 1180; x_wconf 84' lang='lat' dir='ltr'>ejus</span> <span class='ocrx_word' id='word_1_266' title='bbox 1584 1129 1806 1180; x_wconf 82' lang='lat' dir='ltr'>expositio</span> <span class='ocrx_word' id='word_1_267' title='bbox 1833 1129 1895 1170; x_wconf 90' lang='lat' dir='ltr'>ita</span> 
     </span>
     <span class='ocr_line' id='line_1_61' title="bbox 1062 1182 1895 1235; baseline 0.004 -12"><span class='ocrx_word' id='word_1_268' title='bbox 1062 1182 1361 1224; x_wconf 88' lang='lat' dir='ltr'>nescientibus</span> <span class='ocrx_word' id='word_1_269' title='bbox 1380 1183 1457 1225; x_wconf 89' lang='lat' dir='ltr'>fiat</span> <span class='ocrx_word' id='word_1_270' title='bbox 1475 1184 1662 1235; x_wconf 84' lang='lat' dir='ltr'>cognita,</span> <span class='ocrx_word' id='word_1_271' title='bbox 1680 1189 1730 1226; x_wconf 92' lang='lat' dir='ltr'>ut</span> <span class='ocrx_word' id='word_1_272' title='bbox 1747 1189 1895 1226; x_wconf 89' lang='lat' dir='ltr'>tamen</span> 
     </span>
     <span class='ocr_line' id='line_1_62' title="bbox 1062 1239 1894 1282; baseline 0.004 -3"><span class='ocrx_word' id='word_1_273' title='bbox 1062 1239 1303 1281; x_wconf 91' lang='lat' dir='ltr'>scientibus</span> <span class='ocrx_word' id='word_1_274' title='bbox 1326 1252 1415 1281; x_wconf 94' lang='lat' dir='ltr'>non</span> <span class='ocrx_word' id='word_1_275' title='bbox 1435 1240 1493 1282; x_wconf 91' lang='lat' dir='ltr'>sit</span> <span class='ocrx_word' id='word_1_276' title='bbox 1512 1242 1712 1282; x_wconf 83' lang='lat' dir='ltr'>onerosa.</span> <span class='ocrx_word' id='word_1_277' title='bbox 1744 1241 1894 1282; x_wconf 81' lang='lat' dir='ltr'>Demi-</span> 
     </span>
     <span class='ocr_line' id='line_1_63' title="bbox 1062 1295 1894 1350; baseline 0.004 -15"><span class='ocrx_word' id='word_1_278' title='bbox 1062 1308 1143 1336; x_wconf 93' lang='lat' dir='ltr'>nus</span> <span class='ocrx_word' id='word_1_279' title='bbox 1171 1295 1294 1337; x_wconf 88' lang='lat' dir='ltr'>dicit:</span> <span class='ocrx_word' id='word_1_280' title='bbox 1329 1295 1426 1338; x_wconf 89' lang='lat' dir='ltr'>Sint</span> <span class='ocrx_word' id='word_1_281' title='bbox 1453 1296 1593 1338; x_wconf 92' lang='lat' dir='ltr'>lumbi</span> <span class='ocrx_word' id='word_1_282' title='bbox 1619 1297 1757 1338; x_wconf 89' lang='lat' dir='ltr'>vestri</span> <span class='ocrx_word' id='word_1_283' title='bbox 1783 1310 1894 1350; x_wconf 87' lang='lat' dir='ltr'>prae-</span> 
     </span>
     <span class='ocr_line' id='line_1_64' title="bbox 1061 1351 1893 1406; baseline 0.004 -14"><span class='ocrx_word' id='word_1_284' title='bbox 1061 1352 1206 1393; x_wconf 90' lang='lat' dir='ltr'>cincti.</span> <span class='ocrx_word' id='word_1_285' title='bbox 1227 1351 1425 1394; x_wconf 92' lang='lat' dir='ltr'>Lumbos</span> <span class='ocrx_word' id='word_1_286' title='bbox 1441 1353 1557 1394; x_wconf 92' lang='lat' dir='ltr'>enim</span> <span class='ocrx_word' id='word_1_287' title='bbox 1571 1354 1893 1406; x_wconf 82' lang='lat' dir='ltr'>praecingimus,</span> 
     </span>
     <span class='ocr_line' id='line_1_65' title="bbox 1062 1409 1894 1462; baseline 0.001 -13"><span class='ocrx_word' id='word_1_288' title='bbox 1062 1421 1161 1449; x_wconf 92' lang='lat' dir='ltr'>cum</span> <span class='ocrx_word' id='word_1_289' title='bbox 1181 1409 1326 1449; x_wconf 90' lang='lat' dir='ltr'>carnis</span> <span class='ocrx_word' id='word_1_290' title='bbox 1342 1409 1563 1450; x_wconf 83' lang='lat' dir='ltr'>luxuriam</span> <span class='ocrx_word' id='word_1_291' title='bbox 1575 1422 1656 1462; x_wconf 92' lang='lat' dir='ltr'>per</span> <span class='ocrx_word' id='word_1_292' title='bbox 1671 1410 1894 1452; x_wconf 92' lang='lat' dir='ltr'>continen-</span> 
     </span>
     <span class='ocr_line' id='line_1_66' title="bbox 1060 1465 1894 1518; baseline 0.001 -12"><span class='ocrx_word' id='word_1_293' title='bbox 1060 1465 1168 1506; x_wconf 89' lang='lat' dir='ltr'>tiam</span> <span class='ocrx_word' id='word_1_294' title='bbox 1188 1467 1479 1507; x_wconf 77' lang='lat' dir='ltr'>coarctamus.</span> <span class='ocrx_word' id='word_1_295' title='bbox 1511 1465 1600 1508; x_wconf 89' lang='lat' dir='ltr'>Sed</span> <span class='ocrx_word' id='word_1_296' title='bbox 1624 1467 1728 1518; x_wconf 91' lang='lat' dir='ltr'>quia</span> <span class='ocrx_word' id='word_1_297' title='bbox 1749 1466 1894 1508; x_wconf 89' lang='lat' dir='ltr'>minus</span> 
     </span>
     <span class='ocr_line' id='line_1_67' title="bbox 1061 1521 1893 1574; baseline 0.004 -13"><span class='ocrx_word' id='word_1_298' title='bbox 1061 1526 1140 1570; x_wconf 89' lang='lat' dir='ltr'>est,</span> <span class='ocrx_word' id='word_1_299' title='bbox 1154 1521 1270 1562; x_wconf 88' lang='lat' dir='ltr'>mala</span> <span class='ocrx_word' id='word_1_300' title='bbox 1282 1534 1370 1562; x_wconf 93' lang='lat' dir='ltr'>non</span> <span class='ocrx_word' id='word_1_301' title='bbox 1381 1523 1524 1573; x_wconf 86' lang='lat' dir='ltr'>agere,</span> <span class='ocrx_word' id='word_1_302' title='bbox 1538 1523 1623 1564; x_wconf 91' lang='lat' dir='ltr'>nisi</span> <span class='ocrx_word' id='word_1_303' title='bbox 1634 1523 1767 1564; x_wconf 89' lang='lat' dir='ltr'>etiam</span> <span class='ocrx_word' id='word_1_304' title='bbox 1779 1523 1893 1574; x_wconf 90' lang='lat' dir='ltr'>quis-</span> 
     </span>
     <span class='ocr_line' id='line_1_68' title="bbox 1061 1577 1893 1631; baseline 0.002 -13"><span class='ocrx_word' id='word_1_305' title='bbox 1061 1590 1147 1629; x_wconf 90' lang='lat' dir='ltr'>que</span> <span class='ocrx_word' id='word_1_306' title='bbox 1166 1577 1359 1627; x_wconf 85' lang='lat' dir='ltr'>studeat,</span> <span class='ocrx_word' id='word_1_307' title='bbox 1385 1582 1429 1620; x_wconf 88' lang='lat' dir='ltr'>et</span> <span class='ocrx_word' id='word_1_308' title='bbox 1452 1578 1581 1620; x_wconf 92' lang='lat' dir='ltr'>bonis</span> <span class='ocrx_word' id='word_1_309' title='bbox 1602 1578 1813 1631; x_wconf 89' lang='lat' dir='ltr'>operibus</span> <span class='ocrx_word' id='word_1_310' title='bbox 1832 1579 1893 1620; x_wconf 92' lang='lat' dir='ltr'>in-</span> 
     </span>
     <span class='ocr_line' id='line_1_69' title="bbox 1060 1633 1893 1686; baseline 0.002 -12"><span class='ocrx_word' id='word_1_311' title='bbox 1060 1633 1232 1683; x_wconf 88' lang='lat' dir='ltr'>sudare,</span> <span class='ocrx_word' id='word_1_312' title='bbox 1251 1635 1456 1686; x_wconf 81' lang='lat' dir='ltr'>protinus</span> <span class='ocrx_word' id='word_1_313' title='bbox 1471 1633 1663 1676; x_wconf 82' lang='lat' dir='ltr'>additur:</span> <span class='ocrx_word' id='word_1_314' title='bbox 1681 1635 1740 1677; x_wconf 89' lang='lat' dir='ltr'>Et</span> <span class='ocrx_word' id='word_1_315' title='bbox 1756 1635 1893 1677; x_wconf 91' lang='lat' dir='ltr'>lucer—</span> 
     </span>
     <span class='ocr_line' id='line_1_70' title="bbox 1060 1689 1894 1733; baseline 0.002 -3"><span class='ocrx_word' id='word_1_316' title='bbox 1060 1703 1129 1731; x_wconf 88' lang='lat' dir='ltr'>nae</span> <span class='ocrx_word' id='word_1_317' title='bbox 1163 1689 1370 1732; x_wconf 88' lang='lat' dir='ltr'>ardentes</span> <span class='ocrx_word' id='word_1_318' title='bbox 1400 1691 1446 1730; x_wconf 91' lang='lat' dir='ltr'>in</span> <span class='ocrx_word' id='word_1_319' title='bbox 1484 1690 1688 1732; x_wconf 90' lang='lat' dir='ltr'>manibus</span> <span class='ocrx_word' id='word_1_320' title='bbox 1722 1691 1894 1733; x_wconf 90' lang='lat' dir='ltr'>vestris.</span> 
     </span>
     <span class='ocr_line' id='line_1_71' title="bbox 1059 1746 1892 1799; baseline 0.001 -12"><span class='ocrx_word' id='word_1_321' title='bbox 1059 1746 1283 1787; x_wconf 89' lang='lat' dir='ltr'>Lucernas</span> <span class='ocrx_word' id='word_1_322' title='bbox 1310 1746 1476 1799; x_wconf 92' lang='lat' dir='ltr'>quippe</span> <span class='ocrx_word' id='word_1_323' title='bbox 1502 1746 1708 1788; x_wconf 88' lang='lat' dir='ltr'>ardentes</span> <span class='ocrx_word' id='word_1_324' title='bbox 1733 1747 1779 1788; x_wconf 92' lang='lat' dir='ltr'>in</span> <span class='ocrx_word' id='word_1_325' title='bbox 1803 1749 1892 1788; x_wconf 89' lang='lat' dir='ltr'>ma-</span> 
     </span>
     <span class='ocr_line' id='line_1_72' title="bbox 1060 1801 1893 1856; baseline 0.001 -13"><span class='ocrx_word' id='word_1_326' title='bbox 1060 1801 1189 1843; x_wconf 91' lang='lat' dir='ltr'>nibus</span> <span class='ocrx_word' id='word_1_327' title='bbox 1200 1804 1412 1852; x_wconf 89' lang='lat' dir='ltr'>tenemus,</span> <span class='ocrx_word' id='word_1_328' title='bbox 1427 1815 1527 1844; x_wconf 90' lang='lat' dir='ltr'>cum</span> <span class='ocrx_word' id='word_1_329' title='bbox 1537 1816 1618 1855; x_wconf 92' lang='lat' dir='ltr'>per</span> <span class='ocrx_word' id='word_1_330' title='bbox 1628 1802 1746 1844; x_wconf 90' lang='lat' dir='ltr'>bona</span> <span class='ocrx_word' id='word_1_331' title='bbox 1757 1805 1893 1856; x_wconf 80' lang='lat' dir='ltr'>epera</span> 
     </span>
     <span class='ocr_line' id='line_1_73' title="bbox 1058 1859 1892 1912; baseline 0.001 -13"><span class='ocrx_word' id='word_1_332' title='bbox 1058 1859 1274 1911; x_wconf 78' lang='lat' dir='ltr'>preximis</span> <span class='ocrx_word' id='word_1_333' title='bbox 1319 1859 1484 1900; x_wconf 92' lang='lat' dir='ltr'>nostris</span> <span class='ocrx_word' id='word_1_334' title='bbox 1533 1859 1644 1900; x_wconf 92' lang='lat' dir='ltr'>lucis</span> <span class='ocrx_word' id='word_1_335' title='bbox 1689 1859 1892 1912; x_wconf 90' lang='lat' dir='ltr'>exempla</span> 
     </span>
     <span class='ocr_line' id='line_1_74' title="bbox 1059 1915 1891 1968; baseline 0.002 -13"><span class='ocrx_word' id='word_1_336' title='bbox 1059 1917 1367 1956; x_wconf 75' lang='lat' dir='ltr'>monstramus.</span> <span class='ocrx_word' id='word_1_337' title='bbox 1402 1915 1472 1957; x_wconf 90' lang='lat' dir='ltr'>De</span> <span class='ocrx_word' id='word_1_338' title='bbox 1499 1915 1660 1967; x_wconf 90' lang='lat' dir='ltr'>quibus</span> <span class='ocrx_word' id='word_1_339' title='bbox 1688 1915 1891 1968; x_wconf 86' lang='lat' dir='ltr'>profecto</span> 
     </span>
     <span class='ocr_line' id='line_1_75' title="bbox 1060 1970 1892 2024; baseline 0.001 -12"><span class='ocrx_word' id='word_1_340' title='bbox 1060 1971 1271 2024; x_wconf 90' lang='lat' dir='ltr'>operibus</span> <span class='ocrx_word' id='word_1_341' title='bbox 1279 1971 1496 2013; x_wconf 74' lang='lat' dir='ltr'>Deminus</span> <span class='ocrx_word' id='word_1_342' title='bbox 1505 1970 1628 2013; x_wconf 90' lang='lat' dir='ltr'>dicit:</span> <span class='ocrx_word' id='word_1_343' title='bbox 1637 1971 1806 2013; x_wconf 79' lang='lat' dir='ltr'>Luceat</span> <span class='ocrx_word' id='word_1_344' title='bbox 1815 1971 1892 2013; x_wconf 86' lang='lat' dir='ltr'>lux</span> 
     </span>
     <span class='ocr_line' id='line_1_76' title="bbox 1059 2027 1892 2078; baseline 0.002 -10"><span class='ocrx_word' id='word_1_345' title='bbox 1059 2033 1207 2070; x_wconf 90' lang='lat' dir='ltr'>vestra</span> <span class='ocrx_word' id='word_1_346' title='bbox 1221 2040 1373 2069; x_wconf 91' lang='lat' dir='ltr'>coram</span> <span class='ocrx_word' id='word_1_347' title='bbox 1382 2027 1646 2078; x_wconf 89' lang='lat' dir='ltr'>hominibus,</span> <span class='ocrx_word' id='word_1_348' title='bbox 1655 2032 1705 2070; x_wconf 91' lang='lat' dir='ltr'>ut</span> <span class='ocrx_word' id='word_1_349' title='bbox 1712 2027 1892 2070; x_wconf 87' lang='lat' dir='ltr'>videant</span> 
     </span>
     <span class='ocr_line' id='line_1_77' title="bbox 1060 2083 1892 2137; baseline 0 -11"><span class='ocrx_word' id='word_1_350' title='bbox 1060 2086 1197 2137; x_wconf 84' lang='lat' dir='ltr'>opera</span> <span class='ocrx_word' id='word_1_351' title='bbox 1224 2089 1374 2126; x_wconf 89' lang='lat' dir='ltr'>vestra</span> <span class='ocrx_word' id='word_1_352' title='bbox 1401 2083 1534 2134; x_wconf 89' lang='lat' dir='ltr'>bona,</span> <span class='ocrx_word' id='word_1_353' title='bbox 1568 2089 1613 2126; x_wconf 88' lang='lat' dir='ltr'>et</span> <span class='ocrx_word' id='word_1_354' title='bbox 1644 2084 1892 2136; x_wconf 88' lang='lat' dir='ltr'>glorificent</span> 
     </span>
     <span class='ocr_line' id='line_1_78' title="bbox 1059 2140 1858 2192; baseline 0.003 -12"><span class='ocrx_word' id='word_1_355' title='bbox 1059 2140 1237 2182; x_wconf 86' lang='lat' dir='ltr'>Patrem</span> <span class='ocrx_word' id='word_1_356' title='bbox 1257 2145 1455 2182; x_wconf 88' lang='lat' dir='ltr'>vestrum</span> <span class='ocrx_word' id='word_1_357' title='bbox 1475 2140 1551 2192; x_wconf 88' lang='lat' dir='ltr'>qui</span> <span class='ocrx_word' id='word_1_358' title='bbox 1569 2141 1613 2181; x_wconf 89' lang='lat' dir='ltr'>in</span> <span class='ocrx_word' id='word_1_359' title='bbox 1633 2140 1760 2182; x_wconf 91' lang='lat' dir='ltr'>coelis</span> <span class='ocrx_word' id='word_1_360' title='bbox 1780 2145 1858 2182; x_wconf 90' lang='lat' dir='ltr'>est.</span> 
     </span>
     <span class='ocr_line' id='line_1_79' title="bbox 1114 2201 1890 2256; baseline -0.001 -12"><span class='ocrx_word' id='word_1_361' title='bbox 1114 2205 1163 2256; x_wconf 65' lang='lat' dir='ltr'>R.</span> <span class='ocrx_word' id='word_1_362' title='bbox 1194 2202 1285 2242; x_wconf 87' lang='lat' dir='ltr'>Iste</span> <span class='ocrx_word' id='word_1_363' title='bbox 1312 2205 1379 2242; x_wconf 89' lang='lat' dir='ltr'>est</span> <span class='ocrx_word' id='word_1_364' title='bbox 1411 2201 1486 2252; x_wconf 94' lang='lat' dir='ltr'>qui</span> <span class='ocrx_word' id='word_1_365' title='bbox 1508 2206 1611 2243; x_wconf 88' lang='lat' dir='ltr'>ante</span> <span class='ocrx_word' id='word_1_366' title='bbox 1634 2201 1778 2243; x_wconf 92' lang='lat' dir='ltr'>Deum</span> <span class='ocrx_word' id='word_1_367' title='bbox 1802 2214 1890 2243; x_wconf 87' lang='lat' dir='ltr'>ma·</span> 
     </span>
     <span class='ocr_line' id='line_1_80' title="bbox 1058 2257 1891 2309; baseline 0.001 -11"><span class='ocrx_word' id='word_1_368' title='bbox 1058 2271 1165 2309; x_wconf 87' lang='lat' dir='ltr'>gnas</span> <span class='ocrx_word' id='word_1_369' title='bbox 1192 2258 1378 2299; x_wconf 80' lang='lat' dir='ltr'>virtutes</span> <span class='ocrx_word' id='word_1_370' title='bbox 1408 2260 1618 2309; x_wconf 89' lang='lat' dir='ltr'>operatus</span> <span class='ocrx_word' id='word_1_371' title='bbox 1647 2262 1732 2308; x_wconf 89' lang='lat' dir='ltr'>est,</span> <span class='ocrx_word' id='word_1_372' title='bbox 1765 2261 1810 2300; x_wconf 90' lang='lat' dir='ltr'>et</span> <span class='ocrx_word' id='word_1_373' title='bbox 1835 2257 1891 2299; x_wconf 93' lang='lat' dir='ltr'>de</span> 
     </span>
     <span class='ocr_line' id='line_1_81' title="bbox 1059 2313 1890 2356; baseline -0.001 -1"><span class='ocrx_word' id='word_1_374' title='bbox 1059 2314 1179 2355; x_wconf 92' lang='lat' dir='ltr'>omni</span> <span class='ocrx_word' id='word_1_375' title='bbox 1217 2313 1354 2356; x_wconf 88' lang='lat' dir='ltr'>corde</span> <span class='ocrx_word' id='word_1_376' title='bbox 1392 2326 1473 2355; x_wconf 92' lang='lat' dir='ltr'>suo</span> <span class='ocrx_word' id='word_1_377' title='bbox 1511 2313 1709 2355; x_wconf 87' lang='lat' dir='ltr'>laudavit</span> <span class='ocrx_word' id='word_1_378' title='bbox 1740 2314 1890 2355; x_wconf 76' lang='lat' dir='ltr'>Demi-</span> 
     </span>
     <span class='ocr_line' id='line_1_82' title="bbox 1058 2369 1889 2422; baseline -0.002 -11"><span class='ocrx_word' id='word_1_379' title='bbox 1058 2384 1179 2411; x_wconf 89' lang='lat' dir='ltr'>num:</span> <span class='ocrx_word' id='word_1_380' title='bbox 1199 2372 1221 2394; x_wconf 78' lang='lat'>¹⁸¹</span> <span class='ocrx_word' id='word_1_381' title='bbox 1240 2370 1344 2422; x_wconf 87' lang='lat' dir='ltr'>Ipse</span> <span class='ocrx_word' id='word_1_382' title='bbox 1367 2369 1614 2411; x_wconf 88' lang='lat' dir='ltr'>intercedat</span> <span class='ocrx_word' id='word_1_383' title='bbox 1631 2382 1714 2422; x_wconf 92' lang='lat' dir='ltr'>pro</span> <span class='ocrx_word' id='word_1_384' title='bbox 1734 2370 1889 2422; x_wconf 88' lang='lat' dir='ltr'>pecca-</span> 
     </span>
     <span class='ocr_line' id='line_1_83' title="bbox 1058 2421 1890 2478; baseline -0.001 -10"><span class='ocrx_word' id='word_1_385' title='bbox 1058 2427 1115 2468; x_wconf 87' lang='lat' dir='ltr'>tis</span> <span class='ocrx_word' id='word_1_386' title='bbox 1145 2426 1341 2467; x_wconf 79' lang='lat' dir='ltr'>emnium</span> <span class='ocrx_word' id='word_1_387' title='bbox 1368 2425 1647 2478; x_wconf 77' lang='lat' dir='ltr'>populerum.</span> <span class='ocrx_word' id='word_1_388' title='bbox 1693 2421 1743 2473; x_wconf 66' lang='lat' dir='ltr'>V.</span> <span class='ocrx_word' id='word_1_389' title='bbox 1771 2425 1890 2468; x_wconf 89' lang='lat' dir='ltr'>Ecce</span> 
     </span>
     <span class='ocr_line' id='line_1_84' title="bbox 1057 2481 1888 2534; baseline 0 -11"><span class='ocrx_word' id='word_1_390' title='bbox 1057 2482 1191 2524; x_wconf 91' lang='lat' dir='ltr'>homo</span> <span class='ocrx_word' id='word_1_391' title='bbox 1213 2483 1306 2524; x_wconf 92' lang='lat' dir='ltr'>sine</span> <span class='ocrx_word' id='word_1_392' title='bbox 1331 2482 1524 2534; x_wconf 88' lang='lat' dir='ltr'>querela,</span> <span class='ocrx_word' id='word_1_393' title='bbox 1548 2494 1679 2523; x_wconf 87' lang='lat' dir='ltr'>verus</span> <span class='ocrx_word' id='word_1_394' title='bbox 1698 2482 1782 2523; x_wconf 88' lang='lat' dir='ltr'>Dei</span> <span class='ocrx_word' id='word_1_395' title='bbox 1802 2481 1888 2523; x_wconf 94' lang='lat' dir='ltr'>cul-</span> 
     </span>
     <span class='ocr_line' id='line_1_85' title="bbox 1056 2538 1888 2590; baseline 0.001 -11"><span class='ocrx_word' id='word_1_396' title='bbox 1056 2544 1143 2588; x_wconf 86' lang='lat' dir='ltr'>tor,</span> <span class='ocrx_word' id='word_1_397' title='bbox 1175 2538 1402 2580; x_wconf 84' lang='lat' dir='ltr'>abstinens</span> <span class='ocrx_word' id='word_1_398' title='bbox 1435 2551 1483 2579; x_wconf 91' lang='lat' dir='ltr'>se</span> <span class='ocrx_word' id='word_1_399' title='bbox 1516 2538 1571 2580; x_wconf 91' lang='lat' dir='ltr'>ab</span> <span class='ocrx_word' id='word_1_400' title='bbox 1602 2538 1721 2579; x_wconf 91' lang='lat' dir='ltr'>omni</span> <span class='ocrx_word' id='word_1_401' title='bbox 1753 2540 1888 2590; x_wconf 82' lang='lat' dir='ltr'>opere</span> 
     </span>
     <span class='ocr_line' id='line_1_86' title="bbox 1056 2593 1888 2646; baseline -0.001 -11"><span class='ocrx_word' id='word_1_402' title='bbox 1056 2595 1189 2644; x_wconf 86' lang='lat' dir='ltr'>malo,</span> <span class='ocrx_word' id='word_1_403' title='bbox 1216 2599 1260 2636; x_wconf 89' lang='lat' dir='ltr'>et</span> <span class='ocrx_word' id='word_1_404' title='bbox 1286 2596 1550 2646; x_wconf 88' lang='lat' dir='ltr'>permanens</span> <span class='ocrx_word' id='word_1_405' title='bbox 1573 2594 1618 2635; x_wconf 94' lang='lat' dir='ltr'>in</span> <span class='ocrx_word' id='word_1_406' title='bbox 1637 2593 1888 2635; x_wconf 90' lang='lat' dir='ltr'>innocentia</span> 
     </span>
     <span class='ocr_line' id='line_1_87' title="bbox 1057 2652 1294 2704; baseline 0 -12"><span class='ocrx_word' id='word_1_407' title='bbox 1057 2664 1145 2692; x_wconf 89' lang='lat' dir='ltr'>sua.</span> <span class='ocrx_word' id='word_1_408' title='bbox 1180 2652 1294 2704; x_wconf 88' lang='lat' dir='ltr'>Ipse.</span> 
     </span>
     <span class='ocr_line' id='line_1_88' title="bbox 1115 2709 1829 2763; baseline -0.004 -10"><span class='ocrx_word' id='word_1_409' title='bbox 1115 2714 1271 2753; x_wconf 81' lang='lat' dir='ltr'>Bened.</span> <span class='ocrx_word' id='word_1_410' title='bbox 1303 2712 1432 2763; x_wconf 64' lang='lat' dir='ltr'>(jujus</span> <span class='ocrx_word' id='word_1_411' title='bbox 1451 2711 1614 2753; x_wconf 86' lang='lat' dir='ltr'>festum</span> <span class='ocrx_word' id='word_1_412' title='bbox 1632 2709 1829 2752; x_wconf 83' lang='lat' dir='ltr'>colimus.</span> 
     </span>
    </p>
   </div>
   <div class='ocr_carea' id='block_1_11' title="bbox 119 136 1951 2821">
    <p class='ocr_par' dir='ltr' id='par_1_24' title="bbox 119 136 1951 2821">
     <span class='ocr_line' id='line_1_89' title="bbox 119 136 1951 2821; baseline 0 0"><span class='ocrx_word' id='word_1_413' title='bbox 119 136 1951 2821; x_wconf 95' lang='lat' dir='ltr'> </span> 
     </span>
    </p>
   </div>
  </div>
 </body>
</html>
