2040 2976
519 220 617 252 luffa
648 219 942 252 lle-btwmuthuu
968 219 1033 251 xii.

171 316 233 356 vit
251 316 294 355 in
315 315 556 366 conspectu
574 319 651 354 tuo
673 314 717 354 in
736 313 939 363 veritate,
959 318 1002 355 et

171 371 347 422 justitia,
376 375 419 411 et
438 375 562 411 recto
583 369 717 411 corde
742 375 902 411 tecum:
931 382 1000 410 cu-

171 426 345 467 stodisti
397 426 437 467 ei
485 426 832 467 misericordiam
881 430 1001 466 tuam

170 481 393 532 grandem:
427 487 470 523 et
502 481 663 523 dedisti
696 482 735 522 ei
767 481 905 522 filium
938 493 1001 521 se-

171 538 347 579 dentem
370 551 503 590 super
527 537 735 578 thronum
754 538 861 589 ejus,
891 538 1002 578 sicut

173 600 239 635 est
258 593 402 635 hodie.

225 653 271 701 lxffv.
299 650 496 691 Peccavi.
516 650 602 690 179.

476 725 628 765 Lectio
653 726 688 764 ll.
920 762 923 764 .

250 794 268 830 t
286 801 400 829 nune
420 788 609 829 Demine
628 789 763 837 Deus,
783 792 831 828 tu
850 790 1000 838 regna-

271 858 318 885 re
360 845 502 886 fecisti
542 857 717 885 servum
756 850 880 885 tuum
918 857 1000 896 pro

170 901 316 942 David
335 906 460 952 patre
484 913 598 941 meo:
625 913 706 950 ego
734 906 881 941 autem
905 914 1001 941 sum

169 970 280 1010 puer
299 957 528 1009 parvulus,
558 962 601 997 et
627 957 832 1007 ignorans
860 959 1000 1007 egres-

170 1027 267 1054 sum
300 1019 343 1054 et
376 1013 601 1054 intr6itum
632 1026 788 1054 meum.
828 1013 885 1054 Et
914 1026 1000 1054 ser-

168 1083 249 1110 vus
268 1074 369 1110 tuus
384 1069 427 1109 in
443 1068 588 1110 medio
605 1076 671 1110 est
686 1069 850 1121 pepuli,
873 1083 1001 1121 quem

170 1125 358 1176 elegisti,
385 1126 540 1178 populi
559 1125 733 1174 infiniti,
761 1126 835 1176 qui
854 1139 1000 1167 nume·
1024 1164 1027 1177 ,

169 1182 256 1222 rari
282 1186 325 1222 et
350 1182 581 1233 supputari
605 1194 692 1222 non
712 1186 877 1233 potest,
905 1195 1000 1234 prae

167 1237 456 1278 multitudine.
489 1237 627 1278 Dabis
648 1250 753 1288 ergo
775 1250 903 1279 servo
923 1244 1000 1280 tuo

168 1306 245 1334 cor
265 1293 423 1339 docile,
451 1299 498 1335 ut
518 1294 731 1346 populum
751 1300 875 1335 tuum
894 1295 1000 1346 judi-

168 1352 268 1390 care
286 1351 437 1402 possit,
459 1355 502 1391 et
523 1349 773 1390 discernere
794 1350 905 1392 inter
924 1351 999 1393 bo-

167 1419 269 1446 num
290 1412 333 1446 et
358 1406 531 1447 malum.
566 1406 673 1455 Quis
698 1406 813 1447 enim
837 1408 1002 1458 peterit

167 1461 359 1512 judicare
378 1462 593 1515 populum
612 1462 760 1511 istum,
786 1465 1001 1517 populum

167 1522 290 1558 tuum
308 1518 424 1559 hune
442 1518 647 1559 multum?

221 1576 269 1625 152
298 1574 530 1615 Exaudisti
549 1575 748 1616 Domine.
777 1577 870 1616 180.

470 1647 621 1686 Lectio
644 1647 697 1685 iii.

254 1716 387 1758 lacuit
420 1729 524 1767 ergo
558 1731 703 1760 sermo
733 1732 883 1761 eoram
911 1720 999 1761 Do-

261 1773 391 1820 mino,
413 1773 533 1824 quod
553 1775 763 1816 Salomon
782 1776 999 1827 postulas-

168 1833 235 1869 set
254 1828 556 1879 hujuscemodi
575 1843 678 1871 rem.
706 1832 763 1872 Et
783 1831 894 1873 dixit
912 1833 999 1874 Do-

167 1885 310 1925 minus
343 1885 579 1927 Salomc‘mi:
620 1888 731 1937 Quia
763 1889 1000 1940 postulasti

168 1940 351 1982 verbum
383 1941 485 1991 hoc,
529 1948 572 1983 et
610 1957 698 1984 non
734 1945 886 1997 petisti
920 1946 1001 1987 tibi

168 1995 264 2038 dies
284 1997 462 2047 multos,
488 2011 569 2039 nee
589 1999 781 2051 divitias,
811 2007 886 2043 aut
912 2003 998 2043 ani-

169 2066 262 2093 mas
292 2053 566 2095 inimicorum
591 2059 782 2107 tuorum,
813 2058 892 2099 sed
923 2071 998 2110 po-

169 2110 341 2150 stulasti
364 2110 443 2151 tibi
470 2113 730 2162 sapientiam
757 2114 813 2155 ad
839 2114 997 2156 discer-

167 2165 359 2206 nendum
396 2166 615 2216 judicium:
656 2182 759 2210 ecee
799 2171 881 2212 feei
919 2171 999 2212 tibi

168 2222 409 2262 secandum
431 2226 656 2265 sermones
676 2231 797 2274 tuos,
827 2232 870 2268 et
897 2227 999 2268 dedi

167 2276 248 2318 tibi
277 2290 354 2319 cor
382 2279 557 2330 sapiens
587 2286 630 2321 et
657 2281 919 2333 intelligens,
954 2284 998 2324 in

168 2338 337 2375 tantum
358 2339 405 2374 ut
424 2335 566 2375 nullus
587 2343 686 2378 ante
706 2343 749 2378 te
769 2339 920 2380 similis
935 2340 999 2380 tui

168 2389 315 2438 fuerit,
341 2402 422 2430 nee
448 2397 550 2442 post
576 2397 619 2432 te
639 2398 913 2435 surrecturus
933 2396 998 2437 sit.

168 2445 254 2486 Sed
288 2451 332 2486 et
363 2446 459 2486 haee
491 2460 589 2498 quae
623 2461 710 2489 non
744 2451 998 2501 postulasti,

168 2500 270 2542 dedi
295 2502 390 2543 tibi:
423 2502 597 2543 divitias
623 2505 805 2553 scilieet,
839 2512 882 2548 et
907 2507 997 2557 glo-
1022 2539 1026 2554 ,.

167 2558 292 2606 riam,
319 2563 368 2599 ut
393 2571 521 2599 nemo
549 2559 678 2601 fuerit
703 2562 854 2602 similis
873 2564 937 2604 tui
955 2564 998 2603 in

167 2614 342 2664 regibus
362 2616 529 2655 cunetis
550 2622 668 2657 retro
689 2616 854 2659 diebus.

218 2670 269 2718 lx}-
298 2671 414 2712 Audi
434 2671 633 2712 Demine.
655 2674 747 2713 180.

1062 226 1145 260 post
1175 219 1252 251 Oct.
1280 218 1539 252 l’cntecostes.

1256 313 1429 350 Feria
1463 313 1690 361 Quinta.

1185 370 1253 409 De
1278 368 1393 411 libro
1418 370 1551 411 tertio
1575 371 1758 422 Regum.

1132 434 1284 475 Lectio
1307 437 1328 474 i.
1603 438 1705 489 Cap.
1722 441 1758 478 4.
1775 452 1808 478 e.

1057 503 1118 555 (Q
1129 497 1307 539 alomon
1340 503 1489 540 autem
1522 505 1616 542 erat
1646 501 1690 542 in
1723 502 1890 546 ditione

1060 546 1123 599 Q)
1147 567 1239 603 sua,
1259 553 1428 595 habens
1449 556 1595 597 omnia
1614 569 1748 608 regna
1768 572 1794 600 a
1813 560 1888 602 flu-

1055 611 1171 651 mine
1198 616 1332 652 terrae
1360 610 1624 654 Philisthiim
1656 627 1797 667 usque
1833 616 1891 658 ad

1054 667 1290 708 terminum
1301 667 1499 719 AEgy'pti:
1515 668 1791 712 offerentium
1806 671 1891 714 sibi

1055 726 1235 764 munera
1265 728 1309 764 et
1342 725 1626 766 servientium
1654 726 1694 767 ei
1721 729 1890 770 cunctis

1056 779 1212 820 diebus
1227 779 1329 820 vitae
1346 780 1449 831 ejus.
1470 781 1580 822 Erat
1599 788 1746 824 autem
1766 784 1890 826 cibus

1055 835 1304 877 Salomonis
1341 848 1422 887 per
1458 835 1553 878 dies
1590 839 1786 889 singulos
1817 841 1890 882 tri·

1055 894 1176 942 gin'ta
1196 892 1288 933 cori
1308 892 1473 943 similae,
1494 898 1538 935 et
1556 898 1783 946 sexaginta
1799 898 1891 939 cori

1055 949 1222 998 farinae,
1258 948 1413 989 decem
1440 948 1580 991 boves
1608 951 1811 1004 pingues,
1847 958 1891 996 et

1054 1005 1208 1054 viginti
1227 1004 1366 1046 boves
1385 1006 1628 1057 pascuales,
1650 1013 1694 1049 et
1714 1014 1890 1051 centum

1055 1062 1232 1110 arietes,
1262 1062 1449 1113 excepta
1475 1063 1710 1105 venatione
1741 1067 1890 1107 cervo-

1055 1129 1162 1164 rum,
1182 1119 1453 1169 caprearum,
1468 1123 1601 1169 atque
1616 1118 1890 1172 bubalorum,

1056 1178 1099 1214 et
1118 1173 1264 1214 avium
1284 1173 1478 1214 altilium.
1513 1175 1616 1227 Ipse
1641 1177 1756 1218 enim
1779 1177 1889 1220 obti-

1055 1229 1188 1270 nebat
1208 1242 1383 1271 omnem
1403 1231 1644 1281 regionem,
1675 1245 1774 1284 quae
1795 1240 1890 1276 erat

1055 1291 1175 1326 trans
1197 1286 1374 1335 flumen,
1398 1299 1423 1327 a
1440 1287 1651 1340 Thaphsa
1671 1302 1811 1342 usque
1832 1290 1890 1333 ad

1055 1342 1222 1391 Gazan,
1260 1348 1304 1383 et
1338 1348 1522 1384 cunctos
1554 1357 1681 1395 reges
1715 1345 1890 1388 illarum

1054 1399 1297 1450 regionum:
1339 1403 1383 1440 et
1419 1399 1612 1442 habebat
1644 1414 1802 1454 pacem
1834 1416 1889 1445 ex

1054 1455 1173 1496 omni
1192 1460 1320 1507 parte
1339 1455 1383 1495 in
1404 1456 1600 1497 circuitu.

1104 1523 1155 1574 Rs„
1183 1520 1451 1572 Praeparate.
1469 1522 1571 1562 204.

1279 1627 1283 1629 ,
1361 1590 1515 1631 Lectio
1536 1591 1575 1630 ii.

1052 1651 1432 1756 Habitabatque
1448 1655 1473 1696 J
1474 1655 1563 1697 uda
1579 1661 1623 1698 et
1636 1657 1776 1698 Israel
1791 1657 1887 1702 abs-

1159 1724 1243 1763 que
1267 1712 1426 1753 timore
1450 1712 1558 1762 ullo,
1586 1716 1887 1767 unusquisque

1054 1767 1136 1809 sub
1156 1768 1244 1809 vite
1265 1781 1353 1817 sua,
1375 1774 1418 1810 et
1438 1769 1519 1810 sub
1540 1769 1626 1811 ficu
1641 1783 1731 1820 sua,
1750 1784 1776 1812 a
1789 1771 1888 1813 Dan

1052 1837 1194 1876 usque
1208 1824 1431 1866 Bersabee
1452 1827 1621 1868 cunctis
1641 1826 1797 1869 diebus
1811 1828 1885 1869 Sa-

1052 1880 1254 1921 lomonis.
1283 1881 1339 1922 Et
1354 1881 1547 1923 habebat
1560 1883 1770 1926 Salomon
1783 1897 1885 1936 qua-

1054 1936 1255 1987 draginta
1273 1938 1408 1978 millia
1431 1939 1652 1992 praesepia
1673 1942 1888 1992 equorum

1053 1993 1286 2042 currilium,
1303 1999 1347 2035 et
1363 1993 1598 2036 duodecim
1613 1995 1750 2037 millia
1765 1999 1887 2048 eque-

1052 2049 1219 2090 strium.
1252 2050 1604 2104 Nutriebantque
1631 2064 1710 2093 eos
1735 2065 1886 2106 supra-

1053 2104 1159 2146 dicti
1183 2107 1298 2157 regis
1322 2107 1534 2158 praefecti:
1562 2107 1642 2149 sed
1668 2114 1712 2150 et
1737 2122 1884 2151 neees-

1054 2162 1171 2202 saria
1194 2175 1359 2204 mensae
1383 2164 1498 2214 regis
1517 2164 1766 2206 Salomonis
1786 2178 1886 2207 cum

1051 2218 1213 2268 ingenti
1235 2231 1339 2260 cura
1354 2219 1611 2272 praebebant
1624 2221 1667 2261 in
1683 2223 1884 2274 tempore

1052 2287 1144 2316 suo.
1184 2275 1416 2316 Herdeum
1450 2289 1626 2328 quoque
1659 2283 1703 2319 et
1731 2278 1884 2329 paleas

1052 2333 1267 2382 equOrum
1309 2337 1353 2373 et
1389 2333 1682 2383 jumentorum
1719 2333 1883 2376 defere-

1051 2387 1157 2429 bant
1179 2388 1223 2428 in
1250 2388 1397 2429 locum
1421 2388 1497 2429 ubi
1524 2394 1619 2431 erat
1642 2403 1737 2439 rex,
1765 2391 1884 2442 juxta

1052 2444 1338 2486 constitutum
1376 2445 1470 2486 sibi.
1532 2445 1668 2488 Dedit
1705 2459 1883 2500 quoque

1051 2499 1172 2540 Deus
1193 2501 1452 2552 sapientiam
1467 2501 1701 2551 Salomoni,
1721 2509 1766 2543 et
1783 2516 1882 2555 pru-

1051 2555 1243 2597 dentiam
1263 2557 1446 2598 multam
1466 2558 1608 2608 nimis,
1629 2564 1672 2600 et
1690 2558 1882 2600 latiffidi-

1050 2625 1149 2653 nem
1170 2612 1317 2655 cordis
1340 2614 1465 2665 quasi
1484 2616 1675 2664 arenam,
1697 2627 1796 2666 quae
1816 2621 1883 2657 est

1049 2668 1091 2707 in
1110 2668 1259 2710 littore
1278 2670 1423 2711 maris.

1104 2728 1154 2774 R·-
1178 2729 1300 2771 Deus
1320 2730 1524 2771 omnium.
1542 2731 1644 2771 205.
