2040 2976
819 239 876 274 Ss.
902 239 1043 273 Cordis
1068 240 1171 274 Jesu.

1759 232 1852 277 [279]

142 334 318 376 saecula:
353 335 377 362 *
414 338 515 375 ante
560 332 700 374 solem
742 334 972 384 permanet

141 403 302 432 nomen
322 391 424 442 ejus.

193 447 250 487 Et
277 446 592 487 benedicentur
619 445 663 484 in
691 444 791 496 ipso
820 456 971 485 omnes

141 502 280 544 tribus
298 507 445 543 terrae:
470 502 494 526 *
518 513 670 542 omnes
691 500 857 541 Gentes
882 512 970 540 ma—

141 558 414 608 gnificabunt
434 570 544 598 eum.

194 613 463 655 Benedictus
498 612 713 653 Dominus
750 611 871 652 Deus
910 610 971 651 Is-

142 670 244 720 rael,
263 671 287 697 *
308 669 382 720 qui
401 668 505 710 facit
522 667 738 709 mirabilia
756 666 894 708 solus:

194 726 252 766 Et
278 724 558 766 benedictum
584 736 746 765 nomen
772 723 970 773 majesta-

141 781 198 823 tis
235 782 326 833 ejus
361 781 406 821 in
442 782 669 821 aeternum:
701 780 725 806 *
753 782 797 819 et
833 777 971 830 reple—

142 837 259 878 bitur
290 837 519 888 majestate
549 836 639 887 ejus
666 834 807 876 omnis
839 838 972 875 terra:

143 893 232 942 fiat,
250 892 339 933 fiat.

194 950 293 990 Ant.
328 947 545 989 Judicabit
559 946 774 1000 pepulum
793 946 837 986 in
856 947 971 997 justi-

142 1004 215 1053 tia,
235 1008 279 1045 et
296 1007 517 1056 pauperes
536 1004 581 1044 in
600 1002 773 1055 judicio.

194 1055 244 1107 V.
272 1059 380 1100 Mihi
419 1065 565 1101 autem
607 1058 833 1100 adhaerere
874 1059 971 1099 Deo

142 1115 308 1157 bonum
331 1120 408 1157 est.
440 1118 491 1169 Rl·
512 1116 684 1156 Penere
709 1114 753 1154 in
778 1114 970 1155 Demino

142 1172 239 1212 Deo
260 1184 386 1224 spem
403 1184 557 1213 meam.

142 1238 208 1277 De
233 1236 441 1278 Sermc'me
468 1237 507 1277 S.
531 1234 746 1277 Bernardi
774 1235 972 1277 Abbatis.

280 1295 340 1328 Ex
364 1294 480 1327 Serm.
505 1294 534 1327 3.
561 1294 607 1327 de
630 1293 829 1327 Passione.

434 1342 586 1382 Lectio
614 1341 668 1381 iv.

185 1396 343 1464 fs*
383 1395 520 1437 semel
554 1395 752 1437 venimus
791 1393 848 1435 ad
886 1394 974 1436 Cor

148 1401 181 1422 Ista

148 1425 160 1438 ll

147 1439 160 1506 ,f
180 1447 245 1488 Ὺ
259 1478 267 1508 A
298 1451 599 1493 dulcissimum
613 1451 639 1491 J
641 1463 729 1500 esu,
750 1455 793 1492 et
807 1449 974 1491 bonum

247 1511 267 1530 ·¹
299 1512 366 1548 est
384 1519 464 1548 nos
482 1506 556 1548 hic
575 1519 684 1557 esse,
706 1520 762 1548 ne
781 1507 974 1547 sinamus

142 1577 225 1605 nos
244 1563 370 1605 facile
390 1563 518 1605 avelli
538 1563 594 1605 ab
614 1576 679 1613 eo,
694 1563 750 1605 de
768 1575 856 1615 quo
872 1563 974 1604 scri·

142 1625 270 1672 ptum
288 1624 369 1661 est:
396 1619 674 1660 Recedentes
693 1632 718 1659 a
736 1624 780 1660 te
795 1619 839 1659 in
856 1623 975 1660 terra

144 1675 400 1717 scribentur.
441 1675 557 1725 Quid
585 1680 732 1717 autem
764 1673 973 1716 acceden-

143 1730 234 1774 tes?
259 1731 329 1772 Tu
347 1732 444 1784 ipse
464 1731 599 1773 doces
618 1737 719 1772 nos:
737 1731 807 1772 Tu
827 1729 975 1772 dixisti

144 1787 454 1830 accedentibus
474 1787 531 1828 ad
549 1792 610 1829 te:
639 1787 852 1836 Gaudete,
873 1787 976 1837 quia

143 1844 320 1885 nemina
334 1848 482 1885 vestra
496 1844 661 1896 scripta
673 1843 832 1884 suntin
848 1842 974 1883 coelo.

144 1899 422 1941 Accedamus
447 1912 552 1950 ergo
573 1899 630 1940 ad
648 1903 704 1949 te,
724 1904 768 1940 et
787 1898 975 1940 exsulta-

143 1956 300 2005 bimus,
326 1960 370 1998 et
396 1955 644 1997 laetabimur
666 1955 711 1995 in
733 1960 788 2004 te,
811 1956 974 1995 memo-

145 2024 216 2053 res
243 2011 398 2053 Cordis
420 2011 495 2053 tui.
524 2011 562 2052 O
589 2023 719 2063 quam
742 2010 909 2052 bonum
933 2015 976 2051 et

147 2080 278 2120 quam
297 2066 533 2119 jucundum
551 2066 750 2108 habitare
769 2067 814 2106 in
829 2065 975 2107 Corde

145 2122 246 2164 hoc!
284 2123 397 2173 Quin
423 2123 572 2175 potius
600 2122 716 2164 dabo
746 2122 902 2171 omnia,
931 2133 974 2162 o-

145 2191 269 2220 mnes
289 2178 580 2230 cogitatienes
600 2183 644 2220 et
661 2177 845 2219 affectus
859 2190 975 2219 men-

145 2235 203 2276 tis
223 2234 514 2284 commutabo,
529 2235 693 2286 jactans
713 2247 842 2275 omne
863 2234 975 2284 cogi—

146 2293 288 2332 tatum
309 2303 456 2331 meum
480 2291 525 2330 in
549 2290 635 2332 Cor
658 2290 836 2331 Domini
861 2290 886 2330 J
888 2302 976 2339 esu,

148 2352 191 2388 et
211 2347 304 2387 sine
323 2346 496 2388 fallacia
515 2346 624 2387 illud
642 2359 712 2387 me
732 2345 932 2387 enutriet.

201 2402 252 2452 Rz.
264 2401 516 2443 Introduxit
533 2415 604 2443 me
618 2403 718 2443 Rex
734 2402 780 2442 in
799 2401 976 2442 cellaria

148 2470 240 2499 sua:
273 2458 492 2499 ordinavit
518 2458 562 2498 in
586 2470 656 2499 me
685 2457 924 2499 caritatem.
952 2458 975 2482 *

147 2514 317 2555 Fulcite
330 2526 400 2555 me
414 2513 608 2564 floribus,
628 2514 788 2566 stipate
803 2525 873 2554 me
887 2525 974 2553 ma-

147 2569 219 2619 lis,
258 2570 359 2621 quia
397 2571 546 2611 amere
580 2570 780 2620 langueo.
813 2562 863 2613 V.
885 2568 974 2609 Sub

148 2626 302 2666 umbra
326 2625 440 2666 illius
460 2638 590 2678 quem
609 2625 974 2673 desideraveram,

149 2680 254 2730 sedi,
281 2686 324 2722 et
347 2681 514 2723 fructus
540 2682 631 2733 ejus
651 2681 791 2723 duleis
810 2680 976 2730 gutturi

148 2749 260 2778 meo.
287 2736 468 2779 Fulcite.

1335 334 1487 373 Lectio
1508 348 1545 373 v.

1100 387 1128 428 d
1147 387 1233 428 hoc
1251 387 1474 439 templum,
1498 388 1555 429 ad
1578 387 1674 429 haec
1692 389 1853 429 Sancta

1145 445 1406 492 sancturum,
1427 443 1483 484 ad
1497 443 1610 484 hanc
1625 456 1773 485 arcam
1790 449 1852 485 te-

1023 499 1228 539 stamenti
1253 499 1462 548 adorabo,
1491 504 1535 541 et
1560 499 1752 540 laudabo
1778 512 1852 541 no-

1022 566 1124 595 men
1151 554 1348 603 Demini,
1384 554 1534 596 dicens
1567 567 1666 595 cum
1692 555 1854 596 David:

1022 610 1176 651 Inveni
1202 622 1278 651 cor
1301 623 1457 659 meum,
1486 616 1533 651 ut
1562 623 1684 651 orem
1710 611 1854 652 Deum

1022 678 1180 707 meum.
1229 667 1286 707 Et
1318 679 1399 716 ego
1433 667 1578 707 inveni
1607 666 1696 707 Cor
1727 667 1853 717 regis,

1023 721 1185 771 fratris,
1214 726 1257 762 et
1285 723 1413 763 amici
1441 722 1617 772 benigni
1644 723 1669 762 J
1672 735 1759 763 esu.
1798 723 1854 764 Et

1026 776 1238 829 numquid
1255 790 1341 818 non
1362 777 1581 819 adorabo?
1609 779 1710 819 Hoc
1723 779 1854 828 igitur

1025 833 1169 874 Corde
1183 838 1272 883 tuo,
1289 838 1332 874 et
1346 846 1458 882 meo,
1474 833 1724 874 dulcissime
1738 834 1762 874 J
1766 846 1854 883 esu,

1024 889 1215 939 invento,
1231 889 1368 931 orabo
1384 894 1428 930 te
1443 889 1586 930 Deum
1600 901 1763 929 meum:
1782 888 1854 930 ad-

1024 947 1149 986 mitte
1167 950 1338 986 tantum
1356 945 1399 985 in
1419 945 1659 986 sacrarium
1678 944 1853 985 exaudi-

1024 1001 1157 1042 tionis
1187 1006 1276 1042 tuae
1308 1014 1464 1053 preces
1495 1013 1632 1041 meas:
1665 1001 1752 1041 imo
1784 1013 1855 1041 me

1024 1062 1167 1098 totum
1184 1057 1310 1098 trahe
1333 1058 1377 1097 in
1393 1057 1481 1098 Cor
1498 1062 1633 1098 tuum.
1662 1056 1699 1097 Ο
1721 1056 1855 1097 omni-

1024 1127 1098 1154 um
1150 1113 1475 1165 pulchritudine
1530 1112 1855 1165 speciosissime

1025 1169 1050 1209 J
1053 1181 1144 1210 esu:
1156 1169 1342 1221 amplius
1357 1169 1456 1209 lava
1468 1181 1539 1209 me
1554 1168 1609 1209 ab
1625 1169 1855 1219 iniquitate

1025 1238 1134 1275 mea,
1154 1230 1198 1266 et
1218 1238 1243 1266 a
1261 1227 1448 1277 peccato
1468 1237 1568 1265 meo
1587 1225 1750 1265 munda
1769 1236 1856 1264 me:

1025 1286 1074 1322 ut
1092 1281 1351 1333 purificatus
1370 1293 1451 1333 per
1469 1286 1524 1330 te,
1540 1280 1597 1322 ad
1615 1285 1659 1321 te
1678 1280 1855 1332 purissi-

1025 1350 1145 1378 mum
1162 1338 1331 1389 possim
1350 1336 1572 1386 accedere,
1592 1341 1636 1377 et
1653 1336 1697 1376 in
1711 1335 1855 1377 Corde

1026 1398 1104 1434 tuo
1119 1393 1327 1448 *omnibus
1347 1392 1501 1434 diebus
1517 1393 1620 1434 vitae
1639 1405 1750 1432 meae
1769 1393 1855 1432 me-

1027 1462 1126 1490 rear
1152 1448 1366 1498 habitare,
1396 1454 1439 1490 et
1471 1454 1519 1490 ut
1550 1449 1699 1489 videre
1728 1447 1856 1488 simul

1028 1510 1072 1547 et
1107 1506 1253 1547 facere
1293 1511 1414 1547 tuam
1450 1505 1621 1546 valeam
1657 1503 1855 1545 volunta-

1026 1562 1131 1603 tem!

1079 1619 1130 1669 R*-
1156 1613 1380 1655 Haurietis
1399 1626 1536 1665 aquas
1555 1612 1599 1652 in
1618 1611 1779 1662 gaudio
1802 1610 1857 1651 de

1026 1669 1222 1710 fontibus
1233 1670 1485 1718 SalvatOris,
1501 1674 1545 1710 et
1560 1667 1714 1709 dicetis
1729 1667 1773 1706 in
1787 1665 1858 1707 die

1026 1726 1116 1767 illa:
1133 1730 1157 1755 *
1173 1725 1452 1767 Confitemini
1466 1724 1656 1766 Domino
1677 1728 1721 1764 et
1739 1723 1858 1763 invo-

1028 1785 1125 1823 cate
1161 1794 1321 1823 nomen
1360 1782 1462 1833 ejus.
1504 1776 1554 1827 V.
1588 1780 1704 1820 Ecce
1737 1778 1858 1819 Deus

1027 1838 1229 1879 Salvator
1256 1850 1393 1878 meus:
1425 1836 1688 1877 fiducialiter
1720 1846 1858 1884 agam,

1028 1899 1072 1936 et
1091 1907 1180 1935 non
1199 1893 1376 1934 timebo.
1406 1890 1693 1934 Confitemini.

1331 1954 1485 1993 Lectio
1508 1952 1561 1993 vi.

1105 2006 1134 2047 d
1144 2006 1229 2047 hoc
1244 2006 1360 2046 enim
1373 2004 1648 2057 perforatum
1663 2007 1730 2044 est
1743 2002 1858 2042 latus

1138 2067 1271 2110 tuum,
1287 2066 1336 2102 ut
1350 2060 1479 2101 nobis
1494 2060 1695 2111 patescat
1709 2057 1857 2098 introi-

1027 2123 1109 2159 tus.
1140 2117 1213 2159 Ad
1227 2117 1313 2158 hoc
1327 2116 1602 2158 vulneratum
1618 2119 1686 2155 est
1701 2114 1787 2154 Cor
1801 2118 1859 2154 tu-

1027 2188 1111 2223 um,
1131 2179 1180 2214 ut
1202 2173 1246 2213 in
1262 2173 1350 2221 illo,
1372 2176 1416 2213 et
1434 2172 1478 2211 in
1500 2176 1545 2212 te
1562 2170 1617 2212 ab
1634 2169 1856 2211 exteriori-

1027 2231 1110 2271 bus
1122 2227 1527 2282 perturbationibus
1538 2225 1729 2268 absoluti
1739 2224 1857 2266 habi-

1028 2289 1123 2327 tare
1139 2287 1371 2337 possimus
1389 2283 1683 2324 Nihi16minus
1700 2285 1743 2322 et
1756 2293 1855 2332 pro-

1028 2344 1182 2394 pterea
1199 2341 1476 2382 vulneratum
1496 2343 1577 2388 est,
1600 2342 1747 2390 ut›per
1766 2335 1855 2376 vul-

1027 2411 1108 2439 nus
1120 2397 1289 2439 visibile
1300 2396 1458 2437 vulnus
1469 2394 1630 2436 amoris
1640 2391 1855 2433 invisibile

1027 2453 1265 2496 videamus.
1290 2450 1524 2503 Quemodo
1539 2450 1609 2491 hic
1624 2447 1755 2490 ardor
1769 2449 1855 2488 me-

1028 2511 1111 2551 lius
1135 2508 1310 2551 ostendi
1336 2511 1496 2560 potest,
1521 2506 1603 2546 nisi
1627 2502 1745 2556 quod
1767 2515 1856 2543 non

1029 2566 1171 2608 solum
1191 2577 1363 2616 corpus,
1387 2575 1540 2604 verum
1563 2561 1694 2602 etiam
1711 2559 1856 2610 ipsum

1029 2623 1116 2663 Cor
1166 2622 1320 2662 lancea
1369 2617 1587 2661 vulnerari
1635 2613 1855 2667 permisit?

1030 2677 1215 2719 Carnale
1235 2689 1340 2728 ergo
1360 2675 1527 2722 vuanS,
1549 2671 1706 2713 vulnus
1730 2669 1854 2721 spiri-

1026 2733 1145 2775 tuale
1169 2731 1372 2774 ostendit.
1400 2729 1506 2779 Quis
1528 2727 1636 2769 illud
1656 2727 1743 2768 Cor
1764 2730 1855 2768 tam
