2040 2976
792 192 855 226 Ad
880 193 1194 236 Completorium.

205 284 415 326 Miserere
434 285 530 335 mei,
545 284 569 310 *
586 289 629 325 et
649 283 808 325 exaudi
827 284 984 325 oratio-

154 353 255 382 nem
273 354 428 382 meam.

204 397 303 438 Filii
333 396 560 447 h6minum
594 400 826 448 usquequo
862 397 986 447 gravi

155 452 312 495 corde?
324 454 347 479 ¹*
360 458 408 495 ut
423 453 528 506 quid
545 453 723 504 diligitis
737 453 985 502 vanitatem,

154 514 198 552 et
218 510 414 561 quaeritis
433 507 733 551 mendacium?

205 566 262 607 Et
299 567 456 608 scitote
496 566 703 617 quoniam
738 565 986 606 mirificavit

153 622 369 663 Dominus
399 627 598 663 sanctum
624 635 764 663 suum:
788 622 812 646 *
836 622 984 662 Domi-

153 692 236 719 nus
266 678 471 720 exaudiet
500 691 571 719 me
604 691 703 719 cum
735 678 984 719 clamavero

154 734 212 776 ad
231 747 341 776 eum.

204 791 463 840 Irascimini,
496 796 540 832 et
566 790 701 832 nolite
730 793 932 843 peccare:
961 791 984 816 *

154 859 253 899 quae
278 846 423 888 dicitis
445 848 489 887 in
513 846 720 888 cordibus
740 847 914 896 vestris,
941 847 984 887 in

154 902 369 945 cubilibus
389 904 547 945 vestris
567 904 921 956 compungimini.

204 960 457 1001 Sacrificate
496 959 758 1001 sacrificium
794 960 984 1011 justitiae,

154 1020 198 1057 et
226 1019 401 1068 sperate
430 1017 473 1056 in
500 1017 704 1057 Domino.
723 1017 746 1042 *
769 1016 897 1057 Multi
924 1016 984 1057 di-

153 1077 272 1113 cunt:
293 1073 399 1123 Quis
419 1072 611 1114 ostendit
632 1072 760 1114 nobis
779 1072 919 1114 bona?

203 1129 430 1179 Signatum
463 1133 529 1170 est
561 1142 694 1181 super
725 1141 807 1169 nos
837 1128 983 1170 lumen

152 1184 298 1226 vultus
324 1186 388 1226 tui
414 1186 619 1226 Domine:
640 1186 663 1210 *
688 1184 849 1226 dedisti
878 1185 983 1226 laeti-

151 1241 257 1282 tiam
275 1242 318 1282 in
339 1241 473 1283 corde
492 1254 603 1282 meo.

203 1298 244 1338 A
271 1297 415 1339 fructu
443 1298 663 1346 frumanti,
692 1298 796 1347 vini,
825 1302 869 1339 et
898 1298 984 1339 Olei

151 1354 219 1395 sui
237 1354 260 1379 *
279 1353 557 1406 multiplicati
576 1359 686 1395 sunt.

202 1410 254 1450 In
281 1423 392 1462 pace
420 1410 464 1450 in
491 1410 684 1463 idipsum
707 1411 731 1436 *
756 1410 982 1460 dormiam,

152 1471 196 1508 et
214 1467 503 1519 requiescam3

203 1523 420 1572 Qudniam
438 1527 486 1563 tu
500 1523 689 1564 D6mine
705 1523 982 1574 singulariter

150 1578 194 1618 in
213 1591 292 1631 spe
310 1578 334 1604 *
355 1579 620 1620 constituisti
640 1592 722 1620 me.

416 1655 617 1697 Psalmus
637 1658 708 1697 30.

200 1739 230 1766 n
256 1730 300 1767 te
324 1726 513 1768 Domine
542 1727 732 1779 speravi,
763 1739 851 1768 non
881 1740 980 1768 con-

218 1781 376 1823 fundar
400 1783 443 1823 in
467 1785 694 1824 aeternum:
713 1783 736 1809 *
755 1783 799 1823 in
818 1783 980 1834 justitia

148 1842 224 1879 tua
242 1837 380 1880 libera
398 1851 479 1879 me.

200 1898 367 1940 Inclina
387 1898 443 1940 ad
461 1912 532 1940 me
552 1911 702 1940 aurem
717 1903 848 1949 tuam,
868 1900 891 1925 *
912 1912 979 1941 ac-

149 1954 294 1996 celera
311 1959 360 1996 ut
379 1957 506 1996 eruas
525 1968 607 1996 me.

199 2015 308 2056 Esto
327 2015 433 2056 mihi
447 2016 491 2056 in
505 2016 649 2057 Deum
664 2017 979 2068 protectorem:

149 2075 192 2111 et
218 2071 262 2111 in
287 2071 467 2112 domum
495 2071 666 2122 refugii,
685 2072 709 2097 *
729 2076 776 2112 ut
810 2071 979 2112 salvum

147 2139 218 2168 me
237 2127 382 2168 facias,

200 2187 418 2237 Quoniam
435 2187 648 2229 fortitudo
667 2200 781 2237 mea,
806 2193 849 2229 et
867 2187 978 2229 refu-

146 2243 266 2293 gium
283 2256 430 2284 meum
449 2257 496 2285 es
514 2248 577 2284 tu:
595 2244 618 2269 *
639 2248 682 2285 et
700 2248 884 2296 propter
903 2256 977 2284 no-

147 2311 247 2339 men
266 2303 390 2340 tuum
409 2299 602 2341 deduces
621 2312 702 2348 me,
723 2304 766 2340 et
786 2300 978 2341 enutries

147 2367 228 2396 me.

200 2414 376 2456 Educes
395 2427 465 2456 me
486 2414 541 2456 de
555 2415 715 2467 laqueo
731 2415 827 2465 hoc,
848 2429 978 2467 quem

147 2470 474 2511 absconderunt
500 2470 619 2511 mihi:
643 2472 666 2496 *
696 2472 902 2523 quoniam
930 2477 977 2513 tu

148 2539 194 2567 es
213 2528 440 2578 protector
459 2539 593 2567 meus.

198 2587 249 2626 In
272 2599 427 2627 manus
450 2591 548 2627 tuas
573 2585 834 2627 comme'ndo
855 2587 976 2638 spiri-

146 2646 239 2683 tum
257 2655 416 2683 meum:
427 2643 450 2667 *
462 2641 686 2683 redemisti
703 2655 774 2683 me
789 2642 977 2684 Domine

146 2698 267 2740 Deus
288 2699 494 2740 veritatis.

1809 190 1872 225 127

1304 290 1503 331 Psalmus
1523 293 1595 332 90.

1127 341 1170 381 ui
1194 340 1363 382 habitat
1391 342 1434 381 in
1459 342 1674 393 adjut6rio
1700 343 1869 384 Altissi-

1144 397 1218 446 mi,
1237 397 1260 422 *
1285 398 1327 437 in
1355 399 1630 449 protectione
1658 400 1741 441 Dei
1769 400 1870 442 coeli

1041 453 1396 495 commorabitur.

1092 510 1221 550 Dicet
1246 510 1453 551 Domino:
1481 511 1719 563 Susceptor
1746 526 1870 554 meus

1041 578 1088 606 es
1116 570 1177 614 tu,
1207 570 1250 606 et
1278 566 1493 617 refugium
1521 580 1681 608 meum:
1700 570 1723 593 *
1749 570 1869 610 Deus

1039 635 1163 663 meus
1185 622 1374 674 sperabo
1395 623 1437 662 in
1458 636 1566 664 eum.

1093 679 1310 728 Quoniam
1328 679 1423 730 ipse
1439 678 1640 720 liberavit
1656 694 1725 721 me
1741 680 1795 722 de
1811 681 1868 722 la-

1042 747 1156 786 queo
1164 735 1456 784 venantium‚*
1467 740 1510 776 et
1521 735 1688 777 averbo
1700 738 1869 788 aspero.

1091 791 1292 843 Scapulis
1317 791 1406 831 suis
1431 790 1711 832 obumbrabit
1734 792 1826 833 tibi:
1845 795 1868 819 *

1041 851 1084 887 et
1103 846 1184 888 sub
1204 847 1360 899 pennis
1380 847 1471 898 ejus
1491 847 1701 899 sperabis.

1091 903 1224 944 Scuto
1238 902 1528 944 circumdabit
1537 908 1581 944 te
1592 904 1752 944 veritas
1765 905 1869 955 ejus:

1039 959 1062 984 *
1082 972 1170 999 non
1189 959 1363 1000 timebis
1383 972 1408 1000 a
1427 960 1585 1000 timore
1603 964 1831 1010 nocturno,

1092 1016 1132 1055 A
1152 1018 1311 1066 sagitta
1331 1015 1508 1056 volante
1527 1016 1571 1055 in
1592 1015 1672 1065 die,
1695 1030 1719 1056 a
1739 1019 1867 1067 nego-

1038 1073 1100 1113 tio
1120 1071 1454 1124 perambulante
1478 1072 1521 1112 in
1546 1072 1751 1113 tenebris:
1770 1074 1793 1098 *
1814 1073 1867 1114 ab

1038 1129 1227 1178 incursu,
1247 1133 1291 1169 et
1310 1128 1530 1169 daemonio
1550 1128 1803 1170 meridiano.

1093 1184 1261 1226 Cadent
1280 1197 1305 1225 a
1324 1184 1461 1225 latere
1480 1189 1557 1225 tuo
1577 1185 1709 1234 mille,
1735 1190 1778 1226 et
1797 1185 1867 1227 de-

1039 1254 1134 1297 cem
1162 1240 1296 1281 millia
1325 1254 1349 1281 a
1378 1240 1544 1282 dextris
1572 1242 1674 1282 tuis:
1693 1242 1716 1267 *
1741 1242 1796 1283 ad
1825 1247 1867 1283 te

1038 1302 1185 1339 autem
1202 1310 1291 1338 non
1312 1297 1696 1350 appropinquabit.

1088 1354 1405 1395 Veramtamen
1422 1354 1559 1394 Oculis
1574 1355 1659 1394 tuis
1671 1354 1866 1395 conside-

1037 1410 1170 1451 rabis:
1189 1411 1213 1435 *
1234 1414 1277 1451 et
1305 1409 1636 1451 retributionem
1664 1413 1865 1462 peccato-

1036 1479 1133 1507 rum
1152 1466 1335 1507 vide-ibis.
1752 1493 1754 1495 -

1088 1523 1306 1573 Quoniam
1320 1527 1368 1563 tu
1382 1535 1429 1563 es
1440 1523 1629 1564 D6mine
1642 1536 1744 1575 spes
1754 1536 1865 1564 mea:

1035 1579 1058 1604 *
1100 1579 1374 1620 Altissimum
1419 1580 1606 1631 posuisti
1651 1579 1866 1630 refugium

1034 1640 1168 1677 tuum.

1086 1693 1188 1733 Non
1217 1692 1399 1733 accedet
1427 1691 1483 1732 ad
1511 1697 1554 1733 te
1582 1692 1759 1732 malum:
1778 1692 1801 1717 *
1823 1697 1866 1733 et

1034 1748 1254 1799 flagellum
1282 1761 1370 1789 non
1400 1748 1776 1800 appropinquabit
1803 1754 1863 1788 ta-

1032 1804 1272 1846 bernaculo
1291 1810 1380 1846 tuo.

1086 1862 1303 1911 Quoniam
1322 1860 1502 1911 Angelis
1527 1861 1616 1901 suis
1640 1860 1864 1901 mandavit

1033 1916 1088 1958 de
1112 1921 1170 1958 te:
1189 1918 1212 1942 *
1232 1922 1280 1958 ut
1308 1916 1559 1957 custodiant
1585 1921 1629 1957 te
1657 1917 1701 1956 in
1730 1917 1862 1957 omni—

1033 1972 1115 2013 bus
1135 1973 1214 2013 viis
1234 1973 1331 2014 tuis.

1083 2029 1134 2069 In
1166 2028 1369 2070 manibus
1401 2027 1642 2080 portabunt
1676 2032 1734 2069 te:
1759 2028 1782 2053 *
1807 2040 1861 2068 ne

1032 2084 1145 2126 forte
1174 2084 1372 2126 offendas
1400 2083 1457 2125 ad
1484 2083 1678 2136 lapidem
1701 2083 1861 2136 pedem

1030 2145 1165 2182 tuum.

1083 2197 1223 2249 Super
1261 2195 1479 2248 aspidem,
1530 2200 1574 2236 et
1608 2195 1859 2237 basiliscum

1032 2252 1293 2294 ambulabis:
1324 2253 1347 2278 *
1381 2257 1424 2293 et
1461 2251 1739 2293 conculcabis
1773 2251 1859 2292 leo-

1030 2321 1131 2350 nem
1151 2313 1194 2350 et
1213 2308 1461 2349 draconem.

1083 2364 1301 2414 Qu6nia1n
1319 2365 1364 2404 in
1382 2377 1452 2405 me
1473 2363 1681 2416 speravit,
1706 2363 1858 2404 libera-

1030 2419 1087 2461 bo
1105 2433 1218 2461 eum:
1237 2420 1259 2445 *
1279 2422 1511 2472 protegam
1526 2433 1635 2468 eum,
1654 2419 1858 2471 quossiam

1030 2477 1238 2526 cognovit
1256 2489 1417 2517 nomen
1435 2489 1592 2517 meum.
1624 2480 1625 2483 ’

1083 2531 1299 2573 Clamabit
1330 2531 1387 2572 ad
1419 2544 1504 2580 me,
1540 2536 1583 2572 et
1616 2543 1696 2581 ego
1730 2532 1855 2570 exau-

1030 2587 1147 2628 diam
1171 2601 1284 2629 eum:
1304 2588 1326 2613 *
1353 2600 1451 2628 cum
1475 2588 1572 2639 ipso
1599 2599 1694 2627 sum
1718 2586 1759 2625 in
1783 2585 1854 2624 tri-

1029 2643 1268 2684 bulatione:
1298 2644 1479 2695 eripiam
1505 2656 1603 2684 eum
1629 2646 1672 2682 et
1694 2639 1853 2691 glorifi-

1031 2699 1142 2740 cabo
1163 2712 1272 2740 eum.
