2040 2976
204 223 251 259 68
785 211 891 244 Fcria
919 214 1051 251 quarta
1078 206 1124 239 ad
1155 204 1313 238 Laudes.

266 323 345 360 l'ro
375 318 492 359 conf.
523 318 642 355 l'ont.
699 307 747 358 V.
784 309 853 349 Tu
885 321 932 349 es
960 319 1023 346 sa-

209 373 362 415 cerdos
386 372 428 412 in
452 372 672 411 aeternum.
708 369 756 419 Rg.
779 362 1025 406 Secundum

210 429 403 471 Ordinem
426 423 756 468 Melchisedech.

265 489 346 527 l'ro
371 487 563 527 Confess,
582 497 663 523 non
693 482 842 521 l’ontif.
871 474 918 525 V.
933 477 1027 517 Lex

210 542 291 584 Dei
326 542 416 593 ejus
448 540 491 581 in
525 538 657 581 corde
690 538 838 589 ipsius.
890 536 939 586 Rg.
973 532 1028 572 Et

211 612 294 640 non
319 596 712 650 supplantabuntur
731 603 906 643 gressus
928 589 1028 639 ejus.

268 657 347 694 l'ro
378 668 458 694 una
488 656 653 693 Sancta.
689 646 737 695 Y.
766 647 906 698 Elegit
934 658 1030 686 cam

212 713 342 760 Deus,
367 716 409 752 et
432 708 655 763 praeelegit
677 719 782 748 eam.
824 708 873 758 R.
900 703 949 742 In
969 706 1029 742 ta-

212 767 447 810 bernaculo
468 779 546 806 suo
566 764 761 805 habitare
779 761 879 802 facit
899 772 1004 800 eam.

386 857 391 859 ,
414 856 462 858 ἦ,
570 843 675 869 ow„

467 907 544 948 Ad
572 905 777 947 Laudes.

267 974 365 1012 Ant.
395 968 591 1021 Amplius
610 967 706 1008 lava
724 978 792 1007 me
809 966 831 990 *
847 963 1032 1004 Demine

217 1027 271 1069 ab
299 1026 502 1078 injustitia
528 1037 636 1065 mea.

273 1085 334 1123 l's.
365 1083 578 1123 Miserere.
606 1081 671 1120 48.

273 1143 367 1181 Ant.
409 1142 470 1180 Te
499 1137 635 1179 decet.

486 1203 677 1243 l’salmus
707 1203 771 1241 64.

247 1290 260 1317 21
295 1290 315 1326 3.-
342 1282 365 1310 e
394 1269 520 1310 decet
546 1268 730 1320 hymnus
758 1265 878 1306 Deus
906 1264 949 1304 in
976 1263 1036 1304 Si-

224 1323 334 1384 ..421ss
367 1338 438 1366 on:
460 1327 483 1351 *
503 1330 546 1365 et
563 1323 641 1365 tibi
663 1321 868 1363 reddetur
887 1325 1036 1361 votum

245 1382 251 1386 ’
327 1397 331 1399 ”
367 1382 409 1422 in
435 1380 684 1422 Jerusalem.

271 1437 439 1479 Exaudi
459 1437 699 1478 oratienem
714 1447 869 1475 meam:
884 1435 907 1460 *
923 1431 978 1473 ad
993 1437 1037 1473 te

221 1494 359 1534 omnis
386 1507 487 1534 caro
515 1492 668 1534 veniet.

272 1550 419 1591 Verba
446 1550 690 1601 iniquerum
721 1546 1041 1600 praevaluerunt

224 1619 354 1658 super
389 1619 483 1647 nos:
511 1608 534 1632 *
563 1611 606 1646 et
642 1602 935 1656 impietatibus
968 1615 1040 1643 no-

225 1663 325 1704 stris
352 1668 399 1704 tu
425 1661 742 1714 propitiaberis.

276 1719 449 1768 Beatus,
470 1731 598 1770 quem
617 1717 794 1768 elegisti,
818 1722 861 1758 et
881 1729 1042 1757 assum-

226 1775 368 1827 psisti:
395 1777 418 1801 *
446 1773 702 1815 inhabitabit
728 1773 771 1813 in
800 1773 918 1814 atriis
948 1773 1044 1814 tuis.

189 1848 194 1851 ·
278 1830 560 1883 Replebimur
573 1831 617 1871 in
630 1829 756 1871 bonis
772 1828 926 1870 domus
942 1833 1044 1870 tuae:

227 1890 250 1914 *
274 1893 469 1928 sanctum
493 1892 560 1929 est
584 1885 794 1938 templum
817 1891 949 1935 tuum,
970 1886 1044 1926 mi—

229 1943 364 1985 rabile
391 1944 434 1984 in
460 1943 675 1996 aequitate.

279 1999 448 2041 Exaudi
480 2012 561 2041 nos
593 2000 712 2041 Deus
745 2000 945 2042 salutaris
972 2013 1046 2041 no-

230 2061 328 2105 ster,
354 2058 377 2082 ¹⁸¹
396 2068 496 2108 spes
522 2056 711 2097 emnium
735 2056 883 2097 finium
907 2061 1047 2105 terrae,

232 2118 275 2154 et
303 2112 345 2152 in
371 2112 478 2153 mari
504 2111 643 2162 longe.

283 2169 539 2221 Praeparans
582 2174 752 2211 montes
802 2169 846 2210 in
890 2169 1049 2211 virtute

232 2230 316 2274 tua,
340 2226 558 2266 accinctus
581 2225 790 2277 potentia:
811 2227 834 2252 *
855 2225 928 2278 qui
951 2238 1049 2267 con-

232 2280 382 2322 turbas
423 2280 684 2333 profundum
723 2282 854 2322 maris
897 2295 1051 2323 sonum

234 2337 442 2378 fluctuum
471 2337 572 2388 ejus.

285 2392 594 2435 Turbabuntur
630 2393 809 2442 Gentes,
851 2399 893 2435 et
932 2394 1051 2435 time-

235 2448 342 2490 bunt
358 2449 430 2501 qui
447 2449 641 2491 habitant
656 2450 862 2491 terminos
879 2464 903 2491 a
920 2451 1052 2501 signis

235 2506 334 2547 tuis:
360 2507 383 2531 ”¹
408 2506 547 2547 exitus
566 2506 772 2555 matutini,
801 2511 843 2547 et
871 2509 1053 2559 vespere

236 2561 485 2603 delectabis.

288 2618 486 2659 Visitasti
526 2623 703 2667 terram,
750 2624 793 2660 et
833 2618 1054 2660 inebriasti

238 2687 349 2715 eam:
389 2676 411 2700 *
452 2674 747 2726 multiplicasti
788 2675 1054 2727 locupletare

238 2743 343 2771 eam.

1128 302 1309 344 Flumen
1327 299 1411 341 Dei
1435 298 1650 351 repletum
1674 301 1741 338 est
1765 295 1901 349 aquis,

1077 358 1242 413 parasti
1265 356 1408 398 cibum
1431 354 1619 396 illorum:
1645 355 1669 380 *
1698 352 1902 406 quoniam

1078 417 1137 458 ita
1165 420 1231 457 est
1259 411 1522 466 praeparatio
1551 411 1652 462 ejus.

1130 473 1267 513 Rivos
1311 471 1400 521 eJus
1445 467 1628 517 inebria,
1663 464 1904 518 multiplica

1080 529 1295 580 genimina
1320 527 1425 578 ejus:
1444 527 1468 552 *
1487 524 1531 564 in
1549 522 1789 565 stillicidiis
1814 522 1904 574 ejus

1081 584 1299 627 laetabitur
1325 582 1582 633 germinans.

1134 640 1376 683 Benedices
1395 640 1571 680 corenae
1597 636 1697 678 anni
1714 634 1906 686 benigni-
1946 678 1948 680 ,

1082 699 1184 741 tatis
1217 703 1320 739 tuae:
1356 698 1379 723 *
1417 700 1460 736 et
1496 693 1639 747 campi
1675 693 1738 734 tui
1770 690 1907 744 reple-

1082 755 1242 796 buntur
1269 753 1479 794 ubertate.

1134 811 1423 861 Pinguescent
1451 806 1652 860 speciesa
1679 804 1858 847 deserti:
1885 805 1909 832 *

1085 873 1134 910 et·
1151 866 1440 909 exsultatiene
1461 863 1596 906 colles
1621 862 1910 913 accingentur.

1136 923 1282 965 Induti
1322 927 1422 964 sunt
1462 923 1620 962 arietes
1664 919 1826 968 ovium,
1867 923 1911 960 et

1085 980 1220 1021 valles
1275 977 1562 1020 abundabunt
1607 977 1842 1018 frumento:
1887 976 1912 1002 *

1086 1036 1344 1085 clamabunt,
1361 1035 1521 1077 etenim
1534 1034 1743 1087 hymnum
1757 1031 1913 1074 dicent.

1142 1100 1237 1139 Ant.
1267 1098 1328 1138 Te
1358 1096 1485 1138 decet
1511 1095 1699 1148 hymnus
1722 1093 1844 1135 Deus
1870 1093 1914 1134 in

1087 1155 1200 1196 Sion.

1142 1216 1239 1255 Ant.
1267 1213 1405 1255 Labia
1431 1225 1529 1254 mea
1556 1212 1579 1238 *
1602 1209 1844 1252 laudabunt
1870 1214 1914 1252 te

1088 1272 1130 1312 in
1159 1271 1248 1312 vita
1277 1284 1384 1320 mea,
1412 1270 1533 1311 Deus
1561 1280 1695 1309 meus.

1143 1336 1208 1375 Ps.
1252 1334 1372 1373 Deus
1400 1331 1521 1372 Deus
1544 1342 1678 1370 meus.
1706 1329 1767 1390 157

1142 1397 1242 1437 Ant.
1270 1393 1483 1433 Deminus
1511 1389 1730 1442 judicabit.

1162 1474 1385 1514 Canticum
1415 1472 1565 1511 Annae.
1665 1473 1691 1507 Ι.
1708 1472 1800 1516 Reg.
1815 1470 1847 1506 2.

1092 1541 1379 1648 Exsultavit
1399 1557 1475 1586 cor
1493 1556 1639 1585 meum
1658 1542 1702 1583 in
1716 1539 1918 1590 Demino,

1198 1605 1221 1630 *
1248 1608 1290 1644 et
1316 1601 1554 1644 exaltatum
1582 1604 1649 1641 est
1672 1610 1809 1640 cornu
1831 1609 1918 1638 me-

1094 1673 1166 1700 um
1193 1660 1235 1700 in
1263 1659 1360 1700 Deo
1387 1670 1499 1699 meo.

1145 1716 1385 1757 Dilatatum
1419 1719 1487 1756 est
1521 1726 1571 1755 os
1607 1725 1753 1754 meum
1790 1722 1922 1764 super

1095 1773 1291 1814 inimicos
1318 1785 1458 1814 meos:
1475 1773 1499 1798 *
1520 1770 1621 1823 quia
1646 1768 1798 1810 laetata
1825 1779 1923 1809 sum

1096 1830 1139 1871 in
1168 1830 1346 1871 salutari
1372 1834 1461 1871 tuo.

1146 1887 1248 1928 Non
1276 1891 1342 1928 est
1371 1890 1562 1934 sanctuS‚
1595 1887 1643 1925 ut
1677 1886 1744 1924 est
1774 1879 1922 1922 Demi-

1097 1957 1192 1984 nus:
1228 1955 1370 1995 neque
1404 1942 1519 1984 enim
1556 1945 1623 1982 est
1657 1938 1767 1980 alius
1800 1941 1924 1979 extra

1097 2005 1151 2050 te,
1179 2001 1202 2026 *
1231 2004 1274 2041 et
1301 2012 1389 2041 non
1417 2003 1484 2040 est
1511 1997 1635 2039 fortis
1663 1995 1775 2037 sieut
1801 1993 1923 2035 Deus

1098 2061 1257 2098 noster.

1149 2113 1298 2154 Nolite
1325 2111 1614 2165 multiplicare
1646 2108 1768 2163 loqui
1795 2106 1924 2149 subli-

1099 2169 1197 2219 mia,
1224 2171 1248 2196 *
1275 2168 1528 2219 gloriantes:

1152 2225 1378 2267 Recedant
1403 2227 1552 2267 vetera
1576 2224 1631 2266 de
1660 2235 1736 2265 ore
1762 2225 1926 2263 vestro:

1104 2282 1202 2334 quia
1229 2282 1351 2323 Deus
1386 2282 1679 2329 scientiarum,
1712 2277 1926 2319 Dominus

1103 2344 1179 2387 est,
1207 2340 1230 2365 *
1259 2343 1302 2380 et
1330 2339 1413 2390 ipsi
1435 2339 1738 2391 praeparantur
1765 2333 1926 2385 cogita-

1103 2395 1255 2436 tienes.

1156 2451 1296 2492 Arcus
1332 2451 1506 2492 fortium
1534 2451 1765 2503 superatus
1792 2452 1876 2496 est,
1903 2447 1928 2473 *

1106 2512 1148 2548 et
1174 2507 1331 2548 infirmi
1359 2507 1541 2548 accincti
1569 2511 1668 2548 sunt
1695 2504 1866 2546 rubore.

1157 2564 1331 2616 Repleti
1367 2564 1502 2616 prius,
1540 2576 1620 2616 pro
1657 2561 1843 2615 panibus
1881 2571 1928 2600 se

1106 2619 1372 2662 locaverunt:
1399 2622 1422 2647 *
1451 2625 1494 2661 et
1528 2619 1714 2661 famelici
1748 2615 1930 2659 saturati

1107 2681 1216 2717 sunt

1159 2733 1310 2774 Donec
1333 2732 1490 2775 sterilis
1511 2732 1681 2785 peperit
1702 2730 1930 2785 plurimos:
