2040 2976
767 230 941 264 Officium
966 228 1248 262 Dcfunctorum.

1760 222 1853 267 [169]

160 323 250 364 rael
276 336 302 365 a
330 323 507 372 saeculo,
537 326 581 364 et
606 335 745 375 usque
774 322 818 363 in
846 323 979 364 saecu-

159 379 262 421 lum:
280 380 304 406 *
322 380 408 430 fiat,
428 380 513 421 fiat.

209 441 424 493 Requiem
443 442 659 483 aeternam.

212 508 310 548 Ant.
338 507 451 547 Sana
473 506 661 547 Demine
685 505 870 547 animam
893 518 979 547 me-

161 575 241 612 am,
266 562 367 614 quia
384 562 565 614 peccavi
583 561 673 604 tibi.

213 630 311 671 Ant.
339 627 483 668 Sitivit
500 627 524 654 *
544 627 685 668 anima
707 639 805 668 mea
823 626 879 668 ad
895 626 979 668 De-

159 696 232 724 um
251 682 414 725 vivum:
438 682 612 735 quando
632 683 818 733 veniam,
845 687 888 725 et
908 696 979 736 ap-

158 738 325 791 parebo
344 743 445 781 ante
462 739 618 781 faciem
635 739 834 781 Domini?

434 829 630 870 Psalmus
651 830 709 868 41.

242 886 580 928 uemadmodum
626 887 846 930 desiderat
890 902 979 931 cer-

261 955 341 983 vus
367 943 424 984 ad
453 943 594 985 fontes
619 946 844 996 aquarum:
868 946 893 973 *
919 945 981 986 ita

160 998 379 1041 desiderat
399 999 542 1040 anima
559 1012 657 1042 mea
675 1000 732 1042 ad
749 1005 794 1043 te
812 1001 944 1043 Deus

210 1055 352 1097 Sitivit
375 1056 517 1097 anima
537 1069 635 1098 mea
657 1056 713 1099 ad
731 1057 874 1099 Deum
897 1059 980 1100 for-

159 1117 249 1154 tem
278 1111 439 1153 vivum:
464 1114 488 1139 *
515 1113 689 1165 quando
716 1114 905 1165 veniam,
938 1120 981 1157 et

161 1167 383 1220 apparebo
402 1174 501 1210 ante
520 1169 675 1211 faciem
692 1168 796 1211 Dei?

213 1224 406 1266 Fuerunt
429 1225 535 1266 mihi
559 1226 750 1267 lacrimae
774 1239 884 1268 meae
907 1240 980 1279 pa-

161 1293 239 1322 nes
272 1279 343 1322 die
375 1293 426 1322 ac
459 1286 602 1323 nocte:
633 1284 657 1310 *
690 1282 794 1324 dum
827 1283 982 1325 dicitur

161 1336 266 1378 mihi
287 1336 496 1389 quotidie:
521 1338 608 1380 Ubi
631 1343 697 1380 est
714 1339 835 1381 Deus
858 1338 981 1381 tuus?

213 1393 324 1434 Haec
351 1393 606 1436 recordatus
633 1407 746 1446 sum,
779 1400 822 1437 et
850 1395 983 1437 effudi

160 1449 205 1491 in
230 1462 301 1491 me
329 1450 517 1491 animam
543 1464 699 1494 meam:
725 1453 750 1479 *
779 1452 983 1504 quoniam

160 1505 356 1548 transibo
382 1506 425 1546 in
449 1506 595 1548 locum
617 1507 887 1550 tabernaculi
910 1509 982 1550 ad-

161 1561 388 1613 mirabilis,
406 1575 546 1615 usque
566 1563 623 1605 ad
642 1564 821 1606 domum
839 1565 932 1606 Dei.

214 1619 265 1659 In
282 1630 392 1661 voce
412 1619 732 1670 exsultationis,
757 1625 800 1662 et
819 1621 982 1663 confes-

162 1674 310 1716 si6nis:
329 1676 352 1702 *
372 1687 505 1717 sonus
525 1676 752 1729 epulantis.

214 1731 357 1782 Quare
375 1732 512 1774 tristis
532 1745 578 1774 es
596 1733 740 1775 anima
757 1732 877 1776 mea?
897 1734 920 1760 *
941 1738 984 1776 et

163 1799 297 1841 quare
316 1788 551 1830 conturbas
570 1789 662 1831 me?

212 1845 350 1898 Spera
380 1845 424 1886 in
455 1846 569 1896 Deo,
603 1846 807 1899 queniam
839 1845 982 1888 adhuc

162 1901 405 1943 confitebor
439 1901 516 1942 illi:
552 1904 576 1930 *
613 1902 803 1945 salutare
826 1903 982 1945 'vultus

161 1957 258 2007 mei,
277 1962 320 1999 et
338 1958 458 1999 Deus
477 1971 611 2000 meus.

213 2012 285 2056 Ad
302 2016 518 2067 meipsum
536 2016 677 2056 anima
694 2027 793 2056 mea
811 2021 980 2058 contur-

162 2070 266 2112 bata
293 2075 373 2112 est:
398 2070 422 2096 *
449 2073 685 2124 propterea
711 2085 877 2113 memor
905 2085 980 2115 ero

162 2127 226 2168 tui
253 2126 307 2168 de
333 2131 451 2169 terra
477 2126 697 2179 Jordanis,
730 2133 773 2170 et
798 2129 980 2171 Hermo-

162 2183 266 2224 niim
285 2196 311 2224 a
328 2188 476 2225 monte
494 2183 680 2226 modico.

213 2239 412 2292 Abyssus
440 2239 642 2292 abyssum
672 2243 863 2292 invocat,
888 2242 911 2267 *
938 2242 982 2282 in

162 2309 271 2338 voce
290 2298 606 2337 cataractarum
624 2299 806 2338 tuarum.

215 2352 371 2393 Omnia
390 2352 562 2393 excelsa
580 2357 664 2403 tua,
685 2357 728 2394 et
746 2353 904 2395 fluctus
920 2353 983 2395 tui

163 2409 186 2435 *
207 2420 338 2460 super
355 2420 425 2449 me
443 2408 717 2450 transierunt.

215 2464 267 2504 In
291 2463 361 2505 die
384 2462 606 2505 mandavit
624 2465 838 2506 Deminus
860 2465 984 2506 mise-

164 2520 399 2562 ricordiam
422 2533 558 2561 suam:
582 2522 606 2547 *
630 2525 674 2562 et
698 2526 828 2563 nocte
854 2521 985 2562 canti-

165 2590 263 2619 cum
282 2577 382 2629 ejus.

215 2632 351 2686 Apud
374 2645 444 2674 me
469 2633 609 2674 oratio
628 2633 725 2674 Deo
744 2633 846 2674 vitae
863 2646 985 2683 meae,

165 2691 188 2716 *
208 2689 351 2731 dicam
370 2689 482 2730 Deo:
500 2688 738 2742 Susceptor
756 2702 878 2731 meus
898 2702 955 2731 es.

217 2746 360 2796 Quare
380 2745 541 2787 oblitus
561 2758 608 2787 es
627 2743 734 2787 mei?
749 2747 772 2773 *
790 2751 833 2788 et
853 2759 986 2798 quare

1032 322 1315 363 contristatus
1346 320 1519 371 incedo,
1565 320 1669 362 dum
1701 319 1855 370 affligit

1031 391 1102 420 me
1121 377 1342 419 inimicus?

1082 434 1200 475 Dum
1225 434 1554 486 confringuntur
1579 445 1680 474 ossa
1698 444 1812 482 mea,
1830 432 1854 457 *

1033 489 1407 543 exprobraverunt
1425 490 1532 531 mihi
1552 489 1626 542 qui
1646 488 1856 530 tribulant

1031 559 1101 588 me
1120 546 1280 588 inimici
1298 547 1395 588 mei.

1082 604 1200 644 Dum
1233 602 1382 644 dicunt
1414 602 1518 644 mihi
1549 615 1629 654 per
1661 601 1856 652 singulos

1033 659 1141 701 dies:
1171 658 1258 701 Ubi
1284 663 1350 700 est
1375 660 1496 701 Deus
1521 657 1644 700 tuus?
1670 660 1693 685 *
1721 669 1856 709 quare

1032 716 1170 757 tristis
1189 728 1237 757 es
1256 716 1399 757 anima
1416 728 1524 766 mea,
1545 720 1587 756 et
1608 727 1741 768 quare
1758 726 1855 756 con-

1034 772 1186 814 turbas
1205 770 1299 814 me?

1084 829 1223 881 Spera
1253 829 1297 869 in
1328 829 1440 878 Deo,
1475 827 1681 881 queniam
1713 826 1857 868 adhuc

1033 885 1278 927 confitebor
1312 885 1387 926 illi:
1423 885 1447 911 *
1485 884 1676 926 salutare
1712 883 1856 924 vultus

1032 942 1128 991 mei,
1148 946 1191 983 et
1209 942 1329 983 Deus
1348 955 1482 983 meus.

1083 998 1299 1051 Requiem
1319 1000 1537 1040 aeternam.

1084 1067 1183 1107 Ant.
1198 1063 1343 1107 Sitivit
1363 1063 1507 1104 anima
1525 1075 1623 1104 mea
1642 1063 1699 1104 ad
1714 1064 1857 1104 Deum

1033 1120 1195 1161 vivum:
1216 1120 1390 1172 quando
1411 1120 1593 1169 veniam,
1614 1124 1657 1161 et
1676 1122 1857 1172 appare-

1032 1176 1091 1218 bo
1110 1181 1210 1218 ante
1229 1177 1384 1218 faciem
1403 1175 1604 1217 Demini?

1087 1239 1136 1291 V.
1152 1242 1220 1283 Ne
1239 1240 1387 1283 tradas
1406 1241 1558 1283 bestiis
1579 1241 1744 1282 animas
1760 1253 1857 1282 con-

1034 1298 1207 1340 fitentes
1225 1297 1315 1340 tibi.
1352 1303 1401 1353 Rg.
1427 1298 1483 1339 Et
1507 1297 1672 1338 animas
1696 1300 1858 1349 paupe-

1034 1367 1130 1451 1rium
1174 1356 1350 1396 tuorum
1398 1366 1453 1396 ne
1498 1353 1770 1395 obliviscaris
1815 1354 1859 1394 in

1066 1423 1176 1452 nem.

1088 1473 1217 1513 Pater
1235 1475 1394 1513 noster.
1416 1475 1555 1512 totum
1574 1476 1755 1511 secreto.

1140 1544 1290 1585 Lectio
1311 1544 1378 1583 vii.
1597 1544 1620 1583 J
1624 1543 1681 1585 ob
1701 1544 1756 1584 17.

1307 1625 1431 1654 meus
1445 1611 1750 1662 attenuabitur,
1766 1612 1859 1654 dies

1042 1663 1131 1731 &N
1156 1669 1241 1710 mei
1275 1668 1604 1718 breviabuntur,
1643 1674 1687 1710 et
1718 1669 1859 1710 solum

1049 1722 1131 1751 *1
1155 1725 1260 1766 mihi
1314 1728 1516 1778 superest
1568 1725 1859 1777 sepulchrum.

1034 1780 1135 1822 Non
1154 1782 1352 1834 peccavi,
1375 1787 1418 1823 et
1435 1782 1478 1822 in
1497 1782 1859 1824 amaritudinibus

1034 1839 1231 1879 moratur
1259 1838 1411 1880 oculus
1435 1851 1568 1879 meus.
1604 1838 1764 1880 Libera
1788 1851 1859 1880 me

1034 1894 1240 1944 D6mine,
1269 1899 1312 1936 et
1340 1907 1457 1948 pone
1480 1907 1550 1936 me
1576 1895 1695 1946 juxta
1720 1900 1781 1945 te,
1817 1900 1859 1937 et

1037 1951 1225 2002 cujusvis
1248 1964 1401 1992 manus
1424 1955 1590 2003 pugnet
1609 1955 1762 1992 contra
1778 1964 1859 1992 me.

1034 2007 1141 2048 Dies
1159 2008 1245 2049 mei
1263 2007 1544 2057 transierunt,
1568 2007 1859 2059 cogitationes

1035 2077 1146 2106 meae
1183 2063 1408 2117 dissipatae
1444 2068 1561 2114 sunt,
1603 2066 1859 2116 torquentes

1037 2133 1114 2162 cor
1146 2133 1301 2162 meum.
1342 2120 1531 2162 Noctem
1561 2122 1785 2162 verterunt
1816 2121 1859 2162 in

1037 2176 1167 2226 diem,
1213 2181 1256 2218 et
1299 2190 1472 2218 rursum
1515 2181 1619 2229 post
1655 2176 1859 2219 tenebras

1038 2245 1169 2286 spero
1189 2233 1342 2275 lucem.
1378 2233 1423 2274 Si
1446 2233 1709 2284 sustinuero,
1734 2233 1860 2274 infer-

1036 2302 1118 2330 nus
1138 2289 1294 2331 domus
1312 2302 1410 2331 mea
1430 2294 1511 2340 est,
1537 2294 1581 2331 et
1604 2290 1648 2330 in
1666 2290 1858 2331 tenebris

1039 2346 1173 2387 stravi
1203 2345 1411 2387 lectulum
1439 2359 1595 2388 meum.
1634 2346 1860 2387 Putredini

1038 2401 1141 2443 dixi:
1159 2403 1290 2444 Pater
1308 2415 1431 2444 meus
1451 2415 1513 2453 eS,
1530 2407 1669 2444 mater
1687 2415 1796 2452 mea,
1816 2407 1860 2444 et

1037 2471 1163 2500 soror
1179 2471 1288 2509 mea,
1306 2459 1538 2502 vermibus.
1566 2459 1651 2501 Ubi
1670 2463 1736 2500 est
1754 2471 1858 2510 ergo

1036 2528 1151 2556 nunc
1177 2515 1450 2568 praestolatio
1476 2529 1591 2565 mea,
1627 2520 1670 2557 et
1696 2515 1859 2567 patien

1036 2571 1143 2613 tiam
1160 2584 1302 2613 meam
1322 2572 1419 2624 quis
1437 2571 1708 2615 considerat?

1090 2633 1139 2684 Rt
1172 2633 1436 2674 Peccantem
1465 2645 1535 2674 me
1569 2630 1778 2683 quotidie,
1816 2635 1860 2671 et

1037 2700 1123 2729 non
1141 2702 1211 2730 me
1229 2689 1531 2741 poenitentem,
1558 2689 1688 2730 timor
1706 2686 1860 2727 mortis

1037 2745 1271 2787 conturbat
1301 2758 1386 2787 me:
1472 2745 1585 2796 Quia
1616 2745 1660 2784 in
1691 2742 1858 2784 inferno
