2040 2976
792 1301 875 1343 Die
904 1301 963 1342 15.
991 1300 1190 1352 Augusti.

185 1388 291 1455 IN
325 1386 1018 1458 ASSUMPTIONE
1053 1389 1132 1456 B.
1168 1389 1517 1455 MARIAE
1546 1389 1808 1458 VIRG.

801 1488 957 1533 Duplex
984 1492 1008 1524 1.
1036 1493 1184 1526 classis.

351 1574 412 1615 In
434 1574 471 1616 Ι.
497 1574 749 1625 vesperis.

190 1638 278 1673 Ant.
304 1638 351 1673 de
376 1639 496 1674 Laud.
517 1642 592 1677 515.
627 1640 688 1675 Ps.
714 1644 755 1676 ut
778 1642 817 1676 in
840 1642 967 1677 Festis

138 1685 180 1720 Β.
204 1685 251 1721 Μ.
274 1686 319 1721 V.
343 1698 413 1732 per
437 1698 589 1722 annum.
613 1689 705 1734 [133]

148 1799 152 1802 ,
435 1751 573 1804 Capit.
702 1751 833 1793 Eceli.
849 1754 913 1794 24.

171 1802 367 1868 ξθξᾏ-Ῑῖύςῑ
381 1824 410 1851 n
425 1811 627 1854 6mnibus
642 1812 840 1865 requiem
857 1826 966 1865 quae-

162 1863 173 1886 ¹*
192 1858 243 1916 ssss?
288 1864 367 1925 *2443
400 1868 498 1918 sivi,
541 1873 586 1910 et
626 1869 670 1909 in
705 1868 966 1912 haereditate

295 1936 368 1979 :2:91¹ss
398 1924 578 1966 Domini
596 1925 816 1968 morabor.
840 1927 967 1968 Tunc

242 2014 244 2016 .
318 1982 371 2022 2:222
398 1982 630 2035 praecepit,
658 1987 702 2024 et
727 1982 837 2025 dixit
859 1983 966 2024 mihi

138 2038 322 2080 Creator
359 2038 566 2080 dmnium:
606 2043 649 2080 et
688 2039 762 2091 qui
799 2040 966 2081 creavit

137 2107 222 2144 me,
246 2094 462 2147 requievit
481 2095 525 2135 in
547 2094 833 2138 tabernaculo
852 2108 964 2138 meo.

448 2157 658 2209 Hymnus.

293 2232 347 2261 ve
365 2220 498 2261 maris
516 2220 655 2271 stella,

335 2276 420 2317 Dei
438 2276 579 2318 Mater
598 2276 721 2327 alma,

267 2331 417 2384 Atque
438 2345 612 2386 semper
632 2333 784 2385 Virgo,

268 2388 393 2430 Felix
415 2388 516 2430 coeli
533 2394 673 2442 porta.

216 2453 399 2495 Sumens
416 2453 526 2495 illud
545 2455 642 2497 Ave

268 2509 486 2552 Gabrielis
505 2523 593 2562 ore,

266 2566 421 2608 Funda
439 2579 521 2608 nos
539 2567 584 2608 in
601 2581 722 2621 pace,

268 2623 442 2665 Mutans
461 2624 602 2666 Hevae
620 2638 791 2668 nomen.

215 2688 348 2730 Solve
367 2689 510 2730 vincla
529 2689 627 2739 reis,

268 2745 422 2786 Profer
440 2745 586 2787 lumen
606 2747 747 2797 caecis,

1149 1572 1266 1614 Mala
1284 1577 1437 1614 nostra
1455 1573 1582 1625 pelle,

1150 1630 1276 1671 Bona
1295 1634 1453 1671 cuneta
1470 1643 1619 1683 posce.

1101 1697 1297 1737 Monstra
1315 1699 1360 1737 te
1380 1708 1476 1737 esse
1495 1700 1692 1745 matrem,

1149 1752 1301 1794 Sumat
1318 1765 1398 1805 per
1417 1756 1460 1794 te
1479 1765 1647 1805 preces7

1150 1810 1234 1860 Qui
1252 1822 1335 1862 pro
1354 1809 1484 1851 nobis
1503 1814 1643 1859 natus,

1150 1866 1270 1907 Tulit
1290 1879 1387 1908 esse
1405 1872 1518 1908 tuus.

1098 1931 1235 1982 Virgo
1255 1931 1499 1983 singularis,

1147 1989 1268 2030 Inter
1288 2001 1440 2030 omnes
1463 1989 1592 2040 mitis,

1148 2044 1242 2086 Nos
1262 2045 1404 2098 culpis
1424 2046 1596 2087 solutos

1148 2101 1277 2144 Mites
1297 2102 1366 2144 fae
1385 2107 1429 2144 et
1448 2108 1605 2145 castos.

1097 2165 1247 2208 Vitam
1264 2171 1430 2219 praesta
1447 2181 1616 2220 puram,

1147 2224 1237 2265 Iter
1255 2237 1363 2277 para
1382 2228 1534 2276 tutum,

1148 2280 1208 2323 Ut
1227 2281 1430 2323 videntes
1448 2281 1473 2322 J
1475 2294 1610 2332 esum,

1147 2337 1331 2390 Semper
1353 2339 1638 2381 collaetemur.

1096 2403 1162 2445 Sit
1179 2403 1274 2445 laus
1292 2403 1390 2446 Deo
1409 2405 1540 2457 Patri,

1147 2460 1327 2502 Summo
1347 2461 1524 2505 Christo
1545 2462 1692 2514 decus

1147 2517 1328 2569 Spiritui
1347 2524 1513 2570 sancto,

1148 2573 1308 2615 Tribus
1327 2574 1470 2617 honor
1488 2589 1610 2618 unus.
1638 2576 1791 2618 Amen.

1069 2635 1119 2684 V.
1139 2639 1345 2682 Exaltata
1363 2646 1431 2683 est
1450 2646 1602 2683 sancta
1619 2642 1702 2683 Dei
1717 2641 1846 2682 Geni-

1018 2695 1115 2737 trix.
1146 2695 1196 2746 R.
1224 2697 1367 2750 Super
1389 2697 1551 2740 choros
1574 2698 1846 2748 Angel6rum

1020 2752 1076 2793 ad
1095 2753 1293 2795 eoele'stia
1312 2767 1456 2805 regna.
