2040 2976
206 206 296 250 [246]

568 204 638 237 nie
662 204 713 237 26.
738 203 894 246 Aprilis.
941 203 981 237 B.
1005 203 1051 237 M.
1075 203 1117 236 v.
1144 203 1189 236 de
1215 202 1323 236 Bono
1350 176 1532 236 Consilio.

204 305 262 346 ait
286 302 495 354 Angelus,
521 302 702 353 gratiam
724 301 841 354 apud
864 301 1021 342 Deum:

203 361 394 402 feliciter.
421 359 600 411 Semper
617 358 711 399 haec
725 357 912 399 inveniet
926 359 1019 407 gra-

202 417 321 465 tiam,
349 421 392 458 et
416 415 508 456 sola
534 419 600 456 est
622 414 760 465 gratia
780 426 864 466 qua
885 413 1019 454 salva-

200 486 304 514 mur.
340 472 454 523 Quid
473 485 553 514 nos
573 471 655 512 alia
674 470 1020 523 concupiscimus

202 527 376 570 fratres?
397 530 652 579 Quaeramus
672 527 864 578 gratiam,
885 531 927 567 et
941 538 1020 579 per

201 586 380 627 Mariam
393 587 650 637 quaeramus,
667 584 766 636 quia
782 581 900 635 quod
914 594 1021 633 quae-

201 642 256 682 rit
275 642 452 691 invenit,
479 647 523 683 et
543 641 739 683 frustrari
759 652 844 680 non
864 643 1020 692 potest.

202 699 457 749 Quaeramus
489 698 690 749 gratiam,
728 695 807 738 sed
838 695 1021 746 gratiam

201 754 319 807 apud
350 755 506 796 Deum:
545 767 645 794 nam
676 752 793 806 apud
825 751 1020 792 hemines

201 812 340 862 gratia
374 811 513 852 fallax.
559 811 764 860 Quaerant
795 808 867 849 alii
897 806 1019 848 meri-

200 874 307 917 tum,
331 881 412 909 nos
437 868 628 908 invenire
647 866 830 918 gratiam
849 864 1019 905 studea-

201 938 308 965 mus.
345 923 460 974 Quid
484 922 617 965 enim?
655 923 756 964 Non
779 921 930 972 gratiae
956 924 1022 960 est

204 980 320 1033 quod
345 980 415 1021 hic
440 980 608 1021 sumus?
636 979 839 1020 Profecto
858 975 1019 1017 miseri-

202 1036 366 1078 cordiae
385 1036 559 1078 Demini
586 1041 668 1085 est,
698 1034 816 1087 quod
841 1046 927 1075 non
953 1045 1020 1073 su-

201 1107 297 1135 mus
317 1093 574 1146 constimpti.

258 1160 317 1200 Te
337 1159 478 1200 Deum
495 1157 731 1199 laudamus.
751 1157 809 1196 13.

462 1240 540 1280 Ad
566 1239 760 1280 Laudes

410 1303 458 1333 et
496 1309 591 1341 per
627 1299 820 1333 Horas.
847 1313 855 1321 ·

256 1360 352 1400 Ant.
373 1360 401 1398 1.
430 1360 524 1407 Ego
549 1362 687 1398 mater
705 1356 728 1381 *
747 1354 941 1408 pulchrae
962 1353 1021 1395 di-

201 1410 415 1463 lectionis,
440 1420 483 1455 et
503 1413 689 1462 timeris,
715 1418 757 1454 et
780 1411 1022 1463 agnitienis,

205 1478 247 1514 et
267 1476 428 1512 sanetae
449 1471 553 1523 spei.

256 1538 323 1577 Ps.
348 1536 557 1578 Dominus
576 1535 782 1586 regnavit.
800 1535 859 1574 14.

258 1603 293 1640 2.
327 1603 372 1642 In
399 1614 468 1642 me
495 1601 634 1651 gratia
657 1602 679 1626 *
705 1600 844 1641 omnis
872 1600 953 1640 viae
981 1605 1023 1641 et

204 1659 410 1706 veritatis,
429 1658 472 1698 in
490 1670 559 1698 me
580 1657 719 1698 omnis
739 1669 841 1709 spes
860 1656 961 1697 vitae
982 1661 1024 1697 et

204 1715 384 1757 vittatis.

258 1779 292 1817 Ῑ3.
318 1779 399 1827 Qui
418 1778 538 1821 audit
555 1791 624 1819 me
642 1779 666 1804 *
686 1789 772 1818 non
792 1775 1023 1818 confunde-

204 1842 290 1885 tur,
324 1842 366 1878 et
400 1835 472 1888 qui
505 1836 742 1888 operantur
769 1833 812 1873 in
840 1845 909 1874 me
936 1845 1024 1874 non

204 1892 458 1945 peccabunt.

258 1958 294 1995 4.
324 1957 390 1999 Da
412 1957 515 1998 mihi
540 1955 708 1998 sedium
726 1957 899 1998 tuarum
917 1956 940 1981 *
960 1968 1023 1996 as-

207 2015 419 2056 sistricem
452 2014 724 2067 sapientiam,
762 2017 805 2054 et
835 2011 925 2054 noli
955 2025 1024 2053 me

206 2070 442 2124 reprobare
462 2084 485 2111 a
506 2070 604 2111 filiis
623 2070 719 2111 tuis.

259 2133 296 2172 5.
336 2134 512 2188 Optavi,
538 2136 561 2161 *
590 2139 632 2176 et
665 2134 792 2175 datus
825 2139 891 2176 est
922 2133 1026 2174 mihi

208 2204 361 2233 sensus
385 2197 428 2232 et
451 2191 665 2241 invocavi,
695 2196 737 2232 et
756 2191 872 2232 venit
894 2190 938 2231 in
956 2202 1025 2232 me

208 2248 383 2301 spiritus
402 2248 636 2300 sapientiae.

314 2314 570 2365 Capitulum.
693 2315 818 2356 Prov.
834 2316 869 2354 8.
886 2314 924 2356 d.

209 2377 413 2483 Beatus
445 2382 577 2422 homo
612 2382 684 2434 qui
716 2381 837 2422 audit
867 2395 952 2431 me,
985 2386 1028 2423 et

308 2439 382 2491 qui
400 2438 549 2489 vigilat
572 2438 627 2478 ad
651 2438 766 2479 fores
786 2451 904 2479 meas
923 2451 1026 2490 quo-

209 2495 331 2542 tidie,
364 2500 407 2537 et
434 2494 637 2536 observat
665 2494 721 2535 ad
751 2500 901 2546 postes
930 2495 1030 2537 ostii

210 2552 305 2592 mei.
334 2551 416 2601 Qui
434 2564 503 2591 me
523 2550 743 2598 invenerit,
763 2550 951 2592 inveniet
969 2551 1027 2592 vi-

210 2613 310 2657 tam,
335 2613 377 2649 et
396 2607 565 2648 hauriet
584 2606 766 2647 saltitem
786 2619 811 2646 a
829 2606 1030 2648 Demino.

266 2670 420 2720 Hymn.
463 2670 499 2710 O
523 2671 714 2723 gloriesa
738 2671 958 2721 virginum.
984 2677 1029 2712 ut

215 2726 255 2765 in
278 2726 416 2766 Festis
438 2727 483 2769 13.
503 2726 555 2766 M.
571 2727 622 2766 V.
642 2740 719 2777 per
740 2738 906 2766 annum.
926 2727 1030 2780 [144]

1104 293 1177 345 ⁵37.
1196 299 1387 350 Dignare
1404 312 1474 341 me
1492 299 1670 342 laudare
1689 306 1733 343 te
1751 302 1889 354 Virgo

1074 358 1253 397 sacrata.
1281 355 1330 407 Rz.
1349 356 1416 396 Da
1442 356 1546 396 mihi
1569 357 1773 399 virtutem
1791 371 1889 400 con-

1073 418 1140 454 tra
1159 411 1309 453 hostes
1327 417 1439 453 tuos.
1526 427 1529 429 ’

1128 467 1198 508 Ad
1220 468 1379 509 Bened.
1408 470 1669 512 Ant..Beata
1687 470 1827 512 Mater
1849 475 1892 512 et

1073 524 1234 566 intacta
1253 524 1409 575 Virgo,
1437 526 1604 577 Regina
1627 526 1793 574 mundi,
1818 539 1891 568 no-

1074 586 1184 622 stras
1204 580 1534 633 deprecatiOnes
1550 595 1603 624 ne
1618 582 1834 636 despicias
1849 583 1892 624 in

1073 637 1416 687 necessitatibus,
1436 638 1514 680 sed
1532 651 1557 680 a
1573 639 1777 692 periculis
1793 652 1892 680 cun-

1074 693 1155 735 ctis
1174 693 1310 736 libera
1326 707 1407 736 nos
1427 707 1610 747 semper.

1409 756 1569 797 Oratio.

1162 824 1249 862 eus,
1269 813 1342 864 qui
1357 813 1622 854 Genitricem
1637 812 1783 854 dilecti
1797 812 1893 853 Filii

1180 869 1242 910 tui
1259 874 1442 910 matrem
1459 868 1586 910 nobis
1601 867 1772 917 dedisti,
1787 869 1892 920 ejus-

1077 937 1159 977 que
1179 926 1425 977 speciosam
1443 925 1673 976 imaginem
1694 925 1803 966 mira
1821 937 1893 977 ap-

1074 981 1291 1034 paritiene
1324 982 1561 1023 clarificare
1598 981 1800 1032 dignatus
1831 993 1894 1022 es:

1076 1037 1282 1087 concede,
1321 1041 1584 1091 quaesumus3
1619 1044 1667 1080 ut
1701 1036 1896 1091 ejusdem

1074 1093 1248 1136 monitis
1276 1095 1429 1146 ingiter
1457 1095 1717 1136 inhaerentes
1745 1097 1894 1136 secun-

1076 1149 1178 1198 dum
1203 1163 1277 1192 cor
1301 1157 1425 1193 tuum
1447 1153 1595 1193 vivere
1619 1156 1662 1192 et
1687 1149 1743 1192 ad
1767 1150 1893 1192 coele-

1076 1212 1186 1249 stem
1226 1208 1412 1260 patriam
1451 1208 1631 1250 feliciter
1667 1209 1895 1261 pervenire

1075 1263 1306 1305 valeamus.
1335 1265 1418 1306 Per
1437 1264 1638 1306 eamdem
1649 1263 1894 1306 Dominum.

1342 1343 1408 1379 Ad
1431 1343 1632 1380 Tertiam.

1130 1398 1229 1441 Ant.
1258 1399 1306 1440 In
1328 1413 1396 1442 me
1415 1400 1564 1451 gratia.

1131 1461 1267 1513 Capit.
1296 1459 1455 1503 Beatus
1473 1461 1617 1503 homo.
1643 1465 1689 1501 ut
1709 1473 1851 1513 supra.
1890 1509 1898 1517 .

1130 1523 1181 1574 Rv.
1200 1522 1261 1563 br.
1286 1522 1511 1564 Venerunt
1533 1521 1637 1563 mihi
1657 1521 1800 1563 omnia
1818 1520 1893 1562 bo-

1076 1591 1131 1619 na
1165 1580 1187 1603 *
1209 1579 1378 1621 Pariter
1403 1592 1502 1620 cum
1526 1578 1610 1619 illa.
1658 1578 1894 1620 Venerunt.

1079 1631 1129 1681 V.
1148 1635 1205 1676 Et
1232 1635 1556 1677 innumerabilis
1583 1635 1790 1677 honestas
1815 1646 1896 1687 per

1075 1704 1227 1732 manus
1246 1691 1370 1733 illius.
1397 1692 1576 1734 Pariter.
1605 1691 1754 1733 Gleria
1767 1690 1895 1733 Patri.

1075 1747 1300 1789 Venerunt
1318 1747 1433 1789 mihi.
1594 1760 1597 1763 ·

1132 1798 1181 1849 V.
1213 1803 1341 1845 Viam
1378 1804 1604 1858 sapientiae
1643 1803 1895 1845 monstrabo

1076 1859 1166 1901 tibi.
1202 1859 1252 1911 R.
1274 1861 1443 1903 Ducam
1467 1866 1510 1903 te
1535 1873 1615 1914 per
1640 1860 1815 1902 semitas
1840 1872 1894 1901 ae·

1078 1917 1265 1969 quitatis.

1351 1982 1418 2018 Ad
1441 1982 1626 2020 Sextam.

1132 2040 1229 2082 Ant.
1259 2039 1339 2089 Qui
1358 2039 1478 2082 audit
1495 2052 1576 2081 me.

1133 2100 1389 2152 Capitulum.
1620 2099 1746 2139 Prov.
1762 2097 1799 2138 6.
1815 2109 1848 2137 c.

1151 2163 1334 2203 onserva
1357 2160 1418 2202 fili
1438 2161 1497 2201 mi
1516 2163 1738 2214 praecepta
1758 2162 1895 2214 patris
1967 2194 1969 2196 .

1167 2219 1239 2266 tui,
1260 2223 1302 2260 et
1316 2230 1370 2259 ne
1387 2217 1577 2260 dimittas
1591 2217 1732 2269 legem
1746 2219 1895 2260 matris

1077 2280 1175 2317 tuae.
1207 2275 1314 2326 Liga
1338 2287 1389 2316 ea
1411 2274 1455 2314 in
1477 2273 1610 2316 corde
1633 2279 1709 2315 tuo
1732 2274 1897 2326 jugiter,

1079 2337 1122 2373 et
1142 2329 1363 2373 circumda
1381 2330 1544 2382 gutturi
1561 2335 1649 2372 tuo.
1884 2336 1886 2338 ’

1134 2387 1184 2438 K·
1212 2385 1273 2426 bl·-
1303 2391 1433 2432 Viam
1465 2390 1688 2444 sapientiae
1733 2385 1755 2409 *
1777 2391 1896 2432 Mon-

1079 2447 1228 2489 strabo
1259 2446 1350 2489 tibi.
1391 2447 1530 2488 Viam.
1577 2439 1627 2488 Ys-
1654 2447 1823 2488 Ducam
1852 2451 1896 2488 te

1080 2516 1158 2556 per
1178 2504 1352 2545 semitas
1373 2503 1601 2555 aequitatis.
1632 2502 1897 2544 Monstrabo.

1084 2558 1232 2601 Gloria
1252 2560 1379 2601 Patri.
1406 2560 1534 2601 Viam
1554 2559 1788 2612 sapientiae.
1814 2599 1820 2606 ,

1135 2610 1185 2661 V·
1213 2616 1385 2658 Corona
1409 2616 1634 2668 sapientiae
1657 2616 1787 2657 timor
1811 2615 1897 2656 De-

1081 2673 1195 2713 mini.
1222 2671 1274 2722 R.
1289 2672 1482 2725 Replens
1500 2685 1664 2724 pacem,
1682 2677 1726 2713 et
1745 2671 1897 2712 salutis

1082 2728 1278 2770 fructum.
