2040 2976
178 191 249 225 518

533 193 683 228 Domin.
709 192 807 226 infra
832 191 911 226 Oct.
937 192 1134 232 Assumpt.
1159 188 1193 221 S.
1218 186 1398 220 Joachim
1422 184 1531 242 Conf.

180 286 382 334 oriretur,
407 286 563 326 natura
582 283 736 334 gratiae
755 283 911 325 foetum
934 297 1004 326 an-

180 343 396 383 tevertere
419 340 597 382 minime
621 352 726 381 ausa
751 345 832 382 est:
854 353 1006 382 verum

179 400 392 450 tantisper
417 396 707 449 exspectavit,
737 396 840 438 dum
865 397 1006 447 gratia

180 455 367 496 fructum
391 467 517 495 suum
540 452 835 506 produxisset.
868 452 1005 504 Siqui-

180 510 280 552 dem
299 509 536 563 oportebat
556 522 653 551 eam
672 509 1007 562 primogenitam

179 568 221 607 in
245 567 387 608 lucem
407 566 497 615 edi,
525 579 623 618 quae
646 579 792 607 rerum
816 565 1006 607 emnium

180 623 455 665 conditarum
477 622 830 675 primogenitum⁷
856 622 899 662 in
919 634 1006 674 quo

180 680 326 721 emnia
345 681 650 730 coagmentata
671 683 784 728 sunt,
811 678 1007 730 paritura

180 741 285 778 erat.
332 736 370 777 O
405 748 486 788 par
520 735 699 777 beatum
731 733 931 776 Jeachim
964 739 1007 775 et

181 792 325 833 Anna!
356 791 498 834 Vobis
531 791 671 834 omnis
704 794 904 833 creatura
932 790 1007 832 ob-

181 851 333 890 stricta
359 853 436 890 est.
476 849 561 890 Per
586 860 667 889 vos
694 847 807 889 enim
833 846 1007 895 donum,

182 905 376 946 emnium
434 903 649 947 donorum
701 903 1007 956 praestantissi-

181 975 316 1012 mum,
342 961 540 1003 Creatori
565 960 737 1009 obtulit,
763 972 921 1012 nempe
941 972 1008 1001 ca-

182 1023 295 1060 stam
319 1022 523 1066 matrem,
553 1029 651 1069 quae
680 1017 774 1058 sola
799 1016 1008 1058 Createre

183 1074 313 1124 digna
332 1079 436 1116 erat.
699 1097 703 1100 -

237 1135 286 1187 R.
311 1130 489 1172 Amavit
508 1143 607 1172 eum
625 1129 854 1179 Dominus,
878 1135 922 1171 et
942 1142 1008 1171 or-

182 1187 301 1228 navit
337 1199 454 1228 eum:
490 1186 647 1228 stolam
682 1186 834 1237 gleriae
869 1186 1010 1228 induit

183 1256 299 1293 eum,
326 1251 348 1273 ¹⁸¹
371 1243 427 1284 Et
456 1242 513 1284 ad
537 1248 689 1296 portas
716 1243 911 1295 paradisi
939 1255 1009 1284 co-

182 1300 355 1341 ronavit
387 1311 497 1340 eum.
546 1296 595 1348 V.
622 1299 768 1341 Induit
796 1312 895 1341 eum
921 1300 1009 1341 Do-

183 1356 324 1397 minus
360 1356 542 1397 loricam
582 1355 700 1406 fidei,
752 1361 796 1398 et
840 1356 1011 1398 ornavit
1068 1365 1135 1381 -,

184 1425 293 1454 eum.
320 1412 378 1454 Et
396 1412 453 1454 ad
471 1418 635 1465 portas,

486 1474 636 1514 Lectio
659 1474 710 1513 vi.

272 1525 417 1566 xsulta
435 1525 457 1566 J
461 1525 646 1576 oachim,
666 1526 873 1578 queniam
892 1538 946 1567 ex
965 1526 1010 1566 fi-

276 1582 334 1623 lia
359 1587 435 1623 tua
456 1582 591 1623 Filius
618 1587 747 1623 natus
776 1587 843 1624 est
869 1582 1011 1624 nobis:

188 1643 232 1680 et
249 1640 433 1679 vocatur
456 1651 615 1680 nomen
635 1639 726 1690 ejus
745 1639 891 1689 magni
910 1651 1011 1680 con—

189 1694 290 1743 silii,
315 1694 400 1735 hoc
421 1700 504 1744 est,
529 1695 682 1736 salutis
707 1697 843 1736 totius
862 1695 1013 1737 mundi

189 1750 393 1801 Angelus.
421 1750 598 1793 Pudore
621 1751 837 1793 afficiatur
855 1752 1011 1793 Nesto-

189 1807 290 1856 rius,
309 1820 360 1848 ac
372 1821 554 1849 manum
574 1808 640 1849 ori
658 1808 867 1860 imponat.
899 1809 1014 1850 Puer

190 1862 261 1904 hic
279 1863 400 1905 Deus
426 1869 504 1906 est.
538 1865 740 1915 Quonam
767 1865 897 1916 igitur
923 1878 1013 1906 mo-

191 1919 248 1960 do
277 1932 330 1961 ea
360 1920 444 1962 Dei
471 1920 670 1962 Genitrix
697 1933 783 1962 non
812 1922 883 1972 sit,
916 1934 1014 1974 quae

192 1975 385 2028 peperit?
413 1977 459 2019 Si
485 1977 582 2030 quis
606 1983 801 2019 sanctam
825 1978 908 2020 Dei
933 1979 1015 2020 Ge-

192 2032 391 2074 nitricem
413 2046 501 2075 non
521 2034 769 2084 confitetur,
795 2047 820 2076 a
839 2035 1016 2077 Deitate

193 2090 386 2130 remotus
422 2095 499 2131 est.
558 2091 657 2132 Mea
694 2103 782 2132 non
818 2096 885 2133 est
920 2091 1017 2133 haec

194 2145 352 2194 oratio,
398 2159 662 2199 quamquam
702 2147 865 2199 alioqui
904 2161 1017 2190 mea:

194 2200 308 2242 hanc
342 2202 457 2243 enim
491 2202 805 2244 divinissimam
834 2204 1017 2246 haeredi-

193 2258 332 2298 tatem
358 2270 385 2299 a
410 2258 619 2309 the610go
646 2265 771 2311 patre
800 2260 1017 2311 Gregorio

195 2313 357 2365 accepi.
390 2313 429 2355 Ο
452 2314 631 2356 beatum
654 2329 736 2368 par
756 2317 780 2357 J
783 2317 955 2358 oachim
975 2323 1018 2359 et

195 2369 336 2411 Anna!
355 2382 407 2412 ac
421 2371 621 2423 profecto
637 2384 691 2413 ex
706 2373 869 2414 ventris
884 2374 1019 2415 vestri

195 2425 338 2468 fructu
397 2427 665 2469 immaculati
718 2431 1019 2480 agnoscimini,

197 2482 568 2534 quemadmodum
596 2483 795 2526 Christus
828 2486 1020 2537 quodam

195 2538 296 2580 loco
339 2538 463 2580 dixit:
506 2539 573 2580 Ex
615 2540 827 2582 fructibus
868 2544 1019 2583 earum

197 2596 473 2646 cognoscetis
505 2608 594 2637 eos
634 2596 694 2637 Ut
721 2597 817 2638 Deo
849 2603 1020 2647 gratum

198 2657 291 2693 erat
324 2665 375 2693 ac
407 2651 587 2702 dignum
619 2665 671 2693 ea
708 2666 806 2704 quae
838 2666 863 2694 a
895 2654 1021 2696 vobis

197 2714 296 2750 orta
320 2714 404 2758 est,
430 2708 533 2749 vitae
558 2714 717 2750 vestrae
746 2709 939 2751 ratienes
963 2710 1022 2751 in-

1058 281 1271 324 stituistis.
1326 281 1457 322 Caste
1494 279 1611 321 enim
1647 292 1700 321 ac
1736 283 1887 321 sancte

1057 341 1236 379 munere
1264 342 1412 379 vestro
1441 336 1594 386 functi,
1622 336 1887 387 virginitatis

1057 395 1311 436 thesaurum
1330 392 1615 446 produxistis.

1111 454 1164 505 R.
1186 451 1276 491 Iste
1295 449 1441 490 homo.
1461 448 1541 501 [72]

1285 534 1335 574 In
1352 533 1424 572 111.
1442 532 1667 572 Nocturno.

1061 594 1214 636 Lectio
1239 592 1378 634 sancti
1396 591 1622 642 Evangelii
1648 591 1888 634 secundum

1342 649 1384 689 M
1390 648 1612 690 atthzeum.

1166 716 1317 757 Lectio
1339 715 1406 757 vii.
1636 713 1739 765 Cap.
1756 714 1786 753 1.

1059 770 1232 877 Liber
1263 774 1559 825 generationis
1590 774 1615 815 J
1619 787 1697 816 esu
1730 773 1891 816 Christi

1155 832 1231 872 filii
1251 830 1413 882 David,
1437 831 1516 872 filii
1534 831 1770 873 Abraham.
1804 830 1890 872 Ab·

1060 888 1211 929 raham
1238 888 1388 939 genuit
1415 888 1553 929 Isaac.
1591 888 1718 929 Isaac
1746 891 1892 929 autem

1061 945 1212 996 genuit
1230 943 1380 986 Jacob.
1408 945 1465 985 Et
1484 944 1663 996 reliqua.

1062 1023 1257 1066 Homilia
1271 1023 1409 1065 sancti
1425 1023 1449 1063 J
1452 1023 1605 1063 oannis
1618 1022 1893 1064 Damasceni.

1062 1090 1120 1124 Ex
1144 1091 1209 1124 lib.
1230 1090 1260 1124 4.
1290 1089 1336 1122 de
1357 1087 1453 1122 Fide
1477 1086 1712 1127 orthodoxa,
1738 1095 1820 1128 cap.
1842 1085 1891 1119 15.

1121 1139 1168 1173 de
1193 1136 1350 1172 Domini
1376 1135 1606 1178 genealogia
1629 1138 1666 1170 et
1690 1138 1835 1168 sanctae

1319 1184 1394 1219 Dei
1417 1183 1637 1219 Genitricis.

1066 1248 1082 1282 ἵν
1096 1251 1177 1312 ff*
1188 1243 1278 1285 uod
1293 1243 1318 1284 J
1321 1242 1462 1295 oseph
1476 1255 1532 1284 ex
1546 1241 1761 1284 Davidica
1774 1242 1893 1285 tribu

1101 1301 1153 1335 '¹
1202 1299 1416 1351 originem
1431 1298 1616 1349 duxerit,
1631 1299 1894 1341 sanctissimi

1181 1375 1184 1378 ¹
1200 1355 1498 1407 Evangelistae
1513 1355 1749 1398 Matthaeus
1763 1360 1808 1398 et
1818 1355 1895 1397 Lu·

1063 1426 1137 1455 cas
1152 1412 1322 1465 liquido
1338 1412 1706 1454 demonstrarunt.
1725 1412 1894 1454 Verum

1062 1470 1148 1511 hoc
1166 1469 1279 1511 inter
1298 1481 1377 1511 eos
1396 1467 1660 1511 discriminis
1673 1473 1752 1519 est,
1774 1468 1895 1521 quod

1062 1526 1298 1568 Matthaeus
1324 1538 1379 1567 ex
1401 1525 1574 1567 Davide
1597 1538 1678 1578 per
1699 1525 1894 1567 Saloma-

1063 1596 1163 1625 nem
1182 1583 1207 1623 J
1210 1582 1427 1635 osephum
1447 1581 1642 1624 deducit:
1660 1581 1804 1623 Lucas
1822 1595 1894 1624 au-

1063 1644 1154 1681 tem
1178 1652 1259 1692 per
1282 1638 1471 1680 Nathan.
1511 1638 1573 1680 At
1597 1651 1704 1680 vero
1730 1643 1896 1680 sanctae

1064 1696 1257 1747 Virginis
1303 1700 1450 1737 ortum
1491 1697 1677 1748 uterque
1721 1694 1895 1737 silentio

1065 1752 1289 1806 praeteriit.
1344 1752 1561 1802 Quocirca
1597 1752 1709 1794 scire
1745 1753 1896 1805 eperae

1067 1810 1258 1863 pretium
1289 1814 1372 1858 est,
1403 1821 1485 1850 nec
1517 1808 1637 1862 apud
1669 1807 1897 1858 Hebraeos,

1067 1878 1148 1908 nec
1173 1865 1292 1918 apud
1316 1865 1588 1918 Scripturam
1616 1878 1787 1907 sacram
1811 1865 1898 1907 hoc

1067 1923 1111 1964 in
1136 1934 1260 1964 more
1285 1922 1482 1975 positum
1505 1922 1655 1972 fuisse,
1682 1926 1731 1964 ut
1749 1921 1898 1965 mulie-

1068 1992 1165 2020 rum
1195 1991 1333 2029 genus
1365 1980 1678 2021 recenseretur.
1730 1978 1899 2020 Verum

1068 2035 1153 2077 hoc
1181 2034 1358 2076 demum
1381 2034 1479 2086 lege
1504 2040 1681 2077 cautum
1708 2039 1819 2085 erat,
1843 2047 1900 2076 ne

1068 2091 1210 2134 tribus
1235 2091 1324 2132 ulla
1347 2093 1509 2133 uxeres
1537 2104 1592 2133 ex
1617 2091 1757 2134 altera
1782 2090 1900 2133 tribu

1069 2150 1326 2190 accerseret.
1379 2149 1448 2190 Ac
1490 2148 1677 2201 proinde
1723 2148 1748 2189 J
1750 2146 1901 2200 oseph‚

1071 2205 1146 2257 qui
1174 2217 1228 2246 ex
1255 2204 1372 2246 tribu
1398 2204 1614 2246 Davidica
1641 2210 1787 2246 ortum
1814 2208 1899 2246 tra-

1070 2261 1218 2311 hebat,
1247 2261 1545 2313 justitiamque
1573 2261 1747 2303 colebat
1775 2260 1901 2312 (hanc

1071 2317 1186 2359 enim
1226 2316 1402 2359 laudem
1442 2317 1483 2359 ei
1517 2317 1671 2360 tribuit
1707 2317 1902 2359 divinum

1071 2373 1388 2425 Evangelium),
1434 2379 1631 2416 sanctam
1674 2374 1902 2425 Virginem

1071 2430 1417 2483 haudquaquam
1447 2436 1612 2484 praeter
1647 2431 1759 2483 legis
1791 2443 1903 2483 prae-

1073 2489 1285 2540 scriptum
1306 2486 1633 2540 despondisset,
1656 2487 1739 2528 nisi
1759 2499 1813 2528 ex
1833 2488 1903 2527 εό-

1074 2543 1175 2585 dem
1207 2549 1386 2596 sceptro
1416 2557 1553 2595 genus
1582 2543 1792 2585 duxisset.
1833 2541 1903 2584 Ob

1074 2600 1206 2652 idque
1231 2601 1338 2642 satis
1357 2600 1511 2643 habuit
1530 2599 1812 2651 Evangelista
1832 2597 1903 2640 de-

1074 2659 1365 2706 monstrasse,
1400 2656 1517 2699 unde
1554 2655 1722 2708 Joseph
1759 2660 1904 2697 ortum

1074 2713 1267 2754 traxerit.
