2040 2976
194 204 247 239 80

786 195 895 229 Fcria
921 193 1051 236 quinta
1077 191 1124 225 ad
1146 189 1308 224 Laudes,

195 242 1886 271 ff

247 300 426 339 Incensa
446 294 543 345 igni,
564 298 607 334 et
627 290 812 333 suff6ssa
831 291 854 316 *
874 288 929 329 ab
951 287 1010 327 in-

197 354 446 407 crepatione
471 350 617 391 vultus
645 348 709 389 tui
736 345 951 399 peribunt.

248 411 343 451 Fiat
386 420 538 448 manus
583 411 658 446 tua
702 415 831 455 super
872 401 1011 441 virum

198 467 389 509 dexterae
425 469 531 505 tuae:
571 463 594 488 *
631 466 674 502 et
709 471 838 511 super
876 457 1012 497 filium

198 521 394 569 heminis,
423 532 553 571 quem
580 515 843 558 confirmasti
871 513 961 555 tibi.

249 579 304 619 Et
331 589 419 618 non
448 574 712 617 discedimus
744 585 767 612 a
796 576 850 619 te,
879 568 1013 611 vivifi-

199 634 319 676 cabis
353 645 451 674 nos:
479 634 502 658 *
531 636 573 672 et
608 641 767 670 nomen
799 632 921 668 tuum
954 625 1013 665 in-

200 689 465 732 vocabimus.

249 746 436 787 Demine
448 745 567 785 Deus
579 743 799 789 virtutum,
809 739 1015 780 converte

199 815 295 844 nos:
313 804 336 829 *
357 807 400 843 et
428 799 610 841 ostende
638 798 790 839 faciem
817 801 947 843 tuam,
972 798 1015 834 et

203 859 309 900 salvi
336 858 506 899 erimus.

257 916 355 955 Ant.
380 913 599 965 Propitius
619 915 712 952 esto
731 908 924 962 peccatis
942 919 1016 947 no-

205 973 306 1015 stris
334 970 530 1012 Demine.
698 993 702 997 ·

262 1029 340 1068 Per
359 1030 541 1068 Annum.
560 1019 608 1071 Y.
625 1022 888 1064 Gaudebunt
903 1020 1017 1061 labia

203 1098 316 1134 mea,
353 1097 450 1125 cum
487 1083 718 1123 cantavero
754 1078 845 1119 tibi.
886 1080 935 1130 R.
962 1077 1018 1117 Et

206 1142 347 1183 anima
374 1152 470 1180 mea
500 1150 629 1190 quam
657 1134 889 1176 redemisti.

262 1197 345 1237 Pro
374 1209 459 1236 uno
481 1195 602 1235 Mart.
631 1188 680 1239 V.
702 1191 853 1233 Gleria
883 1195 926 1232 et
944 1189 1019 1230 ho-

205 1256 311 1295 nere
327 1251 546 1294 coronasti
566 1262 664 1291 eum
680 1247 876 1289 Domine.
901 1248 950 1299 R.
965 1247 1020 1287 Et

207 1308 471 1351 constituisti
500 1320 597 1348 eum
622 1317 752 1357 super
773 1305 907 1356 opera
934 1304 1020 1343 ma-

206 1379 338 1407 nuum
366 1367 547 1406 tuarum.

265 1426 345 1464 Pro
371 1424 478 1475 plur.
500 1423 621 1462 Mart.
650 1416 699 1467 V.
722 1416 949 1458 Laetamini
978 1415 1022 1455 in

205 1477 406 1525 Demino‚
434 1481 477 1517 et
505 1475 719 1517 exsultate
747 1474 857 1526 justi.
892 1475 943 1526 R.
967 1473 1023 1513 Et

208 1533 453 1585 gloriamini
479 1544 630 1573 omnes
658 1530 767 1572 recti
795 1529 939 1571 corde.

268 1592 349 1631 Pro
385 1589 505 1630 Conf.
540 1588 663 1628 Pont.
701 1592 742 1627 et
781 1598 866 1625 non
907 1585 1029 1625 Pont.

216 1643 451 1694 Y.Amavit
471 1657 569 1685 eum
590 1643 815 1691 Dominus,
837 1647 880 1683 et
900 1643 1024 1683 orna-

211 1702 273 1743 vit
303 1715 411 1743 eum.
446 1702 495 1742 R.
516 1699 680 1741 Stolam
707 1699 857 1750 gloriae
885 1698 1025 1739 induit

214 1771 322 1800 eum.

272 1817 352 1855 Pro
382 1827 464 1854 una
499 1815 666 1854 Sancta.
701 1806 749 1858 V.
773 1811 926 1864 Specie
952 1816 1027 1852 tua

215 1875 258 1912 et
284 1869 606 1923 pulchritudine
637 1874 722 1910 tua.
758 1871 808 1911 R.
834 1867 1028 1916 Intende,

215 1929 425 1979 prospere
450 1925 654 1979 procede,
680 1930 722 1966 et
749 1937 892 1976 regna.

429 2011 812 2039 *ww——

468 2092 545 2133 Ad
569 2091 775 2132 Laudes.

272 2164 368 2203 Ant.
392 2162 491 2204 Tibi
507 2162 588 2203 soli
607 2162 797 2215 peccavi,
808 2163 831 2189 *
845 2162 1032 2203 Domine

219 2219 424 2260 miserere
452 2219 548 2260 mei.

277 2286 340 2324 Ps.
369 2285 575 2326 Miserere
598 2284 694 2325 mei.
722 2285 788 2324 48.

276 2349 372 2388 Ant.
402 2348 597 2390 Demine.

490 2424 682 2463 Psalmus
711 2425 774 2463 89.

301 2487 514 2540 semine,
555 2486 767 2537 refugium
807 2485 946 2527 factus
990 2499 1036 2527 es

329 2574 343 2607 f
368 2542 511 2583 nobis:
547 2544 570 2568 *
610 2555 635 2583 a
675 2542 953 2592 generatiene
994 2543 1037 2582 in

367 2598 703 2649 generationem.

273 2656 532 2706 Priusquam
560 2659 731 2695 montes
760 2654 930 2703 fierent,
964 2659 1038 2695 aut

222 2712 480 2753 formaretur
523 2716 640 2752 terra
686 2715 728 2752 et
771 2710 905 2752 orbis:
946 2712 969 2737 *
1015 2723 1040 2752 a

1063 282 1224 326 saeculo
1263 286 1306 323 et
1341 291 1480 331 usque
1515 278 1558 318 in
1592 275 1802 317 saeculum
1838 279 1886 316 tu

1064 354 1110 382 es
1138 340 1268 380 Deus.

1114 396 1181 437 Ne
1207 395 1380 435 avertas
1403 390 1626 432 hominem
1651 389 1695 429 in
1718 387 1885 428 humili-

1064 456 1215 494 tatem:
1243 452 1266 478 *
1295 454 1339 491 et
1376 447 1541 489 dixisti:
1574 443 1887 487 Convertimini

1065 509 1141 550 filii
1167 507 1403 548 heminum.

1118 568 1332 620 Quoniam
1358 565 1476 606 mille
1497 563 1599 605 anni
1616 566 1717 603 ante
1736 561 1887 603 eculos

1065 632 1182 675 tuos,
1219 626 1242 651 *
1281 629 1505 674 tamquam
1542 619 1637 662 dies
1673 618 1888 668 hesterna,

1067 695 1165 735 quae
1193 679 1417 734 praeteriit,

1118 744 1174 784 Et
1194 740 1395 783 custodia
1418 739 1462 779 in
1480 742 1621 787 nocte,
1641 738 1665 764 *
1685 748 1783 788 quae
1806 747 1889 788 pro

1067 799 1202 840 nihilo
1222 797 1449 846 habentur,
1465 797 1617 836 eorum
1637 793 1737 834 anni
1754 795 1890 834 erunt.

1120 861 1247 901 Mane
1264 859 1377 900 sicut
1391 856 1528 898 herba
1541 857 1748 904 transeat,
1762 865 1891 894 mane

1070 918 1235 966 flereat,
1264 920 1307 957 et
1334 916 1544 955 transeat:
1563 913 1587 939 *
1606 912 1792 963 vespere
1819 908 1891 951 de-

1070 974 1198 1023 cidat,
1226 971 1401 1013 induret
1430 974 1473 1011 et
1501 970 1681 1010 arescat.

1122 1034 1233 1084 Quia
1262 1031 1499 1074 defecimus
1526 1030 1571 1070 in
1598 1029 1663 1069 ira
1687 1033 1773 1078 tua,
1801 1028 1825 1055 *
1850 1031 1894 1068 et

1071 1092 1114 1132 in
1142 1091 1288 1132 furore
1315 1094 1392 1130 tuo
1421 1086 1588 1129 turbati
1616 1097 1777 1126 sumus.

1123 1151 1316 1193 Posuisti
1351 1148 1606 1201 iniquitates
1641 1150 1816 1187 nostras
1850 1144 1895 1185 in

1073 1210 1313 1261 conspectu
1330 1211 1425 1248 tuo:
1438 1207 1462 1232 *
1473 1203 1682 1246 saeculum
1697 1206 1898 1243 nostrum

1073 1266 1117 1306 in
1145 1263 1462 1306 illuminatiOne
1490 1260 1638 1302 vultus
1666 1259 1741 1300 tui.

1126 1325 1343 1376 Queniam
1365 1335 1517 1365 omnes
1544 1320 1639 1362 dies
1663 1318 1805 1361 nostri
1827 1317 1899 1359 de-

1074 1383 1285 1424 fecerunt:
1302 1382 1326 1408 *
1344 1385 1387 1423 et
1407 1380 1451 1421 in
1470 1380 1535 1421 ira
1554 1383 1630 1419 tua
1648 1375 1899 1418 defecimus.

1127 1443 1243 1484 Anni
1271 1441 1412 1484 nostri
1440 1442 1554 1483 sicut
1579 1441 1739 1481 aranea
1765 1434 1900 1477 medi-

1075 1500 1301 1542 tabuntur:
1320 1500 1343 1526 *
1365 1498 1459 1540 dies
1489 1498 1702 1539 annorum
1729 1493 1900 1534 nostro-

1076 1570 1173 1598 rum
1204 1556 1249 1596 in
1276 1555 1396 1608 ipsis,
1425 1554 1704 1607 septuaginta
1734 1549 1846 1591 anni.

1129 1617 1174 1659 Si
1202 1622 1348 1658 autem
1375 1616 1419 1656 in
1440 1611 1757 1668 potentatibus,
1783 1614 1903 1651 octo-

1078 1677 1198 1727 ginta
1233 1673 1348 1715 anni:
1381 1674 1404 1699 *
1434 1678 1477 1714 et
1514 1669 1703 1723 amplius
1742 1668 1905 1716 cerum,

1079 1731 1205 1773 labor
1234 1735 1278 1772 et
1306 1729 1445 1771 dolor.

1133 1792 1350 1843 Quoniam
1375 1788 1629 1843 supervenit
1657 1786 1904 1828 mansuetu-

1082 1850 1160 1892 do:
1187 1851 1211 1876 *
1240 1853 1283 1890 et
1311 1847 1607 1900 corripiemur.

1133 1910 1241 1961 Quis
1256 1909 1380 1951 novit
1394 1909 1664 1962 potestatem
1677 1904 1755 1945 irae
1765 1907 1872 1944 tuae:
1883 1902 1907 1929 *

1083 1972 1126 2010 et
1154 1979 1247 2019 prae
1274 1966 1434 2007 timere
1462 1969 1539 2006 tuo
1569 1963 1679 2004 iram
1699 1965 1821 2002 tuam
1845 1957 1907 2000 di-

1082 2021 1338 2065 numerare?

1135 2088 1375 2128 Dexteram
1393 2090 1514 2127 tuam
1535 2082 1598 2124 sic
1615 2085 1768 2122 notam
1786 2078 1868 2120 fac:
1885 2077 1908 2103 *

1085 2149 1128 2186 et
1157 2142 1354 2185 eruditos
1383 2140 1517 2183 corde
1546 2139 1590 2180 in
1619 2135 1844 2190 sapientia.

1136 2204 1405 2246 Convertere
1431 2200 1621 2243 Demine
1652 2193 1907 2250 usquequo?

1085 2263 1108 2289 *
1138 2266 1180 2303 et
1209 2258 1501 2313 deprecabilis
1538 2262 1632 2299 esto
1662 2267 1795 2307 super
1823 2265 1909 2294 ser-

1087 2331 1165 2359 vos
1194 2322 1307 2359 tuos.

1137 2373 1314 2426 Repleti
1343 2384 1492 2414 sumus
1519 2383 1647 2411 mane
1666 2366 1910 2409 misericer-

1088 2430 1159 2472 dia
1187 2436 1276 2471 tua:
1300 2431 1323 2456 *
1342 2434 1385 2470 et
1414 2427 1738 2474 exsultavimus,
1767 2427 1811 2465 et
1839 2421 1910 2479 de-

1088 2486 1237 2528 lectati
1262 2499 1411 2527 sumus
1433 2484 1635 2525 omnibus
1663 2480 1818 2524 diebus
1837 2491 1910 2520 no-

1091 2543 1202 2584 stris.

1141 2599 1299 2640 Laetati
1311 2611 1460 2639 sumus
1475 2609 1557 2650 pro
1570 2594 1735 2644 diebus,
1752 2592 1911 2645 quibus

1091 2667 1170 2695 nos
1189 2654 1442 2696 humiliasti:
1461 2656 1485 2681 ¹⁹¹
1505 2652 1640 2701 annis,
1667 2650 1826 2703 quibus
1851 2650 1910 2690 vi-

1093 2710 1234 2753 dimus
1261 2711 1386 2752 mala.
