2040 2976
662 229 872 263 Commune
899 230 1146 264 Cont'cssoris
1171 230 1379 263 Pontifici<⁴

170 322 424 367 mundavit?
461 324 735 374 Quantorum
754 323 921 364 animas
940 322 999 364 vi-

172 383 327 423 ventes
354 381 400 421 in
428 381 616 432 corpore
647 380 733 431 iam
760 379 1000 430 defunctas,

172 443 216 480 et
254 437 516 479 delictorum
558 435 676 477 mole
723 435 905 477 obrutas
949 447 1001 476 ae

171 493 386 546 sepultas,
428 492 485 534 ad
514 491 865 534 emendationem
893 497 999 533 tam-

173 563 305 602 quam
351 549 409 591 ad
448 549 592 590 lucem
634 548 858 598 vocando,
900 548 999 589 Deo

171 606 468 648 resuscitavit:
495 609 544 646 ut
567 605 747 646 Domini
771 605 839 645 sui
866 604 1000 646 admi-

172 662 337 704 randus
352 662 559 711 imitator,
577 662 663 713 iam
676 663 874 702 mortuas
890 661 999 710 Deo,

173 731 196 760 e
217 718 439 761 contrario
459 717 696 759 mortificet
714 716 838 758 vitali
856 722 1000 758 morte

170 773 383 827 peccato?

220 835 270 885 R.
302 832 392 872 Iste
419 836 486 873 est
512 830 596 883 qui.
621 829 705 882 [54]

391 906 440 945 In
458 906 529 946 III.
549 907 583 946 N
586 909 771 948 octurno.

168 971 320 1014 Lectio
344 970 484 1012 sancti
507 969 734 1020 Evangelii
757 970 1000 1012 secundum

445 1026 715 1069 Matthaeum.

271 1087 423 1129 Lectio
444 1088 511 1128 vii.
653 1090 754 1140 Cap.
772 1091 838 1128 24.
854 1089 892 1129 d.

170 1143 248 1250 In
261 1148 338 1190 illo
352 1150 568 1201 tempore:
589 1147 713 1189 Dixit
727 1147 752 1188 J
754 1160 856 1189 esus
873 1147 999 1190 disci-

233 1204 351 1257 pulis
366 1203 686 1256 suiszVigilate,
703 1204 806 1256 quia
820 1205 1000 1246 nescitis

173 1274 259 1313 qua
273 1261 383 1303 hora
395 1261 612 1302 Dominus
627 1265 775 1302 vester
789 1264 1000 1302 venturus

171 1317 239 1359 sit.
267 1318 325 1359 Et
343 1317 523 1369 reliqua.

196 1385 391 1429 Homilia
408 1387 549 1428 sancti
567 1386 726 1428 Hilarii
744 1387 967 1440 Episcopi.

222 1454 394 1489 Comcnt.
412 1455 449 1488 in
467 1454 597 1489 Matth.
617 1464 697 1489 can.
717 1456 780 1492 211,
807 1455 844 1488 111
862 1456 945 1489 fine.

140 1522 154 1532 ·
184 1551 188 1563 ι
220 1513 270 1559 ³⁵5¹,
303 1514 322 1551 t
355 1508 650 1561 ignorantiam
681 1508 801 1549 illam
836 1508 924 1550 diei
956 1511 999 1550 ό-

181 1564 198 1628 ’ἶλ
328 1565 502 1607 mnibus
519 1565 654 1615 taciti,
681 1577 770 1606 non
798 1565 892 1607 sine
918 1566 1000 1608 1111-

180 1644 196 1645 ff
242 1642 254 1645 ⁴
275 1620 292 1638 ³*
328 1622 382 1663 115
411 1621 575 1663 silentii
601 1621 773 1663 ratione
795 1634 892 1663 esse
920 1622 1000 1664 sci-

168 1679 326 1729 remus,
351 1678 535 1730 vigilare
562 1690 645 1719 nos
662 1677 881 1719 Dominus
899 1691 999 1731 pro-

168 1739 268 1787 pter
287 1734 527 1776 adventum
549 1734 658 1775 furis
686 1734 926 1784 admonuit,
955 1740 1000 1777 et

169 1791 420 1833 orationum
472 1790 733 1832 assiduitate
784 1790 999 1841 detentos,

169 1847 372 1889 omnibus
431 1849 759 1900 praeceptorum
819 1849 999 1889 suorum

169 1903 379 1956 operibus
412 1903 640 1945 inhaerere.
692 1903 854 1945 Furem
883 1905 998 1945 enim

170 1972 268 2001 esse
297 1959 493 2002 ostendit
519 1959 736 2009 zabulum,
770 1959 828 2001 ad
856 1960 998 2002 detra-

169 2014 313 2057 henda
333 2028 387 2058 ex
403 2015 536 2058 nobis
560 2015 703 2068 spolia
729 2016 998 2068 pervigilem,

171 2076 216 2114 et
243 2073 481 2124 corporum
510 2073 765 2113 nostrorum
794 2072 999 2114 domibus

170 2126 466 2169 insidiantem:
501 2132 551 2169 ut
582 2140 635 2169 ea
665 2128 897 2169 incuriosis
924 2141 999 2170 no-

169 2183 250 2234 bis,
277 2188 322 2225 et
340 2196 495 2225 somno
517 2183 689 2234 deditis,
714 2184 1000 2226 consiliorum

170 2242 351 2281 suorum
370 2244 503 2292 atque
521 2240 828 2282 illecebrarum
847 2241 999 2293 jaculis

171 2296 402 2349 perfodiat.
438 2296 624 2338 Paratos
643 2297 776 2348 igitur
797 2310 894 2338 esse
917 2310 999 2338 nos

171 2353 396 2402 convenit,
434 2352 537 2404 quia
569 2352 657 2394 diei
690 2353 909 2404 ignoratio
938 2354 999 2394 in-

170 2410 338 2450 tentam
383 2408 726 2450 sollicitudinem
771 2411 1000 2462 suspensae

173 2464 518 2517 exspectationis
547 2465 750 2516 exagitet.

224 2522 275 2573 R*-
302 2521 482 2563 Amavit
501 2533 601 2562 eum
620 2521 848 2571 Dominus,
869 2525 913 2563 et
933 2534 1000 2563 or*

171 2577 292 2619 navit
327 2590 445 2619 eum:
482 2576 642 2619 stolam
674 2577 828 2627 gloriae
859 2577 1001 2619 induit

173 2646 283 2683 eum,
311 2634 333 2657 *
359 2634 416 2674 Et
443 2633 501 2674 ad
561 2637 681 2674 ortas
709 2633 904 2685 paradisi
930 2646 1000 2675 co-

173 2689 347 2731 ronavit
374 2702 484 2731 eum.
522 2689 571 2735 Y.
602 2688 751 2731 Induit
780 2702 880 2731 eum
906 2690 1000 2731 Dfis

172 2745 354 2787 loricam
379 2745 496 2796 fidei,
524 2750 568 2788 et
591 2745 764 2787 ornavit
789 2758 899 2787 eum.
932 2747 1000 2788 Et.

1158 325 1311 366 Lectio
1333 324 1416 364 viii.
1601 326 1701 364 Um
1717 324 1779 363 27.

1139 379 1311 420 uisnam
1356 382 1424 419 est
1465 376 1610 418 fidelis
1648 389 1802 418 servus
1841 380 1885 417 et

1156 434 1363 488 prudens,
1393 446 1526 486 quem
1546 433 1777 474 constituit
1796 433 1884 474 Do-

1052 491 1195 533 minus
1256 503 1390 543 super
1452 490 1662 531 familiam
1731 487 1885 531 suam?

1054 550 1332 600 Quamquam
1367 547 1412 587 in
1445 549 1679 588 commune
1711 558 1795 587 nos
1830 545 1887 587 ad

1052 604 1318 646 indefessam
1352 603 1593 654 vigilantiae
1631 615 1781 644 curam
1813 602 1886 644 ad-

1053 661 1271 702 hortetur:
1300 659 1539 712 specialem
1559 663 1708 700 tamen
1730 659 1887 711 populi

1054 717 1344 781 principibus,
1378 715 1426 757 id
1451 720 1533 766 est,
1568 716 1808 768 episcopis,
1842 715 1887 755 in

1055 773 1390 826 exspectatione
1456 771 1739 823 adventuque
1805 784 1886 813 suo

1054 830 1400 872 sollicitudinem
1415 827 1609 869 mandat.
1625 829 1756 869 Hunc
1771 828 1887 869 enim

1054 900 1231 928 servum
1252 886 1429 928 fidelem
1454 889 1588 936 atque
1611 884 1887 937 prudentem,

1054 943 1345 996 praepositum
1415 941 1591 983 familiae
1661 941 1887 992 significat,

1054 1000 1289 1042 commoda
1331 1003 1465 1051 atque
1508 998 1722 1039 utilitates
1770 1010 1887 1039 com-

1052 1057 1176 1098 missi
1209 1056 1295 1098 sibi
1326 1055 1484 1109 populi
1518 1056 1757 1096 curantem.
1802 1055 1887 1104 Qui

1054 1113 1092 1154 si
1138 1113 1258 1154 dicto
1305 1112 1510 1162 audiens,
1563 1115 1608 1152 et
1646 1111 1887 1163 praeceptis

1054 1169 1265 1211 obediens
1295 1169 1394 1219 erit,
1428 1167 1475 1210 id
1495 1172 1577 1217 est,
1611 1167 1649 1208 si
1671 1167 1887 1209 doctrinae
1934 1209 1935 1212 ,

1054 1226 1387 1279 opportunitate
1421 1229 1465 1266 et
1495 1224 1681 1266 veritate
1714 1224 1887 1265 infirma

1054 1283 1303 1332 confirmet,
1368 1281 1572 1334 disrupta
1626 1280 1887 1330 consolidet,

1054 1339 1295 1391 depravata
1332 1339 1583 1387 convertat,
1626 1341 1669 1378 et
1702 1337 1887 1379 verbum

1052 1396 1156 1437 vitae
1184 1396 1230 1436 in
1257 1394 1519 1437 aeternitatis
1544 1393 1693 1436 cibum
1716 1393 1886 1435 alendae

1052 1452 1228 1493 familiae
1283 1450 1542 1504 dispendat,
1603 1455 1737 1503 atque
1790 1450 1887 1491 haee

1053 1521 1207 1560 agens,
1252 1508 1411 1560 hisque
1448 1509 1688 1548 immorans
1732 1506 1885 1559 depre-

1052 1564 1280 1614 hendatur,
1309 1564 1495 1616 gloriam
1519 1576 1545 1604 a
1563 1563 1756 1604 Domino
1778 1568 1885 1604 tam-

1054 1634 1185 1674 quam
1214 1621 1495 1674 dispensator
1523 1619 1680 1669 fidelis,
1709 1624 1753 1661 et
1778 1620 1886 1661 villi-

1053 1690 1130 1718 cus
1163 1677 1284 1718 utilis
1319 1678 1635 1728 consequetur,
1680 1680 1724 1718 et
1753 1689 1887 1729 super
1934 1723 1935 1726 Ἰ

1052 1734 1200 1774 omnia
1234 1733 1352 1775 bona
1388 1733 1698 1783 constituetur;
1734 1732 1780 1774 id
1809 1738 1885 1782 est,

1051 1789 1097 1830 in
1130 1790 1215 1832 Dei
1249 1789 1391 1842 gloria
1427 1788 1738 1839 collocabitur,
1783 1790 1886 1841 quia

1051 1846 1160 1887 nihil
1188 1847 1244 1888 sit
1271 1846 1403 1896 ultra,
1437 1844 1558 1897 quod
1581 1845 1737 1886 melius
1765 1845 1833 1886 sit.

1106 1906 1156 1955 R.
1190 1903 1287 1944 Sint
1314 1902 1453 1944 lumbi
1479 1902 1618 1944 vestri
1645 1902 1885 1954 praecincti,

1053 1964 1098 2001 et
1132 1959 1323 2001 lucernae
1357 1958 1564 2000 ardentes
1600 1958 1645 1998 in
1682 1958 1885 1999 manibus

1051 2015 1229 2057 vestris:
1245 2019 1267 2042 *
1281 2015 1340 2057 Et
1352 2027 1433 2057 vos
1454 2014 1619 2056 similes
1634 2013 1885 2056 hominibus

1052 2071 1416 2124 exspectantibus
1466 2070 1694 2112 dominum
1746 2084 1884 2121 suum,

1053 2127 1230 2180 quando
1246 2130 1498 2170 revertatur
1512 2140 1538 2168 a
1552 2127 1731 2180 nuptiis.
1749 2126 1798 2178 V,
1809 2128 1883 2169 Vi-

1051 2183 1186 2235 gilate
1206 2197 1323 2235 ergo,
1348 2184 1451 2236 quia
1467 2184 1647 2225 nescitis
1668 2196 1756 2236 qua
1773 2183 1884 2225 hora

1050 2241 1267 2282 Dominus
1295 2245 1443 2282 vester
1470 2243 1682 2282 venturus
1708 2241 1777 2282 sit.
1813 2241 1883 2282 Et.

1055 2295 1207 2338 Gloria
1224 2297 1356 2339 Patri.
1392 2297 1461 2338 Et.

1354 2353 1506 2394 Lectio
1526 2354 1581 2394 ix.
1635 2351 1644 2359 '

1057 2395 1230 2519 Quod
1266 2409 1304 2450 si
1341 2411 1556 2451 contuens
1587 2409 1766 2460 longam
1799 2409 1884 2450 Dei

1155 2466 1423 2518 patientiam,
1452 2478 1552 2518 quae
1572 2466 1617 2507 in
1636 2466 1884 2519 profectum

1051 2522 1255 2564 humanae
1276 2522 1429 2564 salutis
1449 2522 1712 2572 extenditur,
1733 2521 1883 2563 adver-

1052 2591 1150 2620 sum
1178 2580 1417 2621 conservos
1444 2579 1698 2628 insolescet,
1733 2582 1779 2620 et
1805 2579 1883 2618 sae—

1052 2634 1139 2676 culi
1155 2635 1282 2676 malis
1301 2635 1508 2688 vitiisque
1527 2648 1575 2677 se
1593 2634 1751 2684 tradet,
1773 2646 1882 2686 prae-

1052 2691 1242 2733 sentium
1282 2696 1455 2733 tantum
1492 2704 1642 2733 curam
1682 2691 1727 2730 in
1764 2689 1884 2731 cultu

1051 2748 1219 2790 ventris
1260 2749 1486 2791 exercens:
1534 2747 1769 2800 desperata
1811 2745 1883 2788 die

1816 222 1886 267 [61]
1934 235 1936 237 ’
