2040 2976
739 191 940 225 Dominica
965 192 1012 225 ad
1036 192 1273 226 Matutinum.
1837 185 1860 220 5

198 281 454 324 Confitebor
491 281 684 322 Domino
732 281 975 323 secandum

145 339 351 391 justitiam
371 339 475 390 ejus:
494 338 518 363 *
542 342 585 379 et
604 338 790 390 psallam
810 339 975 379 nomini

144 395 322 436 Domini
346 394 555 436 altissimi.

435 459 631 499 Psalmus
659 462 695 497 8.

236 508 380 550 omine
395 508 611 550 Dominus
630 514 792 557 noster,
803 508 826 533 *
843 521 973 560 quam

148 512 232 617 D
253 564 509 606 admirabile
530 570 597 606 est
613 577 773 606 nomen
788 570 910 606 tuum
930 566 973 605 in

143 622 348 663 universa
367 620 499 663 terra!

196 679 412 729 Quoniam
428 678 598 719 elevata
614 683 681 720 est
695 679 972 729 magnificen-

143 735 204 776 tia
222 739 307 784 tua,
326 735 350 760 *
371 748 503 787 super
523 734 672 776 coelos.

194 792 262 832 Ex
291 804 367 833 ore
395 791 626 832 infantium
651 796 694 832 et
718 791 972 833 lactentium

143 848 366 900 perfecisti
380 847 556 889 laudem
574 853 757 900 propter
772 849 971 890 inimicos

142 909 254 954 tuos,
273 905 296 930 *
316 910 364 946 ut
384 904 586 946 destruas
605 905 828 947 inimicum
849 911 892 947 et
911 906 972 947 ul-

143 963 297 1003 torem.

195 1019 412 1068 Quoniam
430 1017 592 1059 videbo
619 1018 758 1059 coelos
782 1024 898 1068 tuOS,
928 1021 971 1060 o—

142 1087 250 1127 pera
278 1074 516 1125 digitorum
543 1076 735 1115 tuorum:
768 1076 791 1101 *
824 1076 971 1117 lunam

142 1136 186 1172 et
204 1131 363 1181 stellas,
385 1145 483 1184 quae
502 1138 550 1174 tu
569 1131 773 1174 fundasti.

194 1187 309 1238 Quid
329 1193 396 1229 est
413 1188 563 1240 homo,
591 1189 709 1242 quod
733 1202 901 1231 memor
924 1202 970 1230 es

142 1242 255 1296 ejus?
275 1245 298 1270 *
318 1250 393 1286 aut
411 1245 525 1287 filius
545 1246 744 1296 hominis,
764 1246 970 1298 quoniam

141 1301 292 1342 visitas
312 1300 438 1342 eum?

193 1357 386 1399 Minuisti
424 1372 523 1400 eum
564 1360 697 1412 paulo
735 1359 877 1399 minus
914 1358 969 1400 ab

141 1413 338 1465 Angelis,
362 1414 502 1466 gloria
527 1421 572 1457 et
594 1415 763 1457 honore
789 1417 969 1457 corona-

142 1469 197 1511 sti
212 1482 327 1511 eum:
342 1471 365 1496 *
385 1476 430 1512 et
444 1472 709 1514 constituisti
724 1485 823 1514 eum
839 1485 970 1524 super

142 1527 278 1578 opera
298 1529 508 1569 manuum
525 1530 710 1570 tuarum.

194 1582 351 1624 Omnia
396 1584 618 1636 subjecisti
664 1584 744 1626 sub
782 1584 969 1637 pedibus

141 1639 242 1691 ejus,
261 1640 284 1665 *
304 1652 410 1681 oves
430 1646 474 1682 et
492 1641 631 1683 boves
650 1642 890 1683 universas:
910 1644 969 1682 in-

141 1709 274 1748 super
293 1701 337 1738 et
355 1698 520 1749 pecora
539 1698 693 1751 campi.

194 1752 412 1795 Volucres
431 1754 543 1804 coeli,
563 1759 607 1796 et
624 1755 769 1807 pisces
788 1756 931 1805 maris,
946 1756 969 1781 *

144 1809 218 1861 qui
236 1809 544 1861 perambulant
564 1812 741 1852 semitas
761 1812 904 1853 maris.

195 1866 384 1908 Domine
395 1867 612 1908 Dominus
627 1873 788 1918 noster,
798 1869 822 1894 *
839 1882 970 1921 quam

142 1921 399 1964 admirabile
419 1929 486 1965 est
504 1937 664 1966 nomen
679 1930 802 1966 tuum
821 1926 864 1966 in
880 1926 970 1966 uni-

142 1980 271 2020 versa
289 1979 421 2021 terra!

428 2036 626 2076 Psalmus
656 2040 693 2077 9.

223 2087 440 2130 onfitebor
466 2089 547 2131 tibi
572 2090 762 2132 Domine
793 2091 836 2131 in
873 2095 968 2132 toto

237 2144 373 2186 corde
404 2158 523 2187 meo:
554 2146 578 2172 *
606 2146 794 2188 narrabo
824 2148 970 2189 omnia

142 2199 354 2242 mirabilia
374 2206 460 2243 tua.

193 2256 401 2299 Laetabor
437 2263 481 2300 et
517 2259 747 2301 exsultabo
780 2260 823 2300 in
855 2265 914 2302 te:
945 2262 968 2287 *

142 2313 327 2365 psallam
345 2315 510 2356 nomini
528 2320 605 2357 tuo
624 2316 859 2358 Altissime.

194 2370 244 2410 In
265 2371 563 2413 convertendo
583 2372 804 2414 inimicum
822 2386 968 2416 meum

142 2428 398 2467 retrorsum:
417 2427 440 2453 *
458 2428 794 2470 infirmabuntur
813 2434 857 2471 et
872 2443 968 2482 per-

142 2481 268 2523 ibunt
286 2495 311 2523 a
331 2482 441 2524 facie
459 2489 545 2525 tua.

191 2539 408 2588 Quoniam
431 2540 573 2582 fecisti
595 2541 802 2592 judicium
821 2556 967 2584 meum

144 2599 187 2635 et
214 2607 391 2636 causam
418 2609 581 2637 meam:
607 2598 631 2623 ¹*
659 2597 811 2639 sedisti
835 2612 967 2652 super

142 2650 348 2692 thronum
370 2653 442 2705 qui
461 2652 627 2704 judicas
646 2654 863 2705 justitiam.

195 2707 438 2760 Increpasti
459 2709 634 2759 Gentes,
664 2715 707 2752 et
734 2712 864 2763 periit
891 2714 966 2753 im-

1026 283 1144 334 pius:
1182 283 1206 308 *
1243 295 1402 324 nomen
1436 285 1588 325 eorum
1622 283 1777 325 delesti
1813 285 1856 324 in

1027 340 1252 388 aeternum,
1275 344 1323 380 et
1337 340 1380 379 in
1401 340 1611 381 saeculum
1631 340 1790 381 saeculi.

1078 396 1249 436 Inimici
1268 395 1522 437 defecerunt
1542 397 1718 438 frameae
1743 397 1785 437 in
1809 398 1855 438 fi-

1026 465 1141 493 nem:
1166 453 1189 477 *
1214 457 1258 493 et
1282 453 1482 494 civitates
1509 455 1661 495 eorum
1687 453 1854 495 destru-

1026 509 1138 550 xisti.

1076 565 1211 606 Periit
1238 567 1450 606 memoria
1479 568 1631 607 eorum
1659 580 1758 608 cum
1788 569 1854 608 so-

1025 622 1136 663 nitu:
1173 622 1196 647 *
1234 627 1278 663 et
1308 623 1525 663 Dominus
1561 624 1605 663 in
1642 625 1854 665 aeternum

1024 680 1264 731 permanet.

1016 763 1019 765 Δ
1076 736 1254 777 Paravit
1269 735 1483 786 injudicio
1495 735 1702 776 thronum
1714 750 1854 778 suum:

1024 793 1047 818 *
1073 797 1116 833 et
1140 793 1234 844 ipse
1258 792 1468 844 judicabit
1488 792 1642 834 orbem
1662 798 1791 834 terrae
1810 794 1852 834 in

1025 849 1252 901 aequitate,
1280 848 1490 901 judicabit
1513 849 1703 902 populos
1728 850 1771 890 in
1796 851 1853 901 ju-

1025 906 1153 947 stitia.

1076 963 1132 1004 Et
1156 963 1295 1003 factus
1317 968 1383 1003 est
1403 963 1618 1003 Dominus
1638 963 1853 1013 refugium

1023 1019 1222 1071 pauperi:
1247 1020 1270 1044 *
1296 1019 1470 1070 adjutor
1488 1020 1532 1060 in
1552 1020 1851 1072 opportunita-

1023 1075 1151 1125 tibus,
1171 1076 1214 1116 in
1234 1075 1526 1118 tribulatione.

1075 1133 1131 1174 Et
1164 1137 1342 1185 sperent
1374 1133 1418 1173 in
1445 1138 1488 1174 te
1531 1134 1604 1186 qui
1636 1135 1853 1175 noverunt

1023 1201 1184 1230 nomen
1212 1194 1354 1230 tuum:
1382 1190 1404 1214 *
1435 1190 1641 1242 quoniam
1667 1203 1755 1231 non
1783 1189 1853 1231 de-

1025 1245 1239 1297 reliquisti
1260 1248 1506 1298 quaerentes
1525 1252 1569 1288 te
1589 1247 1788 1288 Domine.

1074 1302 1253 1343 Psallite
1277 1303 1485 1352 Domino,
1516 1304 1590 1355 qui
1615 1303 1786 1345 habitat
1809 1304 1853 1344 in

1023 1358 1140 1399 Sion:
1156 1359 1179 1384 *
1195 1359 1449 1401 annuntiate
1464 1360 1576 1401 inter
1589 1360 1753 1402 Gentes
1766 1363 1852 1401 stu-

1025 1413 1096 1455 dia
1116 1415 1221 1466 ejus:

1076 1472 1294 1521 Quoniam
1331 1475 1557 1524 requirens
1596 1473 1852 1523 sanguinem

1024 1529 1176 1569 eorum
1209 1528 1468 1570 recordatus
1497 1535 1577 1570 est:
1609 1530 1631 1555 *
1665 1543 1753 1570 non
1786 1536 1852 1572 est

1023 1583 1185 1625 oblitus
1206 1584 1445 1627 clamorem
1463 1589 1717 1638 pauperum.

1074 1641 1284 1682 Miserere
1298 1642 1384 1683 mei
1398 1643 1602 1684 Domine:
1618 1643 1641 1667 *
1661 1642 1762 1684 vide
1777 1643 1851 1684 hu-

1022 1697 1252 1739 militatem
1272 1711 1415 1740 meam
1437 1699 1491 1740 de
1510 1700 1695 1741 inimicis
1715 1701 1833 1741 meis.

1076 1754 1159 1804 Qui
1180 1755 1347 1806 exaltas
1366 1768 1436 1796 me
1457 1755 1511 1797 de
1530 1757 1670 1808 portis
1686 1758 1850 1805 mortis,

1022 1810 1045 1836 *
1065 1815 1113 1852 ut
1132 1812 1386 1853 annuntiem
1407 1825 1559 1854 omnes
1575 1813 1849 1855 laudationes

1022 1871 1120 1908 tuas
1139 1867 1183 1908 in
1202 1869 1342 1920 portis
1362 1869 1463 1910 filiae
1483 1869 1598 1910 Sion.

1074 1924 1318 1966 Exsultabo
1346 1925 1389 1966 in
1419 1925 1599 1967 salutari
1619 1931 1710 1967 tuo:
1738 1928 1761 1952 *
1790 1927 1849 1967 in-

1022 1980 1122 2021 fixae
1142 1986 1243 2023 sunt
1263 1982 1429 2024 Gentes
1447 1982 1490 2022 in
1510 1983 1698 2032 interitu,
1721 1996 1847 2035 quem

1022 2036 1229 2079 fecerunt.

1073 2094 1124 2133 In
1145 2093 1303 2146 laqueo
1322 2095 1424 2144 isto,
1454 2109 1584 2148 quem
1609 2095 1848 2137 absconde-

1021 2155 1138 2200 runt,
1166 2151 1189 2176 *
1218 2152 1561 2204 comprehensus
1585 2157 1653 2194 est
1676 2165 1754 2205 pes
1779 2154 1848 2193 eo-

1022 2219 1129 2247 rum.

1074 2263 1376 2314 Cognoscetur
1386 2265 1602 2306 Dominus
1617 2265 1774 2317 judicia
1790 2265 1847 2306 fa·

1022 2319 1155 2361 ciens:
1179 2321 1202 2346 *
1226 2321 1270 2361 in
1290 2321 1496 2373 operibus
1520 2323 1728 2363 manuum
1752 2323 1846 2362 sua-

1020 2389 1116 2416 rum
1137 2377 1480 2429 comprehensus
1500 2383 1566 2419 est
1584 2380 1804 2430 peccator.

1073 2432 1394 2475 Convertantur
1426 2436 1685 2486 peccatores
1715 2434 1758 2474 in
1786 2434 1845 2474 in-

1020 2488 1201 2538 fernum,
1220 2490 1244 2515 *
1264 2502 1416 2531 omnes
1437 2491 1601 2532 Gentes
1623 2503 1721 2543 quae
1741 2490 1844 2531 obli-

1019 2545 1244 2587 viscuntur
1264 2547 1418 2588 Deum.

1072 2602 1289 2651 Quoniam
1321 2616 1409 2644 non
1441 2603 1484 2644 in
1516 2604 1648 2645 finem
1681 2603 1842 2644 oblivio

1021 2658 1102 2699 erit
1133 2659 1358 2711 pauperis:
1390 2660 1413 2685 *
1445 2660 1654 2712 patientia
1682 2662 1842 2711 paupe-

1019 2726 1115 2754 rum
1134 2727 1221 2755 non
1241 2715 1402 2767 peribit
1420 2716 1463 2756 in
1483 2716 1626 2758 finem.
