2040 2976
647 183 852 218 Dominiea
875 182 962 216 XII.
988 185 1078 225 post
1102 181 1368 216 Pentecosten.

156 279 246 330 ejus
278 277 499 319 vinculum
537 276 737 318 solvitur:
781 280 830 318 ut
866 276 985 317 bona

156 347 255 386 quae
286 334 383 386 ipse
415 333 584 382 fecerit,
622 332 754 374 etiam
785 331 985 373 facienda

155 390 250 431 aliis
278 389 496 441 loquatur.
537 388 624 431 Ubi
650 388 763 430 bene
793 387 985 429 additur:

155 446 211 487 Et
229 444 495 498 loquebatur
514 449 645 487 recte.
677 444 758 486 Ille
783 444 898 486 enim
921 456 984 484 re-

155 507 224 543 cte
248 501 460 553 loquitur,
489 501 564 553 qui
586 501 708 553 prius
733 498 983 541 obediendo
1044 515 1046 541 :
1066 506 1157 524 λ

154 558 324 607 fecerit,
371 570 470 609 quae
513 556 737 609 loquendo
775 555 984 598 admonet
1043 552 1157 600 Lisia

155 626 252 655 esse
271 613 481 655 facienda.

207 677 270 718 Te
289 674 433 716 Deum
450 673 692 715 laudamus.
710 672 769 713 13.

205 740 278 783 Ad
296 740 460 783 Bened.
491 740 592 782 Ant.
626 740 736 781 Cum
754 737 984 777 transisset

153 795 367 836 Dominus
385 794 409 820 ²⁰¹
429 794 538 835 fines
556 793 679 846 Tyri,
702 791 861 833 surdos
880 792 983 832 fecit

154 850 315 900 audire,
338 854 381 891 et
398 854 545 891 mutos
564 849 696 900 loqui.

203 911 255 961 V.
290 910 506 951 Dominus
533 909 748 960 regnavit,
776 907 982 950 decorem

151 966 303 1008 induit.
362 969 413 1022 R.
444 965 593 1007 Induit
619 965 835 1006 Dominus
863 963 982 1005 forti-

151 1021 361 1073 tudinem,
385 1027 429 1064 et
447 1022 680 1075 praecinxit
698 1034 745 1062 se
764 1021 938 1062 virtute.

203 1088 276 1130 Ad
307 1088 409 1140 Mag
411 1088 482 1130 nif.
529 1089 629 1129 Ant.
682 1087 804 1128 Bene
838 1085 983 1126 omnia

151 1142 269 1193 fecit,
297 1144 322 1170 *
349 1147 393 1184 et
421 1141 580 1184 surdos
607 1141 711 1183 fecit
739 1140 907 1191 audire,
940 1146 984 1182 et

151 1203 298 1240 mutos
316 1198 451 1251 loqui.

202 1257 254 1310 V.
269 1258 496 1308 Dirigatur
511 1258 699 1299 Domine
715 1258 858 1299 oratio
873 1270 982 1298 mea.

151 1320 202 1372 Rz.
240 1315 362 1357 Sicut
399 1315 628 1356 incensum
660 1314 703 1354 in
741 1316 983 1366 conspectu

151 1375 241 1411 tuo.

409 1443 722 1472 ψ

358 1524 774 1574 DominicaXII.

257 1602 399 1651 post
439 1599 872 1640 Pentecosten.

490 1671 653 1714 Oratio.

237 1732 485 1782 mnipotens
510 1733 554 1771 et
576 1729 826 1770 misericors
849 1729 981 1778 Deus,

251 1785 307 1827 de
327 1786 448 1837 cujus
470 1788 651 1827 munere
669 1786 806 1835 venit,
831 1790 879 1826 ut
901 1785 982 1827 tibi

153 1855 178 1883 a
205 1842 408 1884 fidelibus
439 1841 526 1883 tuis
553 1841 685 1891 digne
716 1846 760 1883 et
787 1840 980 1883 laudabi-

152 1898 251 1940 liter
285 1899 514 1940 serviatur:
549 1898 693 1940 tribue
730 1900 981 1950 quaesumus

151 1954 296 2005 nobis3
338 1959 386 1996 ut
426 1955 484 1996 ad
523 1955 841 2008 promissiones
882 1958 982 1995 tuas

153 2010 244 2052 sine
267 2010 508 2053 offensione
528 2012 766 2052 curramus.
794 2010 878 2052 Per
892 2010 981 2050 Do-

152 2067 327 2108 minum.

151 2153 308 2194 Lectio
333 2151 722 2250 sanctiIlZvangehi
740 2150 983 2193 secundum

516 2221 655 2251 ucam.

255 2279 409 2321 Lectio
428 2279 498 2320 vii.
632 2281 735 2332 Cap.
754 2282 819 2320 10.
840 2279 879 2321 d.

200 2360 229 2387 n
278 2346 355 2387 illo
401 2347 621 2398 tempore:
687 2346 810 2387 Dixit
854 2346 982 2387 Jesus

237 2401 464 2454 discipulis
513 2403 618 2443 suis:
681 2402 811 2444 Beati
856 2402 982 2452 oculi,

155 2458 229 2510 qui
247 2457 399 2500 vident
424 2470 523 2510 quae
548 2471 630 2500 vos
652 2458 822 2500 videtis
868 2458 982 2500 Dico

154 2514 269 2556 enim
291 2513 435 2563 vobis,
465 2513 586 2565 quod
605 2514 731 2555 multi
751 2513 982 2566 prophetae

155 2575 199 2612 et
243 2582 370 2620 reges
409 2569 641 2611 voluerunt
685 2570 836 2612 videre
882 2582 981 2621 quae

156 2638 237 2667 vos
264 2625 438 2676 videtis,
473 2630 517 2667 et
549 2638 637 2666 non
664 2625 876 2667 viderunt.
925 2626 982 2667 Et

153 2682 332 2734 reliqua.

1132 296 1322 337 Homilia
1350 297 1611 338 venerabilis
1639 296 1776 338 Bedae

1322 353 1586 405 Presbyteri.

1133 414 1250 448 Liber
1272 414 1302 448 3.
1329 424 1411 457 cap.
1435 414 1487 448 43.
1513 414 1552 447 in
1576 414 1691 449 Lucae
1718 415 1773 449 10.

1101 482 1225 518 ‘eston
1250 473 1365 514 oculi
1391 473 1634 515 scribarum
1659 478 1702 515 et
1725 472 1881 525 pharia

1184 531 1392 579 saeorum,
1421 530 1495 581 qui
1519 543 1679 582 corpus
1698 533 1868 570 tantum

1185 585 1364 626 Domini
1383 585 1548 635 videre;
1574 584 1653 627 sed
1670 585 1733 625 illi
1750 584 1869 626 beati

1038 640 1165 689 oculi,
1189 641 1261 692 qui
1282 642 1372 692 eius
1392 646 1580 694 possunt
1600 643 1869 692 cognoscere

1037 699 1326 746 sacramenta,
1353 697 1409 739 de
1433 697 1591 749 quibus
1611 697 1786 738 dicitur:
1813 696 1869 737 Et

1037 753 1243 794 revelasti
1271 766 1323 794 ea
1350 753 1557 806 parvulis.
1598 753 1725 794 Beati
1755 752 1869 793 oculi

1036 809 1337 860 parvulorum,
1379 809 1537 861 quibus
1572 814 1615 850 et
1644 822 1691 850 se
1720 813 1763 849 et
1790 809 1868 848 Pa-

1037 869 1149 906 trem
1164 865 1301 906 Filius
1321 865 1519 907 revelare
1540 865 1753 915 dignatur.
1781 863 1868 904 Ab·

1036 920 1188 961 raham
1216 922 1453 963 exsultavit
1480 927 1528 963 ut
1554 921 1725 962 videret
1753 920 1869 961 diem

1037 976 1213 1018 Christi:
1253 982 1296 1018 et
1328 977 1454 1027 vidit,
1494 982 1539 1019 et
1574 979 1752 1028 gavisus
1792 981 1869 1017 est.

1034 1033 1172 1073 Isaias
1188 1046 1376 1085 quoque,
1393 1038 1436 1075 et
1451 1033 1670 1082 Michaeas,
1686 1037 1729 1073 et
1743 1031 1869 1072 multi

1035 1088 1108 1129 alii
1156 1088 1390 1141 prophetae
1436 1089 1640 1130 viderunt
1683 1088 1869 1139 gloriam

1033 1144 1227 1184 Domini:
1249 1145 1322 1196 qui
1342 1150 1385 1186 et
1402 1146 1640 1197 propterea
1653 1142 1869 1185 Videntes

1035 1204 1136 1241 sunt
1172 1200 1399 1252 appellati:
1445 1200 1525 1241 sed
1565 1200 1610 1240 hi
1654 1212 1807 1240 omnes
1844 1211 1868 1239 a

1034 1255 1164 1305 longe
1211 1256 1475 1308 aspicientes
1522 1261 1565 1297 et
1611 1255 1868 1302 salutantes,

1033 1324 1114 1363 per
1141 1312 1371 1363 speculum
1399 1317 1443 1353 et
1473 1312 1516 1352 in
1546 1314 1778 1362 aenigmate
1807 1311 1867 1351 vi-

1035 1366 1203 1408 derunt.

1324 1435 1476 1476 Lectio
1500 1435 1581 1475 viii.

1111 1490 1278 1543 postoli
1301 1496 1449 1533 autem
1468 1492 1511 1532 in
1531 1492 1867 1544 praesentiarum

1151 1546 1365 1589 habentes
1410 1549 1664 1597 Dominum,
1711 1561 1866 1590 conve-

1034 1604 1296 1654 scentesque
1323 1604 1378 1654 ei,
1407 1609 1451 1646 et
1478 1607 1769 1656 quaecumque
1794 1617 1867 1646 vo-

1033 1659 1218 1700 luissent
1269 1659 1586 1711 interrogando
1633 1660 1867 1709 discentes,

1034 1717 1315 1767 nequaquam
1342 1729 1423 1769 per
1448 1717 1661 1767 Angelos,
1695 1721 1770 1757 aut
1795 1718 1867 1757 va·

1034 1771 1121 1811 rias
1148 1771 1366 1812 visionum
1394 1773 1566 1825 species
1596 1786 1709 1825 opus
1737 1772 1867 1813 habe-

1034 1827 1141 1869 bant
1188 1826 1350 1868 doceri.
1405 1830 1527 1878 Quos
1572 1841 1678 1870 vero
1724 1829 1867 1869 Lucas

1034 1883 1197 1924 multos
1234 1884 1476 1936 prophetas
1509 1890 1553 1926 et
1587 1897 1714 1935 reges
1746 1884 1867 1933 dicit,

1034 1939 1270 1981 Matthaeus
1310 1941 1504 1993 apertius
1543 1941 1786 1994 prophetas
1824 1945 1867 1981 et

1035 1996 1174 2046 justos
1212 1996 1417 2048 appellat.
1480 1997 1573 2049 Ipsi
1614 2002 1715 2038 sunt
1753 1997 1867 2038 enim

1035 2064 1162 2102 reges
1211 2053 1372 2102 magni:
1426 2053 1526 2105 quia
1576 2053 1867 2095 tentationum

1035 2110 1212 2149 suarum
1231 2108 1426 2150 motibus
1445 2122 1532 2151 non
1550 2108 1867 2151 consentiendo

1036 2164 1344 2214 succumbere,
1391 2165 1471 2207 sed
1516 2166 1712 2217 regendo
1757 2177 1866 2217 prae-

1036 2221 1133 2262 esse
1151 2222 1380 2263 noverunt.

1339 2285 1493 2327 Lectio
1512 2286 1566 2326 ix.

1117 2352 1136 2389 t
1155 2360 1258 2390 ecce
1282 2347 1460 2399 quidam
1480 2348 1759 2401 legisperitus
1778 2361 1868 2389 sur-

1126 2404 1254 2454 rexit,
1282 2408 1456 2446 tentans
1485 2417 1600 2455 eum,
1629 2410 1673 2446 et
1701 2404 1867 2446 dicens:

1034 2460 1263 2510 Magister,
1293 2460 1399 2511 quid
1426 2460 1634 2502 faciendo
1653 2461 1787 2502 vitam
1812 2473 1866 2501 ae-

1034 2518 1205 2557 ternam
1236 2515 1505 2568 possidebo?
1556 2517 1866 2568 Legisperitus,

1036 2572 1111 2624 qui
1136 2571 1192 2613 de
1212 2573 1302 2614 vita
1328 2574 1493 2614 aeterna
1512 2573 1751 2614 Dominum
1775 2576 1865 2612 ten-

1034 2632 1132 2669 tans
1180 2628 1435 2679 interrogat,
1482 2629 1774 2676 occasionem,
1819 2632 1866 2669 ut

1034 2696 1146 2734 reor,
1164 2683 1363 2727 tentandi
1382 2684 1438 2727 de
1455 2685 1563 2737 ipsis
1582 2683 1759 2725 Domini
1778 2695 1864 2725 ser-
