2040 2976
536 208 605 242 Die
630 208 681 241 26.
703 207 819 241 Junii.
868 208 923 241 ss,
948 207 1112 241 Joannis
1138 213 1173 241 ct
1199 207 1307 241 Pauli
1335 207 1553 250 Martyrum.

183 304 360 356 sparsit,
379 304 403 344 J
407 305 594 345 oannem
614 308 657 345 et
676 303 859 344 Paulum
878 304 922 344 in
942 317 1012 345 ex-

184 361 326 401 silium
346 361 508 411 ejectos
529 373 636 402 esse.
672 361 840 402 Verum
860 362 1012 402 eorum

183 430 303 458 mors
334 430 359 458 a
391 417 617 469 spiritibus
647 417 898 466 immundis,
939 417 1013 469 qui

183 473 420 515 multorum
441 476 630 526 corpora
649 473 888 522 vexabant,
916 486 1011 526 per-

183 530 360 581 vulgata
389 535 471 572 est:
503 530 545 571 in
576 529 734 582 quibus
759 530 1013 572 Terentiani

183 586 297 627 filius
318 592 361 628 et
380 587 476 639 ipse
497 588 738 639 oppressus
758 599 783 628 a
801 586 1012 635 daemone,

183 642 240 684 ad
267 643 549 695 sepulchrum
578 643 820 695 Martyrum
854 642 1012 695 perdu-

183 705 295 749 ctus,
321 699 533 741 liberatus
558 705 636 741 est.
677 700 774 750 Quo
800 698 1012 740 miraculo

183 762 226 798 et
251 757 288 797 is
313 757 355 797 in
377 756 597 798 Christum
623 755 825 806 credidit,
853 761 896 797 et
922 756 1013 806 ejus

182 819 308 866 pater
343 814 650 863 Terentianus,
695 826 720 854 a
757 825 845 864 quo
883 812 1014 854 etiam

183 871 339 912 horum
378 870 610 912 beatorum
645 870 888 921 Martyrum
924 869 1014 910 vita

183 927 347 980 scripta
367 940 464 969 esse
485 927 654 969 dicitur.

235 991 283 1042 R.
312 988 569 1041 Tamquam.
589 988 666 1040 [41]

409 1070 456 1108 In
475 1069 546 1108 ΙΙΙ.
566 1069 789 1109 Nocturno.

182 1133 336 1175 Lectio
364 1133 504 1175 sancti
523 1132 750 1184 Evangelii
772 1131 1013 1173 secundum

509 1189 685 1231 Lucam.

289 1252 440 1292 Lectio
461 1252 530 1291 vii.
695 1266 698 1269 ·
732 1251 834 1302 Cap.
852 1251 908 1290 12.

182 1308 258 1415 In
278 1313 352 1354 illo
369 1314 585 1365 tempore:
605 1311 728 1352 Dixit
742 1310 767 1351 J
770 1323 870 1352 esus
887 1309 1013 1351 disci-

248 1369 363 1423 pulis
383 1369 487 1410 suis:
507 1367 736 1410 Attendite
755 1381 780 1408 a
799 1367 1013 1408 fermento

182 1427 511 1480 pharisaeorum,
533 1424 654 1477 quod
671 1430 738 1466 est
755 1424 1014 1477 hypocrisis.

183 1485 239 1526 Et
259 1483 438 1535 reliqua.

281 1557 467 1598 Homilia
500 1554 761 1597 venerabilis
785 1553 922 1596 Bedae

469 1612 733 1664 Presbyteri.

318 1673 400 1708 Lib.
424 1674 454 1706 4.
481 1673 518 1706 in
542 1672 695 1713 Lucam,
721 1680 803 1713 cap.
825 1670 877 1703 52.

222 1734 343 1798 ,ffssge
385 1727 470 1768 hoc
514 1726 729 1768 fermento
770 1723 1014 1777 Apostolus

224 1785 312 1839 ,εἷ’
336 1783 551 1836 praecipit:
587 1783 743 1834 Itaque
777 1780 1015 1833 epulemur,

224 1847 226 1855 ¹
247 1837 311 1867 3
336 1853 423 1882 non
451 1841 495 1880 in
520 1839 734 1881 fermento
761 1837 916 1886 veteri,
944 1850 1015 1878 ne-

186 1910 271 1949 que
294 1898 337 1938 in
363 1897 577 1939 fermento
602 1895 779 1936 malitiae
799 1899 843 1935 et
867 1895 1014 1946 nequi-

184 1955 274 2003 tiae,
308 1953 387 1995 sed
415 1953 458 1994 in
488 1952 652 2005 azymis
681 1950 944 1992 sinceritatis
973 1955 1017 1991 et

185 2011 393 2052 veritatis.
426 2010 541 2051 Nam
561 2009 674 2050 sicut
691 2007 915 2049 modicum
935 2006 1015 2047 fer-

185 2068 380 2108 mentum
397 2072 537 2108 totam
553 2065 716 2114 farinae,
736 2064 806 2105 cui
819 2063 1017 2114 injicitur,

186 2136 375 2164 massam
396 2122 653 2175 corrumpit,
678 2121 1014 2171 universamque

186 2192 290 2221 mox
331 2180 693 2232 conspersionem
736 2190 816 2219 suo
858 2178 1017 2229 sapore

186 2236 495 2279 commaculat:
524 2236 587 2278 sic
613 2236 816 2276 nimirum
845 2233 1017 2274 simula-

186 2294 264 2344 tio,
293 2294 413 2345 cujus
436 2293 570 2334 semel
590 2293 782 2333 animum
800 2290 1018 2339 imbuerit,

186 2355 281 2392 tota
309 2350 519 2391 virtutum
553 2348 806 2390 sinceritate
839 2352 882 2388 et
909 2346 1018 2387 veri-

186 2409 278 2448 tate
313 2405 544 2447 fraudabit.
599 2405 680 2446 Est
713 2416 820 2455 ergo
850 2415 1018 2444 sensus:

188 2461 418 2505 Attendite
437 2474 491 2503 ne
513 2460 776 2503 aemulemini
795 2459 1017 2500 simulato-

187 2532 273 2569 res,
303 2519 405 2572 quia
432 2518 576 2559 veniet
604 2517 805 2570 profecto
833 2521 1018 2567 tempus,

188 2575 231 2616 in
265 2588 353 2628 quo
387 2580 430 2616 et
461 2579 607 2615 vestra
634 2574 772 2614 virtus
807 2570 1018 2620 omnibus,

189 2637 233 2674 et
251 2634 405 2674 eorum
424 2630 642 2672 reveletur
661 2628 919 2681 hypocrisis.

239 2682 289 2735 Rt·
309 2689 497 2740 Propter
511 2688 821 2728 testamentum
832 2683 1019 2733 Domini,

190 2751 235 2788 et
257 2745 378 2796 leges
403 2745 626 2797 paternas,
659 2741 799 2783 sancti
820 2740 905 2782 Dei
924 2752 1019 2792 per-

1065 303 1269 344 stiterunt
1296 303 1340 343 in
1367 305 1516 345 amore
1544 304 1843 346 fraternitatis:
1870 307 1894 329 *

1067 359 1178 409 Quia
1202 372 1313 400 unus
1337 359 1417 401 fuit
1440 373 1616 413 semper
1643 361 1824 414 spiritus
1853 361 1895 401 in

1066 417 1148 465 eis,
1189 421 1233 458 et
1262 429 1348 457 una
1374 415 1497 458 fides.
1546 412 1597 464 V.
1619 418 1736 460 Ecce
1765 430 1895 470 quam

1065 473 1229 515 bonum
1245 478 1288 515 et
1303 486 1434 525 quam
1447 473 1684 525 jucundum
1696 473 1896 516 habitare

1065 530 1221 572 fratres
1242 530 1286 571 in
1304 543 1449 572 unum.
1477 530 1600 581 Quia.

1353 591 1507 631 Lectio
1528 590 1612 630 viii.

1066 643 1279 750 Verum
1305 647 1426 698 quod
1445 647 1656 699 sequitur:
1681 647 1895 698 Quoniam

1172 717 1270 756 quae
1290 704 1333 744 in
1353 703 1546 746 tenebris
1567 704 1753 754 dixistis,
1772 704 1815 745 in
1834 703 1895 746 lu-

1066 762 1180 802 mine
1214 761 1429 803 dicentur:
1464 774 1553 802 non
1587 761 1730 803 solum
1758 761 1802 801 in
1834 760 1895 802 fu-

1065 822 1181 868 turo,
1211 816 1387 870 quando
1408 823 1565 860 cuncta
1583 817 1783 859 cordium
1801 817 1895 859 abs-

1067 875 1244 917 condita
1263 875 1542 928 proferentur
1560 874 1617 916 ad
1635 874 1793 924 lucem,
1817 873 1896 916 sed

1066 938 1110 974 et
1128 932 1172 973 in
1191 932 1400 985 praesenti
1415 933 1617 984 tempore
1630 935 1781 984 potest
1796 943 1896 973 con-

1066 991 1272 1040 gruenter
1326 989 1481 1041 accipi:
1537 987 1744 1040 quoniam
1797 1001 1896 1040 quae

1066 1045 1178 1087 inter
1199 1045 1404 1087 tenebras
1429 1044 1651 1097 quondam
1674 1046 1896 1096 pressura-

1067 1115 1179 1152 rum,
1199 1105 1512 1154 carcerumque
1531 1101 1726 1151 umbras,
1745 1101 1816 1142 vel
1835 1101 1896 1142 lo-

1068 1159 1171 1209 cuti,
1190 1158 1261 1200 vel
1278 1158 1399 1212 passi
1418 1163 1518 1200 sunt
1537 1157 1760 1211 Apostoli,
1782 1171 1897 1199 nunc

1068 1215 1307 1257 clarificata
1328 1228 1409 1268 per
1428 1214 1582 1257 orbem
1600 1214 1814 1264 Ecclesia,
1838 1214 1896 1256 le-

1068 1272 1150 1314 ctis
1178 1274 1330 1314 eorum
1359 1270 1546 1321 actibus,
1582 1270 1759 1324 publice
1786 1283 1896 1324 prae-

1068 1328 1280 1370 dicantur.
1304 1327 1373 1370 Ne
1391 1327 1642 1370 terreamini
1661 1326 1716 1368 ab
1736 1326 1804 1368 his
1824 1326 1898 1379 qui

1068 1384 1275 1427 occidunt
1303 1397 1477 1438 corpus.
1517 1384 1562 1425 Si
1588 1385 1898 1437 persecutores

1068 1444 1331 1491 sanctorum,
1346 1439 1793 1499 occisiscorporibus,
1810 1453 1899 1482 non

1068 1498 1232 1540 habent
1266 1497 1454 1550 amplius
1485 1495 1591 1550 quid
1619 1501 1773 1538 contra
1799 1496 1900 1538 illos

1068 1560 1213 1606 agant3
1239 1567 1344 1606 ergo
1369 1556 1645 1608 supervacua
1668 1554 1817 1596 furunt
1838 1553 1898 1595 in-

1069 1612 1200 1662 sania,
1222 1611 1297 1664 qui
1314 1613 1489 1652 mortua
1508 1610 1750 1662 Martyrum
1767 1623 1898 1652 mem-

1067 1668 1147 1710 bra
1182 1668 1285 1709 feris
1323 1667 1568 1719 avibusque
1606 1665 1900 1720 discerpenda

1068 1725 1317 1778 projiciunt,
1346 1737 1445 1766 cum
1467 1725 1748 1776 nequaquam
1766 1723 1899 1765 omni-

1068 1781 1278 1835 potentiae
1293 1781 1388 1830 Dei,
1406 1781 1510 1833 quin
1527 1793 1579 1822 ea
1593 1779 1899 1822 resuscitando

1068 1838 1270 1887 vivificet,
1291 1837 1506 1880 obsistere
1525 1837 1709 1890 possint.

1123 1891 1174 1943 R·-
1188 1895 1300 1936 Haec
1316 1900 1383 1936 est
1398 1907 1503 1936 vera
1522 1893 1782 1943 fraternitas,
1800 1906 1916 1945 quae-

1068 1965 1306 2005 numquam
1320 1950 1466 2004 potuit
1480 1949 1635 1992 violari
1649 1950 1902 1992 certamine:

1071 2009 1145 2062 qui
1161 2008 1300 2050 effuso
1316 2008 1528 2059 sanguine
1543 2007 1683 2048 secuti
1697 2012 1798 2049 sunt
1812 2006 1901 2048 Do·

1069 2066 1249 2107 minum:
1271 2064 1293 2088 *
1313 2065 1656 2107 Contemnentes
1675 2063 1820 2105 aulam
1837 2065 1902 2105 re-

1068 2123 1199 2174 giam,
1226 2123 1524 2175 pervenerunt
1543 2120 1600 2162 ad
1619 2133 1754 2173 regna
1772 2120 1901 2162 coele-

1070 2179 1164 2221 stia.
1187 2175 1238 2225 V.
1253 2178 1370 2221 Ecce
1387 2191 1517 2231 quam
1531 2177 1696 2219 bonum
1710 2181 1755 2219 et
1770 2189 1902 2230 quam

1070 2235 1306 2288 jucundum
1320 2234 1520 2277 habitare
1534 2234 1690 2276 fratres
1704 2234 1748 2274 in
1758 2247 1901 2275 unum.

1072 2293 1423 2334 Contemnentes.
1452 2289 1609 2333 Gloria
1626 2291 1758 2333 Patri.
1790 2290 1899 2332 Con-

1071 2351 1329 2392 temnentes.

1371 2396 1525 2438 Lectio
1544 2396 1599 2437 ix.

1157 2470 1214 2499 uo
1234 2462 1380 2500 autem
1399 2462 1500 2498 sunt
1519 2457 1680 2508 genera
1698 2467 1899 2509 persecu-

1174 2516 1334 2557 torum:
1370 2527 1504 2555 unum
1541 2512 1688 2566 palam
1721 2512 1900 2554 saevien-

1072 2572 1198 2620 tium,
1235 2571 1420 2612 alterum
1453 2570 1555 2611 ficte
1586 2568 1899 2611 fraudulenter-

1074 2640 1159 2679 que
1186 2626 1512 2669 blandientium.
1550 2626 1712 2667 Contra
1735 2627 1899 2666 utrum-

1074 2697 1158 2735 que
1193 2697 1274 2725 nos
1306 2686 1475 2724 munire
1508 2688 1641 2734 atque
1673 2681 1900 2723 instituere

1074 2741 1225 2782 volens
1240 2740 1453 2790 Salvator,
1474 2744 1517 2781 et
1537 2751 1670 2791 supra
1689 2737 1744 2779 ab
1763 2737 1900 2791 hypo-
