2040 2976
754 190 957 223 Dominica
984 190 1031 223 ad
1058 190 1231 224 Primam.
1808 188 1850 223 19

191 280 322 321 Dicat
348 294 462 322 nunc
489 281 627 322 Israel
661 282 865 334 quoniam
892 281 968 323 bo-

140 349 240 377 nus:
259 337 282 362 *
304 338 509 389 quoniam
536 338 579 378 in
607 337 816 379 saeculum
843 338 968 379 mise-

139 393 329 435 ricordia
350 395 450 446 ejus.

191 453 322 496 Dicat
339 468 454 496 nunc
474 455 631 497 domus
643 455 808 496 Aaron:
823 455 846 481 *
863 457 967 508 quo-

139 510 255 551 niam
269 511 313 551 in
328 511 537 553 saeculum
551 511 852 553 misericordia
867 513 967 564 ejus.

191 571 351 613 Dicant
382 585 496 614 nunc
530 573 604 625 qui
634 573 788 614 timent
819 573 966 613 Domi-

139 640 256 668 num:
275 628 298 654 *
319 629 524 681 quoniam
546 629 589 670 in
613 629 823 670 saeculum
842 630 966 670 mise-

139 683 330 726 ricordia
348 686 449 737 ejus.

191 745 259 786 De
286 745 566 788 tribulatione
593 746 795 788 invocavi
819 747 967 787 Domi-

138 814 255 842 num:
274 802 298 827 *
318 807 361 843 et
393 802 616 844 exaudivit
647 816 718 844 me
749 803 793 843 in
825 803 966 844 latitu-

139 856 238 899 dine
256 858 482 901 Dominus.

189 918 404 961 Dominus
429 920 534 961 mihi
559 920 744 972 adjutor:
763 921 787 946 *
806 933 893 961 non
918 921 965 962 ti-

138 974 267 1016 mebo
290 976 394 1028 quid
414 977 545 1018 faciat
563 977 669 1018 mihi
686 977 830 1018 homo.

189 1036 405 1078 Dominus
429 1037 534 1078 mihi
558 1037 744 1090 adjator:
767 1039 791 1063 *
816 1043 859 1079 et
883 1051 964 1089 ego

138 1090 377 1145 despiciam
395 1094 594 1136 inimicos
613 1107 748 1136 meos.

188 1153 362 1195 Bonum
381 1160 448 1196 est
468 1155 689 1197 confidere
704 1156 747 1196 in
762 1156 965 1205 Domino,

136 1209 159 1234 *
181 1223 311 1262 quam
331 1211 552 1253 confidere
570 1212 614 1252 in
634 1212 823 1253 homine:

187 1271 360 1313 Bonum
389 1277 455 1314 est
484 1275 662 1325 sperare
690 1273 734 1313 in
761 1273 964 1322 Domino,

135 1327 159 1352 *
181 1340 311 1379 quam
332 1331 511 1381 sperare
530 1329 574 1369 in
593 1329 873 1382 principibus.

189 1388 351 1430 Omnes
372 1389 537 1431 Gentes
559 1390 819 1431 circuierunt
838 1403 921 1431 me:
941 1391 964 1415 *

136 1449 180 1485 et
214 1444 257 1485 in
288 1446 463 1487 nomine
495 1446 672 1487 Domini
711 1447 812 1498 quia
847 1446 963 1487 ultus

135 1513 231 1541 sum
249 1501 294 1541 in
314 1515 401 1543 eos.

187 1561 518 1604 Circumdantes
582 1563 963 1605 circumdederunt

133 1630 217 1659 me:
245 1619 268 1644 *
294 1623 337 1660 et
368 1619 413 1659 in
444 1620 618 1661 nomine
650 1620 828 1661 Domini
862 1621 963 1673 quia

133 1673 249 1715 ultus
270 1688 365 1716 sum
384 1676 428 1716 in
448 1688 534 1717 eos.

186 1735 578 1778 Circumdederunt
604 1750 674 1778 me
705 1737 816 1779 sicut
844 1751 960 1790 apes

134 1795 177 1832 et
197 1794 454 1834 exarserunt
477 1793 588 1834 sicut
611 1793 722 1844 ignis
746 1794 790 1834 in
811 1795 961 1847 spinis:

132 1846 156 1872 *
181 1852 225 1889 et
247 1848 291 1888 in
315 1849 489 1890 nomine
513 1849 691 1890 Domini
719 1850 820 1902 quia
844 1850 960 1892 ultus

134 1915 230 1945 sum
249 1904 292 1945 in
313 1917 400 1946 eos.

183 1961 404 2013 Impulsus
429 1964 607 2003 eversus
633 1975 728 2003 sum
758 1968 806 2004 ut
834 1963 959 2005 cade-

132 2029 238 2058 rem:
257 2018 281 2043 *
302 2022 345 2059 et
362 2018 578 2059 Dominus
599 2020 791 2071 suscepit
809 2033 889 2061 me.

184 2078 415 2120 Fortitudo
436 2092 549 2129 mea,
575 2084 618 2121 et
641 2079 736 2120 laus
755 2093 852 2121 mea
871 2081 958 2122 Do-

132 2134 287 2175 minus:
307 2135 330 2160 *
357 2139 400 2176 et
426 2135 568 2177 factus
596 2141 663 2178 est
690 2136 794 2177 mihi
821 2137 865 2177 in
894 2150 958 2178 sa-

132 2188 278 2231 latem.

184 2246 286 2287 Vox
305 2247 617 2298 exsultationis,
639 2253 682 2290 et
702 2249 853 2290 salutis
872 2250 896 2275 *
915 2250 958 2290 in

132 2301 423 2345 tabernaculis
443 2305 665 2356 justorum.

183 2359 377 2400 Dextera
403 2361 581 2401 Domini
608 2361 710 2402 fecit
738 2362 957 2403 virtatem:

133 2413 313 2456 dextera
348 2416 525 2457 Domini
562 2417 770 2459 exaltavit
804 2431 890 2468 me,
934 2419 956 2443 *

132 2469 313 2513 dextera
331 2473 508 2513 Domini
525 2473 628 2515 fecit
646 2474 861 2515 virtutem.

181 2531 282 2573 Non
298 2533 470 2582 moriar,
492 2533 570 2575 sed
589 2535 746 2575 vivam:
762 2535 784 2560 *
801 2539 844 2576 et
862 2549 955 2576 nar-

131 2587 238 2629 rabo
260 2590 396 2641 opera
414 2590 601 2630 Domini.

183 2648 410 2700 Castigans
448 2651 677 2701 castigavit
708 2664 777 2692 me
809 2652 956 2693 Domi-

130 2717 226 2745 nus:
245 2706 268 2731 *
288 2711 331 2747 et
350 2707 481 2748 morti
500 2719 587 2747 non
606 2706 788 2749 tradidit
806 2721 886 2750 me.

1073 282 1256 334 Aperite
1275 282 1380 323 mihi
1402 289 1554 335 portas
1577 285 1767 336 justitiae,
1791 285 1849 325 in-

1021 340 1198 388 gressus
1217 339 1260 379 in
1286 352 1359 380 eas
1381 340 1624 382 confitebor
1643 341 1850 382 Domino:

1020 395 1043 420 *
1058 394 1154 436 haec
1169 400 1298 448 porta
1311 396 1499 446 Domini,
1515 398 1614 448 justi
1627 397 1851 439 intrabunt

1020 451 1063 491 in
1084 464 1190 493 eam.

1075 513 1329 555 Confitebor
1348 513 1428 554 tibi
1449 514 1653 565 quoniam
1674 515 1848 556 exaudi-

1021 569 1077 610 sti
1103 583 1188 611 me:
1212 570 1235 595 *
1265 575 1308 611 et
1335 570 1476 611 factus
1506 583 1552 611 es
1581 571 1685 611 mihi
1712 572 1756 612 in
1785 585 1848 612 sa-

1020 624 1165 667 bitem.

1071 687 1305 739 Lapidem,
1341 701 1470 740 quem
1502 688 1850 741 reprobaverunt

1020 743 1304 785 aedificantes:
1323 745 1346 770 *
1365 744 1436 785 hic
1460 744 1600 786 factus
1625 750 1691 786 est
1714 746 1757 785 in
1782 759 1847 787 ca-

1019 804 1099 852 put
1118 800 1273 851 anguli.

1071 861 1112 901 A
1130 862 1322 903 Domino
1341 862 1504 903 factum
1525 867 1591 904 est
1610 862 1743 903 istud:
1761 863 1784 888 *
1806 867 1849 904 et

1020 922 1087 958 est
1106 918 1304 959 mirabile
1323 919 1366 958 in
1387 919 1524 959 oculis
1544 920 1716 960 nostris.

1070 979 1181 1019 Haec
1201 984 1267 1020 est
1287 978 1396 1029 dies,
1425 992 1555 1032 quam
1578 980 1681 1021 fecit
1700 980 1847 1020 Domi-

1018 1048 1113 1075 nus:
1124 1036 1147 1060 *
1159 1035 1437 1085 exsultemus
1457 1041 1500 1077 et
1514 1036 1712 1077 laetemur
1728 1037 1770 1076 in
1787 1049 1847 1077 ea.

1071 1096 1108 1136 O
1129 1097 1318 1138 Domine
1339 1097 1507 1138 salvum
1526 1110 1596 1138 me
1616 1097 1694 1147 fac,
1715 1111 1741 1139 o
1759 1098 1846 1138 Do-

1017 1152 1148 1201 mine,
1177 1152 1288 1194 bene
1313 1156 1593 1206 prosperare:
1621 1155 1644 1179 *
1672 1153 1846 1195 benedi-

1018 1214 1113 1249 ctus
1136 1210 1208 1261 qui
1227 1210 1346 1251 venit
1363 1211 1407 1250 in
1426 1211 1600 1252 nomine
1620 1211 1808 1251 Domini.

1069 1270 1380 1311 Benediximus
1396 1271 1521 1312 vobis
1539 1271 1593 1312 de
1610 1271 1742 1312 domo
1758 1272 1845 1312 Do-

1017 1326 1135 1366 mini:
1161 1327 1184 1351 *
1213 1327 1333 1367 Deus
1365 1327 1596 1377 Dominus,
1631 1333 1674 1368 et
1706 1327 1847 1368 illuxit

1016 1382 1154 1423 nobis.

1071 1443 1333 1484 Constituite
1371 1443 1487 1485 diem
1525 1444 1765 1486 solemnem
1802 1445 1844 1485 in

1017 1499 1261 1549 condensis,
1272 1501 1295 1525 *
1307 1513 1446 1552 usque
1462 1500 1518 1541 ad
1534 1514 1670 1542 cornu
1685 1501 1845 1542 altaris.

1068 1561 1189 1602 Deus
1217 1574 1340 1602 meus
1371 1574 1417 1602 es
1441 1567 1504 1611 tu,
1539 1567 1581 1603 et
1601 1562 1845 1603 confitebor

1015 1616 1107 1658 tibi:
1135 1618 1158 1643 *
1186 1618 1308 1659 Deus
1336 1631 1459 1659 meus
1489 1631 1535 1660 es
1563 1624 1630 1668 tu,
1660 1624 1703 1660 et
1732 1619 1843 1660 exal-

1014 1673 1119 1715 tabo
1140 1678 1194 1715 te.

1069 1735 1322 1777 Confitebor
1342 1736 1420 1777 tibi
1443 1737 1649 1788 quoniam
1670 1737 1843 1778 exaudi-

1015 1791 1070 1832 sti
1097 1805 1181 1833 me:
1206 1792 1229 1817 *
1258 1797 1302 1834 et
1328 1793 1469 1834 factus
1498 1806 1544 1834 es
1573 1794 1678 1834 mihi
1706 1794 1750 1834 in
1778 1806 1841 1834 sa-

1013 1847 1159 1889 lutem.

1066 1909 1342 1951 Confitemini
1387 1911 1578 1952 Domino
1635 1911 1839 1963 quoniam

1011 1964 1169 2006 bonus:
1188 1966 1211 1991 *
1233 1967 1437 2018 quoniam
1462 1968 1506 2007 in
1531 1967 1740 2009 saeculum
1763 1967 1838 2007 mi-

1013 2021 1252 2063 sericordia
1272 2023 1372 2075 ejus.

1280 2112 1478 2152 Psalmus
1498 2114 1576 2152 118.

1013 2173 1181 2279 Beati
1213 2182 1480 2225 immaculati
1516 2184 1558 2224 in
1591 2184 1674 2225 via:
1707 2185 1730 2210 *
1764 2184 1837 2236 qui

1122 2238 1345 2280 ambulant
1363 2240 1407 2280 in
1426 2239 1522 2291 lege
1543 2241 1728 2281 Domini.

1061 2299 1204 2349 Beati,
1227 2300 1299 2351 qui
1320 2303 1569 2342 scrutantur
1588 2301 1837 2342 testimonia

1011 2355 1114 2405 ejus:
1125 2356 1148 2380 *
1160 2356 1204 2396 in
1218 2360 1313 2397 toto
1330 2357 1464 2398 corde
1481 2359 1712 2409 exquirunt
1728 2370 1835 2399 eum.

1061 2420 1161 2461 Non
1186 2421 1300 2461 enim
1326 2422 1399 2474 qui
1423 2424 1660 2474 operantur
1683 2423 1834 2474 iniqui-

1009 2477 1155 2526 tatem,
1175 2477 1198 2502 *
1218 2477 1262 2517 in
1281 2477 1363 2518 viis
1385 2479 1474 2529 ejus
1495 2477 1833 2519 ambulaverunt.

1060 2537 1129 2577 Tu
1152 2537 1371 2579 mandasti
1390 2539 1413 2563 *
1436 2537 1643 2579 mandata
1666 2543 1740 2579 tua
1764 2551 1832 2579 cu-

1009 2593 1164 2634 stodiri
1182 2594 1319 2634 nimis.

1060 2654 1236 2695 Utinam
1257 2653 1497 2705 dirigantur
1512 2655 1593 2695 viae
1609 2667 1728 2703 meae,
1740 2654 1763 2679 *
1776 2652 1832 2695 ad

1009 2710 1318 2751 custodiendas
1337 2711 1664 2762 justificationes
1684 2709 1797 2751 tuas!
