2040 2976
521 194 593 229 Die
619 194 669 228 15.
694 194 797 228 Julii.
844 193 878 227 S.
904 193 1061 227 Henrici
1085 192 1333 235 Imperatoris
1361 193 1468 227 Conf.

145 293 340 335 fidelium
358 291 427 333 sol
440 290 637 332 veritatis
656 287 780 329 calet.
809 287 893 336 Qui
908 299 971 327 re-

144 351 266 390 meta
278 349 545 400 tempestate
558 343 886 398 persecutionis,
901 355 972 383 ex-

144 405 276 458 pletis
298 404 441 454 longis
463 402 667 444 noctibus
691 398 972 449 infidelitatis,

143 467 248 503 tunc
292 465 456 502 sanctae
493 458 703 500 Ecclesiae
741 455 827 498 orti
862 460 973 504 sunt,

146 531 246 560 cum
260 517 300 559 ei
314 518 398 569 jam
412 528 492 569 per
507 514 778 556 credulitatis
792 525 972 554 vernum

144 573 330 616 lucidior
348 586 486 614 annus
505 573 710 624 aperitur.

196 634 247 685 Rz.
274 631 363 672 Iste
383 633 450 670 est
470 628 554 680 qui.
572 627 656 680 [54]

195 702 238 736 In
262 701 325 735 111.
351 701 550 736 Nocturno
576 700 747 735 Homilia
769 700 807 734 in
824 700 969 742 Evang.

146 750 223 784 Vos
245 747 339 783 estis
357 748 415 782 sal
430 752 553 783 terrae.
578 748 624 782 de
642 748 843 783 Communi
861 747 970 782 Doct.

142 797 287 832 3.10eo.
309 795 378 840 [66]

195 849 239 883 In
255 849 301 884 Π.
319 848 434 892 Vesp.
452 860 648 884 commem.
667 859 772 892 sequ.

411 934 495 975 Die
515 934 574 974 15.
593 934 618 974 J
619 933 705 974 ulii.

196 1005 239 1046 S.
257 1003 463 1045 Hem-ici
482 1002 777 1055 Imperatoris,
800 1001 919 1041 Conf.

427 1067 687 1111 Semiduplex.

198 1122 335 1157 Omnia
365 1123 412 1158 de
442 1123 586 1158 Comm.
616 1124 725 1159 Conf.
756 1134 832 1157 non
864 1123 971 1156 Pont.

147 1171 216 1215 [67]
245 1175 387 1214 praeter
411 1182 516 1216 sequ.
542 1169 601 1211 (m.
618 1172 642 1203 t.
659 1167 708 1210 v.)

197 1223 297 1264 Ant.
322 1221 533 1264 Similabo
550 1234 650 1262 eum
665 1220 760 1261 viro
777 1218 974 1272 sapienti,

148 1280 223 1331 qui
241 1278 476 1321 aedificavit
500 1277 680 1320 domum
700 1289 824 1317 suam
842 1287 975 1328 supra

147 1340 329 1388 petram.

197 1391 249 1443 V.
267 1395 445 1437 Amavit
470 1407 569 1436 eum
591 1394 818 1442 Deminus,
842 1397 886 1434 et
909 1404 975 1433 or-

147 1452 268 1494 navit
296 1465 406 1494 eum.
457 1453 507 1505 R.
541 1450 709 1492 Stolam
735 1449 888 1500 gleriae
915 1450 974 1488 in-

148 1507 242 1550 duit
269 1521 379 1550 eum.

478 1561 643 1602 Oratio.

236 1634 328 1671 eus,
358 1621 433 1673 qui
459 1619 673 1662 hodierna
702 1618 771 1660 die
796 1618 977 1660 beatum

260 1678 500 1719 Henricum
519 1676 830 1718 Confessorem
854 1680 977 1716 tuum

149 1747 173 1776 e
203 1734 366 1776 terreni
402 1733 589 1775 culmine
620 1731 791 1784 imperii
823 1731 880 1773 ad
912 1745 975 1773 re-

148 1803 280 1842 gnum
294 1792 507 1832 aeternum
521 1788 794 1831 transtulisti:
812 1793 857 1829 te
877 1791 976 1841 sup-

149 1848 288 1900 plices
324 1849 574 1897 exoramus3
610 1851 659 1887 ut
694 1845 807 1887 sicut
844 1844 977 1894 illum,

150 1905 303 1955 gratiae
339 1909 427 1946 tuae
468 1903 668 1945 ubertate
704 1903 978 1954 praeventum

150 1960 378 2002 illecebras
407 1959 555 2001 saeculi
584 1960 793 2011 superare
826 1958 977 2008 fecisti,

151 2016 211 2058 ita
225 2029 307 2058 nos
323 2016 468 2066 faciam,
484 2017 575 2068 eius
589 2014 842 2064 imitatione,
857 2028 977 2055 mun-

153 2072 198 2114 di
220 2073 346 2125 hujus
364 2072 661 2115 blandimenta
678 2072 828 2120 vitare,
854 2075 898 2112 et
922 2069 979 2112 ad

151 2133 197 2170 te
219 2129 341 2181 puris
367 2128 585 2170 mentibus
613 2129 853 2180 pervenire.
893 2127 979 2167 Per

153 2185 390 2226 Dominum
408 2189 617 2226 nostrum.

200 2250 246 2284 In
274 2249 302 2284 1.
331 2235 530 2284 Nocturno
561 2249 765 2283 Lectiones
799 2249 845 2283 de
877 2248 975 2282 Scri-

149 2301 263 2340 ptura
288 2302 519 2332 occurrente.

377 2362 427 2401 In
448 2362 499 2401 ΙΙ.
522 2362 745 2402 Nocturno.

450 2427 601 2467 Lectio
620 2427 674 2466 iv.

159 2530 160 2539 ἶ
196 2509 238 2534 s
257 2496 273 2497 ”
288 2491 469 2538 enricus,
495 2490 787 2539 cognomento
812 2487 927 2536 Pius,
956 2499 980 2528 e

160 2554 165 2561 ”
281 2567 282 2570 ¹
307 2545 417 2587 duce
449 2545 650 2585 Bavariae
686 2556 764 2584 rex
802 2543 980 2584 Germa-

306 2602 406 2650 niae,
433 2613 484 2642 ac
510 2599 796 2653 postmodum
821 2599 980 2640 Roma-

155 2661 311 2700 norum
323 2658 572 2710 imperator,
591 2655 846 2708 temporalis
860 2655 982 2706 regni

155 2727 246 2755 non
263 2716 494 2756 contentus
509 2712 731 2764 angastiis,
749 2724 831 2764 pro
847 2711 981 2764 adipi-

1024 284 1187 326 scenda
1221 285 1561 327 immortalitatis
1594 287 1756 326 corena
1789 287 1852 326 se-

1025 340 1173 382 dulam
1192 343 1358 383 aeterno
1376 341 1487 392 Regi
1507 341 1703 383 exhibuit
1721 341 1853 383 servi-

1024 400 1175 439 tutem.
1207 397 1387 450 Adepto
1408 398 1522 438 enim
1541 398 1738 450 imperio,
1758 398 1853 439 reli-

1024 454 1143 505 gieni
1188 453 1511 506 amplificandae
1557 454 1754 496 studiese
1793 455 1852 495 in-

1026 510 1251 560 cumbens,
1285 511 1493 552 ecclesias
1522 510 1576 552 ab
1605 510 1853 552 infidelibus

1026 567 1285 617 destructas
1308 567 1657 618 magnificentius
1681 570 1852 619 repara-

1025 623 1104 672 vit,
1148 623 1434 676 plurimisque
1470 623 1775 675 largitionibus
1811 629 1855 665 et

1024 678 1202 732 praediis
1234 680 1531 733 locupletavit.
1589 680 1855 721 Monasteria

1024 736 1198 789 aliaque
1223 737 1321 779 loca
1348 737 1421 789 pia
1446 737 1518 778 vel
1544 737 1640 789 ipse
1666 735 1854 778 aedifica—

1024 794 1102 843 vit,
1128 793 1199 835 vel
1224 794 1456 845 assignatis
1482 792 1697 835 reditibus
1723 794 1854 835 auxit.

1024 850 1344 903 Episcopatum
1370 849 1740 901 Bambergensem
1768 849 1853 891 hae-

1025 906 1246 948 reditariis
1272 907 1430 960 opibus
1454 906 1698 956 fundatum,
1721 906 1854 948 beato

1024 963 1168 1013 Petro,
1187 964 1478 1016 Romanoque
1497 963 1701 1004 Pontifici
1724 963 1854 1004 vecti-

1025 1019 1169 1070 galem
1187 1020 1300 1062 fecit.
1330 1018 1621 1061 Benedictum
1642 1021 1855 1069 octavum,

1026 1089 1051 1116 a
1077 1089 1163 1128 quo
1186 1076 1357 1128 imperii
1380 1078 1589 1118 coronam
1613 1078 1856 1128 acceperat,

1026 1133 1260 1185 profugum
1278 1133 1462 1186 excepit,
1481 1135 1661 1185 suaeque
1682 1132 1777 1174 sedi
1792 1145 1855 1174 re-

1028 1190 1178 1231 stituit.

1080 1249 1130 1299 R.
1161 1247 1409 1288 Honestum
1432 1246 1535 1287 fecit
1560 1245 1682 1287 illum
1707 1246 1855 1287 Domi-

1027 1315 1124 1352 nus,
1149 1308 1192 1345 et
1211 1302 1448 1344 custodivit
1468 1315 1567 1344 eum
1586 1302 1641 1344 ab
1661 1303 1856 1353 inimicis,

1028 1363 1072 1400 et
1099 1372 1125 1400 a
1153 1358 1458 1401 seductoribus
1486 1359 1646 1400 tutavit
1672 1358 1809 1400 illum:
1833 1357 1854 1379 *

1027 1415 1101 1457 Et·
1116 1415 1239 1457 dedit
1270 1416 1332 1456 illi
1364 1415 1608 1457 claritatem
1638 1417 1856 1457 aeternam.

1028 1468 1079 1520 V.
1112 1472 1285 1514 Justum
1316 1471 1499 1514 deduxit
1530 1472 1746 1513 Dominus
1777 1485 1856 1525 per

1028 1528 1123 1569 vias
1142 1535 1301 1578 rectas,
1323 1534 1367 1571 et
1383 1528 1575 1570 ostendit
1594 1528 1656 1569 illi
1675 1542 1856 1580 regnum

1028 1585 1122 1626 Dei.
1149 1586 1206 1626 Et
1226 1585 1357 1627 dedit.

1339 1643 1489 1683 Lectio
1511 1657 1547 1682 v.

1076 1712 1104 1739 n
1142 1699 1389 1740 Cassinensi
1431 1698 1698 1739 monasterio
1735 1698 1858 1748 gravi

1107 1754 1311 1797 detentus
1342 1754 1612 1803 infirmitate,
1647 1768 1672 1795 a
1704 1759 1856 1795 sancto
1904 1775 1907 1777 >

1028 1810 1286 1860 Benefficto,
1310 1811 1468 1862 insigni
1486 1810 1709 1860 miraculo,
1735 1813 1856 1851 sana—

1029 1873 1100 1909 tus
1125 1873 1203 1910 est.
1239 1869 1486 1909 Romanam
1505 1866 1748 1908 Ecclesiam
1771 1880 1857 1908 am—

1029 1924 1228 1976 plissimo
1286 1924 1527 1977 dip16mate
1584 1926 1857 1973 muneratus,

1032 1980 1174 2022 eidem
1216 1980 1392 2022 tuendae
1436 1980 1601 2022 bellum
1646 1979 1857 2022 adversus

1032 2038 1216 2078 Graecos
1236 2037 1446 2089 suscepit,
1470 2041 1514 2078 et
1534 2035 1757 2089 Apuliam,
1783 2035 1858 2077 diu

1032 2093 1086 2134 ab
1132 2093 1216 2133 illis
1256 2095 1527 2146 possessam,
1572 2093 1858 2145 recuperavit.

1031 2149 1150 2190 Nihil
1183 2150 1275 2190 sine
1307 2149 1512 2201 precibus
1545 2147 1725 2200 aggredi
1758 2149 1856 2190 soli-

1031 2211 1113 2255 tus,
1136 2205 1354 2256 Angelum
1378 2205 1566 2255 Domini,
1593 2207 1858 2257 sanctasque

1032 2262 1249 2314 Martyres
1266 2262 1477 2303 tutelares
1496 2275 1578 2314 pro
1598 2274 1645 2303 se
1663 2264 1856 2314 pugnan-

1031 2323 1099 2359 tes
1143 2322 1243 2359 ante
1291 2318 1430 2359 aciem
1474 2317 1695 2360 interdum
1738 2318 1858 2359 vidit.

1032 2374 1190 2415 Divina
1214 2379 1361 2415 autem
1382 2377 1610 2427 protectus
1635 2387 1737 2427 ope,
1762 2373 1857 2415 bar-

1032 2431 1161 2471 baras
1211 2430 1412 2472 nationes
1461 2430 1667 2483 precibus
1718 2431 1857 2481 magis

1034 2499 1165 2538 quam
1198 2487 1329 2527 armis
1363 2487 1639 2539 expugnavit.
1688 2487 1856 2527 Panno-

1033 2543 1149 2583 niam
1167 2541 1312 2584 adhuc
1332 2542 1564 2593 infidelem,
1586 2542 1750 2584 tradita
1767 2543 1857 2584 Ste-

1033 2599 1179 2650 phano
1200 2599 1291 2649 regi
1316 2601 1469 2640 sorore
1493 2612 1572 2640 sua
1595 2599 1639 2640 in
1664 2601 1857 2647 uxorem,

1035 2657 1176 2707 eeque
1196 2654 1439 2707 baptizato,
1464 2654 1520 2696 ad
1541 2655 1701 2696 Christi
1724 2653 1859 2695 fidem

1034 2710 1251 2763 perduxit.
1278 2711 1586 2762 Virginitatem
1600 2723 1699 2752 raro
1716 2712 1857 2756 exem-
