2040 2976
158 206 233 242 402

594 210 710 242 Sexta
737 209 798 242 dic
826 210 922 243 infru
951 211 1031 243 Oct.
1057 212 1113 244 55.
1140 210 1242 243 l'ctri
1269 218 1305 243 ct
1330 209 1450 243 Pauli.

159 303 269 344 istos
320 302 514 353 fulgores
563 302 727 355 ubique
774 305 991 346 terrarum

161 361 376 401 emittens.
430 359 546 401 Hinc
581 359 777 412 rapietur
814 360 991 409 Paulus,

159 415 259 457 hinc
283 416 452 458 Petrus.
492 415 798 466 Considerate,
826 421 869 458 et
894 416 992 458 hor-

158 474 269 523 rete,
297 472 426 524 quale
446 473 749 525 spectaculum
767 474 917 515 visura
936 473 992 514 sit

158 530 317 570 Roma:
356 529 540 571 Paulum
573 528 778 571 videlicet
810 532 992 582 repente

159 598 213 627 ex
236 586 366 628 theca
390 586 464 627 illa
489 599 589 627 cum
607 586 741 628 Petro
766 588 992 637 resurgen-

158 648 248 684 tem
276 643 320 683 in
348 646 581 684 occursum
609 643 787 684 Demini
819 656 993 684 sursum

159 699 271 741 ferri.
309 699 495 750 Qualem
519 712 668 741 rosam
695 699 871 741 Christo
897 700 991 742 mit-

158 761 222 798 tet
249 755 414 798 Roma?
448 756 652 809 qualibus
684 757 859 799 coronis
889 756 992 798 dua·

157 812 240 854 bus
277 816 458 855 ornatur
494 813 601 855 urbs
633 813 739 855 ista?
788 813 992 866 qualibus

159 870 325 911 catenis
360 871 504 912 aureis
537 870 680 911 cincta
714 869 805 912 est?
841 870 992 922 quales

158 925 292 968 habet
324 926 491 968 fontes?
525 927 770 980 Propterea
798 926 993 968 admiror

107 999 109 1001 ¹
158 983 271 1024 hanc
296 983 468 1033 urbem,
495 996 583 1024 non
607 989 791 1036 propter
818 984 993 1035 cepiam

158 1040 262 1089 auri,
281 1053 369 1082 non
389 1046 574 1093 propter
591 1040 830 1089 columnas,
849 1053 992 1093 neque

156 1104 342 1151 propter
383 1098 514 1139 aliam
562 1100 887 1149 quamcumque
928 1110 991 1138 re-

156 1167 254 1196 rum
291 1155 501 1207 speciem,
535 1154 615 1196 sed
654 1159 840 1207 propter
874 1153 991 1195 colu-

157 1224 280 1252 mnas
323 1211 421 1253 illas
457 1211 682 1252 Ecclesiae.
743 1211 849 1261 Quis
886 1211 993 1252 mihi

156 1281 272 1309 nunc
319 1268 443 1310 dabit
486 1267 772 1309 circumvelvi
814 1268 993 1320 corpori

157 1324 292 1374 Pauli,
317 1324 436 1376 affigi
456 1324 707 1378 sepulchro,
726 1324 878 1366 videre
897 1324 992 1378 pul-

157 1394 306 1423 verem
333 1382 535 1435 corporis
559 1381 694 1429 illius,
724 1394 823 1433 quae
849 1381 993 1423 adhuc

156 1439 200 1479 in
217 1438 393 1481 Christo
410 1438 594 1480 deerant
608 1438 900 1491 adimplentis,
920 1441 991 1480 sti-

157 1501 305 1546 gmata
322 1495 439 1537 illius
459 1495 692 1546 gestAntis,
711 1494 990 1547 praedicatio-

156 1565 258 1593 nem
276 1552 505 1604 Evangelii
528 1552 693 1604 ubique
713 1550 990 1593 seminantis?

212 1613 260 1662 Rg.
287 1609 368 1651 Isti
387 1614 499 1650 sunt.
520 1608 603 1661 [10]

375 1690 423 1729 In
451 1690 522 1729 ΙΙΙ.
552 1690 775 1729 Nocturno.

159 1750 311 1792 Lectio
338 1749 477 1791 sancti
495 1747 723 1799 Evangelii
749 1748 992 1789 secundum

432 1805 703 1848 Matthaeum.

263 1868 414 1909 Lectio
437 1868 502 1907 vii.
655 1869 756 1919 Cap.
774 1869 830 1907 19.
849 1867 886 1907 d.

204 1944 233 1971 n
256 1930 332 1972 illo
358 1931 574 1982 tempore:
600 1928 723 1970 Dixit
748 1928 908 1971 Petrus
934 1929 992 1971 ad

228 1987 392 2029 Jesum:
419 1987 537 2028 Ecce
560 1999 642 2028 nos
666 1985 922 2038 reliquimus
947 1989 990 2028 ό-

156 2044 290 2094 mnia,
319 2049 362 2085 et
382 2044 523 2085 secuti
543 2056 693 2084 sumus
712 2047 771 2084 te:
801 2043 908 2096 quid
927 2056 991 2085 er-

156 2112 213 2152 go
234 2100 316 2142 erit
334 2099 483 2142 nobis?
512 2100 570 2141 Et
587 2099 769 2152 reliqua.

205 2171 270 2211 De
299 2169 494 2211 Homilia
522 2169 786 2212 venerabilis
814 2169 953 2211 Bedae

443 2226 708 2279 Presbyteri.

329 2296 370 2330 In
399 2296 529 2330 Natali
554 2296 588 2330 S.
616 2296 824 2330 Benedicti.

369 2354 470 2391 sunt
490 2349 668 2390 ordines
689 2348 931 2391 electorum
947 2350 991 2390 in

169 2408 171 2410 ’
197 2405 260 2452 »μ’-ΤΙ
281 2437 284 2444 .
307 2405 470 2458 judicio
491 2406 639 2447 futuri:
664 2419 776 2446 unus
800 2405 991 2458 judican-

237 2462 283 2487 4
305 2463 415 2505 tium
443 2475 542 2504 cum
570 2462 779 2512 Domino,
816 2461 872 2503 de
899 2463 990 2514 qui-

157 2520 240 2563 bus
271 2520 359 2562 hoc
389 2519 491 2561 loco
518 2521 754 2569 memorat,
792 2519 867 2570 qui
894 2518 990 2560 reli-

159 2580 349 2631 querunt
377 2576 540 2627 emnia,
578 2581 622 2617 et
647 2575 788 2617 secuti
815 2580 916 2616 sunt
944 2575 990 2616 il-

157 2635 263 2676 lum:
279 2634 389 2676 alius
404 2631 738 2686 iudicandorum
753 2632 990 2681 aDemino,

159 2692 234 2745 qui
252 2704 341 2733 non
361 2689 540 2743 quidem
560 2690 706 2730 omnia
725 2701 804 2730 sua
824 2688 990 2741 pariter

158 2749 438 2802 reliquerunt,
459 2747 540 2789 sed
559 2745 614 2789 de
634 2746 702 2787 his
721 2751 869 2788 tamen
890 2758 989 2797 quae

1046 301 1285 351 habebant,
1322 302 1602 354 quotidianas
1631 303 1738 346 dare
1766 304 1876 346 elee-

1045 361 1253 411 mosynas
1278 358 1437 400 Christi
1462 360 1731 412 pauperibus
1755 363 1876 402 cura-

1046 416 1167 457 bant:
1194 415 1311 457 unde
1340 421 1384 457 et
1412 414 1603 458 audituri
1631 423 1731 459 sunt
1752 417 1796 458 in
1820 418 1877 469 ju-

1047 472 1179 513 dicio:
1198 472 1359 514 Venite
1377 471 1600 514 benedicti
1618 474 1760 515 Patris
1779 474 1877 525 mei,

1046 528 1276 582 possidete
1312 531 1614 582 praeparatum
1650 530 1777 572 vobis
1814 543 1877 572 re-

1047 599 1180 636 gnum
1200 599 1225 627 a
1250 585 1563 627 constitutione
1581 586 1743 628 mundi.
1771 588 1878 628 Esu-

1047 643 1129 683 rivi
1148 642 1279 692 enim,
1307 647 1350 684 et
1370 641 1554 684 dedistis
1574 643 1679 684 mihi
1697 643 1877 686 mandu2

1047 701 1162 740 care:
1182 699 1309 748 sitivi,
1330 704 1373 741 et
1392 698 1577 741 dedistis
1592 699 1698 741 mihi
1714 700 1878 743 bibere.

1098 758 1148 809 R.
1164 756 1243 796 Isti
1260 761 1362 797 sunt
1378 756 1452 808 qui
1466 755 1665 798 viventes
1679 757 1723 798 in
1737 770 1877 807 carne,

1046 812 1355 865 plantaverunt
1387 812 1633 854 Ecclesiam
1669 814 1878 865 sanguine

1047 882 1141 911 suo:
1159 875 1181 897 *
1198 869 1390 911 Calicem
1409 869 1586 910 Domini
1605 869 1820 919 biberunt,
1836 875 1879 912 et

1047 927 1173 968 amici
1192 927 1275 967 Dei
1296 926 1397 968 facti
1417 932 1528 968 sunt.
1561 925 1611 976 V.
1634 927 1685 967 In
1705 939 1879 969 omnem

1046 988 1209 1035 terram
1237 984 1371 1025 exivit
1400 996 1534 1024 sonus
1567 986 1735 1033 eorum,
1765 989 1809 1026 et
1835 984 1879 1025 in

1047 1039 1157 1081 fines
1175 1040 1293 1082 orbis
1308 1046 1438 1081 terrae
1454 1040 1589 1082 verba
1605 1043 1769 1082 eorum.
1799 1040 1878 1082 Ca-

1046 1095 1185 1138 licem.

1331 1151 1484 1191 Lectio
1505 1151 1591 1191 viii.

1116 1204 1172 1247 ed
1201 1211 1243 1247 et
1272 1205 1566 1258 reproborum
1594 1205 1715 1256 duos·
1732 1206 1793 1248 ibi
1818 1207 1878 1248 fu-

1123 1266 1249 1304 turos
1270 1261 1448 1304 Ordines
1462 1263 1656 1304 Domino
1674 1265 1879 1306 narrante

1047 1321 1361 1372 comperimus:
1389 1333 1524 1360 unum
1544 1321 1713 1370 e6rum,
1739 1320 1814 1372 qui
1832 1320 1878 1361 fi-

1047 1376 1119 1418 dei
1160 1376 1411 1418 christianae
1452 1376 1672 1428 mysteriis
1712 1376 1880 1427 initiati,

1047 1436 1184 1486 opera
1212 1433 1317 1475 fidei
1349 1435 1556 1475 exercere
1585 1435 1880 1483 contemnunt,

1047 1490 1206 1542 quibus
1235 1490 1279 1531 in
1308 1490 1468 1542 judicio
1496 1492 1701 1532 testatur:
1729 1491 1879 1532 Disce-

1047 1547 1137 1588 dite
1156 1560 1181 1588 a
1200 1560 1270 1588 me
1288 1547 1512 1589 maledicti
1530 1547 1575 1588 in
1593 1547 1740 1598 ignem
1755 1549 1880 1589 aeter-

1045 1617 1165 1654 num,
1192 1604 1268 1655 qui
1292 1606 1570 1656 praeparatus
1595 1608 1663 1645 est
1687 1603 1880 1654 diabolo,

1046 1665 1090 1701 et
1108 1660 1276 1711 angelis
1292 1661 1398 1712 ejus:
1417 1661 1579 1702 esurivi
1593 1660 1719 1710 enim,
1735 1665 1779 1702 et
1791 1672 1880 1702 non

1045 1716 1230 1759 dedistis
1249 1717 1357 1758 mihi
1375 1716 1654 1759 manducare.
1677 1717 1880 1759 Alterum

1045 1776 1207 1824 eerum‚
1230 1775 1304 1827 qui
1322 1773 1457 1816 fidem
1477 1779 1520 1816 et
1533 1774 1742 1827 mysteria
1758 1773 1877 1816 Chri-

1045 1831 1102 1872 sti
1136 1831 1207 1873 vel
1243 1844 1481 1883 numquam
1517 1833 1770 1884 suscepere,
1807 1831 1879 1874 vel

1044 1890 1297 1941 susceptam
1334 1901 1414 1941 per
1446 1889 1718 1942 apostasiam
1754 1887 1877 1930 dese-

1043 1947 1184 1987 ruere:
1214 1945 1269 1987 de
1295 1945 1454 1998 quibus
1478 1945 1598 1988 dicit:
1626 1945 1711 1996 Qui
1729 1950 1877 1987 autem

1044 2015 1133 2044 non
1153 2002 1308 2053 credit,
1327 2004 1412 2055 jam
1431 2002 1647 2055 judicatus
1669 2007 1750 2044 est:
1775 2002 1877 2055 quia

1043 2072 1131 2101 non
1151 2058 1292 2102 credit
1315 2060 1361 2100 in
1380 2060 1557 2101 nemine
1576 2059 1788 2110 unigeniti
1806 2059 1875 2100 Fi-

1043 2116 1090 2157 lii
1108 2116 1203 2158 Dei.

1101 2175 1149 2225 RI-
1169 2173 1249 2215 Isti
1268 2178 1369 2216 sunt
1387 2174 1470 2216 viri
1489 2173 1641 2223 sancti,
1661 2185 1773 2226 quos
1793 2172 1875 2215 ele-

1042 2230 1107 2281 git
1125 2231 1342 2272 D6minus
1370 2230 1414 2271 in
1443 2230 1626 2272 caritate
1649 2243 1738 2271 non
1762 2229 1876 2280 ficta,

1044 2292 1088 2328 et
1103 2286 1227 2329 dedit
1241 2287 1326 2328 illis
1344 2287 1530 2338 gleriam
1549 2287 1877 2339 sempiternam:

1048 2350 1069 2371 *
1087 2344 1287 2394 Quorum,
1298 2343 1500 2386 doctrina
1515 2344 1651 2395 fulget
1667 2343 1876 2393 Ecclesia,

1044 2405 1092 2442 ut
1116 2400 1211 2442 sole
1235 2400 1348 2441 luna.
1390 2400 1441 2450 ys.
1461 2400 1610 2442 Sancti
1635 2413 1716 2453 per
1742 2399 1875 2441 fidem

1044 2458 1242 2499 vicerunt
1267 2470 1413 2509 regna,
1440 2457 1612 2510 operati
1638 2461 1738 2498 sunt
1756 2457 1874 2508 justi-

1042 2515 1160 2556 tiam.
1189 2515 1397 2565 Quorum.
1422 2514 1586 2556 Gloria.
1620 2514 1827 2564 Quorum.

1349 2579 1500 2619 Lectio
1519 2579 1573 2618 ix.

1135 2644 1258 2673 erum
1275 2631 1344 2672 his
1363 2643 1464 2672 cum
1477 2631 1635 2673 timore
1650 2635 1694 2672 et
1708 2631 1873 2682 pavore

1143 2687 1294 2730 debito
1314 2687 1538 2741 paulisper
1557 2688 1873 2728 commemora-

1027 2746 1114 2803 ·tis,
1139 2745 1197 2787 ad
1218 2745 1444 2787 laetissima
1466 2744 1614 2797 potius
1633 2743 1813 2785 Domini
1830 2748 1874 2786 et
