2040 2976
680 194 789 227 Fcria
816 195 985 228 secunda
1013 196 1061 229 ad
1088 196 1324 232 Matutinum.

195 290 396 342 Eripiens
423 292 601 342 inopem
626 289 681 330 de
705 302 836 330 manu
855 289 972 330 forti-

143 348 268 387 orum
288 347 396 398 ejus:
416 347 440 371 *
460 348 644 396 egenum
671 351 714 387 et
732 348 973 398 pauperem

141 415 167 443 a
187 401 492 455 diripientibus
513 408 622 443 eum.

193 463 430 513 Surgentes
461 467 598 504 testes
631 463 782 514 iniqui,
815 463 839 488 *
874 475 973 514 quae

139 518 397 569 ignorabam
423 518 755 569 interrogabant
781 532 862 560 me.

193 579 512 620 Retribuebant
529 579 635 619 mihi
660 578 775 620 mala
794 592 876 632 pro
896 578 972 620 bo-

140 635 225 676 nis:
245 636 268 661 *
289 635 564 677 sterilitatem
583 636 740 676 animae
759 648 881 676 meae.

191 696 287 746 Ego
329 701 475 737 autem
517 709 616 737 cum
657 695 763 736 mihi
798 695 974 737 molesti

140 757 296 802 essent,
317 752 340 777 *
359 751 572 793 induebar
591 752 744 793 cilicio.

191 811 489 854 Humiliabam
520 813 564 853 in
596 813 754 865 jejunio
784 812 973 853 animam

138 881 300 910 meam:
318 870 342 894 *
362 874 406 910 et
425 869 567 910 oratio
583 882 682 910 mea
700 869 744 909 in
759 869 856 910 sinu
871 882 971 910 meo

138 926 439 967 convertetur.'

192 986 326 1036 Quasi
353 985 621 1038 proximum,
656 991 700 1027 et
735 986 859 1038 quasi
890 986 971 1027 fra-

139 1046 252 1082 trem
270 1047 480 1092 nostrum‚
500 1042 563 1083 sic
583 1042 928 1095 complacebam:
948 1043 971 1068 *

141 1098 265 1149 quasi
278 1097 431 1149 lugens
448 1104 491 1140 et
507 1098 802 1149 contristatus,
818 1099 881 1139 sic
895 1098 970 1139 hu-

138 1153 349 1196 miliabar.

190 1214 247 1256 Et
275 1214 509 1256 adversum
527 1228 598 1256 me
617 1214 755 1256 laetati
783 1220 898 1265 sunt,
928 1220 971 1256 et

139 1272 454 1312 convenerunt:
491 1271 514 1296 *
552 1273 819 1321 congregata
870 1276 971 1312 sunt
1019 1270 1030 1278 ⁰

137 1338 269 1378 super
287 1339 358 1368 me
378 1326 560 1377 flagella,
581 1332 624 1368 et
643 1327 852 1377 ignoravi.

188 1386 402 1439 Dissipati
435 1392 553 1436 sunt,
590 1400 672 1428 nec
707 1387 969 1440 compuncti,

136 1444 414 1484 tentaverunt
457 1456 547 1492 me,
593 1442 970 1485 subsannaverunt

135 1510 206 1539 me
236 1497 594 1540 subsannatione:
627 1499 650 1524 *
683 1499 970 1541 frenduerunt

135 1566 268 1606 super
286 1567 357 1596 me
377 1554 580 1596 dentibus
599 1555 699 1596 suis.

187 1614 375 1656 Domine
397 1615 573 1668 quando
593 1615 830 1668 respicies?
855 1616 878 1641 *
904 1629 967 1657 re-

135 1672 267 1712 stitue
287 1671 475 1713 animam
494 1684 637 1713 meam
657 1685 682 1714 a
697 1672 967 1723 malignitate

137 1727 298 1778 eorum,
319 1741 344 1769 a
362 1727 563 1770 leonibus
583 1729 756 1770 unicam
774 1742 928 1770 meam.

188 1787 443 1830 Confitebor
452 1788 533 1831 tibi
546 1789 590 1830 in
604 1789 790 1831 ecclesia
799 1803 967 1841 magna,

134 1843 158 1869 *
176 1843 221 1884 in
239 1844 406 1897 populo
426 1845 549 1895 gravi
567 1844 758 1887 laudabo
777 1851 832 1888 te.

186 1904 288 1946 Non
308 1905 663 1958 supergaudeant
679 1906 784 1947 mihi
805 1907 878 1958 qui
893 1906 966 1948 ad·

134 1963 366 2002 versantur
376 1961 482 2002 mihi
491 1962 638 2014 inique
646 1978 654 2002 :
661 1962 685 1987 *
695 1963 768 2014 qui
779 1962 967 2004 oderunt

134 2029 204 2058 me
223 2017 359 2067 gratis
380 2022 423 2059 et
442 2020 636 2060 annuunt
656 2018 804 2060 oculis.

187 2078 403 2127 Quoniam
429 2078 535 2119 mihi
573 2078 749 2131 quidem
782 2079 966 2132 pacifice

133 2132 428 2185 loquebantur
438 2151 446 2174 :
457 2135 480 2160 *
492 2140 535 2176 et
545 2135 588 2175 in
598 2135 824 2177 iracundia
833 2141 965 2177 terrae

134 2188 375 2241 loquentes,
395 2190 522 2232 dolos
543 2191 806 2241 cogitabant.

186 2250 243 2291 Et
288 2250 580 2293 dilataverunt
623 2264 756 2304 super
798 2265 869 2294 me
914 2265 964 2294 os

134 2318 279 2346 suum:
306 2307 330 2332 *
359 2306 576 2349 dixerunt:
603 2308 735 2358 Euge,
757 2320 877 2359 euge,
905 2308 964 2349 vi-

135 2361 293 2403 derunt
313 2362 427 2404 oculi
445 2364 595 2405 nostri.

185 2417 347 2459 Vidisti
366 2418 564 2469 Domine,
583 2432 638 2461 ne
657 2419 804 2461 sileas:
829 2420 852 2445 *
875 2420 963 2461 Do-

132 2474 248 2515 mine
268 2487 322 2515 ne
342 2474 543 2516 discedas
563 2489 589 2516 a
606 2488 688 2517 me.

186 2535 386 2586 Exsurge
403 2540 446 2576 et
456 2535 632 2577 intende
642 2535 803 2587 judicio
813 2549 929 2578 meo:
939 2538 963 2562 *

132 2589 253 2631 Deus
280 2604 423 2640 meus,
457 2595 500 2632 et
530 2591 744 2633 Dominus
768 2605 892 2633 meus
919 2594 962 2633 in

134 2658 309 2687 causam
327 2660 481 2688 meam.

184 2702 208 2742 J
210 2702 338 2744 udica
373 2717 444 2745 me
482 2703 722 2745 secundum
756 2704 962 2756 justitiam

287 2841 351 2865 Pars
366 2842 475 2866 AEstivn.

1023 294 1144 330 tuam
1162 290 1350 332 Domine
1366 291 1486 332 Deus
1506 305 1640 342 meus,
1660 292 1683 317 *
1704 298 1748 333 et
1767 305 1854 333 non

1024 345 1378 398 supergaudeant
1396 348 1511 388 mihi.

1076 406 1178 447 Non
1224 406 1371 449 dicant
1415 409 1458 448 in
1501 408 1707 450 cordibus
1747 410 1855 450 suis:

1024 463 1158 513 Euge,
1178 476 1304 513 euge,
1333 464 1489 505 animae
1514 471 1693 506 nostrae:
1721 466 1744 490 *
1774 479 1855 506 nec

1025 518 1190 560 dicant:
1209 519 1530 561 Devoravimus
1551 534 1659 562 eum.

1076 579 1359 630 Erubescant‚
1370 586 1414 622 et
1424 584 1706 622 revereantur
1717 582 1855 632 simul,

1024 635 1047 660 *
1069 635 1143 687 qui
1162 635 1435 686 gratulantur
1454 637 1579 677 malis
1598 638 1716 678 meis.

1076 695 1319 738 Induantur
1331 697 1586 738 confusione
1602 702 1645 739 et
1656 700 1854 740 reveren-

1023 752 1084 793 tia
1112 753 1135 777 *
1165 753 1239 805 qui
1271 766 1429 804 magna
1457 753 1696 805 loquuntur
1724 768 1856 807 super
1906 795 1908 797 ,

1023 821 1105 849 me.

1076 865 1309 907 Exsultent
1329 871 1372 907 et
1387 865 1590 907 laetentur
1612 866 1685 918 qui
1703 866 1856 909 volunt

1023 921 1230 972 justitiam
1243 935 1402 963 meam:
1413 923 1436 947 *
1448 928 1491 963 et
1507 921 1653 963 dicant
1668 935 1856 976 semper:

1023 977 1326 1028 Magnificetur
1346 978 1576 1028 Dominus,
1607 978 1680 1030 qui
1704 979 1857 1021 volunt

1023 1046 1180 1085 pacem
1200 1034 1315 1075 servi
1335 1035 1436 1085 ejus.
1643 1064 1652 1067 Α

1075 1095 1132 1135 Et
1150 1094 1298 1145 lingua
1316 1107 1415 1135 mea
1438 1094 1722 1136 meditabitur
1740 1096 1855 1147 justi-

1022 1150 1129 1191 tiam
1147 1156 1278 1200 tuam,
1297 1151 1320 1176 *
1339 1156 1434 1192 tota
1450 1150 1520 1192 die
1535 1150 1710 1192 laudem
1725 1157 1855 1193 tuam.

1298 1236 1491 1276 Psalmus
1522 1238 1586 1276 35.

1024 1293 1200 1398 Dixit
1236 1302 1418 1353 injustus
1465 1307 1512 1343 ut
1549 1301 1775 1354 delinquat
1810 1304 1854 1344 in

1144 1360 1401 1410 semetipso:
1438 1358 1461 1382 *
1498 1371 1586 1398 non
1621 1364 1687 1400 est
1724 1359 1855 1400 timor

1021 1413 1105 1454 Dei
1125 1419 1225 1455 ante
1246 1414 1399 1455 oculos
1420 1415 1520 1465 ejus.

1075 1471 1290 1520 Quoniam
1337 1470 1491 1511 dolose
1538 1471 1626 1520 egit
1668 1471 1711 1511 in
1754 1484 1853 1512 con-

1021 1528 1177 1578 spectu
1196 1527 1304 1578 ejus:
1324 1527 1347 1551 *
1367 1531 1415 1568 ut
1438 1527 1683 1568 inveniatur
1702 1527 1854 1579 iniqui-

1020 1586 1088 1623 tas
1109 1583 1198 1634 ejus
1218 1582 1275 1624 ad
1295 1582 1455 1624 odium.

1073 1638 1223 1680 Verba
1243 1639 1332 1681 oris
1353 1640 1443 1691 ejus
1467 1639 1683 1691 iniquitas,
1709 1644 1753 1681 et
1778 1639 1852 1681 do-

1020 1694 1106 1736 lus:
1143 1696 1166 1721 *
1203 1695 1343 1737 noluit
1379 1695 1622 1746 intelligere
1659 1700 1706 1737 ut
1740 1695 1851 1737 bene

1022 1753 1182 1802 ageret.

1071 1808 1353 1860 Iniquitatem
1372 1807 1609 1849 meditatus
1630 1813 1696 1849 est
1719 1808 1762 1848 in
1783 1822 1852 1849 cu-

1019 1863 1097 1906 bili
1134 1877 1234 1906 suo:
1271 1865 1294 1890 *
1332 1864 1470 1906 astitit
1503 1865 1621 1905 omni
1651 1865 1734 1905 viae
1764 1877 1852 1906 non

1018 1920 1165 1971 bonae,
1189 1920 1399 1962 malitiam
1424 1926 1570 1962 autem
1594 1934 1682 1962 non
1704 1920 1851 1962 odivit.

1070 1977 1258 2018 Domine
1270 1977 1313 2017 in
1325 1976 1440 2018 coelo
1450 1976 1751 2018 misericordia
1761 1982 1851 2018 tua:

1018 2033 1042 2058 *
1062 2038 1106 2074 et
1125 2033 1286 2074 veritas
1306 2038 1381 2075 tua
1400 2046 1540 2085 usque
1560 2032 1617 2074 ad
1635 2032 1785 2074 nubes.

1070 2089 1245 2130 Justitia
1263 2094 1338 2130 tua
1366 2089 1478 2130 sicut
1505 2094 1678 2130 montes
1697 2089 1798 2130 Dei:
1827 2089 1850 2114 *

1018 2144 1176 2196 judicia
1194 2150 1269 2187 tua
1288 2145 1472 2197 abyssus
1491 2145 1639 2186 multa.

1070 2201 1294 2251 Homines,
1306 2206 1350 2243 et
1359 2202 1549 2253 jumenta
1559 2200 1750 2242 salvabis
1760 2201 1847 2242 Do·

1017 2258 1151 2298 mine:
1182 2258 1206 2283 *
1240 2257 1612 2310 quemadmodum
1643 2256 1847 2309 multipli-

1018 2314 1127 2355 casti
1145 2313 1491 2355 misericordiam
1509 2319 1630 2355 tuam
1648 2313 1780 2354 Deus.

1069 2369 1169 2410 Filii
1198 2374 1345 2411 autem
1373 2369 1614 2420 hominum,
1642 2370 1666 2395 *
1695 2370 1739 2409 in
1757 2370 1846 2419 teg-

1016 2425 1133 2466 mine
1161 2425 1330 2467 alarum
1357 2423 1532 2467 tuarum
1561 2424 1812 2478 sperabunt.

1068 2481 1408 2523 Inebriabuntur
1444 2481 1499 2522 ab
1534 2481 1737 2522 ubertate
1770 2479 1845 2521 do-

1014 2551 1112 2578 mus
1141 2542 1248 2579 tuae:
1275 2538 1299 2563 *
1328 2542 1371 2579 et
1390 2539 1586 2579 torrente
1605 2535 1844 2588 voluptatis

1014 2598 1103 2635 tuae
1122 2593 1301 2645 potabis
1322 2606 1407 2634 eos.

1068 2650 1285 2699 Quoniam
1302 2648 1421 2701 apud
1434 2653 1479 2690 te
1495 2652 1562 2689 est
1575 2648 1675 2688 fons
1689 2646 1808 2686 vitae:
1820 2645 1843 2671 *

1016 2710 1059 2746 et
1078 2705 1122 2745 in
1141 2705 1305 2746 lumine
1323 2710 1400 2746 tuo
1420 2703 1666 2745 videbimus
1686 2701 1843 2743 lumen.

1591 2829 1634 2862 4*
