2040 2976
546 1097 780 1156 Domiriica
810 1118 916 1167 post
944 1113 1160 1155 Octavam
1187 1112 1529 1164 Assumptionis.

182 1207 673 1271 PURISSIMI
731 1206 1080 1270 CORDIS
1140 1206 1200 1268 Β.
1262 1206 1602 1268 MARIAE
1648 1205 1897 1269 VIRG.

879 1307 1035 1350 Duplex
1059 1306 1193 1348 majus.

400 1387 460 1427 In
477 1387 513 1427 1.
534 1386 784 1437 vesperis.

231 1455 315 1489 Ant.
337 1455 383 1489 de
403 1455 520 1488 Laud.
544 1452 655 1496 [358];
682 1455 742 1488 Ps.
766 1459 806 1488 ut
827 1455 865 1487 in
884 1454 1009 1487 Festis

179 1503 217 1536 Β.
245 1503 376 1536 Mariae
404 1503 444 1536 V.
471 1501 563 1545 [133]

296 1607 312 1617 ff
382 1564 641 1616 Capitulum.
738 1563 957 1604 Cantb'b.

123 1670 129 1680 Ι
180 1622 194 1668 ΕΞ
220 1642 280 1685 1!
329 1635 413 1664 one
432 1636 502 1664 me
521 1629 570 1665 ut
589 1623 862 1674 signaculum
878 1635 1012 1675 super

184 1703 317 1773 ἐξ
355 1679 1012 1789 ἓ3ἑ6ἱ“ιοῖἳεωὲἷῃῗὲἓὲῗ“ἕὲέ

176 1790 302 1832 fortis
333 1796 401 1833 est
432 1798 480 1834 ut
515 1805 635 1834 mors
668 1791 864 1843 dilefictio,
901 1792 1011 1834 dura

177 1846 289 1888 sieut
316 1847 510 1890 infe'rnus
539 1849 773 1891 aemulatio.
825 1849 1010 1903 Lampa-

178 1901 256 1945 des
299 1905 408 1956 ejus,
450 1905 681 1958 lampades
722 1905 835 1957 ignis
878 1911 1011 1958 atque

179 1959 466 2003 flammarum.

488 2032 698 2082 Hymnus.

335 2105 389 2133 ve
408 2093 540 2134 maris
560 2093 698 2144 stella,

361 2149 445 2190 Dei
464 2150 606 2192 Mater
627 2150 752 2200 alma,

309 2205 457 2257 Atque
477 2219 652 2260 semper
669 2208 820 2259 Virgo,

309 2260 435 2303 Felix
457 2264 558 2304 coeli
576 2269 716 2316 porta.

258 2334 444 2373 Sumens
464 2331 571 2374 illud
591 2333 688 2375 Ave

313 2387 531 2429 Gabricilis
552 2401 640 2438 ore,

310 2443 466 2486 Funda
485 2457 567 2486 nos
586 2445 629 2485 in
648 2459 769 2498 pace,

310 2500 485 2542 Mutans
504 2502 644 2543 Hevae
663 2515 834 2544 nomen.

263 2569 396 2612 Solve
416 2570 559 2612 vincla
577 2571 674 2619 reis,

311 2627 466 2668 Profer
484 2627 632 2669 lumen
652 2627 793 2676 caecis,

313 2683 429 2724 Mala
448 2689 600 2725 nostra
619 2683 746 2736 pelle,

313 2739 438 2780 Bona
457 2746 615 2782 cuneta
633 2753 782 2793 posce.

1148 1383 1345 1422 Monstra
1363 1385 1408 1422 te
1428 1393 1525 1423 esse
1543 1386 1740 1431 matrem,

1196 1438 1348 1480 Sumat
1366 1451 1446 1491 per
1466 1443 1509 1480 te
1528 1450 1695 1491 preceS,

1197 1495 1282 1546 Qui
1301 1508 1384 1548 pro
1404 1494 1532 1537 nobis
1551 1499 1690 1546 natus,

1195 1551 1318 1594 Tulit
1339 1565 1436 1594 esse
1455 1556 1567 1594 tuus.

1146 1621 1284 1673 Virgo
1305 1622 1546 1673 singularis,

1195 1678 1316 1720 Inter
1337 1691 1491 1720 omnes
1510 1678 1640 1728 mitis,

1196 1734 1292 1776 Nos
1313 1735 1454 1788 culpis
1474 1735 1647 1776 solfitos

1195 1791 1325 1833 Mites
1345 1791 1415 1833 fac
1434 1796 1478 1833 et
1497 1796 1656 1833 castos.

1146 1861 1293 1902 Vitam
1310 1866 1476 1914 praesta
1492 1874 1660 1914 puram,

1195 1918 1287 1959 Iter
1305 1930 1415 1970 para
1432 1922 1587 1968 tutum,

1196 1974 1256 2016 Ut
1274 1973 1476 2016 vide'mtes
1495 1974 1520 2015 J
1523 1987 1647 2016 esum

1195 2030 1380 2084 Semper
1399 2030 1682 2073 collaetamur.

1143 2099 1209 2142 Sit
1226 2099 1322 2142 laus
1341 2100 1439 2141 Deo
1459 2099 1590 2150 Patri,

1196 2157 1376 2198 Summo
1398 2156 1573 2198 Christo
1597 2155 1743 2206 decus,

1197 2213 1378 2266 Spiritui
1397 2218 1562 2263 sancto,

1197 2268 1360 2311 Tribus
1378 2269 1521 2311 honor
1539 2281 1662 2310 unus.

1378 2325 1533 2367 Amen.

1122 2386 1171 2438 V.
1200 2390 1396 2441 Exsfilta,
1419 2390 1463 2431 in
1493 2389 1613 2431 omni
1645 2389 1781 2431 corde
1812 2388 1903 2430 fssia

1066 2448 1322 2491 Jerusalem.
1353 2448 1404 2499 R.
1419 2447 1518 2488 Rex
1531 2445 1671 2487 Israffl
1685 2445 1902 2487 DOminus

1067 2505 1111 2546 in
1130 2504 1279 2546 mddio
1298 2503 1374 2545 tui.

1124 2567 1194 2609 Ad
1219 2568 1392 2619 Magnis.
1426 2568 1525 2609 Ant.
1554 2566 1803 2608 Exsultavit
1825 2574 1903 2608 cor

1068 2639 1215 2668 meum
1251 2626 1295 2666 in
1331 2625 1542 2674 D6min0,
1580 2628 1624 2665 et
1661 2622 1903 2665 exaltatum

1070 2688 1138 2724 est
1157 2695 1295 2724 cornu
1317 2693 1464 2722 meum
1482 2681 1527 2722 in
1545 2680 1644 2722 Deo
1663 2691 1775 2729 meo,
1801 2678 1904 2731 quia

1069 2740 1219 2780 laetata
1239 2751 1336 2779 sum
1354 2738 1398 2778 in
1417 2736 1599 2779 salutari
1617 2741 1705 2778 tuo.
