<?xml version="1.0" encoding="UTF-8"?>
<!DOCTYPE html PUBLIC "-//W3C//DTD XHTML 1.0 Transitional//EN"
    "http://www.w3.org/TR/xhtml1/DTD/xhtml1-transitional.dtd">
<html xmlns="http://www.w3.org/1999/xhtml" xml:lang="en" lang="en">
 <head>
  <title>
</title>
<meta http-equiv="Content-Type" content="text/html;charset=utf-8" />
  <meta name='ocr-system' content='tesseract 3.04.00' />
  <meta name='ocr-capabilities' content='ocr_page ocr_carea ocr_par ocr_line ocrx_word'/>
</head>
<body>
  <div class='ocr_page' id='page_1' title='image "./p3breviariumroma00cathuoft_0655.png"; bbox 0 0 2040 2976; ppageno 0'>
   <div class='ocr_carea' id='block_1_1' title="bbox 777 227 1231 262">
    <p class='ocr_par' dir='ltr' id='par_1_1' title="bbox 777 227 1231 262">
     <span class='ocr_line' id='line_1_1' title="bbox 777 227 1231 262; baseline 0 0"><span class='ocrx_word' id='word_1_1' title='bbox 777 228 986 262; x_wconf 84' lang='lat' dir='ltr'>Commune</span> <span class='ocrx_word' id='word_1_2' title='bbox 1011 227 1231 262; x_wconf 78' lang='lat' dir='ltr'>Doctorum.</span> 
     </span>
    </p>
   </div>
   <div class='ocr_carea' id='block_1_2' title="bbox 143 320 979 982">
    <p class='ocr_par' dir='ltr' id='par_1_2' title="bbox 143 320 979 982">
     <span class='ocr_line' id='line_1_2' title="bbox 145 320 979 362; baseline -0.004 0"><span class='ocrx_word' id='word_1_3' title='bbox 145 322 288 362; x_wconf 90' lang='lat' dir='ltr'>minus</span> <span class='ocrx_word' id='word_1_4' title='bbox 314 321 441 362; x_wconf 85' lang='lat' dir='ltr'><strong>misit.</strong></span> <span class='ocrx_word' id='word_1_5' title='bbox 475 321 532 362; x_wconf 86' lang='lat' dir='ltr'>Et</span> <span class='ocrx_word' id='word_1_6' title='bbox 556 321 628 362; x_wconf 91' lang='grc'>1110</span> <span class='ocrx_word' id='word_1_7' title='bbox 651 320 863 362; x_wconf 92' lang='lat' dir='ltr'>mundum</span> <span class='ocrx_word' id='word_1_8' title='bbox 889 332 979 360; x_wconf 92' lang='lat' dir='ltr'>non</span> 
     </span>
     <span class='ocr_line' id='line_1_3' title="bbox 146 375 978 427; baseline -0.002 -9"><span class='ocrx_word' id='word_1_9' title='bbox 146 377 308 418; x_wconf 90' lang='lat' dir='ltr'>coelum</span> <span class='ocrx_word' id='word_1_10' title='bbox 324 381 367 418; x_wconf 91' lang='lat' dir='ltr'>et</span> <span class='ocrx_word' id='word_1_11' title='bbox 384 381 558 426; x_wconf 90' lang='lat' dir='ltr'>terram,</span> <span class='ocrx_word' id='word_1_12' title='bbox 579 376 658 418; x_wconf 93' lang='lat' dir='ltr'>sed</span> <span class='ocrx_word' id='word_1_13' title='bbox 671 376 883 426; x_wconf 82' lang='lat' dir='ltr'>homines,</span> <span class='ocrx_word' id='word_1_14' title='bbox 904 375 978 427; x_wconf 93' lang='lat' dir='ltr'>qui</span> 
     </span>
     <span class='ocr_line' id='line_1_4' title="bbox 146 432 976 484; baseline -0.004 -10"><span class='ocrx_word' id='word_1_15' title='bbox 146 437 247 474; x_wconf 89' lang='lat' dir='ltr'>sunt</span> <span class='ocrx_word' id='word_1_16' title='bbox 271 433 315 473; x_wconf 91' lang='lat' dir='ltr'>in</span> <span class='ocrx_word' id='word_1_17' title='bbox 339 432 521 482; x_wconf 91' lang='lat' dir='ltr'>mundo,</span> <span class='ocrx_word' id='word_1_18' title='bbox 554 433 625 474; x_wconf 88' lang='lat' dir='ltr'>vel</span> <span class='ocrx_word' id='word_1_19' title='bbox 650 432 834 484; x_wconf 84' lang='lat' dir='ltr'>diligunt</span> <span class='ocrx_word' id='word_1_20' title='bbox 857 445 976 472; x_wconf 92' lang='lat' dir='ltr'>mun-</span> 
     </span>
     <span class='ocr_line' id='line_1_5' title="bbox 146 487 976 541; baseline -0.002 -11"><span class='ocrx_word' id='word_1_21' title='bbox 146 488 265 538; x_wconf 92' lang='lat' dir='ltr'>dum,</span> <span class='ocrx_word' id='word_1_22' title='bbox 290 490 468 541; x_wconf 87' lang='lat' dir='ltr'>oportet</span> <span class='ocrx_word' id='word_1_23' title='bbox 485 488 680 539; x_wconf 86' lang='lat' dir='ltr'>intelligi,</span> <span class='ocrx_word' id='word_1_24' title='bbox 707 488 865 540; x_wconf 91' lang='lat' dir='ltr'>quibus</span> <span class='ocrx_word' id='word_1_25' title='bbox 883 487 976 528; x_wconf 91' lang='lat' dir='ltr'>illu-</span> 
     </span>
     <span class='ocr_line' id='line_1_6' title="bbox 145 543 976 597; baseline -0.002 -12"><span class='ocrx_word' id='word_1_26' title='bbox 145 544 361 586; x_wconf 82' lang='lat' dir='ltr'>minandis</span> <span class='ocrx_word' id='word_1_27' title='bbox 376 544 586 597; x_wconf 88' lang='lat' dir='ltr'>Apostoli</span> <span class='ocrx_word' id='word_1_28' title='bbox 600 544 723 585; x_wconf 91' lang='lat' dir='ltr'>missi</span> <span class='ocrx_word' id='word_1_29' title='bbox 739 548 850 585; x_wconf 89' lang='lat' dir='ltr'>sunt.</span> <span class='ocrx_word' id='word_1_30' title='bbox 875 543 976 584; x_wconf 90' lang='lat' dir='ltr'>Non</span> 
     </span>
     <span class='ocr_line' id='line_1_7' title="bbox 145 600 975 653; baseline -0.002 -11"><span class='ocrx_word' id='word_1_31' title='bbox 145 605 296 653; x_wconf 87' lang='lat' dir='ltr'>potest</span> <span class='ocrx_word' id='word_1_32' title='bbox 312 601 464 642; x_wconf 86' lang='lat' dir='ltr'>civitas</span> <span class='ocrx_word' id='word_1_33' title='bbox 479 600 693 642; x_wconf 87' lang='lat' dir='ltr'>abscondi</span> <span class='ocrx_word' id='word_1_34' title='bbox 707 612 840 653; x_wconf 91' lang='lat' dir='ltr'>super</span> <span class='ocrx_word' id='word_1_35' title='bbox 855 612 975 640; x_wconf 91' lang='lat' dir='ltr'>mon-</span> 
     </span>
     <span class='ocr_line' id='line_1_8' title="bbox 145 656 976 708; baseline -0.004 -10"><span class='ocrx_word' id='word_1_36' title='bbox 145 661 235 698; x_wconf 88' lang='lat' dir='ltr'>tem</span> <span class='ocrx_word' id='word_1_37' title='bbox 262 656 424 708; x_wconf 88' lang='lat' dir='ltr'>posita:</span> <span class='ocrx_word' id='word_1_38' title='bbox 453 656 500 698; x_wconf 91' lang='lat' dir='ltr'>id</span> <span class='ocrx_word' id='word_1_39' title='bbox 527 661 609 706; x_wconf 85' lang='lat' dir='ltr'>est,</span> <span class='ocrx_word' id='word_1_40' title='bbox 635 656 818 698; x_wconf 85' lang='lat' dir='ltr'>fundata</span> <span class='ocrx_word' id='word_1_41' title='bbox 844 668 976 708; x_wconf 89' lang='lat' dir='ltr'>super</span> 
     </span>
     <span class='ocr_line' id='line_1_9' title="bbox 145 712 975 764; baseline 0 -12"><span class='ocrx_word' id='word_1_42' title='bbox 145 713 359 764; x_wconf 83' lang='lat' dir='ltr'>insignem</span> <span class='ocrx_word' id='word_1_43' title='bbox 408 714 702 764; x_wconf 84' lang='lat' dir='ltr'>magnamque</span> <span class='ocrx_word' id='word_1_44' title='bbox 752 712 975 764; x_wconf 89' lang='lat' dir='ltr'>justitiam,</span> 
     </span>
     <span class='ocr_line' id='line_1_10' title="bbox 146 769 975 821; baseline 0 -12"><span class='ocrx_word' id='word_1_45' title='bbox 146 781 277 821; x_wconf 92' lang='lat' dir='ltr'>quam</span> <span class='ocrx_word' id='word_1_46' title='bbox 307 769 524 819; x_wconf 86' lang='lat' dir='ltr'>significat</span> <span class='ocrx_word' id='word_1_47' title='bbox 556 769 688 810; x_wconf 84' lang='lat' dir='ltr'>etiam</span> <span class='ocrx_word' id='word_1_48' title='bbox 713 769 810 821; x_wconf 92' lang='lat' dir='ltr'>ipse</span> <span class='ocrx_word' id='word_1_49' title='bbox 836 781 975 818; x_wconf 92' lang='lat' dir='ltr'>mons,</span> 
     </span>
     <span class='ocr_line' id='line_1_11' title="bbox 143 824 758 877; baseline 0.002 -12"><span class='ocrx_word' id='word_1_50' title='bbox 143 825 187 865; x_wconf 91' lang='lat' dir='ltr'>in</span> <span class='ocrx_word' id='word_1_51' title='bbox 209 837 296 877; x_wconf 91' lang='lat' dir='ltr'>quo</span> <span class='ocrx_word' id='word_1_52' title='bbox 317 824 514 877; x_wconf 88' lang='lat' dir='ltr'>disputat</span> <span class='ocrx_word' id='word_1_53' title='bbox 531 825 758 866; x_wconf 91' lang='lat' dir='ltr'>Dominus.</span> 
     </span>
     <span class='ocr_line' id='line_1_12' title="bbox 200 881 756 924; baseline -0.002 -1"><span class='ocrx_word' id='word_1_54' title='bbox 200 885 259 924; x_wconf 90' lang='lat' dir='ltr'>Te</span> <span class='ocrx_word' id='word_1_55' title='bbox 277 881 421 922; x_wconf 92' lang='lat' dir='ltr'>Deum</span> <span class='ocrx_word' id='word_1_56' title='bbox 439 881 679 922; x_wconf 87' lang='lat' dir='ltr'>laudamus.</span> <span class='ocrx_word' id='word_1_57' title='bbox 699 883 756 922; x_wconf 88' lang='lat'>13.</span> 
     </span>
     <span class='ocr_line' id='line_1_13' title="bbox 351 953 767 982; baseline 0.002 -1"><span class='ocrx_word' id='word_1_58' title='bbox 351 953 767 982; x_wconf 37' lang='grc' dir='ltr'>-ἑρεὲ--α</span> 
     </span>
    </p>
   </div>
   <div class='ocr_carea' id='block_1_3' title="bbox 142 1012 975 2541">
    <p class='ocr_par' dir='ltr' id='par_1_3' title="bbox 145 1012 974 1167">
     <span class='ocr_line' id='line_1_14' title="bbox 286 1012 799 1054; baseline -0.002 0"><span class='ocrx_word' id='word_1_59' title='bbox 286 1050 289 1054; x_wconf 92' lang='grc'>.</span> <span class='ocrx_word' id='word_1_60' title='bbox 319 1012 381 1053; x_wconf 88' lang='lat' dir='ltr'>H.</span> <span class='ocrx_word' id='word_1_61' title='bbox 422 1012 538 1053; x_wconf 84' lang='lat' dir='ltr'>Alia</span> <span class='ocrx_word' id='word_1_62' title='bbox 564 1012 799 1054; x_wconf 87' lang='lat' dir='ltr'>Homilia.</span> 
     </span>
     <span class='ocr_line' id='line_1_15' title="bbox 145 1070 974 1121; baseline 0 -9"><span class='ocrx_word' id='word_1_63' title='bbox 145 1070 295 1113; x_wconf 87' lang='lat' dir='ltr'>Lectio</span> <span class='ocrx_word' id='word_1_64' title='bbox 320 1070 460 1111; x_wconf 88' lang='lat' dir='ltr'>sancti</span> <span class='ocrx_word' id='word_1_65' title='bbox 480 1070 707 1121; x_wconf 82' lang='lat' dir='ltr'>Evangelii</span> <span class='ocrx_word' id='word_1_66' title='bbox 731 1071 974 1112; x_wconf 83' lang='lat' dir='ltr'>secundum</span> 
     </span>
     <span class='ocr_line' id='line_1_16' title="bbox 426 1126 695 1167; baseline 0 0"><span class='ocrx_word' id='word_1_67' title='bbox 426 1126 695 1167; x_wconf 80' lang='lat' dir='ltr'>Matthaeum.</span> 
     </span>
    </p>

    <p class='ocr_par' dir='ltr' id='par_1_4' title="bbox 249 1190 871 1242">
     <span class='ocr_line' id='line_1_17' title="bbox 249 1190 871 1242; baseline 0 -12"><span class='ocrx_word' id='word_1_68' title='bbox 249 1190 399 1231; x_wconf 85' lang='lat' dir='ltr'>Lectio</span> <span class='ocrx_word' id='word_1_69' title='bbox 421 1191 487 1231; x_wconf 82' lang='lat' dir='ltr'>vii.</span> <span class='ocrx_word' id='word_1_70' title='bbox 661 1192 763 1242; x_wconf 87' lang='lat' dir='ltr'>Cap.</span> <span class='ocrx_word' id='word_1_71' title='bbox 779 1192 815 1230; x_wconf 78' lang='lat'>5.</span> <span class='ocrx_word' id='word_1_72' title='bbox 832 1192 871 1231; x_wconf 87' lang='lat' dir='ltr'>b.</span> 
     </span>
    </p>

    <p class='ocr_par' dir='ltr' id='par_1_5' title="bbox 142 1243 972 1349">
     <span class='ocr_line' id='line_1_18' title="bbox 142 1243 972 1349; baseline 0 -61"><span class='ocrx_word' id='word_1_73' title='bbox 142 1243 219 1349; x_wconf 87' lang='lat' dir='ltr'>In</span> <span class='ocrx_word' id='word_1_74' title='bbox 236 1247 311 1289; x_wconf 91' lang='lat' dir='ltr'>illo</span> <span class='ocrx_word' id='word_1_75' title='bbox 331 1249 548 1300; x_wconf 88' lang='lat' dir='ltr'>tempore:</span> <span class='ocrx_word' id='word_1_76' title='bbox 567 1247 690 1288; x_wconf 80' lang='lat' dir='ltr'><strong>Dixit</strong></span> <span class='ocrx_word' id='word_1_77' title='bbox 703 1248 727 1288; x_wconf 91' lang='lat' dir='ltr'>J</span> <span class='ocrx_word' id='word_1_78' title='bbox 730 1261 830 1289; x_wconf 90' lang='lat' dir='ltr'>esus</span> <span class='ocrx_word' id='word_1_79' title='bbox 846 1248 972 1290; x_wconf 89' lang='lat' dir='ltr'>disei-</span> 
     </span>
    </p>

    <p class='ocr_par' dir='ltr' id='par_1_6' title="bbox 142 1304 972 1467">
     <span class='ocr_line' id='line_1_19' title="bbox 208 1304 972 1357; baseline 0 -13"><span class='ocrx_word' id='word_1_80' title='bbox 208 1304 324 1357; x_wconf 91' lang='lat' dir='ltr'>pulis</span> <span class='ocrx_word' id='word_1_81' title='bbox 350 1304 455 1345; x_wconf 92' lang='lat' dir='ltr'>suis:</span> <span class='ocrx_word' id='word_1_82' title='bbox 480 1304 576 1345; x_wconf 87' lang='lat' dir='ltr'>Vos</span> <span class='ocrx_word' id='word_1_83' title='bbox 606 1304 710 1345; x_wconf 89' lang='lat' dir='ltr'>estis</span> <span class='ocrx_word' id='word_1_84' title='bbox 739 1304 804 1345; x_wconf 89' lang='lat' dir='ltr'>sal</span> <span class='ocrx_word' id='word_1_85' title='bbox 831 1309 972 1346; x_wconf 80' lang='lat' dir='ltr'>terrae.</span> 
     </span>
     <span class='ocr_line' id='line_1_20' title="bbox 144 1359 972 1413; baseline 0.001 -12"><span class='ocrx_word' id='word_1_86' title='bbox 144 1359 274 1410; x_wconf 92' lang='lat' dir='ltr'>Quod</span> <span class='ocrx_word' id='word_1_87' title='bbox 292 1360 330 1401; x_wconf 88' lang='lat' dir='ltr'>si</span> <span class='ocrx_word' id='word_1_88' title='bbox 348 1359 413 1400; x_wconf 88' lang='lat' dir='ltr'>sal</span> <span class='ocrx_word' id='word_1_89' title='bbox 428 1360 663 1410; x_wconf 83' lang='lat' dir='ltr'>evanuerit,</span> <span class='ocrx_word' id='word_1_90' title='bbox 682 1360 726 1400; x_wconf 90' lang='lat' dir='ltr'>in</span> <span class='ocrx_word' id='word_1_91' title='bbox 746 1373 834 1413; x_wconf 90' lang='lat' dir='ltr'>quo</span> <span class='ocrx_word' id='word_1_92' title='bbox 850 1361 972 1402; x_wconf 88' lang='lat' dir='ltr'>salie-</span> 
     </span>
     <span class='ocr_line' id='line_1_21' title="bbox 142 1414 518 1467; baseline 0 -11"><span class='ocrx_word' id='word_1_93' title='bbox 142 1414 235 1457; x_wconf 87' lang='lat' dir='ltr'>tur?</span> <span class='ocrx_word' id='word_1_94' title='bbox 263 1416 321 1457; x_wconf 91' lang='lat' dir='ltr'>Et</span> <span class='ocrx_word' id='word_1_95' title='bbox 339 1415 518 1467; x_wconf 90' lang='lat' dir='ltr'>reliqua.</span> 
     </span>
    </p>

    <p class='ocr_par' dir='ltr' id='par_1_7' title="bbox 142 1483 975 2208">
     <span class='ocr_line' id='line_1_22' title="bbox 176 1483 940 1537; baseline -0.004 -10"><span class='ocrx_word' id='word_1_96' title='bbox 176 1484 367 1528; x_wconf 91' lang='lat' dir='ltr'>Homilia</span> <span class='ocrx_word' id='word_1_97' title='bbox 387 1484 527 1525; x_wconf 84' lang='lat' dir='ltr'>sancti</span> <span class='ocrx_word' id='word_1_98' title='bbox 544 1483 702 1525; x_wconf 88' lang='lat' dir='ltr'>Hilarii</span> <span class='ocrx_word' id='word_1_99' title='bbox 720 1484 940 1537; x_wconf 83' lang='lat' dir='ltr'><strong>Episcopi.</strong></span> 
     </span>
     <span class='ocr_line' id='line_1_23' title="bbox 247 1547 874 1584; baseline -0.002 -2"><span class='ocrx_word' id='word_1_100' title='bbox 247 1547 391 1583; x_wconf 88' lang='lat' dir='ltr'>Comm.</span> <span class='ocrx_word' id='word_1_101' title='bbox 417 1548 456 1582; x_wconf 89' lang='lat' dir='ltr'>in</span> <span class='ocrx_word' id='word_1_102' title='bbox 480 1549 714 1584; x_wconf 78' lang='lat' dir='ltr'>Matthaeum.</span> <span class='ocrx_word' id='word_1_103' title='bbox 740 1558 820 1582; x_wconf 86' lang='lat' dir='ltr'>can.</span> <span class='ocrx_word' id='word_1_104' title='bbox 845 1549 874 1582; x_wconf 74' lang='lat'>4.</span> 
     </span>
     <span class='ocr_line' id='line_1_24' title="bbox 151 1596 974 1649; baseline 0.004 -14"><span class='ocrx_word' id='word_1_105' title='bbox 151 1614 247 1649; x_wconf 47' lang='lat'>2532225</span> <span class='ocrx_word' id='word_1_106' title='bbox 375 1597 480 1637; x_wconf 90' lang='lat' dir='ltr'>estis</span> <span class='ocrx_word' id='word_1_107' title='bbox 510 1597 575 1638; x_wconf 87' lang='lat' dir='ltr'>sal</span> <span class='ocrx_word' id='word_1_108' title='bbox 602 1601 748 1638; x_wconf 82' lang='lat' dir='ltr'>terrae·</span> <span class='ocrx_word' id='word_1_109' title='bbox 783 1596 903 1649; x_wconf 92' lang='lat' dir='ltr'>quod</span> <span class='ocrx_word' id='word_1_110' title='bbox 937 1597 974 1638; x_wconf 93' lang='lat' dir='ltr'>si</span> 
     </span>
     <span class='ocr_line' id='line_1_25' title="bbox 200 1645 972 1704; baseline 0 -10"><span class='ocrx_word' id='word_1_111' title='bbox 200 1645 242 1669; x_wconf 61' lang='lat'>&#39;‘²³&#39;&#39;</span> <span class='ocrx_word' id='word_1_112' title='bbox 314 1652 379 1692; x_wconf 89' lang='lat' dir='ltr'>sal</span> <span class='ocrx_word' id='word_1_113' title='bbox 396 1652 658 1694; x_wconf 85' lang='lat' dir='ltr'>infatuatum</span> <span class='ocrx_word' id='word_1_114' title='bbox 676 1653 816 1704; x_wconf 80' lang='lat' dir='ltr'>fuerit,</span> <span class='ocrx_word' id='word_1_115' title='bbox 836 1652 893 1694; x_wconf 90' lang='lat' dir='ltr'>ad</span> <span class='ocrx_word' id='word_1_116' title='bbox 912 1655 972 1694; x_wconf 91' lang='lat' dir='ltr'>ni-</span> 
     </span>
     <span class='ocr_line' id='line_1_26' title="bbox 156 1685 972 1761; baseline 0.003 -13"><span class='ocrx_word' id='word_1_117' title='bbox 156 1722 217 1742; x_wconf 64' lang='lat'>³³³</span> <span class='ocrx_word' id='word_1_118' title='bbox 311 1707 449 1749; x_wconf 90' lang='lat' dir='ltr'>hilum</span> <span class='ocrx_word' id='word_1_119' title='bbox 476 1709 594 1751; x_wconf 86' lang='lat' dir='ltr'>valet</span> <span class='ocrx_word' id='word_1_120' title='bbox 625 1709 671 1750; x_wconf 91' lang='lat' dir='ltr'>id</span> <span class='ocrx_word' id='word_1_121' title='bbox 700 1685 822 1761; x_wconf 84' lang='lat' dir='ltr'>quod</span> <span class='ocrx_word' id='word_1_122' title='bbox 849 1709 972 1750; x_wconf 89' lang='lat' dir='ltr'>salie-</span> 
     </span>
     <span class='ocr_line' id='line_1_27' title="bbox 142 1735 972 1815; baseline 0.002 -11"><span class='ocrx_word' id='word_1_123' title='bbox 142 1735 223 1804; x_wconf 88' lang='lat' dir='ltr'>tur.</span> <span class='ocrx_word' id='word_1_124' title='bbox 258 1762 345 1814; x_wconf 83' lang='lat' dir='ltr'>Sal,</span> <span class='ocrx_word' id='word_1_125' title='bbox 364 1769 413 1806; x_wconf 93' lang='lat' dir='ltr'>ut</span> <span class='ocrx_word' id='word_1_126' title='bbox 432 1765 637 1815; x_wconf 89' lang='lat' dir='ltr'>arbitror,</span> <span class='ocrx_word' id='word_1_127' title='bbox 656 1769 787 1806; x_wconf 81' lang='lat' dir='ltr'>terrae</span> <span class='ocrx_word' id='word_1_128' title='bbox 806 1765 972 1806; x_wconf 87' lang='lat' dir='ltr'>nullum</span> 
     </span>
     <span class='ocr_line' id='line_1_28' title="bbox 143 1796 974 1873; baseline 0.001 -12"><span class='ocrx_word' id='word_1_129' title='bbox 143 1824 221 1861; x_wconf 87' lang='lat' dir='ltr'>est.</span> <span class='ocrx_word' id='word_1_130' title='bbox 253 1796 487 1871; x_wconf 81' lang='lat' dir='ltr'>Quomodo</span> <span class='ocrx_word' id='word_1_131' title='bbox 514 1834 618 1872; x_wconf 88' lang='lat' dir='ltr'>ergo</span> <span class='ocrx_word' id='word_1_132' title='bbox 639 1821 885 1873; x_wconf 87' lang='lat' dir='ltr'>Apostolos</span> <span class='ocrx_word' id='word_1_133' title='bbox 910 1821 974 1862; x_wconf 82' lang='lat' dir='ltr'>sal</span> 
     </span>
     <span class='ocr_line' id='line_1_29' title="bbox 144 1877 974 1930; baseline 0.001 -13"><span class='ocrx_word' id='word_1_134' title='bbox 144 1880 274 1917; x_wconf 86' lang='lat' dir='ltr'>terrae</span> <span class='ocrx_word' id='word_1_135' title='bbox 293 1877 584 1930; x_wconf 85' lang='lat' dir='ltr'>nuncupavit?</span> <span class='ocrx_word' id='word_1_136' title='bbox 613 1877 701 1918; x_wconf 85' lang='lat' dir='ltr'>Sed</span> <span class='ocrx_word' id='word_1_137' title='bbox 723 1880 974 1930; x_wconf 82' lang='lat' dir='ltr'>proprietas</span> 
     </span>
     <span class='ocr_line' id='line_1_30' title="bbox 146 1933 975 1985; baseline 0.002 -12"><span class='ocrx_word' id='word_1_138' title='bbox 146 1936 213 1973; x_wconf 89' lang='lat' dir='ltr'>est</span> <span class='ocrx_word' id='word_1_139' title='bbox 241 1933 479 1984; x_wconf 77' lang='lat' dir='ltr'>quaerenda</span> <span class='ocrx_word' id='word_1_140' title='bbox 506 1933 741 1983; x_wconf 91' lang='lat' dir='ltr'>dictorum,</span> <span class='ocrx_word' id='word_1_141' title='bbox 771 1946 903 1985; x_wconf 88' lang='lat' dir='ltr'>quam</span> <span class='ocrx_word' id='word_1_142' title='bbox 931 1938 975 1975; x_wconf 91' lang='lat' dir='ltr'>et</span> 
     </span>
     <span class='ocr_line' id='line_1_31' title="bbox 145 1987 974 2042; baseline 0.002 -14"><span class='ocrx_word' id='word_1_143' title='bbox 145 1987 467 2040; x_wconf 81' lang='lat' dir='ltr'>Apostolorum</span> <span class='ocrx_word' id='word_1_144' title='bbox 503 1989 712 2039; x_wconf 87' lang='lat' dir='ltr'>officium,</span> <span class='ocrx_word' id='word_1_145' title='bbox 759 1994 803 2031; x_wconf 88' lang='lat' dir='ltr'>et</span> <span class='ocrx_word' id='word_1_146' title='bbox 835 1990 974 2042; x_wconf 90' lang='lat' dir='ltr'>ipsius</span> 
     </span>
     <span class='ocr_line' id='line_1_32' title="bbox 146 2043 974 2087; baseline 0.001 -3"><span class='ocrx_word' id='word_1_147' title='bbox 146 2043 249 2085; x_wconf 86' lang='lat' dir='ltr'>salis</span> <span class='ocrx_word' id='word_1_148' title='bbox 267 2048 426 2086; x_wconf 83' lang='lat' dir='ltr'>natura</span> <span class='ocrx_word' id='word_1_149' title='bbox 443 2045 718 2087; x_wconf 86' lang='lat' dir='ltr'>monstrabit.</span> <span class='ocrx_word' id='word_1_150' title='bbox 751 2045 824 2086; x_wconf 90' lang='lat' dir='ltr'>Sal</span> <span class='ocrx_word' id='word_1_151' title='bbox 844 2050 911 2087; x_wconf 91' lang='lat' dir='ltr'>est</span> <span class='ocrx_word' id='word_1_152' title='bbox 930 2046 974 2086; x_wconf 92' lang='lat' dir='ltr'>in</span> 
     </span>
     <span class='ocr_line' id='line_1_33' title="bbox 146 2101 974 2154; baseline 0.004 -14"><span class='ocrx_word' id='word_1_153' title='bbox 146 2112 194 2141; x_wconf 92' lang='lat' dir='ltr'>se</span> <span class='ocrx_word' id='word_1_154' title='bbox 235 2113 322 2141; x_wconf 93' lang='lat' dir='ltr'>uno</span> <span class='ocrx_word' id='word_1_155' title='bbox 360 2101 589 2143; x_wconf 87' lang='lat' dir='ltr'>continens</span> <span class='ocrx_word' id='word_1_156' title='bbox 626 2115 754 2154; x_wconf 83' lang='lat' dir='ltr'>aquae</span> <span class='ocrx_word' id='word_1_157' title='bbox 788 2106 832 2143; x_wconf 89' lang='lat' dir='ltr'>et</span> <span class='ocrx_word' id='word_1_158' title='bbox 862 2102 974 2153; x_wconf 89' lang='lat' dir='ltr'>ignis</span> 
     </span>
     <span class='ocr_line' id='line_1_34' title="bbox 146 2156 975 2208; baseline 0.005 -12"><span class='ocrx_word' id='word_1_159' title='bbox 146 2156 423 2208; x_wconf 90' lang='lat' dir='ltr'>elementum,</span> <span class='ocrx_word' id='word_1_160' title='bbox 451 2163 495 2199; x_wconf 91' lang='lat' dir='ltr'>et</span> <span class='ocrx_word' id='word_1_161' title='bbox 522 2158 607 2200; x_wconf 92' lang='grc'>1100</span> <span class='ocrx_word' id='word_1_162' title='bbox 635 2171 690 2200; x_wconf 80' lang='lat' dir='ltr'>ex</span> <span class='ocrx_word' id='word_1_163' title='bbox 713 2158 886 2200; x_wconf 90' lang='lat' dir='ltr'>duobus</span> <span class='ocrx_word' id='word_1_164' title='bbox 908 2163 975 2200; x_wconf 91' lang='lat' dir='ltr'>est</span> 
     </span>
    </p>

    <p class='ocr_par' dir='ltr' id='par_1_8' title="bbox 145 2226 830 2313">
     <span class='ocr_line' id='line_1_35' title="bbox 145 2226 290 2254; baseline -0.007 0"><span class='ocrx_word' id='word_1_165' title='bbox 145 2226 290 2254; x_wconf 93' lang='lat' dir='ltr'>unum.</span> 
     </span>
     <span class='ocr_line' id='line_1_36' title="bbox 287 2272 830 2313; baseline 0.002 -1"><span class='ocrx_word' id='word_1_166' title='bbox 287 2273 373 2312; x_wconf 89' lang='lat' dir='ltr'>Pro</span> <span class='ocrx_word' id='word_1_167' title='bbox 394 2273 588 2313; x_wconf 89' lang='lat' dir='ltr'>Doctore</span> <span class='ocrx_word' id='word_1_168' title='bbox 608 2272 830 2313; x_wconf 85' lang='lat' dir='ltr'>Pontifice.</span> 
     </span>
    </p>

    <p class='ocr_par' dir='ltr' id='par_1_9' title="bbox 146 2326 975 2541">
     <span class='ocr_line' id='line_1_37' title="bbox 197 2326 974 2380; baseline 0.003 -14"><span class='ocrx_word' id='word_1_169' title='bbox 197 2329 248 2380; x_wconf 66' lang='lat' dir='ltr'>R.</span> <span class='ocrx_word' id='word_1_170' title='bbox 273 2326 452 2367; x_wconf 86' lang='lat' dir='ltr'>Amavit</span> <span class='ocrx_word' id='word_1_171' title='bbox 474 2339 573 2367; x_wconf 93' lang='lat' dir='ltr'>eum</span> <span class='ocrx_word' id='word_1_172' title='bbox 590 2327 818 2376; x_wconf 91' lang='lat' dir='ltr'>Dominus,</span> <span class='ocrx_word' id='word_1_173' title='bbox 845 2331 888 2368; x_wconf 89' lang='lat' dir='ltr'>et</span> <span class='ocrx_word' id='word_1_174' title='bbox 908 2339 974 2368; x_wconf 92' lang='lat' dir='ltr'>or-</span> 
     </span>
     <span class='ocr_line' id='line_1_38' title="bbox 146 2381 975 2433; baseline 0.002 -12"><span class='ocrx_word' id='word_1_175' title='bbox 146 2381 268 2422; x_wconf 83' lang='lat' dir='ltr'>navit</span> <span class='ocrx_word' id='word_1_176' title='bbox 305 2394 418 2422; x_wconf 91' lang='lat' dir='ltr'>eum:</span> <span class='ocrx_word' id='word_1_177' title='bbox 455 2382 614 2423; x_wconf 86' lang='lat' dir='ltr'>stolam</span> <span class='ocrx_word' id='word_1_178' title='bbox 648 2382 801 2433; x_wconf 88' lang='lat' dir='ltr'>gloriae</span> <span class='ocrx_word' id='word_1_179' title='bbox 834 2382 975 2424; x_wconf 88' lang='lat' dir='ltr'>induit</span> 
     </span>
     <span class='ocr_line' id='line_1_39' title="bbox 148 2437 974 2490; baseline 0.002 -13"><span class='ocrx_word' id='word_1_180' title='bbox 148 2449 257 2486; x_wconf 93' lang='lat' dir='ltr'>eum,</span> <span class='ocrx_word' id='word_1_181' title='bbox 274 2440 296 2463; x_wconf 84' lang='lat'>*</span> <span class='ocrx_word' id='word_1_182' title='bbox 314 2438 371 2478; x_wconf 90' lang='lat' dir='ltr'>Et</span> <span class='ocrx_word' id='word_1_183' title='bbox 390 2437 447 2479; x_wconf 88' lang='lat' dir='ltr'>ad.</span> <span class='ocrx_word' id='word_1_184' title='bbox 465 2442 619 2489; x_wconf 89' lang='lat' dir='ltr'>portas</span> <span class='ocrx_word' id='word_1_185' title='bbox 637 2438 832 2490; x_wconf 83' lang='lat' dir='ltr'>paradisi</span> <span class='ocrx_word' id='word_1_186' title='bbox 851 2450 974 2479; x_wconf 90' lang='lat' dir='ltr'>coro-</span> 
     </span>
     <span class='ocr_line' id='line_1_40' title="bbox 146 2493 974 2541; baseline 0.001 -8"><span class='ocrx_word' id='word_1_187' title='bbox 146 2493 267 2534; x_wconf 88' lang='lat' dir='ltr'>navit</span> <span class='ocrx_word' id='word_1_188' title='bbox 283 2506 393 2534; x_wconf 92' lang='lat' dir='ltr'>eum.</span> <span class='ocrx_word' id='word_1_189' title='bbox 414 2493 463 2541; x_wconf 64' lang='lat' dir='ltr'>Y.</span> <span class='ocrx_word' id='word_1_190' title='bbox 479 2493 627 2535; x_wconf 86' lang='lat' dir='ltr'><strong>Induit</strong></span> <span class='ocrx_word' id='word_1_191' title='bbox 643 2506 743 2535; x_wconf 92' lang='lat' dir='ltr'>eum</span> <span class='ocrx_word' id='word_1_192' title='bbox 757 2494 974 2535; x_wconf 91' lang='lat' dir='ltr'>Dominus</span> 
     </span>
    </p>
   </div>
   <div class='ocr_carea' id='block_1_4' title="bbox 83 2548 974 2599">
    <p class='ocr_par' dir='ltr' id='par_1_10' title="bbox 83 2548 974 2599">
     <span class='ocr_line' id='line_1_41' title="bbox 83 2548 974 2599; baseline 0.002 -10"><span class='ocrx_word' id='word_1_193' title='bbox 83 2596 86 2598; x_wconf 64' lang='lat'>,</span> <span class='ocrx_word' id='word_1_194' title='bbox 146 2548 328 2590; x_wconf 84' lang='lat' dir='ltr'>loricam</span> <span class='ocrx_word' id='word_1_195' title='bbox 351 2548 471 2599; x_wconf 88' lang='lat' dir='ltr'>fidei,</span> <span class='ocrx_word' id='word_1_196' title='bbox 497 2553 540 2590; x_wconf 86' lang='lat' dir='ltr'>et</span> <span class='ocrx_word' id='word_1_197' title='bbox 565 2550 737 2590; x_wconf 86' lang='lat' dir='ltr'>ornavit</span> <span class='ocrx_word' id='word_1_198' title='bbox 761 2562 870 2591; x_wconf 90' lang='lat' dir='ltr'>eum.</span> <span class='ocrx_word' id='word_1_199' title='bbox 907 2550 974 2591; x_wconf 88' lang='lat' dir='ltr'>Et.</span> 
     </span>
    </p>
   </div>
   <div class='ocr_carea' id='block_1_5' title="bbox 147 2610 975 2774">
    <p class='ocr_par' dir='ltr' id='par_1_11' title="bbox 147 2610 975 2774">
     <span class='ocr_line' id='line_1_42' title="bbox 236 2610 885 2652; baseline 0.002 -3"><span class='ocrx_word' id='word_1_200' title='bbox 236 2610 321 2650; x_wconf 89' lang='lat' dir='ltr'>Pro</span> <span class='ocrx_word' id='word_1_201' title='bbox 342 2611 537 2651; x_wconf 86' lang='lat' dir='ltr'>Doctore</span> <span class='ocrx_word' id='word_1_202' title='bbox 557 2622 642 2651; x_wconf 92' lang='lat' dir='ltr'>non</span> <span class='ocrx_word' id='word_1_203' title='bbox 663 2610 885 2652; x_wconf 86' lang='lat' dir='ltr'>Pontifiee.</span> 
     </span>
     <span class='ocr_line' id='line_1_43' title="bbox 197 2665 974 2718; baseline -0.001 -11"><span class='ocrx_word' id='word_1_204' title='bbox 197 2668 247 2718; x_wconf 63' lang='lat' dir='ltr'>Rz.</span> <span class='ocrx_word' id='word_1_205' title='bbox 275 2666 366 2707; x_wconf 88' lang='lat' dir='ltr'>Iste</span> <span class='ocrx_word' id='word_1_206' title='bbox 394 2669 462 2707; x_wconf 90' lang='lat' dir='ltr'>est</span> <span class='ocrx_word' id='word_1_207' title='bbox 489 2665 565 2717; x_wconf 90' lang='lat' dir='ltr'>qui</span> <span class='ocrx_word' id='word_1_208' title='bbox 591 2670 692 2707; x_wconf 89' lang='lat' dir='ltr'>ante</span> <span class='ocrx_word' id='word_1_209' title='bbox 715 2666 860 2707; x_wconf 91' lang='lat' dir='ltr'>Deum</span> <span class='ocrx_word' id='word_1_210' title='bbox 886 2678 974 2707; x_wconf 92' lang='lat' dir='ltr'>ma-</span> 
     </span>
     <span class='ocr_line' id='line_1_44' title="bbox 147 2721 975 2774; baseline 0.001 -11"><span class='ocrx_word' id='word_1_211' title='bbox 147 2735 254 2773; x_wconf 85' lang='lat' dir='ltr'>gnas</span> <span class='ocrx_word' id='word_1_212' title='bbox 282 2722 466 2764; x_wconf 83' lang='lat' dir='ltr'>virtutes</span> <span class='ocrx_word' id='word_1_213' title='bbox 495 2724 702 2774; x_wconf 85' lang='lat' dir='ltr'>operatus</span> <span class='ocrx_word' id='word_1_214' title='bbox 732 2727 815 2773; x_wconf 88' lang='lat' dir='ltr'>est,</span> <span class='ocrx_word' id='word_1_215' title='bbox 848 2727 891 2764; x_wconf 88' lang='lat' dir='ltr'>et</span> <span class='ocrx_word' id='word_1_216' title='bbox 919 2721 975 2764; x_wconf 91' lang='lat' dir='ltr'>de</span> 
     </span>
    </p>
   </div>
   <div class='ocr_carea' id='block_1_6' title="bbox 301 2862 489 2888">
    <p class='ocr_par' dir='ltr' id='par_1_12' title="bbox 301 2862 489 2888">
     <span class='ocr_line' id='line_1_45' title="bbox 301 2862 489 2888; baseline 0.005 -1"><span class='ocrx_word' id='word_1_217' title='bbox 301 2862 365 2888; x_wconf 84' lang='lat' dir='ltr'>Pars</span> <span class='ocrx_word' id='word_1_218' title='bbox 381 2863 489 2888; x_wconf 82' lang='lat' dir='ltr'>AEstiva.</span> 
     </span>
    </p>
   </div>
   <div class='ocr_carea' id='block_1_7' title="bbox 1793 223 1862 267">
    <p class='ocr_par' dir='ltr' id='par_1_13' title="bbox 1793 223 1862 267">
     <span class='ocr_line' id='line_1_46' title="bbox 1793 223 1862 267; baseline 0 0"><span class='ocrx_word' id='word_1_219' title='bbox 1793 223 1862 267; x_wconf 85' lang='grc'><strong>[65]</strong></span> 
     </span>
    </p>
   </div>
   <div class='ocr_carea' id='block_1_8' title="bbox 1025 318 1864 2769">
    <p class='ocr_par' dir='ltr' id='par_1_14' title="bbox 1029 318 1864 704">
     <span class='ocr_line' id='line_1_47' title="bbox 1032 318 1863 360; baseline -0.002 0"><span class='ocrx_word' id='word_1_220' title='bbox 1032 318 1151 360; x_wconf 86' lang='grc'>0111111</span> <span class='ocrx_word' id='word_1_221' title='bbox 1167 318 1301 359; x_wconf 84' lang='grc' dir='ltr'>001ᾱο</span> <span class='ocrx_word' id='word_1_222' title='bbox 1313 331 1392 359; x_wconf 94' lang='lat' dir='ltr'>suo</span> <span class='ocrx_word' id='word_1_223' title='bbox 1403 318 1600 360; x_wconf 85' lang='lat' dir='ltr'>laudavit</span> <span class='ocrx_word' id='word_1_224' title='bbox 1610 318 1863 359; x_wconf 90' lang='lat' dir='ltr'>Dominum:</span> 
     </span>
     <span class='ocr_line' id='line_1_48' title="bbox 1030 374 1862 426; baseline 0.001 -12"><span class='ocrx_word' id='word_1_225' title='bbox 1030 384 1052 407; x_wconf 84' lang='lat'>*</span> <span class='ocrx_word' id='word_1_226' title='bbox 1081 375 1185 426; x_wconf 88' lang='lat' dir='ltr'>Ipse</span> <span class='ocrx_word' id='word_1_227' title='bbox 1211 374 1456 416; x_wconf 81' lang='lat' dir='ltr'>intercedat</span> <span class='ocrx_word' id='word_1_228' title='bbox 1483 387 1566 426; x_wconf 89' lang='lat' dir='ltr'>pro</span> <span class='ocrx_word' id='word_1_229' title='bbox 1594 375 1790 426; x_wconf 88' lang='lat' dir='ltr'>peccatis</span> <span class='ocrx_word' id='word_1_230' title='bbox 1820 376 1862 415; x_wconf 93' lang='lat' dir='ltr'>o-</span> 
     </span>
     <span class='ocr_line' id='line_1_49' title="bbox 1030 430 1862 484; baseline 0.002 -14"><span class='ocrx_word' id='word_1_231' title='bbox 1030 431 1196 471; x_wconf 92' lang='lat' dir='ltr'>mnium</span> <span class='ocrx_word' id='word_1_232' title='bbox 1214 431 1492 482; x_wconf 90' lang='lat' dir='ltr'>populorum.</span> <span class='ocrx_word' id='word_1_233' title='bbox 1523 434 1569 484; x_wconf 56' lang='lat' dir='ltr'>y&#39;,</span> <span class='ocrx_word' id='word_1_234' title='bbox 1590 431 1707 472; x_wconf 87' lang='lat' dir='ltr'>Ecce</span> <span class='ocrx_word' id='word_1_235' title='bbox 1728 430 1862 472; x_wconf 93' lang='lat' dir='ltr'>homo</span> 
     </span>
     <span class='ocr_line' id='line_1_50' title="bbox 1031 486 1862 538; baseline 0.004 -12"><span class='ocrx_word' id='word_1_236' title='bbox 1031 486 1123 527; x_wconf 91' lang='lat' dir='ltr'>sine</span> <span class='ocrx_word' id='word_1_237' title='bbox 1144 486 1332 538; x_wconf 89' lang='lat' dir='ltr'>querela,</span> <span class='ocrx_word' id='word_1_238' title='bbox 1351 499 1482 528; x_wconf 85' lang='lat' dir='ltr'>verus</span> <span class='ocrx_word' id='word_1_239' title='bbox 1496 487 1580 528; x_wconf 90' lang='lat' dir='ltr'>Dei</span> <span class='ocrx_word' id='word_1_240' title='bbox 1595 487 1748 537; x_wconf 91' lang='lat' dir='ltr'>cultor,</span> <span class='ocrx_word' id='word_1_241' title='bbox 1768 486 1862 529; x_wconf 88' lang='lat' dir='ltr'>abs-</span> 
     </span>
     <span class='ocr_line' id='line_1_51' title="bbox 1029 542 1864 595; baseline 0.001 -12"><span class='ocrx_word' id='word_1_242' title='bbox 1029 542 1174 584; x_wconf 89' lang='lat' dir='ltr'>tinens</span> <span class='ocrx_word' id='word_1_243' title='bbox 1198 555 1246 583; x_wconf 94' lang='lat' dir='ltr'>se</span> <span class='ocrx_word' id='word_1_244' title='bbox 1270 542 1324 584; x_wconf 90' lang='lat' dir='ltr'>ab</span> <span class='ocrx_word' id='word_1_245' title='bbox 1353 543 1472 584; x_wconf 92' lang='lat' dir='ltr'>omni</span> <span class='ocrx_word' id='word_1_246' title='bbox 1497 545 1640 595; x_wconf 84' lang='lat' dir='ltr'>opere·</span> <span class='ocrx_word' id='word_1_247' title='bbox 1655 543 1790 593; x_wconf 83' lang='lat' dir='ltr'>malo,</span> <span class='ocrx_word' id='word_1_248' title='bbox 1820 547 1864 584; x_wconf 88' lang='lat' dir='ltr'>et</span> 
     </span>
     <span class='ocr_line' id='line_1_52' title="bbox 1029 599 1863 652; baseline -0.001 -12"><span class='ocrx_word' id='word_1_249' title='bbox 1029 600 1292 650; x_wconf 79' lang='lat' dir='ltr'>permanens</span> <span class='ocrx_word' id='word_1_250' title='bbox 1307 599 1351 639; x_wconf 92' lang='lat' dir='ltr'>in</span> <span class='ocrx_word' id='word_1_251' title='bbox 1370 599 1621 640; x_wconf 89' lang='lat' dir='ltr'>innocentia</span> <span class='ocrx_word' id='word_1_252' title='bbox 1635 612 1724 641; x_wconf 89' lang='lat' dir='ltr'>sua.</span> <span class='ocrx_word' id='word_1_253' title='bbox 1748 600 1863 652; x_wconf 91' lang='lat' dir='ltr'>Ipse.</span> 
     </span>
     <span class='ocr_line' id='line_1_53' title="bbox 1322 663 1575 704; baseline 0.004 -2"><span class='ocrx_word' id='word_1_254' title='bbox 1322 663 1473 704; x_wconf 81' lang='lat' dir='ltr'>Lectio</span> <span class='ocrx_word' id='word_1_255' title='bbox 1494 665 1575 703; x_wconf 76' lang='lat' dir='ltr'>viii.</span> 
     </span>
    </p>

    <p class='ocr_par' dir='ltr' id='par_1_15' title="bbox 1124 710 1862 761">
     <span class='ocr_line' id='line_1_54' title="bbox 1124 710 1862 761; baseline 0.004 -11"><span class='ocrx_word' id='word_1_256' title='bbox 1124 710 1165 751; x_wconf 92' lang='grc'>10</span> <span class='ocrx_word' id='word_1_257' title='bbox 1192 711 1325 761; x_wconf 86' lang='lat' dir='ltr'>igitur</span> <span class='ocrx_word' id='word_1_258' title='bbox 1357 711 1401 751; x_wconf 92' lang='lat' dir='ltr'>in</span> <span class='ocrx_word' id='word_1_259' title='bbox 1430 724 1604 753; x_wconf 92' lang='lat' dir='ltr'>omnem</span> <span class='ocrx_word' id='word_1_260' title='bbox 1631 725 1760 753; x_wconf 91' lang='lat' dir='ltr'>usum</span> <span class='ocrx_word' id='word_1_261' title='bbox 1787 711 1862 753; x_wconf 91' lang='lat' dir='ltr'>hu-</span> 
     </span>
    </p>

    <p class='ocr_par' dir='ltr' id='par_1_16' title="bbox 1025 767 1863 1490">
     <span class='ocr_line' id='line_1_55' title="bbox 1133 767 1862 818; baseline 0.003 -12"><span class='ocrx_word' id='word_1_262' title='bbox 1133 767 1251 807; x_wconf 88' lang='lat' dir='ltr'>mani</span> <span class='ocrx_word' id='word_1_263' title='bbox 1277 768 1450 818; x_wconf 87' lang='lat' dir='ltr'>generis</span> <span class='ocrx_word' id='word_1_264' title='bbox 1482 768 1684 818; x_wconf 89' lang='lat' dir='ltr'>effectus,</span> <span class='ocrx_word' id='word_1_265' title='bbox 1721 769 1862 809; x_wconf 92' lang='lat' dir='ltr'>incor-</span> 
     </span>
     <span class='ocr_line' id='line_1_56' title="bbox 1028 823 1862 876; baseline 0.004 -14"><span class='ocrx_word' id='word_1_266' title='bbox 1028 823 1278 874; x_wconf 83' lang='lat' dir='ltr'>ruptionem</span> <span class='ocrx_word' id='word_1_267' title='bbox 1306 824 1586 876; x_wconf 88' lang='lat' dir='ltr'>corporibus,</span> <span class='ocrx_word' id='word_1_268' title='bbox 1616 823 1773 876; x_wconf 93' lang='lat' dir='ltr'>quibus</span> <span class='ocrx_word' id='word_1_269' title='bbox 1801 824 1862 865; x_wconf 80' lang='lat' dir='ltr'>fu-</span> 
     </span>
     <span class='ocr_line' id='line_1_57' title="bbox 1030 878 1862 932; baseline 0.004 -14"><span class='ocrx_word' id='word_1_270' title='bbox 1030 878 1111 919; x_wconf 91' lang='lat' dir='ltr'>erit</span> <span class='ocrx_word' id='word_1_271' title='bbox 1144 880 1366 931; x_wconf 89' lang='lat' dir='ltr'>aspersus,</span> <span class='ocrx_word' id='word_1_272' title='bbox 1406 880 1616 932; x_wconf 86' lang='lat' dir='ltr'>impertit,</span> <span class='ocrx_word' id='word_1_273' title='bbox 1653 884 1697 921; x_wconf 91' lang='lat' dir='ltr'>et</span> <span class='ocrx_word' id='word_1_274' title='bbox 1729 879 1786 921; x_wconf 92' lang='lat' dir='ltr'>ad</span> <span class='ocrx_word' id='word_1_275' title='bbox 1819 893 1862 921; x_wconf 95' lang='grc'>0-</span> 
     </span>
     <span class='ocr_line' id='line_1_58' title="bbox 1027 936 1862 988; baseline 0.002 -14"><span class='ocrx_word' id='word_1_276' title='bbox 1027 947 1173 976; x_wconf 85' lang='grc'>111110111</span> <span class='ocrx_word' id='word_1_277' title='bbox 1184 947 1362 976; x_wconf 91' lang='lat' dir='ltr'>sensum</span> <span class='ocrx_word' id='word_1_278' title='bbox 1373 936 1540 977; x_wconf 89' lang='lat' dir='ltr'>conditi</span> <span class='ocrx_word' id='word_1_279' title='bbox 1550 936 1722 988; x_wconf 91' lang='lat' dir='ltr'>saporis</span> <span class='ocrx_word' id='word_1_280' title='bbox 1731 937 1862 988; x_wconf 89' lang='lat' dir='ltr'>aptis-</span> 
     </span>
     <span class='ocr_line' id='line_1_59' title="bbox 1030 990 1861 1044; baseline 0.002 -14"><span class='ocrx_word' id='word_1_281' title='bbox 1030 990 1164 1031; x_wconf 90' lang='lat' dir='ltr'>simus</span> <span class='ocrx_word' id='word_1_282' title='bbox 1185 995 1261 1032; x_wconf 88' lang='lat' dir='ltr'>est.</span> <span class='ocrx_word' id='word_1_283' title='bbox 1289 992 1498 1044; x_wconf 90' lang='lat' dir='ltr'>Apostoli</span> <span class='ocrx_word' id='word_1_284' title='bbox 1517 996 1664 1033; x_wconf 90' lang='lat' dir='ltr'>autem</span> <span class='ocrx_word' id='word_1_285' title='bbox 1680 996 1782 1033; x_wconf 91' lang='lat' dir='ltr'>sunt</span> <span class='ocrx_word' id='word_1_286' title='bbox 1797 1005 1861 1033; x_wconf 93' lang='lat' dir='ltr'>re-</span> 
     </span>
     <span class='ocr_line' id='line_1_60' title="bbox 1028 1047 1863 1100; baseline 0.002 -13"><span class='ocrx_word' id='word_1_287' title='bbox 1028 1058 1126 1087; x_wconf 90' lang='lat' dir='ltr'>rum</span> <span class='ocrx_word' id='word_1_288' title='bbox 1159 1047 1405 1088; x_wconf 87' lang='lat' dir='ltr'>coelestium</span> <span class='ocrx_word' id='word_1_289' title='bbox 1441 1048 1776 1100; x_wconf 81' lang='lat' dir='ltr'>praedicatoreS,</span> <span class='ocrx_word' id='word_1_290' title='bbox 1820 1052 1863 1089; x_wconf 89' lang='lat' dir='ltr'>et</span> 
     </span>
     <span class='ocr_line' id='line_1_61' title="bbox 1027 1103 1860 1154; baseline 0.002 -12"><span class='ocrx_word' id='word_1_291' title='bbox 1027 1103 1290 1144; x_wconf 69' lang='lat' dir='ltr'>aeternitatis</span> <span class='ocrx_word' id='word_1_292' title='bbox 1318 1104 1440 1145; x_wconf 89' lang='grc'>1701111</span> <span class='ocrx_word' id='word_1_293' title='bbox 1466 1106 1657 1154; x_wconf 86' lang='lat' dir='ltr'>satores,</span> <span class='ocrx_word' id='word_1_294' title='bbox 1686 1104 1860 1145; x_wconf 90' lang='lat' dir='ltr'>immor-</span> 
     </span>
     <span class='ocr_line' id='line_1_62' title="bbox 1026 1158 1861 1212; baseline 0.002 -14"><span class='ocrx_word' id='word_1_295' title='bbox 1026 1158 1241 1200; x_wconf 85' lang='lat' dir='ltr'>talitatem</span> <span class='ocrx_word' id='word_1_296' title='bbox 1257 1159 1461 1201; x_wconf 91' lang='lat' dir='ltr'>omnibus</span> <span class='ocrx_word' id='word_1_297' title='bbox 1477 1159 1750 1212; x_wconf 87' lang='lat' dir='ltr'>corporibus,</span> <span class='ocrx_word' id='word_1_298' title='bbox 1772 1160 1861 1212; x_wconf 92' lang='lat' dir='ltr'>qui-</span> 
     </span>
     <span class='ocr_line' id='line_1_63' title="bbox 1025 1213 1861 1268; baseline 0.002 -14"><span class='ocrx_word' id='word_1_299' title='bbox 1025 1213 1108 1255; x_wconf 93' lang='lat' dir='ltr'>bus</span> <span class='ocrx_word' id='word_1_300' title='bbox 1138 1216 1290 1256; x_wconf 90' lang='lat' dir='ltr'>eorum</span> <span class='ocrx_word' id='word_1_301' title='bbox 1317 1228 1462 1257; x_wconf 92' lang='lat' dir='ltr'>sermo</span> <span class='ocrx_word' id='word_1_302' title='bbox 1488 1218 1694 1268; x_wconf 86' lang='lat' dir='ltr'>aspersus</span> <span class='ocrx_word' id='word_1_303' title='bbox 1719 1216 1861 1264; x_wconf 81' lang='lat' dir='ltr'>fuerit,</span> 
     </span>
     <span class='ocr_line' id='line_1_64' title="bbox 1027 1270 1861 1326; baseline 0.004 -17"><span class='ocrx_word' id='word_1_304' title='bbox 1027 1270 1313 1312; x_wconf 90' lang='lat' dir='ltr'>conferentes.</span> <span class='ocrx_word' id='word_1_305' title='bbox 1366 1277 1388 1326; x_wconf 70' lang='lat' dir='ltr'>g</span> <span class='ocrx_word' id='word_1_306' title='bbox 1431 1272 1590 1313; x_wconf 89' lang='lat' dir='ltr'>Merito</span> <span class='ocrx_word' id='word_1_307' title='bbox 1627 1272 1760 1323; x_wconf 86' lang='lat' dir='ltr'>igitur</span> <span class='ocrx_word' id='word_1_308' title='bbox 1797 1272 1861 1313; x_wconf 89' lang='lat' dir='ltr'>sal</span> 
     </span>
     <span class='ocr_line' id='line_1_65' title="bbox 1025 1327 1860 1379; baseline 0.002 -13"><span class='ocrx_word' id='word_1_309' title='bbox 1025 1329 1155 1367; x_wconf 86' lang='lat' dir='ltr'>terrae</span> <span class='ocrx_word' id='word_1_310' title='bbox 1170 1327 1410 1379; x_wconf 85' lang='lat' dir='ltr'>nuncupati</span> <span class='ocrx_word' id='word_1_311' title='bbox 1427 1332 1537 1377; x_wconf 92' lang='lat' dir='ltr'>sunt,</span> <span class='ocrx_word' id='word_1_312' title='bbox 1552 1340 1632 1379; x_wconf 91' lang='lat' dir='ltr'>per</span> <span class='ocrx_word' id='word_1_313' title='bbox 1647 1327 1860 1368; x_wconf 81' lang='lat' dir='ltr'>doctrinae</span> 
     </span>
     <span class='ocr_line' id='line_1_66' title="bbox 1025 1381 1861 1425; baseline 0.004 -4"><span class='ocrx_word' id='word_1_314' title='bbox 1025 1381 1235 1423; x_wconf 84' lang='lat' dir='ltr'>virtutem</span> <span class='ocrx_word' id='word_1_315' title='bbox 1259 1383 1444 1424; x_wconf 77' lang='lat' dir='ltr'>saliendi</span> <span class='ocrx_word' id='word_1_316' title='bbox 1466 1383 1602 1424; x_wconf 92' lang='lat' dir='ltr'>modo</span> <span class='ocrx_word' id='word_1_317' title='bbox 1623 1384 1861 1425; x_wconf 71' lang='lat' dir='ltr'>aeternitati</span> 
     </span>
     <span class='ocr_line' id='line_1_67' title="bbox 1026 1439 1521 1490; baseline 0.004 -12"><span class='ocrx_word' id='word_1_318' title='bbox 1026 1439 1215 1490; x_wconf 90' lang='lat' dir='ltr'>corpora</span> <span class='ocrx_word' id='word_1_319' title='bbox 1233 1441 1521 1481; x_wconf 81' lang='lat' dir='ltr'>reservantes.</span> 
     </span>
    </p>

    <p class='ocr_par' dir='ltr' id='par_1_17' title="bbox 1026 1495 1860 1816">
     <span class='ocr_line' id='line_1_68' title="bbox 1082 1495 1860 1552; baseline 0.003 -18"><span class='ocrx_word' id='word_1_320' title='bbox 1082 1501 1131 1552; x_wconf 70' lang='lat' dir='ltr'><strong>R</strong></span> <span class='ocrx_word' id='word_1_321' title='bbox 1147 1495 1199 1534; x_wconf 91' lang='lat' dir='ltr'>In</span> <span class='ocrx_word' id='word_1_322' title='bbox 1217 1495 1364 1536; x_wconf 90' lang='lat' dir='ltr'>medio</span> <span class='ocrx_word' id='word_1_323' title='bbox 1383 1495 1597 1537; x_wconf 90' lang='lat' dir='ltr'>Ecclesiae</span> <span class='ocrx_word' id='word_1_324' title='bbox 1618 1496 1789 1548; x_wconf 92' lang='lat' dir='ltr'>aperuit</span> <span class='ocrx_word' id='word_1_325' title='bbox 1809 1508 1860 1537; x_wconf 90' lang='lat' dir='ltr'>os</span> 
     </span>
     <span class='ocr_line' id='line_1_69' title="bbox 1026 1549 1858 1603; baseline 0.002 -13"><span class='ocrx_word' id='word_1_326' title='bbox 1026 1549 1128 1600; x_wconf 86' lang='lat' dir='ltr'>ejus,</span> <span class='ocrx_word' id='word_1_327' title='bbox 1157 1559 1178 1581; x_wconf 87' lang='lat'>*</span> <span class='ocrx_word' id='word_1_328' title='bbox 1203 1550 1261 1591; x_wconf 91' lang='lat' dir='ltr'>Et</span> <span class='ocrx_word' id='word_1_329' title='bbox 1288 1551 1487 1603; x_wconf 85' lang='lat' dir='ltr'>implevit</span> <span class='ocrx_word' id='word_1_330' title='bbox 1515 1565 1615 1593; x_wconf 92' lang='lat' dir='ltr'>eum</span> <span class='ocrx_word' id='word_1_331' title='bbox 1641 1552 1858 1593; x_wconf 92' lang='lat' dir='ltr'>Dominus</span> 
     </span>
     <span class='ocr_line' id='line_1_70' title="bbox 1027 1607 1860 1659; baseline 0.004 -13"><span class='ocrx_word' id='word_1_332' title='bbox 1027 1607 1184 1658; x_wconf 88' lang='lat' dir='ltr'>spiritu</span> <span class='ocrx_word' id='word_1_333' title='bbox 1229 1608 1458 1659; x_wconf 78' lang='lat' dir='ltr'>sapientiae</span> <span class='ocrx_word' id='word_1_334' title='bbox 1510 1613 1553 1650; x_wconf 92' lang='lat' dir='ltr'>et</span> <span class='ocrx_word' id='word_1_335' title='bbox 1601 1608 1860 1650; x_wconf 89' lang='lat' dir='ltr'>intellectus.</span> 
     </span>
     <span class='ocr_line' id='line_1_71' title="bbox 1029 1662 1859 1715; baseline 0.002 -13"><span class='ocrx_word' id='word_1_336' title='bbox 1029 1665 1079 1715; x_wconf 76' lang='lat' dir='ltr'>V,</span> <span class='ocrx_word' id='word_1_337' title='bbox 1103 1662 1431 1705; x_wconf 85' lang='lat' dir='ltr'>Jucunditatem</span> <span class='ocrx_word' id='word_1_338' title='bbox 1456 1669 1499 1705; x_wconf 91' lang='lat' dir='ltr'>et</span> <span class='ocrx_word' id='word_1_339' title='bbox 1518 1664 1859 1706; x_wconf 82' lang='lat' dir='ltr'>exsultationem</span> 
     </span>
     <span class='ocr_line' id='line_1_72' title="bbox 1026 1717 1858 1773; baseline 0.005 -15"><span class='ocrx_word' id='word_1_340' title='bbox 1026 1717 1341 1761; x_wconf 87' lang='lat' dir='ltr'>thesaurizavit</span> <span class='ocrx_word' id='word_1_341' title='bbox 1360 1733 1493 1773; x_wconf 93' lang='lat' dir='ltr'>super</span> <span class='ocrx_word' id='word_1_342' title='bbox 1513 1733 1623 1762; x_wconf 87' lang='lat' dir='ltr'>eum.</span> <span class='ocrx_word' id='word_1_343' title='bbox 1654 1721 1722 1761; x_wconf 90' lang='lat' dir='ltr'>Et.</span> <span class='ocrx_word' id='word_1_344' title='bbox 1757 1721 1858 1763; x_wconf 65' lang='lat' dir='ltr'>(ilo-</span> 
     </span>
     <span class='ocr_line' id='line_1_73' title="bbox 1026 1773 1334 1816; baseline 0.006 -3"><span class='ocrx_word' id='word_1_345' title='bbox 1026 1773 1090 1814; x_wconf 84' lang='lat' dir='ltr'>ria</span> <span class='ocrx_word' id='word_1_346' title='bbox 1109 1774 1240 1815; x_wconf 90' lang='lat' dir='ltr'>Patri.</span> <span class='ocrx_word' id='word_1_347' title='bbox 1267 1775 1334 1816; x_wconf 90' lang='lat' dir='ltr'>Et.</span> 
     </span>
    </p>

    <p class='ocr_par' dir='ltr' id='par_1_18' title="bbox 1328 1839 1555 1879">
     <span class='ocr_line' id='line_1_74' title="bbox 1328 1839 1555 1879; baseline 0.004 -2"><span class='ocrx_word' id='word_1_348' title='bbox 1328 1839 1479 1879; x_wconf 79' lang='lat' dir='ltr'>Lectio</span> <span class='ocrx_word' id='word_1_349' title='bbox 1504 1840 1555 1878; x_wconf 77' lang='lat' dir='ltr'>ix.</span> 
     </span>
    </p>

    <p class='ocr_par' dir='ltr' id='par_1_19' title="bbox 1030 1886 1860 1993">
     <span class='ocr_line' id='line_1_75' title="bbox 1030 1886 1860 1993; baseline 0.001 -66"><span class='ocrx_word' id='word_1_350' title='bbox 1030 1886 1154 1993; x_wconf 83' lang='lat' dir='ltr'>Sed</span> <span class='ocrx_word' id='word_1_351' title='bbox 1181 1890 1338 1928; x_wconf 84' lang='lat' dir='ltr'>natura</span> <span class='ocrx_word' id='word_1_352' title='bbox 1365 1887 1468 1928; x_wconf 85' lang='lat' dir='ltr'>salis</span> <span class='ocrx_word' id='word_1_353' title='bbox 1501 1899 1677 1939; x_wconf 92' lang='lat' dir='ltr'>semper</span> <span class='ocrx_word' id='word_1_354' title='bbox 1705 1887 1860 1928; x_wconf 87' lang='lat' dir='ltr'>eadem</span> 
     </span>
    </p>

    <p class='ocr_par' dir='ltr' id='par_1_20' title="bbox 1025 1943 1860 2665">
     <span class='ocr_line' id='line_1_76' title="bbox 1107 1943 1859 1995; baseline 0.003 -12"><span class='ocrx_word' id='word_1_355' title='bbox 1107 1947 1184 1992; x_wconf 89' lang='lat' dir='ltr'>est,</span> <span class='ocrx_word' id='word_1_356' title='bbox 1203 1955 1284 1984; x_wconf 89' lang='lat' dir='ltr'>nec</span> <span class='ocrx_word' id='word_1_357' title='bbox 1302 1943 1523 1984; x_wconf 85' lang='lat' dir='ltr'>immutari</span> <span class='ocrx_word' id='word_1_358' title='bbox 1541 1955 1750 1994; x_wconf 87' lang='lat' dir='ltr'>umquam</span> <span class='ocrx_word' id='word_1_359' title='bbox 1763 1948 1859 1995; x_wconf 90' lang='lat' dir='ltr'>pot-</span> 
     </span>
     <span class='ocr_line' id='line_1_77' title="bbox 1028 1998 1859 2051; baseline 0.002 -12"><span class='ocrx_word' id='word_1_360' title='bbox 1028 2003 1105 2039; x_wconf 90' lang='lat' dir='ltr'>est.</span> <span class='ocrx_word' id='word_1_361' title='bbox 1127 1999 1294 2040; x_wconf 90' lang='lat' dir='ltr'>Verum</span> <span class='ocrx_word' id='word_1_362' title='bbox 1315 1999 1417 2051; x_wconf 90' lang='lat' dir='ltr'>quia</span> <span class='ocrx_word' id='word_1_363' title='bbox 1432 1999 1712 2040; x_wconf 89' lang='lat' dir='ltr'>conversioni</span> <span class='ocrx_word' id='word_1_364' title='bbox 1724 1998 1859 2041; x_wconf 92' lang='lat' dir='ltr'>homo</span> 
     </span>
     <span class='ocr_line' id='line_1_78' title="bbox 1027 2054 1860 2108; baseline 0.004 -14"><span class='ocrx_word' id='word_1_365' title='bbox 1027 2054 1233 2105; x_wconf 81' lang='lat' dir='ltr'>subjacet,</span> <span class='ocrx_word' id='word_1_366' title='bbox 1254 2059 1298 2095; x_wconf 91' lang='lat' dir='ltr'>et</span> <span class='ocrx_word' id='word_1_367' title='bbox 1313 2054 1433 2096; x_wconf 90' lang='lat' dir='ltr'>solus</span> <span class='ocrx_word' id='word_1_368' title='bbox 1447 2054 1615 2105; x_wconf 86' lang='lat' dir='ltr'>beatus,</span> <span class='ocrx_word' id='word_1_369' title='bbox 1632 2055 1706 2107; x_wconf 81' lang='lat' dir='ltr'>qui</span> <span class='ocrx_word' id='word_1_370' title='bbox 1719 2067 1860 2108; x_wconf 90' lang='lat' dir='ltr'>usque</span> 
     </span>
     <span class='ocr_line' id='line_1_79' title="bbox 1027 2109 1859 2163; baseline 0.002 -13"><span class='ocrx_word' id='word_1_371' title='bbox 1027 2109 1084 2151; x_wconf 90' lang='lat' dir='ltr'>ad</span> <span class='ocrx_word' id='word_1_372' title='bbox 1102 2110 1235 2151; x_wconf 93' lang='lat' dir='ltr'>finem</span> <span class='ocrx_word' id='word_1_373' title='bbox 1256 2110 1301 2150; x_wconf 93' lang='lat' dir='ltr'>in</span> <span class='ocrx_word' id='word_1_374' title='bbox 1324 2110 1527 2152; x_wconf 92' lang='lat' dir='ltr'>omnibus</span> <span class='ocrx_word' id='word_1_375' title='bbox 1546 2110 1632 2152; x_wconf 92' lang='lat' dir='ltr'>Dei</span> <span class='ocrx_word' id='word_1_376' title='bbox 1651 2110 1859 2163; x_wconf 84' lang='lat' dir='ltr'>operibus</span> 
     </span>
     <span class='ocr_line' id='line_1_80' title="bbox 1026 2166 1859 2218; baseline 0.001 -11"><span class='ocrx_word' id='word_1_377' title='bbox 1026 2166 1335 2218; x_wconf 86' lang='lat' dir='ltr'>permanserit:</span> <span class='ocrx_word' id='word_1_378' title='bbox 1378 2166 1479 2208; x_wconf 92' lang='lat' dir='ltr'>ideo</span> <span class='ocrx_word' id='word_1_379' title='bbox 1516 2179 1592 2208; x_wconf 93' lang='lat' dir='ltr'>eos</span> <span class='ocrx_word' id='word_1_380' title='bbox 1630 2166 1695 2208; x_wconf 88' lang='lat' dir='ltr'>sal</span> <span class='ocrx_word' id='word_1_381' title='bbox 1729 2171 1859 2209; x_wconf 82' lang='lat' dir='ltr'>terrae</span> 
     </span>
     <span class='ocr_line' id='line_1_81' title="bbox 1026 2222 1860 2273; baseline 0.002 -12"><span class='ocrx_word' id='word_1_382' title='bbox 1026 2223 1302 2273; x_wconf 89' lang='lat' dir='ltr'>nuncupatos</span> <span class='ocrx_word' id='word_1_383' title='bbox 1331 2226 1482 2264; x_wconf 88' lang='lat' dir='ltr'>monet</span> <span class='ocrx_word' id='word_1_384' title='bbox 1509 2222 1554 2263; x_wconf 92' lang='lat' dir='ltr'>in</span> <span class='ocrx_word' id='word_1_385' title='bbox 1578 2222 1753 2264; x_wconf 77' lang='lat' dir='ltr'>traditae</span> <span class='ocrx_word' id='word_1_386' title='bbox 1777 2223 1860 2265; x_wconf 88' lang='lat' dir='ltr'>sibi</span> 
     </span>
     <span class='ocr_line' id='line_1_82' title="bbox 1026 2278 1859 2331; baseline 0.001 -13"><span class='ocrx_word' id='word_1_387' title='bbox 1026 2278 1260 2329; x_wconf 88' lang='lat' dir='ltr'>potestatis</span> <span class='ocrx_word' id='word_1_388' title='bbox 1279 2278 1441 2319; x_wconf 83' lang='lat' dir='ltr'>virtute</span> <span class='ocrx_word' id='word_1_389' title='bbox 1461 2280 1710 2331; x_wconf 86' lang='lat' dir='ltr'>persistere,</span> <span class='ocrx_word' id='word_1_390' title='bbox 1728 2279 1859 2320; x_wconf 87' lang='grc'>110111-</span> 
     </span>
     <span class='ocr_line' id='line_1_83' title="bbox 1026 2332 1860 2387; baseline 0.004 -14"><span class='ocrx_word' id='word_1_391' title='bbox 1026 2332 1181 2374; x_wconf 86' lang='lat' dir='ltr'>fatuati</span> <span class='ocrx_word' id='word_1_392' title='bbox 1201 2333 1309 2374; x_wconf 92' lang='lat' dir='ltr'>nihil</span> <span class='ocrx_word' id='word_1_393' title='bbox 1330 2333 1504 2384; x_wconf 87' lang='lat' dir='ltr'>saliant,</span> <span class='ocrx_word' id='word_1_394' title='bbox 1533 2339 1578 2376; x_wconf 84' lang='lat' dir='ltr'>et</span> <span class='ocrx_word' id='word_1_395' title='bbox 1597 2335 1698 2387; x_wconf 85' lang='lat' dir='ltr'>ipsi,</span> <span class='ocrx_word' id='word_1_396' title='bbox 1727 2348 1860 2376; x_wconf 93' lang='lat' dir='ltr'>sensu</span> 
     </span>
     <span class='ocr_line' id='line_1_84' title="bbox 1027 2389 1858 2442; baseline 0.005 -14"><span class='ocrx_word' id='word_1_397' title='bbox 1027 2389 1198 2440; x_wconf 83' lang='lat' dir='ltr'>accepti</span> <span class='ocrx_word' id='word_1_398' title='bbox 1227 2390 1401 2442; x_wconf 89' lang='lat' dir='ltr'>saporis</span> <span class='ocrx_word' id='word_1_399' title='bbox 1429 2392 1607 2442; x_wconf 85' lang='lat' dir='ltr'>amisso,</span> <span class='ocrx_word' id='word_1_400' title='bbox 1634 2391 1858 2432; x_wconf 86' lang='lat' dir='ltr'>vivificare</span> 
     </span>
     <span class='ocr_line' id='line_1_85' title="bbox 1027 2446 1859 2499; baseline 0.004 -15"><span class='ocrx_word' id='word_1_401' title='bbox 1027 2447 1236 2497; x_wconf 80' lang='lat' dir='ltr'>corrupta</span> <span class='ocrx_word' id='word_1_402' title='bbox 1264 2458 1353 2487; x_wconf 91' lang='lat' dir='ltr'>non</span> <span class='ocrx_word' id='word_1_403' title='bbox 1381 2446 1572 2498; x_wconf 86' lang='lat' dir='ltr'>possint,</span> <span class='ocrx_word' id='word_1_404' title='bbox 1607 2451 1651 2488; x_wconf 91' lang='lat' dir='ltr'>et</span> <span class='ocrx_word' id='word_1_405' title='bbox 1677 2447 1859 2499; x_wconf 90' lang='lat' dir='ltr'>projecti</span> 
     </span>
     <span class='ocr_line' id='line_1_86' title="bbox 1027 2499 1858 2554; baseline 0.002 -14"><span class='ocrx_word' id='word_1_406' title='bbox 1027 2499 1082 2541; x_wconf 93' lang='lat' dir='ltr'>de</span> <span class='ocrx_word' id='word_1_407' title='bbox 1097 2500 1309 2542; x_wconf 81' lang='lat' dir='ltr'>Ecclesiae</span> <span class='ocrx_word' id='word_1_408' title='bbox 1327 2503 1652 2554; x_wconf 84' lang='lat' dir='ltr'>promptuariis,</span> <span class='ocrx_word' id='word_1_409' title='bbox 1673 2515 1772 2543; x_wconf 91' lang='lat' dir='ltr'>cum</span> <span class='ocrx_word' id='word_1_410' title='bbox 1791 2502 1858 2542; x_wconf 91' lang='lat' dir='ltr'>his</span> 
     </span>
     <span class='ocr_line' id='line_1_87' title="bbox 1028 2557 1857 2610; baseline 0.002 -14"><span class='ocrx_word' id='word_1_411' title='bbox 1028 2568 1139 2607; x_wconf 92' lang='lat' dir='ltr'>quos</span> <span class='ocrx_word' id='word_1_412' title='bbox 1180 2557 1389 2609; x_wconf 87' lang='lat' dir='ltr'>salierint,</span> <span class='ocrx_word' id='word_1_413' title='bbox 1432 2558 1620 2610; x_wconf 90' lang='lat' dir='ltr'>pedibus</span> <span class='ocrx_word' id='word_1_414' title='bbox 1657 2557 1857 2599; x_wconf 89' lang='lat' dir='ltr'>inceden-</span> 
     </span>
     <span class='ocr_line' id='line_1_88' title="bbox 1025 2611 1445 2665; baseline 0.007 -13"><span class='ocrx_word' id='word_1_415' title='bbox 1025 2611 1135 2653; x_wconf 90' lang='lat' dir='ltr'>tium</span> <span class='ocrx_word' id='word_1_416' title='bbox 1153 2615 1445 2665; x_wconf 87' lang='lat' dir='ltr'>proterantur.</span> 
     </span>
    </p>

    <p class='ocr_par' dir='ltr' id='par_1_21' title="bbox 1079 2669 1642 2713">
     <span class='ocr_line' id='line_1_89' title="bbox 1079 2669 1642 2713; baseline -0.005 0"><span class='ocrx_word' id='word_1_417' title='bbox 1079 2673 1142 2713; x_wconf 91' lang='lat' dir='ltr'>Te</span> <span class='ocrx_word' id='word_1_418' title='bbox 1161 2669 1306 2711; x_wconf 92' lang='lat' dir='ltr'>Deum</span> <span class='ocrx_word' id='word_1_419' title='bbox 1324 2669 1564 2711; x_wconf 89' lang='lat' dir='ltr'>laudamus.</span> <span class='ocrx_word' id='word_1_420' title='bbox 1583 2671 1642 2711; x_wconf 89' lang='lat'>13.</span> 
     </span>
    </p>

    <p class='ocr_par' dir='ltr' id='par_1_22' title="bbox 1232 2741 1650 2769">
     <span class='ocr_line' id='line_1_90' title="bbox 1232 2741 1650 2769; baseline 0.005 -1"><span class='ocrx_word' id='word_1_421' title='bbox 1232 2741 1650 2769; x_wconf 55' lang='lat' dir='ltr'>———-&lt;aee.²—-—-—</span> 
     </span>
    </p>
   </div>
   <div class='ocr_carea' id='block_1_9' title="bbox 87 170 1920 2836">
    <p class='ocr_par' dir='ltr' id='par_1_23' title="bbox 87 170 1920 2836">
     <span class='ocr_line' id='line_1_91' title="bbox 87 170 1920 2836; baseline 0 0"><span class='ocrx_word' id='word_1_422' title='bbox 87 170 1920 2836; x_wconf 95' lang='lat' dir='ltr'> </span> 
     </span>
    </p>
   </div>
  </div>
 </body>
</html>
