2040 2976
671 220 846 254 Officium
870 219 910 252 B.
936 218 1068 252 Mariae
1093 218 1131 251 in
1156 219 1336 251 Sabbuto.

464 321 672 372 Hymnus.

310 373 503 425 gloriosa
520 372 745 423 virginum,

327 429 531 471 Sublimis
550 429 662 470 inter
681 428 834 479 sidera,

261 486 346 537 Qui
363 490 408 528 te
427 485 601 535 creavit,
619 485 850 538 parvulum

259 542 470 585 Lactente
488 541 628 584 nutris
645 540 791 583 ubere.

207 608 338 661 Quod
356 608 482 650 Heva
500 607 637 649 tristis
657 606 847 657 abstulit,

260 665 330 706 Tu
348 663 497 706 reddis
516 663 631 705 almo
649 663 857 714 germine:

258 722 428 763 Intrent
443 724 492 761 ut
510 724 628 761 astra
646 719 824 770 flebiles,

261 777 372 819 Coeli
391 776 580 819 recludis
600 775 811 818 cardines.

208 844 276 885 Tu
295 843 410 894 regis
430 842 505 884 alti
523 843 661 894 janua,

259 900 316 941 Et
335 899 433 941 aula
450 898 559 940 lucis
577 897 755 950 fulgida:

260 956 408 998 Vitam
427 954 574 997 datam
591 967 672 1007 per
688 955 915 1007 Virginem

261 1013 426 1054 Gentes
443 1010 685 1064 redemptae
703 1011 911 1065 plaudite.

212 1080 235 1119 J
237 1091 324 1127 esu,
342 1076 422 1119 tibi
440 1076 495 1118 sit
513 1075 663 1127 gloria,

260 1134 344 1184 Qui
361 1138 490 1175 natus
509 1145 556 1174 es
575 1132 630 1175 de
648 1132 842 1183 Virgine,

262 1191 370 1232 Cum
387 1190 528 1239 Patre,
548 1193 591 1231 et
609 1189 725 1230 almo
744 1188 908 1241 Spiritu

258 1247 310 1288 In
329 1246 594 1299 sempiterna
613 1245 784 1287 saecula.

465 1302 617 1344 Amffii.

208 1363 257 1412 V.
293 1362 534 1405 Benedicta
563 1367 613 1404 tu
642 1362 686 1404 in
716 1362 981 1405 mulieribus.

155 1422 206 1474 R.
258 1420 316 1462 Et
358 1419 616 1462 benedictus
665 1419 831 1461 fructus
881 1432 980 1462 ven-

155 1477 236 1520 tris
261 1476 336 1519 tui.

208 1539 279 1580 Ad
294 1539 454 1580 Bened.
475 1539 573 1579 Ant.
594 1538 734 1578 Beata
749 1537 834 1579 Dei
852 1536 979 1578 Geni-

155 1593 242 1636 trix
258 1593 407 1643 Maria,
429 1592 452 1618 *
470 1592 609 1644 Virgo
628 1595 854 1646 perpetua,
874 1598 980 1635 tem-

156 1650 279 1704 plum
305 1648 502 1699 Demini,
531 1649 768 1691 sacrarium
794 1649 980 1703 Spiritus

157 1706 310 1748 sancti:
331 1705 426 1747 sola
445 1705 537 1747 sine
557 1705 760 1759 exemplo
778 1705 981 1759 placuisti

157 1762 348 1804 Domino
374 1766 526 1804 nostro
552 1761 578 1802 J
579 1774 656 1803 esu
685 1762 875 1804 Christo:
904 1775 982 1804 ora

156 1831 239 1872 pro
269 1817 456 1872 pepulo,
491 1818 706 1861 interveni
735 1832 818 1872 pro
851 1819 981 1869 clero,

157 1874 377 1918 intercede
388 1887 470 1929 pro
485 1874 648 1918 devoto
661 1876 847 1918 femineo
862 1888 980 1918 sexu.

488 1942 649 1983 Oratio.
784 1939 794 1947 ’

157 1996 404 2104 Concede
425 2012 508 2042 nos
530 2000 716 2042 famulos
733 2005 845 2051 tuOS,
865 2003 979 2053 quae-

257 2070 405 2099 sumus
419 2057 607 2099 Domine
619 2057 751 2108 Deus,
766 2059 981 2110 perpetua

158 2113 316 2156 mentis
353 2117 396 2156 et
429 2113 628 2166 cerporis
661 2114 846 2155 sanitate
879 2126 979 2165 gau-

160 2169 281 2211 dere:
325 2174 369 2211 et
412 2170 602 2222 gloriesa
645 2169 789 2212 beatae
829 2170 980 2211 Mariae

160 2238 332 2279 semper
358 2226 552 2277 Virginis
588 2226 917 2277 intercessiOne,
955 2239 981 2267 a

158 2283 367 2335 praesenti
383 2281 560 2324 liberari
582 2282 773 2332 tristitia,
794 2287 838 2324 et
858 2284 980 2324 aeter-

159 2351 215 2379 na
241 2339 405 2391 perfrui
431 2339 595 2381 laetitia.
637 2339 721 2380 Per
745 2339 981 2380 Dominum

159 2399 366 2436 nostrum.

207 2466 356 2499 Deinde
391 2466 483 2499 fiunt
521 2466 901 2500 commemorationes
937 2470 977 2499 ut

157 2524 282 2556 supra.

391 2583 469 2624 Ad.
488 2583 749 2634 vesperas.

207 2655 294 2688 Ant.
314 2657 350 2687 et
366 2652 508 2686 Psalmi
531 2652 697 2685 feriales:
724 2651 846 2694 Capit.
866 2657 900 2685 ct
920 2662 976 2685 re-

155 2702 261 2744 liqua
286 2701 427 2735 omnin.
458 2700 490 2733 si
518 2710 593 2733 non
624 2705 798 2733 occurrat
821 2699 975 2733 Festum

156 2748 319 2792 Duplex,
344 2748 389 2781 dc
412 2748 519 2781 Dom.

1763 212 1854 256 [147]

1082 314 1125 347 In
1143 314 1215 346 fine
1234 313 1625 347 Commemorationcs
1648 320 1851 353 consuetae,

1030 368 1071 396 ut
1096 361 1133 395 in
1159 361 1273 395 l'sult.
1301 359 1372 394 125.

1082 412 1283 446 Lectiones
1324 424 1428 455 sequ.
1472 414 1649 446 (licuntur
1690 412 1852 453 singuiis

1030 461 1226 495 mensibus
1257 460 1294 493 in
1324 460 1459 494 Officio
1490 460 1529 493 B.
1556 460 1600 494 M,
1625 460 1668 493 Y.
1701 461 1734 493 in
1761 460 1852 493 Sab-

1030 511 1130 549 bato,
1156 508 1289 542 ordine
1316 509 1543 551 subscripto

1269 584 1443 625 Mense
1465 583 1512 624 ’Μ
1522 585 1569 636 aj
1583 597 1618 625 ο.

1030 653 1098 693 Ex
1112 650 1322 692 Tractatu
1340 651 1380 692 S.
1395 650 1627 702 Augustini
1644 651 1857 704 Episcopi

1076 705 1130 748 de
1149 706 1358 759 symbolo
1380 707 1436 749 ad
1456 707 1814 749 Catechumenos.

1128 774 1207 807 Lib.
1232 773 1260 806 3.
1288 783 1368 815 cap.
1394 773 1422 805 4.
1450 772 1485 804 in
1513 772 1584 804 linc
1610 770 1700 803 tomi
1728 771 1757 801 {Ji

1329 828 1479 870 Lectio
1500 828 1553 867 iii.

1041 893 1094 934 ‘D
1115 898 1162 927 er
1181 885 1383 926 feminam
1402 897 1533 935 mors,
1556 897 1636 937 per
1654 884 1858 925 feminam

1051 937 1110 983 [1ἕῷ
1131 942 1234 984 vita:
1259 954 1339 994 per
1355 941 1526 982 Hevam
1546 941 1756 991 interitus,
1779 954 1858 993 per

1031 1000 1214 1040 Mariam
1232 997 1361 1039 salus.
1386 997 1468 1038 Illa
1485 1000 1693 1050 corrupta
1707 1000 1859 1039 secuta

1033 1061 1099 1098 est
1117 1054 1408 1096 seducterem:
1426 1053 1522 1096 haec
1540 1056 1708 1105 integra
1725 1056 1857 1107 pepe-

1030 1113 1086 1154 rit
1100 1111 1381 1153 Salvatorem.
1407 1110 1489 1152 Illa
1502 1110 1710 1163 peculum
1727 1124 1752 1152 a
1771 1124 1856 1152 ser-

1030 1171 1162 1221 pente
1180 1167 1462 1221 propinatum
1477 1166 1662 1209 libenter
1677 1167 1858 1220 accepit,

1031 1231 1074 1267 et
1097 1225 1191 1266 viro
1214 1223 1405 1274 tradidit,
1432 1236 1486 1265 ex
1510 1236 1597 1275 quo
1623 1223 1750 1265 simul
1772 1237 1858 1265 me-

1030 1283 1228 1323 rerentur
1244 1279 1400 1322 occidi:
1415 1279 1521 1331 haec,
1536 1280 1676 1331 gratia
1690 1280 1859 1322 coelesti

1032 1338 1222 1391 desuper
1239 1337 1391 1387 infusa,
1412 1337 1546 1379 vitam
1564 1336 1758 1390 pretulit,
1778 1349 1858 1389 per

1032 1407 1163 1446 quam
1189 1406 1291 1435 caro
1315 1395 1488 1435 mortua
1512 1393 1654 1446 possit
1677 1393 1857 1435 resusci-

1029 1451 1125 1493 tari.
1179 1450 1285 1501 Quis
1313 1455 1396 1499 est,
1426 1450 1500 1502 qui
1526 1450 1623 1491 haec
1651 1452 1859 1503 operatus

1032 1512 1109 1558 est,
1124 1507 1206 1548 nisi
1219 1507 1413 1558 Virginis
1426 1506 1572 1557 Filius,
1588 1511 1631 1548 et
1645 1506 1859 1557 virginum

1032 1577 1240 1617 sponsus,
1269 1563 1343 1615 qui
1371 1563 1515 1605 attulit
1541 1563 1669 1605 matri
1696 1563 1857 1605 foecun-

1031 1619 1229 1706 ditatem,
1259 1619 1338 1662 sed
1365 1632 1452 1661 non
1480 1619 1659 1662 abstulit
1686 1619 1857 1670 integri-

1030 1678 1186 1719 tatem.

1084 1734 1148 1775 Te
1165 1733 1310 1774 Deum
1327 1731 1569 1774 laudamus.
1589 1732 1646 1772 13.

1254 1818 1430 1859 Mense
1460 1818 1634 1859 Junio.

1061 1883 1216 1925 Sermo
1240 1884 1379 1926 sancti
1396 1882 1612 1925 Bernardi
1629 1882 1829 1925 Abbatis.
1904 1911 1905 1914 ,

1097 1947 1152 1979 l)c
1180 1945 1315 1979 Verbis
1344 1943 1604 1986 Apocalypsis
1631 1952 1710 1984 cup.
1740 1943 1785 1974 12.

1254 1993 1411 2034 Signum
1437 2001 1625 2033 magnum.

1330 2052 1482 2092 Lectio
1504 2052 1556 2091 iii.

1039 2115 1396 2197 {gifssehementer
1423 2115 1600 2168 quidem
1626 2114 1769 2166 nobis,
1798 2115 1858 2158 di-

1043 2168 1129 2207 'vtes
1162 2173 1401 2223 lectissimi,
1424 2173 1490 2214 vir
1508 2186 1620 2214 unus
1643 2178 1687 2214 et
1704 2172 1860 2214 mulier

1031 2243 1118 2272 una
1135 2231 1338 2271 nocuere:
1367 2229 1446 2271 sed
1463 2229 1626 2280 gratias
1643 2230 1756 2280 Deo,
1780 2242 1860 2282 per

1032 2300 1166 2328 unum
1188 2285 1464 2328 nihilominus
1483 2286 1625 2328 virum
1649 2291 1692 2328 et
1710 2286 1857 2327 mulie-

1033 2356 1126 2385 rem
1143 2355 1273 2384 unam
1290 2343 1435 2384 emnia
1453 2344 1761 2393 restaurantur,
1779 2355 1859 2383 nec

1033 2400 1126 2441 sine
1143 2412 1301 2450 magno
1317 2399 1486 2441 fo'enore
1499 2399 1747 2450 gratiarum.
1774 2399 1858 2440 Ne-

1034 2469 1119 2508 que
1139 2456 1253 2498 enim
1273 2456 1385 2498 sicut
1404 2455 1621 2506 delictum,
1641 2455 1702 2497 ita
1721 2459 1765 2496 et
1783 2454 1858 2496 do-

1032 2526 1150 2554 num:
1169 2511 1248 2554 sed
1262 2511 1434 2555 excedit
1449 2511 1595 2554 damni
1610 2510 1857 2553 aestimatio-

1031 2582 1132 2611 nem
1146 2568 1347 2611 beneficii
1359 2567 1626 2620 magnitudo.
1653 2567 1724 2608 Sic
1738 2567 1856 2607 nimi-

1032 2638 1128 2667 rum
1142 2625 1506 2678 prudentissimus
1522 2630 1565 2666 et
1580 2623 1857 2666 clementissi·
1901 2654 1903 2657 .

1031 2694 1128 2723 mus
1151 2682 1322 2732 artifex,
1349 2681 1469 2734 quod
1493 2682 1748 2733 quassatum
1770 2678 1858 2720 fue-

1031 2743 1109 2789 rat,
1126 2751 1214 2780 non
1228 2738 1451 2789 confregit,
1468 2736 1548 2779 sed
1561 2735 1708 2778 utilius
1723 2736 1856 2777 omni-
