2040 2976
638 206 839 240 Dominiea
868 206 929 239 III.
953 206 1059 239 Julii.
1107 206 1163 239 Ss.
1192 206 1471 249 Redemptoris.

235 302 447 346 Sustinuit
483 302 627 343 anima
662 314 762 343 mea
798 301 842 342 in
878 301 1015 343 verbo

184 362 290 412 ejus:
313 360 337 385 *
357 359 552 413 speravit
576 359 720 400 anima
742 371 841 400 mea
864 358 908 399 in
926 358 1014 399 Do-

182 418 312 458 mino.

233 474 275 514 A
307 472 511 515 custodia
541 474 756 514 matutina
790 484 930 524 usque
958 470 1015 512 ad

182 534 374 572 noctem:
414 530 438 555 *
476 534 625 582 speret
661 528 801 570 Israel
841 528 885 569 in
926 527 1014 569 Do-

180 587 310 629 mino.

234 643 346 694 Quia
370 643 490 697 apud
508 642 747 684 Dominum
771 642 1013 683 misericor—

182 700 272 742 dia:
301 702 325 727 *
353 706 398 742 et
426 700 611 753 copiosa
638 698 757 752 apud
787 712 887 740 eum
918 698 1013 740 red-

182 757 358 810 emptio.
413 787 415 789 -

232 815 290 855 Et
316 814 414 867 ipse
442 812 630 855 redimet
657 812 805 862 Israel,
834 812 858 837 *
887 824 941 853 ex
969 813 1012 853 ό-

180 871 353 913 mnibus
371 870 674 923 iniquitatibus
694 870 796 921 ejus.

238 927 336 968 Ant.
364 926 494 980 Apud
512 926 750 968 Dominum
769 924 1012 966 misericor-

181 983 268 1034 dia,
298 989 341 1026 et
366 984 550 1037 copiosa
575 982 696 1036 apud
720 995 820 1024 eum
845 981 1013 1023 redem-

179 1041 286 1093 ptio.

236 1099 335 1138 Ant.
366 1099 413 1138 In
438 1100 715 1150 quacumque
741 1096 812 1138 die
837 1096 1013 1137 invoca-

181 1167 286 1196 vero
313 1159 373 1204 te,
401 1153 613 1196 exaudies
638 1166 725 1195 me:
753 1152 1012 1206 multiplica-

180 1211 248 1252 bis
268 1211 311 1252 in
331 1211 475 1252 anima
493 1223 592 1252 mea
612 1211 830 1252 virtutem.

446 1265 645 1305 Psalmus
666 1265 750 1304 137.

183 1316 482 1424 Confitebor
513 1324 594 1366 tibi
617 1324 806 1365 Domine
839 1324 884 1364 in
916 1328 1013 1366 toto

280 1381 416 1423 corde
440 1393 556 1422 meo:
575 1382 599 1408 *
620 1381 828 1433 quoniam
852 1379 1014 1422 audisti

180 1438 317 1481 verba
336 1438 426 1480 oris
447 1438 544 1480 mei.

232 1496 283 1536 In
319 1496 562 1548 conspectu
594 1494 866 1545 Angelorum
898 1494 1012 1547 psal-

180 1552 267 1594 lam
301 1551 396 1594 tibi:
424 1553 447 1577 *
476 1551 676 1593 adorabo
710 1551 767 1592 ad
799 1551 1014 1604 templum

182 1614 381 1651 sanctum
412 1613 550 1658 tuum,
584 1612 627 1649 et
661 1607 906 1650 confitebor
938 1609 1013 1649 no-

180 1666 286 1706 mini
302 1670 393 1707 tuo.

232 1722 374 1775 Super
401 1721 702 1764 misericordia
723 1726 813 1771 tua,
842 1725 886 1763 et
905 1721 1013 1763 veri-

130 1806 132 1809 >
180 1781 272 1820 tate
305 1784 394 1821 tua:
426 1779 450 1804 *
486 1778 693 1831 quoniam
724 1778 1014 1830 magnificasti

182 1848 314 1888 super
329 1848 469 1885 omne,
489 1847 649 1877 nomen
665 1840 865 1877 sanctum
879 1839 1014 1876 tuum.

231 1893 282 1934 In
299 1896 575 1945 quacumque
592 1891 662 1933 die
679 1892 944 1933 invocavero
959 1896 1014 1942 te,

183 1949 343 1991 exaudi
365 1962 451 1991 me:
474 1950 498 1975 *
521 1948 835 2002 multiplicabis
858 1949 901 1989 in
927 1949 1014 1991 ani-

181 2019 252 2046 ma
271 2019 370 2048 mea
387 2006 606 2047 virtutem.

236 2062 538 2104 Confiteantur
556 2062 637 2104 tibi
655 2062 843 2104 Domine
862 2075 1016 2104 omnes

183 2132 309 2170 reges
342 2124 486 2160 terrae:
514 2120 538 2146 *
572 2119 674 2171 quia
706 2118 938 2161 audierunt
972 2121 1015 2160 ό-

183 2176 299 2216 mnia
316 2175 453 2217 verba
471 2175 558 2217 oris
576 2176 654 2218 tui:

235 2233 292 2274 Et
310 2237 487 2274 cantent
505 2233 548 2273 in
566 2233 648 2274 viis
664 2233 856 2274 Domini:
870 2233 895 2259 *
911 2235 1015 2285 quo-

184 2290 301 2331 niam
319 2301 477 2339 magna
497 2294 564 2330 est
583 2290 724 2340 gloria
742 2290 930 2332 Domini.

238 2346 454 2396 Quoniam
483 2346 681 2387 excelsus
697 2337 943 2396 'Dominum
973 2351 1017 2388 et

184 2402 365 2444 humilia
393 2401 587 2454 respicit:
606 2403 630 2429 *
650 2407 694 2444 et
720 2402 809 2444 alta
834 2415 860 2444 a
884 2403 1016 2455 longe

187 2458 424 2510 cognoscit.

237 2516 283 2557 Si
302 2514 586 2557 ambulavero
610 2514 653 2554 in
673 2515 818 2557 medio
839 2515 1016 2557 tribula-

187 2572 333 2622 tionis,
366 2571 610 2613 vivificabis
642 2584 727 2612 me:
755 2574 779 2599 *
807 2577 851 2614 et
886 2585 1018 2625 super

186 2629 295 2670 iram
313 2628 589 2670 inimicorum
607 2630 806 2669 meorum
824 2628 1017 2670 extendi-

188 2685 243 2726 sti
261 2698 438 2726 manum
456 2690 592 2734 tuam,
619 2690 662 2726 et
682 2684 851 2725 salvum
870 2697 940 2726 me
960 2685 1017 2726 fe-

188 2741 246 2782 cit
266 2741 447 2783 dextera
464 2747 550 2783 tua.

1121 299 1338 341 Dominus
1352 298 1565 341 retribuet
1579 311 1663 352 pro
1676 299 1795 341 mez*
1804 299 1902 340 Dfie

1069 355 1373 399 misericordia
1392 361 1468 398 tua
1485 356 1530 397 in
1548 355 1775 397 saeculum:
1799 357 1901 408 ope-

1070 427 1119 455 ra
1137 415 1346 454 manuum
1359 415 1534 455 tuarum
1552 425 1607 454 ne
1628 411 1858 465 despicias.

1126 476 1226 515 Ant.
1255 476 1302 515 In
1329 476 1608 527 quacumque
1634 472 1705 516 die
1727 473 1902 515 invoca-

1070 544 1177 573 vero
1204 537 1264 581 te,
1294 530 1505 573 exaudies
1529 543 1615 572 me:
1642 529 1903 583 multiplica-

1069 588 1137 630 bis
1156 588 1200 629 in
1220 588 1365 629 anima
1383 600 1482 629 mea
1500 587 1717 630 virtutem.

1152 662 1413 715 Capitulum.
1602 663 1711 706 Tob.
1732 665 1768 705 3.
1786 664 1828 706 b.

1073 722 1403 829 Benedictum
1433 740 1595 770 nomen
1626 732 1750 769 tuum
1780 727 1902 769 Deus

1186 791 1364 838 patrum
1390 786 1661 827 nostrorum:
1694 784 1770 836 qui
1803 785 1903 826 cu'm

1068 842 1207 884 iratus
1225 842 1370 892 fueris,
1389 840 1738 883 misericordiam
1756 840 1902 892 facies,

1069 903 1113 940 et
1129 898 1174 940 in
1191 901 1391 951 tempore
1405 897 1701 941 tribulationis
1717 899 1903 951 peccata

1068 955 1252 1005 dimittis
1271 956 1350 1006 his,
1372 956 1447 1009 qui
1466 958 1674 997 invocant
1692 960 1748 997 te.

1380 1026 1592 1078 Hymnus.

1168 1094 1292 1134 eator
1312 1092 1425 1134 alme
1445 1091 1650 1142 siderum,

1177 1150 1364 1191 AEterna
1380 1149 1457 1191 lux
1477 1149 1762 1199 credentium,

1119 1206 1145 1247 J
1147 1219 1225 1248 esu
1244 1205 1522 1260 Redemptor
1541 1206 1747 1257 omnium,

1118 1262 1303 1305 Intende
1322 1263 1438 1306 votis
1459 1263 1719 1317 supplicum.

1073 1333 1313 1375 Commune
1335 1333 1409 1386 qui
1427 1331 1580 1375 mundi
1598 1332 1721 1374 nefas

1117 1389 1177 1431 Ut
1197 1389 1412 1443 expiares,
1432 1389 1490 1432 ad
1509 1402 1685 1432 crucem

1117 1447 1155 1487 E
1174 1447 1370 1498 Virginis
1390 1447 1583 1489 sacrario

1118 1503 1292 1546 Intacta
1310 1503 1465 1557 prodis
1483 1504 1673 1546 victima.

1073 1569 1201 1620 Cujus
1219 1571 1420 1623 potestas
1439 1569 1603 1622 gloriae,

1119 1625 1383 1680 Nomenque
1402 1640 1501 1669 cum
1520 1627 1711 1680 primum
1731 1631 1870 1677 sonat,

1119 1683 1177 1725 Et
1197 1684 1379 1734 co'eliteS,
1400 1689 1443 1726 et
1463 1684 1591 1726 inferi

1121 1739 1358 1782 Tremente
1378 1743 1617 1782 curvantur
1635 1753 1760 1792 genu.

1072 1810 1153 1859 Qui
1172 1809 1386 1852 daemonis
1405 1823 1460 1853 ne
1479 1809 1709 1852 fraudibus

1118 1867 1288 1910 Periret
1309 1867 1441 1918 orbis,
1459 1870 1630 1920 impetu

1121 1924 1300 1966 Amoris
1320 1930 1456 1974 actus
1474 1923 1672 1976 languidi

1121 1981 1275 2023 Mundi
1293 1981 1468 2024 medela
1485 1981 1627 2023 factus
1647 1993 1706 2023 es.

1073 2051 1135 2093 Te
1156 2051 1448 2104 deprecamur
1466 2051 1633 2094 ultimae

1123 2108 1330 2159 Magnum
1352 2107 1441 2151 diei
1458 2107 1671 2158 Judicem‚

1122 2165 1271 2206 Armis
1291 2167 1496 2219 supernae
1515 2165 1669 2217 gratiae

1121 2222 1323 2265 Defende
1341 2235 1423 2265 nos
1442 2222 1498 2264 ab
1517 2221 1732 2264 hostibus.

1073 2294 1186 2343 Jesu,
1205 2292 1285 2336 tibi
1303 2293 1359 2335 sit
1379 2292 1529 2344 gloria,

1123 2349 1208 2400 Qui
1226 2355 1355 2392 natus
1375 2362 1422 2391 es
1443 2349 1498 2391 de
1517 2348 1712 2400 Virgine,

1123 2406 1234 2448 Cum
1252 2407 1395 2456 Patre,
1414 2411 1458 2448 et
1477 2406 1594 2447 almo
1613 2404 1788 2458 Spiritu,

1123 2465 1175 2505 In
1194 2464 1464 2517 sempiterna
1483 2462 1657 2504 saecula.
1684 2461 1838 2503 Amen.

1125 2525 1188 2560 Sic
1224 2525 1478 2560 terminantur
1505 2524 1650 2569 Hymni
1689 2524 1739 2558 ad
1769 2533 1902 2559 omnes

1071 2574 1210 2608 Horas.
1825 2583 1831 2590 ·

1123 2624 1174 2674 V.
1189 2628 1435 2671 Redemisti
1448 2640 1531 2670 nos
1545 2627 1736 2669 Domine
1750 2627 1794 2668 in
1809 2627 1903 2668 san-

1071 2685 1202 2736 guine
1228 2690 1318 2727 tuo.
1358 2686 1408 2737 R’·
1438 2685 1496 2726 Et
1527 2684 1670 2726 fecisti
1696 2696 1779 2726 nos
1806 2684 1903 2725 Deo

1071 2746 1225 2783 nostro
1254 2753 1447 2792 regnum.
