2040 2976
740 188 942 222 Dominica
969 189 1017 222 ad
1044 189 1280 224 Matutinum.

443 278 642 318 Psalmus
672 280 700 318 1

190 366 191 378 π
257 349 389 388 eatus
404 347 481 396 vir,
498 347 572 398 qui
593 359 680 387 non
696 346 829 388 abiit
818 348 862 387 11'1
882 359 982 387 con-

168 452 169 458 *
166 387 253 459 ἶξ,
249 396 258 430 ἆ
282 403 412 444 silio
400 404 647 456 impiorum,
668 408 712 444 et
730 403 774 444 in
793 418 820 444 v
823 404 864 444 ia
883 416 982 456 pec-

159 464 172 487 ἒ
178 448 259 487 5-3
283 461 481 501 catorum
514 473 603 501 non
635 460 770 510 stetit,
803 460 826 486 *
861 464 904 501 et
938 460 982 500 in

154 516 363 558 cathedra
383 516 645 569 pestilentiae
665 529 753 557 non
773 516 900 558 sedit:

205 572 317 614 Sed
306 587 351 613 in
366 573 461 624 lege
472 572 651 614 Domini
662 573 865 614 voluntas
880 574 982 625 ejus,

154 630 177 655 *
199 635 242 671 et
262 630 305 670 in
321 630 416 681 lege
432 630 522 682 ejus
541 629 825 671 meditabitur
843 629 914 671 die
930 642 981 670 ac

154 692 294 728 nocte.

204 743 261 784 Et
288 743 370 784 erit
396 747 622 794 tamquam
650 743 832 794 lignum,
862 743 981 794 quod

151 799 397 852 plantatum
408 803 475 841 est
490 812 616 840 secus
629 799 839 841 decursus
851 802 980 851 aqua-

152 869 259 906 rum,
286 857 309 881 *
339 855 458 908 quod
486 855 675 897 fructum
705 869 831 897 suum
858 855 981 898 dabit

151 913 195 953 in
215 914 415 966 tempore
436 925 532 953 suo:

203 970 259 1011 Et
287 970 440 1010 folium
469 970 558 1021 ejus
587 983 675 1011 non
696 969 874 1011 defluet:
893 970 916 995 *
937 975 980 1011 et

152 1026 299 1067 omnia
318 1029 607 1078 quaecumque
628 1027 774 1076 faciet,
799 1039 978 1079 prospe-

150 1082 372 1124 rabantur.

201 1139 304 1180 Non
338 1140 401 1180 sic
434 1140 576 1192 impii,
609 1152 698 1181 non
731 1140 813 1181 sic:
844 1140 867 1165 *
901 1139 979 1181 sed

150 1201 375 1248 tamquam
421 1196 584 1249 pulvis,
629 1210 759 1248 quem
804 1197 980 1249 projicit

150 1258 306 1294 ventus
326 1266 351 1294 a
370 1253 480 1295 facie
499 1258 640 1294 terrae.

200 1309 310 1351 Ideo
334 1322 423 1350 non
449 1313 678 1360 restirgent
704 1310 827 1362 impii
853 1311 896 1350 in
920 1311 978 1361 ju-

150 1365 281 1407 dicio:
306 1366 330 1391 *
356 1379 498 1418 neque
526 1368 785 1418 peccatores
809 1367 853 1407 in
878 1379 978 1407 con—

151 1422 251 1464 cilio
272 1423 495 1474 justorum.

202 1479 420 1528 Quoniam
456 1479 580 1520 novit
610 1478 827 1520 Dominus
861 1479 977 1519 viam

148 1536 376 1588 justorum:
399 1535 422 1561 *
448 1540 492 1577 et
514 1535 597 1577 iter
622 1535 858 1588 impiorum
881 1548 977 1588 per-

147 1591 238 1633 ibit.

201 1648 354 1690 Gloria
378 1648 516 1700 Patri,
546 1653 589 1690 et
615 1648 748 1698 Filio,
771 1649 795 1674 *

147 1706 250 1746 ritui
269 1709 432 1746 sancto.
539 1744 541 1747 .

199 1761 320 1803 Sicut
344 1766 438 1803 erat
460 1762 505 1802 in
523 1762 758 1815 principio,
782 1767 826 1803 et
850 1775 975 1812 nunc,

148 1822 191 1859 et
216 1831 405 1871 semper:
429 1819 452 1844 *
479 1823 522 1860 et
549 1818 593 1859 in
614 1818 775 1860 saecula
795 1819 975 1860 saeculo-

146 1887 253 1915 rum.
290 1874 444 1916 Amen.

201 1939 274 1974 Hic
306 1949 442 1976 versus
476 1944 616 1980 Gloria.
653 1954 805 1987 semper
838 1946 978 1980 dicitur

150 1987 186 2020 in
210 1988 281 2021 tine
303 1991 471 2025 omnium
491 1992 741 2028 Psalnwrum,
767 1994 840 2026 nisi
867 1994 977 2028 aliter

149 2039 310 2070 notetur.

816 1653 859 1690 et
881 1648 974 1702 Spi-

436 2091 631 2132 l‘salmus
660 2094 695 2131 2.

151 2137 336 2260 Quare
364 2152 635 2194 fremuerunt
664 2153 845 2204 Gentes,
878 2154 901 2179 *
930 2159 974 2195 et

249 2208 403 2261 populi
427 2208 628 2251 meditati
656 2215 757 2251 sunt
786 2210 954 2251 inania?

197 2264 443 2306 Astiterunt
466 2278 593 2317 reges
621 2271 767 2316 terrae,
791 2271 835 2308 et
857 2269 972 2319 prin—

145 2321 266 2373 cipes
292 2324 591 2364 convenerunt
616 2323 661 2363 in
684 2337 819 2364 unum
847 2324 870 2349 *
899 2323 971 2365 ad-

144 2378 296 2418 versus
347 2378 610 2429 Dominum,
664 2384 708 2421 et
761 2378 971 2421 adversus

145 2433 366 2474 Christum
394 2435 494 2486 ejus.

196 2490 509 2542 Dirumpamus
542 2492 715 2533 vincula
749 2494 919 2533 eorum:
947 2493 970 2518 *

144 2550 188 2587 et
214 2547 496 2599 projiciamus
524 2561 550 2589 a
577 2548 705 2590 nobis
734 2549 880 2601 jugum
908 2549 970 2602 ip-

144 2615 304 2643 sorum.

196 2659 280 2709 Qui
312 2659 481 2701 habitat
513 2660 557 2700 in
590 2660 733 2710 coelis,
770 2661 970 2703 irridebit

145 2727 235 2756 eos:
250 2716 273 2741 *
290 2721 334 2757 et
347 2716 563 2758 Dominus
580 2715 866 2759 subsannabit
881 2731 968 2760 eos.

1086 285 1212 327 Tunc
1231 286 1436 338 loquetur
1456 289 1512 330 ad
1532 302 1608 330 eos
1632 290 1676 329 in
1696 289 1760 330 ira
1776 303 1864 339 sua,

1035 343 1059 368 *
1079 347 1122 383 et
1142 343 1186 382 in
1205 343 1351 385 furore
1372 357 1451 385 suo
1472 345 1753 387 conturbabit
1777 359 1864 387 eos.

1086 398 1182 449 Ego
1203 404 1349 441 autem
1369 402 1633 443 constitutus
1654 416 1750 443 sum
1767 403 1864 444 Rex

1035 455 1090 496 ab
1112 468 1164 496 eo
1185 468 1316 508 super
1333 457 1437 498 Sion
1452 463 1647 500 montem
1663 464 1863 500 sanctum

1036 513 1137 563 ejus,
1156 512 1179 537 *
1199 512 1448 564 praedicans
1468 517 1741 567 praeceptum
1762 517 1862 567 ejus.

1086 569 1303 609 Dominus
1332 568 1443 610 dixit
1471 570 1527 611 ad
1555 585 1642 612 me:
1670 573 1693 597 *
1727 572 1862 613 Filius

1034 638 1157 666 meus
1178 638 1224 666 es
1243 630 1302 674 tu,
1322 638 1403 675 ego
1423 625 1556 667 hodie
1575 629 1705 677 genui
1724 633 1778 670 te.

1086 682 1266 722 Postula
1292 695 1317 722 a
1342 695 1423 732 me,
1449 688 1492 723 et
1513 682 1628 724 dabo
1649 685 1728 726 tibi
1750 686 1862 727 Gen-

1033 744 1100 780 tes
1119 738 1423 780 haereditatem
1443 744 1575 789 tuam⁷
1590 741 1612 765 *
1633 745 1676 781 et
1691 754 1862 792 posses-

1034 796 1203 837 sionem
1222 801 1342 837 tuam
1361 797 1573 837 terminos
1592 802 1732 837 terrae.

1084 853 1231 902 Reges
1260 865 1336 894 eos
1364 853 1407 892 in
1433 853 1554 903 virga
1579 853 1739 903 ferrea,
1767 854 1790 878 *
1819 860 1862 895 et

1033 914 1257 961 tamquam
1273 922 1350 949 vas
1370 909 1491 959 figuli
1511 910 1759 961 confringes
1775 923 1861 951 eos.

1084 966 1140 1007 Et
1164 979 1279 1007 nunc
1299 979 1424 1016 reges
1444 966 1688 1016 intelligite:
1715 967 1739 992 *
1768 979 1860 1008 eru-

1033 1021 1186 1063 dimini
1207 1023 1281 1074 qui
1301 1022 1502 1074 judicatis
1523 1028 1696 1064 terram.

1083 1079 1252 1122 Servite
1277 1080 1470 1120 Domino
1496 1080 1539 1120 in
1565 1080 1738 1120 timore:
1766 1081 1788 1105 *
1818 1085 1861 1121 et

1033 1135 1248 1177 exsultate
1269 1136 1309 1177 ei
1329 1149 1428 1176 cum
1447 1139 1649 1177 tremore.

1084 1192 1417 1244 Apprehendite
1464 1192 1752 1245 disciplinam,
1787 1206 1857 1234 ne-

1033 1248 1209 1300 quando
1248 1250 1462 1290 irascatur
1494 1250 1728 1298 Dominus‚
1761 1251 1784 1275 *
1818 1255 1861 1291 et

1030 1306 1222 1357 pereatis
1243 1305 1297 1346 de
1317 1306 1387 1346 via
1407 1307 1528 1356 justa.

1085 1361 1193 1402 Cum
1220 1362 1432 1403 exarserit
1458 1362 1502 1402 in
1526 1361 1649 1403 brevi
1674 1363 1738 1402 ira
1758 1364 1860 1414 ejus,

1030 1419 1053 1443 *
1077 1417 1197 1460 beati
1217 1431 1369 1459 omnes
1390 1419 1464 1470 qui
1484 1418 1713 1459 confidunt
1731 1419 1775 1459 in
1796 1432 1859 1460 eo.

1324 1475 1376 1513 l's
1380 1474 1555 1513 llmus‘
1548 1477 1582 1513 .5.

1036 1524 1268 1629 Domine
1304 1531 1410 1583 quid
1445 1532 1724 1584 multiplicati
1759 1538 1859 1574 sunt

1134 1589 1209 1640 qui
1236 1588 1447 1630 tribulant
1474 1588 1565 1630 me?
1594 1590 1617 1615 *
1644 1589 1770 1631 multi
1797 1590 1858 1630 in-

1029 1647 1214 1695 surgunt
1233 1644 1467 1686 adversum
1486 1658 1568 1687 me.

1080 1701 1206 1742 Multi
1223 1701 1375 1743 dicunt
1395 1702 1552 1743 animae
1568 1715 1694 1743 meae:
1713 1703 1736 1727 *
1755 1702 1857 1743 Non

1029 1763 1095 1799 est
1115 1757 1231 1798 salus
1250 1759 1336 1810 ipsi
1355 1758 1399 1798 in
1419 1759 1516 1799 Deo
1537 1760 1638 1811 ejus.

1078 1815 1147 1855 Tu
1193 1819 1339 1856 autem
1385 1815 1574 1856 Domine
1626 1816 1856 1868 susceptor

1026 1884 1151 1913 meus
1172 1884 1230 1921 eS‚
1250 1872 1273 1896 *
1292 1871 1433 1922 gloria
1457 1884 1564 1922 mea,
1589 1877 1633 1913 et
1658 1872 1855 1913 exaltans

1027 1933 1161 1980 caput
1179 1941 1335 1969 meum.

1078 1985 1203 2026 Voce
1218 1997 1316 2026 mea
1331 1984 1388 2026 ad
1403 1985 1641 2026 Dominum
1657 1985 1854 2027 clamavi:

1025 2041 1048 2067 *
1078 2046 1122 2083 et
1150 2040 1374 2083 exaudivit
1400 2055 1470 2084 me
1499 2041 1554 2083 de
1581 2046 1731 2104 monte
1760 2054 1853 2082 san-

1025 2102 1098 2139 cto
1128 2110 1219 2138 suo.

1077 2155 1171 2205 Ego
1192 2154 1397 2205 dormivi,
1424 2160 1468 2196 et
1487 2157 1721 2215 soporatus
1742 2167 1852 2195 sum:

1024 2211 1047 2236 *
1071 2215 1115 2252 et
1139 2211 1380 2261 exsurrexi,
1405 2212 1508 2263 quia
1526 2206 1742 2252 Dominus
1762 2224 1851 2251 sus-

1025 2267 1142 2319 cepit
1162 2280 1243 2308 me.

1074 2323 1176 2364 Non
1214 2322 1378 2364 timebo
1416 2323 1550 2364 millia
1586 2323 1739 2376 populi
1772 2323 1849 2364 cir-

1023 2379 1270 2421 cumdantis
1293 2393 1379 2421 me:
1401 2380 1425 2405 *
1451 2384 1637 2431 exsurge
1661 2380 1849 2420 Domine

1023 2436 1192 2478 salvum
1211 2449 1281 2477 me
1301 2436 1381 2486 fac,
1401 2437 1522 2477 Deus
1541 2449 1675 2477 meus.

1075 2493 1291 2543 Quoniam
1327 2498 1375 2534 tu
1406 2493 1662 2545 percussisti
1696 2504 1847 2533 omnes

1022 2549 1306 2590 adversantes
1322 2549 1427 2590 mihi
1443 2549 1535 2590 sine
1552 2549 1730 2590 causaz*
1746 2547 1846 2588 den-

1020 2610 1087 2647 tes
1106 2608 1390 2658 peccatorum
1410 2605 1666 2646 contrivisti.

1072 2662 1252 2703 Domini
1272 2666 1339 2703 est
1358 2661 1489 2702 salus:
1508 2662 1532 2686 *
1557 2665 1600 2701 et
1619 2672 1749 2712 super
1768 2661 1844 2712 po-

1019 2718 1172 2771 pulum
1191 2723 1315 2759 tuum
1334 2717 1583 2759 benedictio
1605 2721 1689 2757 tua.
