<?xml version="1.0" encoding="UTF-8"?>
<!DOCTYPE html PUBLIC "-//W3C//DTD XHTML 1.0 Transitional//EN"
    "http://www.w3.org/TR/xhtml1/DTD/xhtml1-transitional.dtd">
<html xmlns="http://www.w3.org/1999/xhtml" xml:lang="en" lang="en">
 <head>
  <title>
</title>
<meta http-equiv="Content-Type" content="text/html;charset=utf-8" />
  <meta name='ocr-system' content='tesseract 3.04.00' />
  <meta name='ocr-capabilities' content='ocr_page ocr_carea ocr_par ocr_line ocrx_word'/>
</head>
<body>
  <div class='ocr_page' id='page_1' title='image "./p3breviariumroma00cathuoft_0868.png"; bbox 0 0 2040 2976; ppageno 0'>
   <div class='ocr_carea' id='block_1_1' title="bbox 865 210 1216 245">
    <p class='ocr_par' dir='ltr' id='par_1_1' title="bbox 865 210 1216 245">
     <span class='ocr_line' id='line_1_1' title="bbox 865 210 1216 245; baseline 0 -1"><span class='ocrx_word' id='word_1_1' title='bbox 865 210 921 244; x_wconf 88' lang='lat' dir='ltr'><strong>Ss.</strong></span> <span class='ocrx_word' id='word_1_2' title='bbox 948 211 1087 245; x_wconf 82' lang='lat' dir='ltr'><strong>Cordis</strong></span> <span class='ocrx_word' id='word_1_3' title='bbox 1112 212 1216 245; x_wconf 77' lang='lat' dir='ltr'><strong>Jesu.</strong></span> 
     </span>
    </p>
   </div>
   <div class='ocr_carea' id='block_1_2' title="bbox 178 309 1019 2553">
    <p class='ocr_par' dir='ltr' id='par_1_2' title="bbox 185 309 1019 406">
     <span class='ocr_line' id='line_1_2' title="bbox 185 309 1019 362; baseline 0.001 -13"><span class='ocrx_word' id='word_1_4' title='bbox 185 309 306 350; x_wconf 90' lang='lat' dir='ltr'><strong>Deus</strong></span> <span class='ocrx_word' id='word_1_5' title='bbox 333 309 454 350; x_wconf 91' lang='lat' dir='ltr'><strong>Deus</strong></span> <span class='ocrx_word' id='word_1_6' title='bbox 482 314 581 350; x_wconf 88' lang='lat' dir='ltr'><strong>tuus</strong></span> <span class='ocrx_word' id='word_1_7' title='bbox 610 309 709 350; x_wconf 94' lang='lat' dir='ltr'><strong>oleo</strong></span> <span class='ocrx_word' id='word_1_8' title='bbox 734 309 899 350; x_wconf 86' lang='lat' dir='ltr'><strong>laetitiae</strong></span> <span class='ocrx_word' id='word_1_9' title='bbox 925 322 1019 362; x_wconf 83' lang='lat' dir='ltr'><strong>prae</strong></span> 
     </span>
     <span class='ocr_line' id='line_1_3' title="bbox 185 364 585 406; baseline -0.003 -1"><span class='ocrx_word' id='word_1_10' title='bbox 185 364 461 406; x_wconf 92' lang='lat' dir='ltr'><strong>consortibus</strong></span> <span class='ocrx_word' id='word_1_11' title='bbox 488 365 585 406; x_wconf 91' lang='lat' dir='ltr'><strong>tuis.</strong></span> 
     </span>
    </p>

    <p class='ocr_par' dir='ltr' id='par_1_3' title="bbox 184 420 1018 638">
     <span class='ocr_line' id='line_1_4' title="bbox 238 420 1017 472; baseline -0.001 -11"><span class='ocrx_word' id='word_1_12' title='bbox 238 420 426 472; x_wconf 84' lang='lat' dir='ltr'><strong>Myrrha,</strong></span> <span class='ocrx_word' id='word_1_13' title='bbox 457 426 500 462; x_wconf 94' lang='lat' dir='ltr'><strong>et</strong></span> <span class='ocrx_word' id='word_1_14' title='bbox 528 425 661 470; x_wconf 86' lang='lat' dir='ltr'><strong>gutta,</strong></span> <span class='ocrx_word' id='word_1_15' title='bbox 691 425 735 461; x_wconf 95' lang='lat' dir='ltr'><strong>et</strong></span> <span class='ocrx_word' id='word_1_16' title='bbox 762 420 880 461; x_wconf 87' lang='lat' dir='ltr'><strong>casia</strong></span> <span class='ocrx_word' id='word_1_17' title='bbox 903 433 929 460; x_wconf 86' lang='lat' dir='ltr'><strong>a</strong></span> <span class='ocrx_word' id='word_1_18' title='bbox 947 432 1017 460; x_wconf 88' lang='lat' dir='ltr'><strong>ve-</strong></span> 
     </span>
     <span class='ocr_line' id='line_1_5' title="bbox 186 475 1018 524; baseline -0.002 -6"><span class='ocrx_word' id='word_1_19' title='bbox 186 477 399 518; x_wconf 86' lang='lat' dir='ltr'><strong>stimentis</strong></span> <span class='ocrx_word' id='word_1_20' title='bbox 420 476 517 524; x_wconf 89' lang='lat' dir='ltr'><strong>tuis,</strong></span> <span class='ocrx_word' id='word_1_21' title='bbox 534 489 560 517; x_wconf 89' lang='lat' dir='ltr'><strong>a</strong></span> <span class='ocrx_word' id='word_1_22' title='bbox 576 475 779 517; x_wconf 91' lang='lat' dir='ltr'><strong>domibus</strong></span> <span class='ocrx_word' id='word_1_23' title='bbox 798 475 1018 517; x_wconf 89' lang='lat' dir='ltr'><strong>eburneis:</strong></span> 
     </span>
     <span class='ocr_line' id='line_1_6' title="bbox 185 531 1016 584; baseline -0.001 -11"><span class='ocrx_word' id='word_1_24' title='bbox 185 533 208 558; x_wconf 80' lang='grc'>*</span> <span class='ocrx_word' id='word_1_25' title='bbox 226 545 280 573; x_wconf 93' lang='lat' dir='ltr'><strong>ex</strong></span> <span class='ocrx_word' id='word_1_26' title='bbox 310 533 467 584; x_wconf 88' lang='lat' dir='ltr'><strong>quibus</strong></span> <span class='ocrx_word' id='word_1_27' title='bbox 487 533 816 574; x_wconf 65' lang='lat' dir='ltr'>delectaverunt</span> <span class='ocrx_word' id='word_1_28' title='bbox 840 537 885 573; x_wconf 91' lang='lat' dir='ltr'><strong>te</strong></span> <span class='ocrx_word' id='word_1_29' title='bbox 914 531 1016 572; x_wconf 79' lang='lat' dir='ltr'><strong>filiae</strong></span> 
     </span>
     <span class='ocr_line' id='line_1_7' title="bbox 184 588 720 638; baseline 0 -10"><span class='ocrx_word' id='word_1_30' title='bbox 184 601 338 638; x_wconf 86' lang='lat' dir='ltr'><strong>regum</strong></span> <span class='ocrx_word' id='word_1_31' title='bbox 364 589 408 628; x_wconf 89' lang='lat' dir='ltr'><strong>in</strong></span> <span class='ocrx_word' id='word_1_32' title='bbox 436 588 604 629; x_wconf 93' lang='lat' dir='ltr'><strong>honore</strong></span> <span class='ocrx_word' id='word_1_33' title='bbox 632 593 720 630; x_wconf 91' lang='lat' dir='ltr'><strong>tuo.</strong></span> 
     </span>
    </p>

    <p class='ocr_par' dir='ltr' id='par_1_4' title="bbox 183 644 1015 797">
     <span class='ocr_line' id='line_1_8' title="bbox 235 644 1015 695; baseline -0.001 -11"><span class='ocrx_word' id='word_1_34' title='bbox 235 644 388 686; x_wconf 89' lang='lat' dir='ltr'><strong>Astitit</strong></span> <span class='ocrx_word' id='word_1_35' title='bbox 421 647 571 695; x_wconf 87' lang='lat' dir='ltr'><strong>regina</strong></span> <span class='ocrx_word' id='word_1_36' title='bbox 603 657 630 685; x_wconf 93' lang='lat' dir='ltr'><strong>a</strong></span> <span class='ocrx_word' id='word_1_37' title='bbox 657 644 824 686; x_wconf 83' lang='lat' dir='ltr'><strong>dextris</strong></span> <span class='ocrx_word' id='word_1_38' title='bbox 858 644 944 685; x_wconf 84' lang='lat' dir='ltr'><strong>tuis</strong></span> <span class='ocrx_word' id='word_1_39' title='bbox 971 644 1015 683; x_wconf 93' lang='lat' dir='ltr'><strong>in</strong></span> 
     </span>
     <span class='ocr_line' id='line_1_9' title="bbox 184 699 1014 742; baseline -0.001 -1"><span class='ocrx_word' id='word_1_40' title='bbox 184 702 345 741; x_wconf 88' lang='lat' dir='ltr'><strong>vestitu</strong></span> <span class='ocrx_word' id='word_1_41' title='bbox 364 699 592 742; x_wconf 88' lang='lat' dir='ltr'><strong>deaurato:</strong></span> <span class='ocrx_word' id='word_1_42' title='bbox 610 701 633 726; x_wconf 90' lang='lat'>*</span> <span class='ocrx_word' id='word_1_43' title='bbox 654 699 924 742; x_wconf 89' lang='lat' dir='ltr'><strong>circumdata</strong></span> <span class='ocrx_word' id='word_1_44' title='bbox 943 712 1014 740; x_wconf 88' lang='lat' dir='ltr'><strong>va-</strong></span> 
     </span>
     <span class='ocr_line' id='line_1_10' title="bbox 183 756 350 797; baseline 0.006 -1"><span class='ocrx_word' id='word_1_45' title='bbox 183 756 350 797; x_wconf 89' lang='lat' dir='ltr'><strong>rietate.</strong></span> 
     </span>
    </p>

    <p class='ocr_par' dir='ltr' id='par_1_5' title="bbox 182 811 1014 976">
     <span class='ocr_line' id='line_1_11' title="bbox 235 811 1013 861; baseline -0.001 -9"><span class='ocrx_word' id='word_1_46' title='bbox 235 811 353 853; x_wconf 83' lang='lat' dir='ltr'><strong>Audi</strong></span> <span class='ocrx_word' id='word_1_47' title='bbox 375 812 475 861; x_wconf 87' lang='lat' dir='ltr'><strong>filia,</strong></span> <span class='ocrx_word' id='word_1_48' title='bbox 499 817 542 853; x_wconf 91' lang='lat' dir='ltr'><strong>et</strong></span> <span class='ocrx_word' id='word_1_49' title='bbox 561 811 672 861; x_wconf 90' lang='lat' dir='ltr'><strong>vide,</strong></span> <span class='ocrx_word' id='word_1_50' title='bbox 693 816 737 853; x_wconf 91' lang='lat' dir='ltr'><strong>et</strong></span> <span class='ocrx_word' id='word_1_51' title='bbox 760 811 920 852; x_wconf 87' lang='lat' dir='ltr'><strong>inclina</strong></span> <span class='ocrx_word' id='word_1_52' title='bbox 943 823 1013 852; x_wconf 91' lang='lat' dir='ltr'><strong>au-</strong></span> 
     </span>
     <span class='ocr_line' id='line_1_12' title="bbox 183 867 1014 919; baseline -0.001 -11"><span class='ocrx_word' id='word_1_53' title='bbox 183 879 276 908; x_wconf 91' lang='lat' dir='ltr'><strong>rem</strong></span> <span class='ocrx_word' id='word_1_54' title='bbox 293 872 429 908; x_wconf 86' lang='lat' dir='ltr'><strong>tuam:</strong></span> <span class='ocrx_word' id='word_1_55' title='bbox 439 868 462 893; x_wconf 89' lang='lat'>*</span> <span class='ocrx_word' id='word_1_56' title='bbox 474 872 518 909; x_wconf 88' lang='lat' dir='ltr'><strong>et</strong></span> <span class='ocrx_word' id='word_1_57' title='bbox 528 867 788 909; x_wconf 85' lang='lat' dir='ltr'><strong>obliviscere</strong></span> <span class='ocrx_word' id='word_1_58' title='bbox 800 867 1014 919; x_wconf 90' lang='lat' dir='ltr'><strong>populum</strong></span> 
     </span>
     <span class='ocr_line' id='line_1_13' title="bbox 182 923 862 976; baseline -0.001 -12"><span class='ocrx_word' id='word_1_59' title='bbox 182 928 317 973; x_wconf 90' lang='lat' dir='ltr'><strong>tuum,</strong></span> <span class='ocrx_word' id='word_1_60' title='bbox 346 929 390 965; x_wconf 94' lang='lat' dir='ltr'><strong>et</strong></span> <span class='ocrx_word' id='word_1_61' title='bbox 417 923 597 965; x_wconf 91' lang='lat' dir='ltr'><strong>domum</strong></span> <span class='ocrx_word' id='word_1_62' title='bbox 623 924 761 976; x_wconf 92' lang='lat' dir='ltr'><strong>patris</strong></span> <span class='ocrx_word' id='word_1_63' title='bbox 788 923 862 964; x_wconf 90' lang='lat' dir='ltr'><strong>tui.</strong></span> 
     </span>
    </p>

    <p class='ocr_par' dir='ltr' id='par_1_6' title="bbox 180 979 1013 1139">
     <span class='ocr_line' id='line_1_14' title="bbox 233 979 1013 1031; baseline -0.001 -11"><span class='ocrx_word' id='word_1_64' title='bbox 233 979 291 1020; x_wconf 90' lang='lat' dir='ltr'><strong>Et</strong></span> <span class='ocrx_word' id='word_1_65' title='bbox 306 982 588 1031; x_wconf 83' lang='lat' dir='ltr'><strong>concupiscet</strong></span> <span class='ocrx_word' id='word_1_66' title='bbox 606 980 704 1020; x_wconf 86' lang='lat' dir='ltr'><strong>Rex</strong></span> <span class='ocrx_word' id='word_1_67' title='bbox 724 979 931 1020; x_wconf 91' lang='lat' dir='ltr'><strong>decorem</strong></span> <span class='ocrx_word' id='word_1_68' title='bbox 949 983 1013 1019; x_wconf 89' lang='lat' dir='ltr'><strong>tu-</strong></span> 
     </span>
     <span class='ocr_line' id='line_1_15' title="bbox 181 1035 1013 1087; baseline -0.001 -12"><span class='ocrx_word' id='word_1_69' title='bbox 181 1048 269 1075; x_wconf 90' lang='lat' dir='ltr'><strong>um:</strong></span> <span class='ocrx_word' id='word_1_70' title='bbox 296 1035 320 1060; x_wconf 90' lang='lat'>*</span> <span class='ocrx_word' id='word_1_71' title='bbox 350 1035 555 1087; x_wconf 85' lang='lat' dir='ltr'><strong>quoniam</strong></span> <span class='ocrx_word' id='word_1_72' title='bbox 582 1035 677 1087; x_wconf 92' lang='lat' dir='ltr'><strong>ipse</strong></span> <span class='ocrx_word' id='word_1_73' title='bbox 705 1039 772 1076; x_wconf 91' lang='lat' dir='ltr'><strong>est</strong></span> <span class='ocrx_word' id='word_1_74' title='bbox 798 1035 1013 1075; x_wconf 88' lang='lat' dir='ltr'><strong>Dominus</strong></span> 
     </span>
     <span class='ocr_line' id='line_1_16' title="bbox 180 1090 928 1139; baseline -0.001 -8"><span class='ocrx_word' id='word_1_75' title='bbox 180 1090 302 1132; x_wconf 92' lang='lat' dir='ltr'><strong>Deus</strong></span> <span class='ocrx_word' id='word_1_76' title='bbox 330 1096 441 1139; x_wconf 86' lang='lat' dir='ltr'><strong>tuus,</strong></span> <span class='ocrx_word' id='word_1_77' title='bbox 471 1095 515 1132; x_wconf 92' lang='lat' dir='ltr'><strong>et</strong></span> <span class='ocrx_word' id='word_1_78' title='bbox 542 1090 791 1132; x_wconf 87' lang='lat' dir='ltr'><strong>adorabunt</strong></span> <span class='ocrx_word' id='word_1_79' title='bbox 819 1103 928 1131; x_wconf 90' lang='lat' dir='ltr'><strong>eum.</strong></span> 
     </span>
    </p>

    <p class='ocr_par' dir='ltr' id='par_1_7' title="bbox 181 1146 1012 1310">
     <span class='ocr_line' id='line_1_17' title="bbox 233 1146 1012 1199; baseline 0 -12"><span class='ocrx_word' id='word_1_80' title='bbox 233 1147 290 1188; x_wconf 87' lang='lat' dir='ltr'><strong>Et</strong></span> <span class='ocrx_word' id='word_1_81' title='bbox 306 1147 408 1187; x_wconf 87' lang='lat' dir='ltr'><strong>filiae</strong></span> <span class='ocrx_word' id='word_1_82' title='bbox 428 1147 535 1199; x_wconf 92' lang='lat' dir='ltr'><strong>Tyri</strong></span> <span class='ocrx_word' id='word_1_83' title='bbox 555 1147 599 1187; x_wconf 90' lang='lat' dir='ltr'><strong>in</strong></span> <span class='ocrx_word' id='word_1_84' title='bbox 617 1146 870 1187; x_wconf 88' lang='lat' dir='ltr'><strong>muneribus</strong></span> <span class='ocrx_word' id='word_1_85' title='bbox 883 1147 907 1171; x_wconf 90' lang='lat'>*</span> <span class='ocrx_word' id='word_1_86' title='bbox 923 1146 1012 1187; x_wconf 87' lang='lat' dir='ltr'><strong>vul-</strong></span> 
     </span>
     <span class='ocr_line' id='line_1_18' title="bbox 181 1202 1012 1255; baseline 0 -12"><span class='ocrx_word' id='word_1_87' title='bbox 181 1207 274 1243; x_wconf 89' lang='lat' dir='ltr'><strong>tum</strong></span> <span class='ocrx_word' id='word_1_88' title='bbox 306 1207 429 1244; x_wconf 93' lang='lat' dir='ltr'><strong>tuum</strong></span> <span class='ocrx_word' id='word_1_89' title='bbox 457 1202 826 1255; x_wconf 62' lang='lat' dir='ltr'><strong>deprecabantur:</strong></span> <span class='ocrx_word' id='word_1_90' title='bbox 860 1215 1012 1244; x_wconf 93' lang='lat' dir='ltr'><strong>omnes</strong></span> 
     </span>
     <span class='ocr_line' id='line_1_19' title="bbox 182 1257 520 1310; baseline 0.003 -12"><span class='ocrx_word' id='word_1_91' title='bbox 182 1257 339 1299; x_wconf 86' lang='lat' dir='ltr'><strong>divites</strong></span> <span class='ocrx_word' id='word_1_92' title='bbox 367 1258 520 1310; x_wconf 88' lang='lat' dir='ltr'><strong>plebis.</strong></span> 
     </span>
    </p>

    <p class='ocr_par' dir='ltr' id='par_1_8' title="bbox 179 1313 1011 1467">
     <span class='ocr_line' id='line_1_20' title="bbox 234 1313 1011 1365; baseline 0.001 -11"><span class='ocrx_word' id='word_1_93' title='bbox 234 1313 385 1354; x_wconf 92' lang='lat' dir='ltr'><strong>Omnis</strong></span> <span class='ocrx_word' id='word_1_94' title='bbox 404 1314 544 1365; x_wconf 86' lang='lat' dir='ltr'><strong>gloria</strong></span> <span class='ocrx_word' id='word_1_95' title='bbox 565 1315 655 1365; x_wconf 89' lang='lat' dir='ltr'><strong>ejus</strong></span> <span class='ocrx_word' id='word_1_96' title='bbox 680 1314 781 1355; x_wconf 81' lang='lat' dir='ltr'><strong>filiae</strong></span> <span class='ocrx_word' id='word_1_97' title='bbox 800 1314 936 1364; x_wconf 89' lang='lat' dir='ltr'><strong>Regis</strong></span> <span class='ocrx_word' id='word_1_98' title='bbox 956 1314 1011 1355; x_wconf 91' lang='lat' dir='ltr'><strong>ab</strong></span> 
     </span>
     <span class='ocr_line' id='line_1_21' title="bbox 179 1369 1011 1419; baseline 0 -9"><span class='ocrx_word' id='word_1_99' title='bbox 179 1369 306 1419; x_wconf 88' lang='lat' dir='ltr'><strong>intus,</strong></span> <span class='ocrx_word' id='word_1_100' title='bbox 333 1370 356 1395; x_wconf 86' lang='lat'>*</span> <span class='ocrx_word' id='word_1_101' title='bbox 380 1370 424 1410; x_wconf 93' lang='lat' dir='ltr'><strong>in</strong></span> <span class='ocrx_word' id='word_1_102' title='bbox 450 1370 632 1411; x_wconf 85' lang='lat' dir='ltr'><strong>fimbriis</strong></span> <span class='ocrx_word' id='word_1_103' title='bbox 658 1370 801 1411; x_wconf 90' lang='lat' dir='ltr'><strong>aureis</strong></span> <span class='ocrx_word' id='word_1_104' title='bbox 831 1370 1011 1411; x_wconf 89' lang='lat' dir='ltr'><strong>circum-</strong></span> 
     </span>
     <span class='ocr_line' id='line_1_22' title="bbox 180 1426 661 1467; baseline 0.002 -1"><span class='ocrx_word' id='word_1_105' title='bbox 180 1428 339 1467; x_wconf 85' lang='lat' dir='ltr'><strong>amicta</strong></span> <span class='ocrx_word' id='word_1_106' title='bbox 365 1426 661 1467; x_wconf 86' lang='lat' dir='ltr'><strong>varietatibus.</strong></span> 
     </span>
    </p>

    <p class='ocr_par' dir='ltr' id='par_1_9' title="bbox 180 1481 1012 1589">
     <span class='ocr_line' id='line_1_23' title="bbox 232 1481 1012 1534; baseline 0.001 -13"><span class='ocrx_word' id='word_1_107' title='bbox 232 1481 520 1523; x_wconf 91' lang='lat' dir='ltr'><strong>Adducentur</strong></span> <span class='ocrx_word' id='word_1_108' title='bbox 548 1482 661 1532; x_wconf 86' lang='lat' dir='ltr'><strong>Regi</strong></span> <span class='ocrx_word' id='word_1_109' title='bbox 687 1482 877 1532; x_wconf 89' lang='lat' dir='ltr'><strong>virgines</strong></span> <span class='ocrx_word' id='word_1_110' title='bbox 908 1486 1012 1534; x_wconf 88' lang='lat' dir='ltr'><strong>post</strong></span> 
     </span>
     <span class='ocr_line' id='line_1_24' title="bbox 180 1537 1012 1589; baseline 0.001 -13"><span class='ocrx_word' id='word_1_111' title='bbox 180 1549 291 1577; x_wconf 88' lang='lat' dir='ltr'><strong>eam:</strong></span> <span class='ocrx_word' id='word_1_112' title='bbox 301 1538 325 1562; x_wconf 86' lang='lat'>*</span> <span class='ocrx_word' id='word_1_113' title='bbox 335 1538 549 1589; x_wconf 85' lang='lat' dir='ltr'><strong>proximae</strong></span> <span class='ocrx_word' id='word_1_114' title='bbox 566 1538 656 1588; x_wconf 89' lang='lat' dir='ltr'><strong>ejus</strong></span> <span class='ocrx_word' id='word_1_115' title='bbox 672 1537 908 1579; x_wconf 85' lang='lat' dir='ltr'><strong>afferentur</strong></span> <span class='ocrx_word' id='word_1_116' title='bbox 921 1537 1012 1579; x_wconf 88' lang='lat' dir='ltr'><strong>tibi.</strong></span> 
     </span>
    </p>

    <p class='ocr_par' dir='ltr' id='par_1_10' title="bbox 179 1592 1010 1753">
     <span class='ocr_line' id='line_1_25' title="bbox 232 1592 1010 1634; baseline 0.003 -2"><span class='ocrx_word' id='word_1_117' title='bbox 232 1592 484 1634; x_wconf 87' lang='lat' dir='ltr'><strong>Afferentur</strong></span> <span class='ocrx_word' id='word_1_118' title='bbox 511 1594 555 1633; x_wconf 93' lang='lat' dir='ltr'><strong>in</strong></span> <span class='ocrx_word' id='word_1_119' title='bbox 574 1593 727 1634; x_wconf 77' lang='lat' dir='ltr'><strong>laetitia</strong></span> <span class='ocrx_word' id='word_1_120' title='bbox 755 1598 799 1634; x_wconf 90' lang='lat' dir='ltr'><strong>et</strong></span> <span class='ocrx_word' id='word_1_121' title='bbox 825 1593 1010 1634; x_wconf 88' lang='lat' dir='ltr'><strong>exsulta-</strong></span> 
     </span>
     <span class='ocr_line' id='line_1_26' title="bbox 179 1647 1010 1701; baseline 0.004 -14"><span class='ocrx_word' id='word_1_122' title='bbox 179 1647 313 1688; x_wconf 88' lang='lat' dir='ltr'><strong>tione:</strong></span> <span class='ocrx_word' id='word_1_123' title='bbox 348 1649 371 1673; x_wconf 83' lang='lat'>*</span> <span class='ocrx_word' id='word_1_124' title='bbox 406 1648 678 1690; x_wconf 82' lang='lat' dir='ltr'><strong>adducentur</strong></span> <span class='ocrx_word' id='word_1_125' title='bbox 718 1649 762 1689; x_wconf 94' lang='lat' dir='ltr'><strong>in</strong></span> <span class='ocrx_word' id='word_1_126' title='bbox 797 1649 1010 1701; x_wconf 92' lang='lat' dir='ltr'><strong>templum</strong></span> 
     </span>
     <span class='ocr_line' id='line_1_27' title="bbox 179 1703 325 1753; baseline 0 -10"><span class='ocrx_word' id='word_1_127' title='bbox 179 1703 325 1753; x_wconf 91' lang='lat' dir='ltr'><strong>Regis.</strong></span> 
     </span>
    </p>

    <p class='ocr_par' dir='ltr' id='par_1_11' title="bbox 179 1759 1011 1921">
     <span class='ocr_line' id='line_1_28' title="bbox 232 1759 1011 1811; baseline 0.003 -13"><span class='ocrx_word' id='word_1_128' title='bbox 232 1759 320 1799; x_wconf 91' lang='lat' dir='ltr'><strong>Pro</strong></span> <span class='ocrx_word' id='word_1_129' title='bbox 348 1760 547 1811; x_wconf 89' lang='lat' dir='ltr'><strong>patribus</strong></span> <span class='ocrx_word' id='word_1_130' title='bbox 574 1760 661 1801; x_wconf 92' lang='lat' dir='ltr'><strong>tuis</strong></span> <span class='ocrx_word' id='word_1_131' title='bbox 686 1760 777 1801; x_wconf 86' lang='lat' dir='ltr'><strong>nati</strong></span> <span class='ocrx_word' id='word_1_132' title='bbox 804 1765 905 1801; x_wconf 89' lang='lat' dir='ltr'><strong>sunt</strong></span> <span class='ocrx_word' id='word_1_133' title='bbox 931 1760 1011 1802; x_wconf 93' lang='lat' dir='ltr'><strong>tibi</strong></span> 
     </span>
     <span class='ocr_line' id='line_1_29' title="bbox 179 1813 1010 1868; baseline 0.005 -15"><span class='ocrx_word' id='word_1_134' title='bbox 179 1813 272 1854; x_wconf 83' lang='lat' dir='ltr'><strong>filii:</strong></span> <span class='ocrx_word' id='word_1_135' title='bbox 291 1815 314 1839; x_wconf 84' lang='lat'>*</span> <span class='ocrx_word' id='word_1_136' title='bbox 335 1817 574 1857; x_wconf 87' lang='lat' dir='ltr'><strong>constitues</strong></span> <span class='ocrx_word' id='word_1_137' title='bbox 596 1828 673 1857; x_wconf 90' lang='lat' dir='ltr'><strong>eos</strong></span> <span class='ocrx_word' id='word_1_138' title='bbox 698 1816 920 1868; x_wconf 90' lang='lat' dir='ltr'><strong>principes</strong></span> <span class='ocrx_word' id='word_1_139' title='bbox 942 1829 1010 1857; x_wconf 90' lang='lat' dir='ltr'><strong>su-</strong></span> 
     </span>
     <span class='ocr_line' id='line_1_30' title="bbox 179 1876 664 1921; baseline 0 -10"><span class='ocrx_word' id='word_1_140' title='bbox 179 1882 261 1921; x_wconf 90' lang='lat' dir='ltr'><strong>per</strong></span> <span class='ocrx_word' id='word_1_141' title='bbox 289 1882 463 1912; x_wconf 92' lang='lat' dir='ltr'><strong>omnem</strong></span> <span class='ocrx_word' id='word_1_142' title='bbox 490 1876 664 1912; x_wconf 89' lang='lat' dir='ltr'><strong>terram.</strong></span> 
     </span>
    </p>

    <p class='ocr_par' dir='ltr' id='par_1_12' title="bbox 180 1926 1010 2077">
     <span class='ocr_line' id='line_1_31' title="bbox 231 1926 1010 1969; baseline 0.001 -3"><span class='ocrx_word' id='word_1_143' title='bbox 231 1926 451 1968; x_wconf 90' lang='lat' dir='ltr'><strong>Memores</strong></span> <span class='ocrx_word' id='word_1_144' title='bbox 490 1932 617 1969; x_wconf 93' lang='lat' dir='ltr'><strong>erunt</strong></span> <span class='ocrx_word' id='word_1_145' title='bbox 652 1927 840 1968; x_wconf 84' lang='lat' dir='ltr'><strong>nominis</strong></span> <span class='ocrx_word' id='word_1_146' title='bbox 876 1927 959 1968; x_wconf 88' lang='lat' dir='ltr'><strong>tui:</strong></span> <span class='ocrx_word' id='word_1_147' title='bbox 986 1927 1010 1952; x_wconf 88' lang='lat'>*</span> 
     </span>
     <span class='ocr_line' id='line_1_32' title="bbox 180 1981 1010 2034; baseline 0.005 -13"><span class='ocrx_word' id='word_1_148' title='bbox 180 1981 224 2021; x_wconf 90' lang='lat' dir='ltr'><strong>in</strong></span> <span class='ocrx_word' id='word_1_149' title='bbox 249 1982 367 2022; x_wconf 91' lang='lat' dir='ltr'><strong>omni</strong></span> <span class='ocrx_word' id='word_1_150' title='bbox 391 1983 673 2033; x_wconf 83' lang='lat' dir='ltr'><strong>generatione</strong></span> <span class='ocrx_word' id='word_1_151' title='bbox 699 1988 744 2025; x_wconf 92' lang='lat' dir='ltr'><strong>et</strong></span> <span class='ocrx_word' id='word_1_152' title='bbox 767 1983 1010 2034; x_wconf 87' lang='lat' dir='ltr'><strong>generatio-</strong></span> 
     </span>
     <span class='ocr_line' id='line_1_33' title="bbox 180 2049 290 2077; baseline 0.009 -1"><span class='ocrx_word' id='word_1_153' title='bbox 180 2049 290 2077; x_wconf 91' lang='lat' dir='ltr'><strong>nem.</strong></span> 
     </span>
    </p>

    <p class='ocr_par' dir='ltr' id='par_1_13' title="bbox 179 2093 1011 2244">
     <span class='ocr_line' id='line_1_34' title="bbox 231 2093 1010 2147; baseline 0.005 -15"><span class='ocrx_word' id='word_1_154' title='bbox 231 2093 475 2144; x_wconf 81' lang='lat' dir='ltr'><strong>Propterea</strong></span> <span class='ocrx_word' id='word_1_155' title='bbox 501 2095 655 2147; x_wconf 94' lang='lat' dir='ltr'><strong>populi</strong></span> <span class='ocrx_word' id='word_1_156' title='bbox 683 2095 1010 2137; x_wconf 91' lang='lat' dir='ltr'><strong>confitebuntur</strong></span> 
     </span>
     <span class='ocr_line' id='line_1_35' title="bbox 179 2147 1011 2192; baseline 0.006 -4"><span class='ocrx_word' id='word_1_157' title='bbox 179 2147 260 2189; x_wconf 91' lang='lat' dir='ltr'><strong>tibi</strong></span> <span class='ocrx_word' id='word_1_158' title='bbox 286 2148 330 2188; x_wconf 91' lang='lat' dir='ltr'><strong>in</strong></span> <span class='ocrx_word' id='word_1_159' title='bbox 358 2151 585 2191; x_wconf 90' lang='lat' dir='ltr'><strong>aeternum:</strong></span> <span class='ocrx_word' id='word_1_160' title='bbox 608 2151 632 2176; x_wconf 87' lang='lat'>*</span> <span class='ocrx_word' id='word_1_161' title='bbox 657 2156 701 2192; x_wconf 87' lang='lat' dir='ltr'><strong>et</strong></span> <span class='ocrx_word' id='word_1_162' title='bbox 728 2151 772 2191; x_wconf 94' lang='lat' dir='ltr'><strong>in</strong></span> <span class='ocrx_word' id='word_1_163' title='bbox 799 2151 1011 2192; x_wconf 82' lang='lat' dir='ltr'><strong>saeculum</strong></span> 
     </span>
     <span class='ocr_line' id='line_1_36' title="bbox 179 2203 340 2244; baseline 0 0"><span class='ocrx_word' id='word_1_164' title='bbox 179 2203 340 2244; x_wconf 81' lang='lat' dir='ltr'><strong>saeculi.</strong></span> 
     </span>
    </p>

    <p class='ocr_par' dir='ltr' id='par_1_14' title="bbox 178 2269 1009 2433">
     <span class='ocr_line' id='line_1_37' title="bbox 236 2269 1009 2321; baseline 0.006 -14"><span class='ocrx_word' id='word_1_165' title='bbox 236 2269 334 2308; x_wconf 75' lang='lat' dir='ltr'><strong>Ant.</strong></span> <span class='ocrx_word' id='word_1_166' title='bbox 362 2270 547 2321; x_wconf 77' lang='lat' dir='ltr'><strong>Propter</strong></span> <span class='ocrx_word' id='word_1_167' title='bbox 565 2271 809 2321; x_wconf 87' lang='lat' dir='ltr'><strong>veritatem,</strong></span> <span class='ocrx_word' id='word_1_168' title='bbox 829 2276 873 2312; x_wconf 95' lang='lat' dir='ltr'><strong>et</strong></span> <span class='ocrx_word' id='word_1_169' title='bbox 891 2284 1009 2312; x_wconf 90' lang='lat' dir='ltr'><strong>man-</strong></span> 
     </span>
     <span class='ocr_line' id='line_1_38' title="bbox 180 2322 1009 2378; baseline 0.007 -15"><span class='ocrx_word' id='word_1_170' title='bbox 180 2322 470 2374; x_wconf 89' lang='lat' dir='ltr'><strong>suetudinem,</strong></span> <span class='ocrx_word' id='word_1_171' title='bbox 497 2330 541 2366; x_wconf 90' lang='lat' dir='ltr'><strong>et</strong></span> <span class='ocrx_word' id='word_1_172' title='bbox 568 2327 791 2377; x_wconf 88' lang='lat' dir='ltr'><strong>justitiam,</strong></span> <span class='ocrx_word' id='word_1_173' title='bbox 820 2327 1009 2378; x_wconf 83' lang='lat' dir='ltr'><strong>intende,</strong></span> 
     </span>
     <span class='ocr_line' id='line_1_39' title="bbox 178 2381 831 2433; baseline 0.008 -14"><span class='ocrx_word' id='word_1_174' title='bbox 178 2381 392 2431; x_wconf 92' lang='lat' dir='ltr'><strong>prospere</strong></span> <span class='ocrx_word' id='word_1_175' title='bbox 412 2381 606 2431; x_wconf 91' lang='lat' dir='ltr'><strong>procede</strong></span> <span class='ocrx_word' id='word_1_176' title='bbox 626 2387 669 2423; x_wconf 93' lang='lat' dir='ltr'><strong>et</strong></span> <span class='ocrx_word' id='word_1_177' title='bbox 687 2395 831 2433; x_wconf 86' lang='lat' dir='ltr'><strong>regna.</strong></span> 
     </span>
    </p>

    <p class='ocr_par' dir='ltr' id='par_1_15' title="bbox 179 2443 1008 2553">
     <span class='ocr_line' id='line_1_40' title="bbox 236 2443 1008 2499; baseline 0.006 -16"><span class='ocrx_word' id='word_1_178' title='bbox 236 2446 334 2485; x_wconf 80' lang='lat' dir='ltr'><strong>Ant.</strong></span> <span class='ocrx_word' id='word_1_179' title='bbox 363 2443 583 2487; x_wconf 88' lang='lat' dir='ltr'><strong>Judicabit</strong></span> <span class='ocrx_word' id='word_1_180' title='bbox 598 2447 812 2499; x_wconf 93' lang='lat' dir='ltr'><strong>populum</strong></span> <span class='ocrx_word' id='word_1_181' title='bbox 830 2447 874 2487; x_wconf 93' lang='lat' dir='ltr'><strong>in</strong></span> <span class='ocrx_word' id='word_1_182' title='bbox 892 2448 1008 2498; x_wconf 92' lang='lat' dir='ltr'><strong>justi-</strong></span> 
     </span>
     <span class='ocr_line' id='line_1_41' title="bbox 179 2499 805 2553; baseline 0.005 -12"><span class='ocrx_word' id='word_1_183' title='bbox 179 2499 250 2549; x_wconf 92' lang='lat' dir='ltr'><strong>tia,</strong></span> <span class='ocrx_word' id='word_1_184' title='bbox 270 2505 314 2542; x_wconf 93' lang='lat' dir='ltr'><strong>et</strong></span> <span class='ocrx_word' id='word_1_185' title='bbox 331 2501 552 2552; x_wconf 78' lang='lat' dir='ltr'><strong>pauperes</strong></span> <span class='ocrx_word' id='word_1_186' title='bbox 571 2502 615 2541; x_wconf 90' lang='lat' dir='ltr'><strong>in</strong></span> <span class='ocrx_word' id='word_1_187' title='bbox 632 2503 805 2553; x_wconf 82' lang='lat' dir='ltr'><strong>judicio.</strong></span> 
     </span>
    </p>
   </div>
   <div class='ocr_carea' id='block_1_3' title="bbox 464 2584 736 2624">
    <p class='ocr_par' dir='ltr' id='par_1_16' title="bbox 464 2584 736 2624">
     <span class='ocr_line' id='line_1_42' title="bbox 464 2584 736 2624; baseline 0.007 -2"><span class='ocrx_word' id='word_1_188' title='bbox 464 2584 660 2624; x_wconf 81' lang='lat' dir='ltr'><strong>Psalmus</strong></span> <span class='ocrx_word' id='word_1_189' title='bbox 680 2585 736 2624; x_wconf 84' lang='lat'><strong>71.</strong></span> 
     </span>
    </p>
   </div>
   <div class='ocr_carea' id='block_1_4' title="bbox 181 2642 1008 2761">
    <p class='ocr_par' dir='ltr' id='par_1_17' title="bbox 181 2642 1008 2761">
     <span class='ocr_line' id='line_1_43' title="bbox 181 2642 1008 2746; baseline 0.007 -56"><span class='ocrx_word' id='word_1_190' title='bbox 181 2642 345 2746; x_wconf 90' lang='lat' dir='ltr'><strong>Deus</strong></span> <span class='ocrx_word' id='word_1_191' title='bbox 373 2651 579 2702; x_wconf 89' lang='lat' dir='ltr'><strong>judicium</strong></span> <span class='ocrx_word' id='word_1_192' title='bbox 605 2657 729 2693; x_wconf 92' lang='lat' dir='ltr'><strong>tuum</strong></span> <span class='ocrx_word' id='word_1_193' title='bbox 757 2654 850 2704; x_wconf 91' lang='lat' dir='ltr'><strong>regi</strong></span> <span class='ocrx_word' id='word_1_194' title='bbox 878 2655 948 2696; x_wconf 90' lang='lat' dir='ltr'><strong>da:</strong></span> <span class='ocrx_word' id='word_1_195' title='bbox 985 2655 1008 2680; x_wconf 85' lang='lat'>*</span> 
     </span>
     <span class='ocr_line' id='line_1_44' title="bbox 284 2707 956 2761; baseline 0.006 -13"><span class='ocrx_word' id='word_1_196' title='bbox 284 2711 328 2748; x_wconf 88' lang='lat' dir='ltr'><strong>et</strong></span> <span class='ocrx_word' id='word_1_197' title='bbox 346 2707 554 2758; x_wconf 88' lang='lat' dir='ltr'><strong>justitiam</strong></span> <span class='ocrx_word' id='word_1_198' title='bbox 572 2712 693 2749; x_wconf 89' lang='lat' dir='ltr'><strong>tuam</strong></span> <span class='ocrx_word' id='word_1_199' title='bbox 711 2709 804 2750; x_wconf 90' lang='lat' dir='ltr'><strong>filio</strong></span> <span class='ocrx_word' id='word_1_200' title='bbox 824 2711 956 2761; x_wconf 87' lang='lat' dir='ltr'><strong>regis:</strong></span> 
     </span>
    </p>
   </div>
   <div class='ocr_carea' id='block_1_5' title="bbox 1065 308 1903 1354">
    <p class='ocr_par' dir='ltr' id='par_1_18' title="bbox 1071 308 1901 416">
     <span class='ocr_line' id='line_1_45' title="bbox 1123 308 1901 362; baseline 0.003 -13"><span class='ocrx_word' id='word_1_201' title='bbox 1123 309 1148 349; x_wconf 89' lang='lat' dir='ltr'><strong>J</strong></span> <span class='ocrx_word' id='word_1_202' title='bbox 1149 308 1329 349; x_wconf 87' lang='lat' dir='ltr'><strong>udicare</strong></span> <span class='ocrx_word' id='word_1_203' title='bbox 1346 308 1562 361; x_wconf 79' lang='lat' dir='ltr'><strong>pepulum</strong></span> <span class='ocrx_word' id='word_1_204' title='bbox 1579 314 1704 350; x_wconf 92' lang='lat' dir='ltr'><strong>tuum</strong></span> <span class='ocrx_word' id='word_1_205' title='bbox 1722 309 1767 350; x_wconf 92' lang='lat' dir='ltr'><strong>in</strong></span> <span class='ocrx_word' id='word_1_206' title='bbox 1785 311 1901 362; x_wconf 85' lang='lat' dir='ltr'><strong>justi-</strong></span> 
     </span>
     <span class='ocr_line' id='line_1_46' title="bbox 1071 364 1864 416; baseline 0.004 -12"><span class='ocrx_word' id='word_1_207' title='bbox 1071 364 1142 413; x_wconf 90' lang='lat' dir='ltr'><strong>tia,</strong></span> <span class='ocrx_word' id='word_1_208' title='bbox 1164 366 1188 391; x_wconf 88' lang='lat'>*</span> <span class='ocrx_word' id='word_1_209' title='bbox 1207 368 1251 405; x_wconf 88' lang='lat' dir='ltr'><strong>et</strong></span> <span class='ocrx_word' id='word_1_210' title='bbox 1268 367 1490 416; x_wconf 90' lang='lat' dir='ltr'><strong>pauperes</strong></span> <span class='ocrx_word' id='word_1_211' title='bbox 1508 369 1609 406; x_wconf 91' lang='lat' dir='ltr'><strong>tuos</strong></span> <span class='ocrx_word' id='word_1_212' title='bbox 1626 365 1672 405; x_wconf 90' lang='lat' dir='ltr'><strong>in</strong></span> <span class='ocrx_word' id='word_1_213' title='bbox 1692 364 1864 416; x_wconf 87' lang='lat' dir='ltr'><strong>judicio.</strong></span> 
     </span>
    </p>

    <p class='ocr_par' dir='ltr' id='par_1_19' title="bbox 1070 420 1902 528">
     <span class='ocr_line' id='line_1_47' title="bbox 1123 420 1902 474; baseline 0.004 -14"><span class='ocrx_word' id='word_1_214' title='bbox 1123 420 1374 472; x_wconf 88' lang='lat' dir='ltr'><strong>Suscipiant</strong></span> <span class='ocrx_word' id='word_1_215' title='bbox 1396 425 1570 462; x_wconf 90' lang='lat' dir='ltr'><strong>montes</strong></span> <span class='ocrx_word' id='word_1_216' title='bbox 1588 433 1745 473; x_wconf 89' lang='lat' dir='ltr'><strong>pacem</strong></span> <span class='ocrx_word' id='word_1_217' title='bbox 1762 423 1902 474; x_wconf 89' lang='lat' dir='ltr'><strong>popu-</strong></span> 
     </span>
     <span class='ocr_line' id='line_1_48' title="bbox 1070 475 1638 528; baseline 0.002 -12"><span class='ocrx_word' id='word_1_218' title='bbox 1070 475 1130 516; x_wconf 92' lang='lat' dir='ltr'><strong>lo:</strong></span> <span class='ocrx_word' id='word_1_219' title='bbox 1154 478 1177 503; x_wconf 87' lang='lat'>*</span> <span class='ocrx_word' id='word_1_220' title='bbox 1198 481 1243 517; x_wconf 91' lang='lat' dir='ltr'><strong>et</strong></span> <span class='ocrx_word' id='word_1_221' title='bbox 1262 475 1399 517; x_wconf 89' lang='lat' dir='ltr'><strong>colles</strong></span> <span class='ocrx_word' id='word_1_222' title='bbox 1418 476 1638 528; x_wconf 84' lang='lat' dir='ltr'><strong>justitiam.</strong></span> 
     </span>
    </p>

    <p class='ocr_par' dir='ltr' id='par_1_20' title="bbox 1069 531 1903 682">
     <span class='ocr_line' id='line_1_49' title="bbox 1121 531 1903 586; baseline 0.003 -13"><span class='ocrx_word' id='word_1_223' title='bbox 1121 533 1147 573; x_wconf 90' lang='lat' dir='ltr'><strong>J</strong></span> <span class='ocrx_word' id='word_1_224' title='bbox 1148 531 1346 574; x_wconf 84' lang='lat' dir='ltr'><strong>udicabit</strong></span> <span class='ocrx_word' id='word_1_225' title='bbox 1383 535 1603 584; x_wconf 78' lang='lat' dir='ltr'><strong>pauperes</strong></span> <span class='ocrx_word' id='word_1_226' title='bbox 1644 533 1816 586; x_wconf 91' lang='lat' dir='ltr'><strong>populi,</strong></span> <span class='ocrx_word' id='word_1_227' title='bbox 1858 538 1903 575; x_wconf 88' lang='lat' dir='ltr'><strong>et</strong></span> 
     </span>
     <span class='ocr_line' id='line_1_50' title="bbox 1070 588 1903 642; baseline 0.004 -14"><span class='ocrx_word' id='word_1_228' title='bbox 1070 588 1217 630; x_wconf 83' lang='lat' dir='ltr'><strong>salvos</strong></span> <span class='ocrx_word' id='word_1_229' title='bbox 1243 588 1375 629; x_wconf 87' lang='lat' dir='ltr'><strong>faciet</strong></span> <span class='ocrx_word' id='word_1_230' title='bbox 1401 588 1517 630; x_wconf 89' lang='lat' dir='ltr'><strong>filios</strong></span> <span class='ocrx_word' id='word_1_231' title='bbox 1535 591 1796 642; x_wconf 89' lang='lat' dir='ltr'><strong>pauperum:</strong></span> <span class='ocrx_word' id='word_1_232' title='bbox 1815 590 1839 615; x_wconf 86' lang='grc'>*</span> <span class='ocrx_word' id='word_1_233' title='bbox 1859 595 1903 631; x_wconf 90' lang='lat' dir='ltr'><strong>et</strong></span> 
     </span>
     <span class='ocr_line' id='line_1_51' title="bbox 1069 640 1708 682; baseline 0.002 -1"><span class='ocrx_word' id='word_1_234' title='bbox 1069 640 1318 681; x_wconf 84' lang='lat' dir='ltr'><strong>humiliabit</strong></span> <span class='ocrx_word' id='word_1_235' title='bbox 1337 640 1708 682; x_wconf 82' lang='lat' dir='ltr'><strong>calumniatorem.</strong></span> 
     </span>
    </p>

    <p class='ocr_par' dir='ltr' id='par_1_21' title="bbox 1067 696 1902 850">
     <span class='ocr_line' id='line_1_52' title="bbox 1118 696 1902 749; baseline 0.003 -12"><span class='ocrx_word' id='word_1_236' title='bbox 1118 696 1177 738; x_wconf 86' lang='lat' dir='ltr'><strong>Et</strong></span> <span class='ocrx_word' id='word_1_237' title='bbox 1195 696 1474 749; x_wconf 87' lang='lat' dir='ltr'><strong>permanebit</strong></span> <span class='ocrx_word' id='word_1_238' title='bbox 1493 709 1593 738; x_wconf 91' lang='lat' dir='ltr'><strong>cum</strong></span> <span class='ocrx_word' id='word_1_239' title='bbox 1612 697 1717 747; x_wconf 94' lang='lat' dir='ltr'><strong>sole,</strong></span> <span class='ocrx_word' id='word_1_240' title='bbox 1739 702 1783 738; x_wconf 88' lang='lat' dir='ltr'><strong>et</strong></span> <span class='ocrx_word' id='word_1_241' title='bbox 1801 702 1902 739; x_wconf 89' lang='lat' dir='ltr'><strong>ante</strong></span> 
     </span>
     <span class='ocr_line' id='line_1_53' title="bbox 1067 752 1901 804; baseline 0.004 -12"><span class='ocrx_word' id='word_1_242' title='bbox 1067 752 1226 801; x_wconf 90' lang='lat' dir='ltr'><strong>lunam,</strong></span> <span class='ocrx_word' id='word_1_243' title='bbox 1249 753 1272 778; x_wconf 86' lang='lat'>*</span> <span class='ocrx_word' id='word_1_244' title='bbox 1291 753 1335 792; x_wconf 94' lang='lat' dir='ltr'><strong>in</strong></span> <span class='ocrx_word' id='word_1_245' title='bbox 1353 753 1637 803; x_wconf 83' lang='lat' dir='ltr'><strong>generatione</strong></span> <span class='ocrx_word' id='word_1_246' title='bbox 1662 758 1706 795; x_wconf 92' lang='lat' dir='ltr'><strong>et</strong></span> <span class='ocrx_word' id='word_1_247' title='bbox 1723 766 1901 804; x_wconf 87' lang='lat' dir='ltr'><strong>genera-</strong></span> 
     </span>
     <span class='ocr_line' id='line_1_54' title="bbox 1067 809 1244 850; baseline 0 -1"><span class='ocrx_word' id='word_1_248' title='bbox 1067 809 1244 850; x_wconf 91' lang='lat' dir='ltr'><strong>tionem.</strong></span> 
     </span>
    </p>

    <p class='ocr_par' dir='ltr' id='par_1_22' title="bbox 1066 864 1901 1018">
     <span class='ocr_line' id='line_1_55' title="bbox 1118 864 1901 918; baseline 0.001 -13"><span class='ocrx_word' id='word_1_249' title='bbox 1118 864 1373 906; x_wconf 91' lang='lat' dir='ltr'><strong>Descendet</strong></span> <span class='ocrx_word' id='word_1_250' title='bbox 1388 865 1501 906; x_wconf 88' lang='lat' dir='ltr'><strong>sicut</strong></span> <span class='ocrx_word' id='word_1_251' title='bbox 1514 865 1664 918; x_wconf 86' lang='lat' dir='ltr'><strong>pluvia</strong></span> <span class='ocrx_word' id='word_1_252' title='bbox 1685 865 1730 906; x_wconf 92' lang='lat' dir='ltr'><strong>in</strong></span> <span class='ocrx_word' id='word_1_253' title='bbox 1744 865 1901 907; x_wconf 90' lang='lat' dir='ltr'><strong>vellus:</strong></span> 
     </span>
     <span class='ocr_line' id='line_1_56' title="bbox 1067 920 1901 974; baseline 0.002 -13"><span class='ocrx_word' id='word_1_254' title='bbox 1067 920 1091 945; x_wconf 91' lang='lat'>*</span> <span class='ocrx_word' id='word_1_255' title='bbox 1111 926 1154 962; x_wconf 94' lang='lat' dir='ltr'><strong>et</strong></span> <span class='ocrx_word' id='word_1_256' title='bbox 1171 921 1285 962; x_wconf 90' lang='lat' dir='ltr'><strong>sicut</strong></span> <span class='ocrx_word' id='word_1_257' title='bbox 1306 920 1527 962; x_wconf 87' lang='lat' dir='ltr'><strong>stillicidia</strong></span> <span class='ocrx_word' id='word_1_258' title='bbox 1543 921 1753 963; x_wconf 88' lang='lat' dir='ltr'><strong>stillantia</strong></span> <span class='ocrx_word' id='word_1_259' title='bbox 1767 934 1901 974; x_wconf 91' lang='lat' dir='ltr'><strong>super</strong></span> 
     </span>
     <span class='ocr_line' id='line_1_57' title="bbox 1066 980 1242 1018; baseline 0.006 -1"><span class='ocrx_word' id='word_1_260' title='bbox 1066 980 1242 1018; x_wconf 86' lang='lat' dir='ltr'><strong>terram.</strong></span> 
     </span>
    </p>

    <p class='ocr_par' dir='ltr' id='par_1_23' title="bbox 1066 1032 1900 1186">
     <span class='ocr_line' id='line_1_58' title="bbox 1120 1032 1900 1084; baseline 0.001 -11"><span class='ocrx_word' id='word_1_261' title='bbox 1120 1032 1297 1074; x_wconf 91' lang='lat' dir='ltr'><strong>Orietur</strong></span> <span class='ocrx_word' id='word_1_262' title='bbox 1331 1033 1376 1073; x_wconf 90' lang='lat' dir='ltr'><strong>in</strong></span> <span class='ocrx_word' id='word_1_263' title='bbox 1412 1033 1568 1074; x_wconf 93' lang='lat' dir='ltr'><strong>diebus</strong></span> <span class='ocrx_word' id='word_1_264' title='bbox 1601 1033 1692 1084; x_wconf 87' lang='lat' dir='ltr'><strong>ejus</strong></span> <span class='ocrx_word' id='word_1_265' title='bbox 1724 1034 1900 1084; x_wconf 87' lang='lat' dir='ltr'><strong>justitia,</strong></span> 
     </span>
     <span class='ocr_line' id='line_1_59' title="bbox 1067 1088 1899 1141; baseline 0.002 -12"><span class='ocrx_word' id='word_1_266' title='bbox 1067 1093 1112 1129; x_wconf 92' lang='lat' dir='ltr'><strong>et</strong></span> <span class='ocrx_word' id='word_1_267' title='bbox 1126 1088 1397 1130; x_wconf 87' lang='lat' dir='ltr'><strong>abundantia</strong></span> <span class='ocrx_word' id='word_1_268' title='bbox 1415 1089 1554 1141; x_wconf 90' lang='lat' dir='ltr'><strong>pacis:</strong></span> <span class='ocrx_word' id='word_1_269' title='bbox 1573 1091 1596 1115; x_wconf 88' lang='lat'>*</span> <span class='ocrx_word' id='word_1_270' title='bbox 1617 1089 1760 1131; x_wconf 93' lang='lat' dir='ltr'><strong>donec</strong></span> <span class='ocrx_word' id='word_1_271' title='bbox 1783 1090 1899 1131; x_wconf 90' lang='lat' dir='ltr'><strong>aufe-</strong></span> 
     </span>
     <span class='ocr_line' id='line_1_60' title="bbox 1066 1145 1322 1186; baseline 0.004 -2"><span class='ocrx_word' id='word_1_272' title='bbox 1066 1146 1189 1185; x_wconf 81' lang='lat' dir='ltr'><strong>ratur</strong></span> <span class='ocrx_word' id='word_1_273' title='bbox 1208 1145 1322 1186; x_wconf 88' lang='lat' dir='ltr'><strong>luna.</strong></span> 
     </span>
    </p>

    <p class='ocr_par' dir='ltr' id='par_1_24' title="bbox 1065 1200 1899 1354">
     <span class='ocr_line' id='line_1_61' title="bbox 1117 1200 1899 1253; baseline 0.001 -12"><span class='ocrx_word' id='word_1_274' title='bbox 1117 1200 1175 1242; x_wconf 91' lang='lat' dir='ltr'><strong>Et</strong></span> <span class='ocrx_word' id='word_1_275' title='bbox 1212 1200 1511 1242; x_wconf 80' lang='lat' dir='ltr'><strong>dominabitur</strong></span> <span class='ocrx_word' id='word_1_276' title='bbox 1548 1213 1574 1241; x_wconf 91' lang='lat' dir='ltr'><strong>a</strong></span> <span class='ocrx_word' id='word_1_277' title='bbox 1613 1201 1723 1242; x_wconf 89' lang='lat' dir='ltr'><strong>mari</strong></span> <span class='ocrx_word' id='word_1_278' title='bbox 1759 1213 1899 1253; x_wconf 89' lang='lat' dir='ltr'><strong>usque</strong></span> 
     </span>
     <span class='ocr_line' id='line_1_62' title="bbox 1065 1256 1899 1309; baseline 0.002 -12"><span class='ocrx_word' id='word_1_279' title='bbox 1065 1256 1123 1298; x_wconf 93' lang='lat' dir='ltr'><strong>ad</strong></span> <span class='ocrx_word' id='word_1_280' title='bbox 1147 1269 1283 1298; x_wconf 88' lang='lat' dir='ltr'><strong>mare:</strong></span> <span class='ocrx_word' id='word_1_281' title='bbox 1302 1258 1327 1284; x_wconf 87' lang='lat'>*</span> <span class='ocrx_word' id='word_1_282' title='bbox 1352 1262 1396 1298; x_wconf 93' lang='lat' dir='ltr'><strong>et</strong></span> <span class='ocrx_word' id='word_1_283' title='bbox 1421 1269 1447 1298; x_wconf 86' lang='lat' dir='ltr'><strong>a</strong></span> <span class='ocrx_word' id='word_1_284' title='bbox 1471 1257 1652 1298; x_wconf 91' lang='lat' dir='ltr'><strong>flumine</strong></span> <span class='ocrx_word' id='word_1_285' title='bbox 1675 1269 1816 1309; x_wconf 92' lang='lat' dir='ltr'><strong>usque</strong></span> <span class='ocrx_word' id='word_1_286' title='bbox 1840 1256 1899 1299; x_wconf 87' lang='lat' dir='ltr'><strong>ad</strong></span> 
     </span>
     <span class='ocr_line' id='line_1_63' title="bbox 1065 1313 1667 1354; baseline 0.002 -1"><span class='ocrx_word' id='word_1_287' title='bbox 1065 1313 1279 1354; x_wconf 91' lang='lat' dir='ltr'><strong>terminos</strong></span> <span class='ocrx_word' id='word_1_288' title='bbox 1299 1313 1420 1354; x_wconf 91' lang='lat' dir='ltr'><strong>orbis</strong></span> <span class='ocrx_word' id='word_1_289' title='bbox 1439 1315 1667 1354; x_wconf 88' lang='lat' dir='ltr'><strong>terrarum.</strong></span> 
     </span>
    </p>
   </div>
   <div class='ocr_carea' id='block_1_6' title="bbox 1120 1363 1987 1421">
    <p class='ocr_par' dir='ltr' id='par_1_25' title="bbox 1120 1363 1987 1421">
     <span class='ocr_line' id='line_1_64' title="bbox 1120 1363 1987 1421; baseline 0 -11"><span class='ocrx_word' id='word_1_290' title='bbox 1120 1369 1282 1410; x_wconf 88' lang='lat' dir='ltr'><strong>Coram</strong></span> <span class='ocrx_word' id='word_1_291' title='bbox 1324 1369 1402 1410; x_wconf 90' lang='lat' dir='ltr'><strong>illo</strong></span> <span class='ocrx_word' id='word_1_292' title='bbox 1447 1369 1682 1421; x_wconf 89' lang='lat' dir='ltr'><strong>procident</strong></span> <span class='ocrx_word' id='word_1_293' title='bbox 1728 1368 1899 1411; x_wconf 90' lang='lat' dir='ltr'><strong>AEthio-</strong></span> <span class='ocrx_word' id='word_1_294' title='bbox 1979 1363 1987 1368; x_wconf 75' lang='grc'><strong>’</strong></span> 
     </span>
    </p>
   </div>
   <div class='ocr_carea' id='block_1_7' title="bbox 1062 1425 1900 2766">
    <p class='ocr_par' dir='ltr' id='par_1_26' title="bbox 1064 1425 1899 1531">
     <span class='ocr_line' id='line_1_65' title="bbox 1064 1425 1899 1478; baseline 0 -12"><span class='ocrx_word' id='word_1_295' title='bbox 1064 1437 1162 1476; x_wconf 93' lang='lat' dir='ltr'><strong>pes:</strong></span> <span class='ocrx_word' id='word_1_296' title='bbox 1188 1427 1212 1452; x_wconf 89' lang='lat'>*</span> <span class='ocrx_word' id='word_1_297' title='bbox 1241 1431 1284 1468; x_wconf 92' lang='lat' dir='ltr'><strong>et</strong></span> <span class='ocrx_word' id='word_1_298' title='bbox 1315 1425 1481 1466; x_wconf 87' lang='lat' dir='ltr'><strong>inimici</strong></span> <span class='ocrx_word' id='word_1_299' title='bbox 1509 1426 1601 1478; x_wconf 90' lang='lat' dir='ltr'><strong>ejus</strong></span> <span class='ocrx_word' id='word_1_300' title='bbox 1633 1430 1796 1467; x_wconf 87' lang='lat' dir='ltr'><strong>terram</strong></span> <span class='ocrx_word' id='word_1_301' title='bbox 1822 1425 1899 1466; x_wconf 94' lang='lat' dir='ltr'><strong>lin-</strong></span> 
     </span>
     <span class='ocr_line' id='line_1_66' title="bbox 1064 1486 1179 1531; baseline -0.009 -9"><span class='ocrx_word' id='word_1_302' title='bbox 1064 1486 1179 1531; x_wconf 88' lang='lat' dir='ltr'><strong>gent.</strong></span> 
     </span>
    </p>

    <p class='ocr_par' dir='ltr' id='par_1_27' title="bbox 1065 1537 1900 1691">
     <span class='ocr_line' id='line_1_67' title="bbox 1116 1537 1899 1587; baseline 0.003 -9"><span class='ocrx_word' id='word_1_303' title='bbox 1116 1537 1263 1587; x_wconf 87' lang='lat' dir='ltr'><strong>Reges</strong></span> <span class='ocrx_word' id='word_1_304' title='bbox 1281 1537 1474 1586; x_wconf 91' lang='lat' dir='ltr'><strong>Tharsis,</strong></span> <span class='ocrx_word' id='word_1_305' title='bbox 1491 1542 1535 1578; x_wconf 92' lang='lat' dir='ltr'><strong>et</strong></span> <span class='ocrx_word' id='word_1_306' title='bbox 1547 1537 1703 1578; x_wconf 89' lang='lat' dir='ltr'><strong>insulae</strong></span> <span class='ocrx_word' id='word_1_307' title='bbox 1717 1541 1899 1580; x_wconf 89' lang='lat' dir='ltr'><strong>munera</strong></span> 
     </span>
     <span class='ocr_line' id='line_1_68' title="bbox 1065 1593 1900 1644; baseline 0.002 -10"><span class='ocrx_word' id='word_1_308' title='bbox 1065 1593 1265 1634; x_wconf 87' lang='lat' dir='ltr'><strong>offerent:</strong></span> <span class='ocrx_word' id='word_1_309' title='bbox 1290 1594 1314 1618; x_wconf 88' lang='lat'>*</span> <span class='ocrx_word' id='word_1_310' title='bbox 1342 1606 1469 1644; x_wconf 89' lang='lat' dir='ltr'><strong>reges</strong></span> <span class='ocrx_word' id='word_1_311' title='bbox 1492 1593 1690 1635; x_wconf 89' lang='lat' dir='ltr'><strong>Arabum</strong></span> <span class='ocrx_word' id='word_1_312' title='bbox 1715 1599 1760 1636; x_wconf 88' lang='lat' dir='ltr'><strong>et</strong></span> <span class='ocrx_word' id='word_1_313' title='bbox 1785 1594 1900 1636; x_wconf 91' lang='lat' dir='ltr'><strong>Saba</strong></span> 
     </span>
     <span class='ocr_line' id='line_1_69' title="bbox 1065 1648 1434 1691; baseline 0 -1"><span class='ocrx_word' id='word_1_314' title='bbox 1065 1648 1182 1690; x_wconf 92' lang='lat' dir='ltr'><strong>dona</strong></span> <span class='ocrx_word' id='word_1_315' title='bbox 1201 1648 1434 1691; x_wconf 82' lang='lat' dir='ltr'><strong>adducent.</strong></span> 
     </span>
    </p>

    <p class='ocr_par' dir='ltr' id='par_1_28' title="bbox 1063 1704 1899 1804">
     <span class='ocr_line' id='line_1_70' title="bbox 1116 1704 1899 1757; baseline 0.003 -11"><span class='ocrx_word' id='word_1_316' title='bbox 1116 1705 1173 1746; x_wconf 91' lang='lat' dir='ltr'><strong>Et</strong></span> <span class='ocrx_word' id='word_1_317' title='bbox 1193 1704 1443 1747; x_wconf 90' lang='lat' dir='ltr'><strong>adorabunt</strong></span> <span class='ocrx_word' id='word_1_318' title='bbox 1470 1717 1570 1746; x_wconf 92' lang='lat' dir='ltr'><strong>eum</strong></span> <span class='ocrx_word' id='word_1_319' title='bbox 1594 1718 1748 1747; x_wconf 91' lang='lat' dir='ltr'><strong>omnes</strong></span> <span class='ocrx_word' id='word_1_320' title='bbox 1771 1719 1899 1757; x_wconf 88' lang='lat' dir='ltr'><strong>reges</strong></span> 
     </span>
     <span class='ocr_line' id='line_1_71' title="bbox 1063 1761 1898 1804; baseline 0.004 -3"><span class='ocrx_word' id='word_1_321' title='bbox 1063 1765 1210 1802; x_wconf 84' lang='lat' dir='ltr'><strong>terrae:</strong></span> <span class='ocrx_word' id='word_1_322' title='bbox 1229 1762 1253 1787; x_wconf 90' lang='lat'>*</span> <span class='ocrx_word' id='word_1_323' title='bbox 1274 1774 1427 1803; x_wconf 92' lang='lat' dir='ltr'><strong>omnes</strong></span> <span class='ocrx_word' id='word_1_324' title='bbox 1448 1761 1614 1803; x_wconf 89' lang='lat' dir='ltr'><strong>Gentes</strong></span> <span class='ocrx_word' id='word_1_325' title='bbox 1636 1762 1830 1804; x_wconf 89' lang='lat' dir='ltr'><strong>servient</strong></span> <span class='ocrx_word' id='word_1_326' title='bbox 1848 1763 1898 1804; x_wconf 91' lang='lat' dir='ltr'><strong>ei.</strong></span> 
     </span>
    </p>

    <p class='ocr_par' dir='ltr' id='par_1_29' title="bbox 1063 1817 1899 1988">
     <span class='ocr_line' id='line_1_72' title="bbox 1117 1817 1897 1870; baseline 0.001 -12"><span class='ocrx_word' id='word_1_327' title='bbox 1117 1818 1230 1867; x_wconf 90' lang='lat' dir='ltr'><strong>Quia</strong></span> <span class='ocrx_word' id='word_1_328' title='bbox 1257 1817 1464 1859; x_wconf 89' lang='lat' dir='ltr'><strong>liberabit</strong></span> <span class='ocrx_word' id='word_1_329' title='bbox 1491 1820 1736 1870; x_wconf 85' lang='lat' dir='ltr'><strong>pauperem</strong></span> <span class='ocrx_word' id='word_1_330' title='bbox 1768 1831 1794 1859; x_wconf 91' lang='lat' dir='ltr'><strong>a</strong></span> <span class='ocrx_word' id='word_1_331' title='bbox 1821 1831 1897 1870; x_wconf 94' lang='lat' dir='ltr'><strong>po-</strong></span> 
     </span>
     <span class='ocr_line' id='line_1_73' title="bbox 1063 1874 1899 1926; baseline 0.002 -12"><span class='ocrx_word' id='word_1_332' title='bbox 1063 1874 1198 1914; x_wconf 90' lang='lat' dir='ltr'><strong>tente:</strong></span> <span class='ocrx_word' id='word_1_333' title='bbox 1218 1875 1241 1900; x_wconf 87' lang='lat'>*</span> <span class='ocrx_word' id='word_1_334' title='bbox 1262 1878 1306 1915; x_wconf 90' lang='lat' dir='ltr'><strong>et</strong></span> <span class='ocrx_word' id='word_1_335' title='bbox 1328 1876 1583 1926; x_wconf 87' lang='lat' dir='ltr'><strong>pauperem,</strong></span> <span class='ocrx_word' id='word_1_336' title='bbox 1609 1874 1680 1915; x_wconf 93' lang='lat' dir='ltr'><strong>cui</strong></span> <span class='ocrx_word' id='word_1_337' title='bbox 1695 1886 1786 1915; x_wconf 93' lang='lat' dir='ltr'><strong>non</strong></span> <span class='ocrx_word' id='word_1_338' title='bbox 1805 1879 1899 1916; x_wconf 86' lang='lat' dir='ltr'><strong>erat</strong></span> 
     </span>
     <span class='ocr_line' id='line_1_74' title="bbox 1064 1928 1852 1988; baseline 0 -19"><span class='ocrx_word' id='word_1_339' title='bbox 1064 1928 1250 1981; x_wconf 91' lang='lat' dir='ltr'><strong>adjutor.</strong></span> <span class='ocrx_word' id='word_1_340' title='bbox 1845 1979 1852 1988; x_wconf 39' lang='grc' dir='ltr'>ι</span> 
     </span>
    </p>

    <p class='ocr_par' dir='ltr' id='par_1_30' title="bbox 1064 1986 1899 2095">
     <span class='ocr_line' id='line_1_75' title="bbox 1115 1986 1899 2040; baseline 0.003 -14"><span class='ocrx_word' id='word_1_341' title='bbox 1115 1986 1273 2027; x_wconf 90' lang='lat' dir='ltr'><strong>Parcet</strong></span> <span class='ocrx_word' id='word_1_342' title='bbox 1309 1986 1497 2038; x_wconf 88' lang='lat' dir='ltr'><strong>pauperi</strong></span> <span class='ocrx_word' id='word_1_343' title='bbox 1534 1991 1578 2028; x_wconf 93' lang='lat' dir='ltr'><strong>et</strong></span> <span class='ocrx_word' id='word_1_344' title='bbox 1619 1987 1757 2040; x_wconf 90' lang='lat' dir='ltr'><strong>inopi:</strong></span> <span class='ocrx_word' id='word_1_345' title='bbox 1794 1987 1818 2013; x_wconf 87' lang='lat'>*</span> <span class='ocrx_word' id='word_1_346' title='bbox 1855 1992 1899 2029; x_wconf 92' lang='lat' dir='ltr'><strong>et</strong></span> 
     </span>
     <span class='ocr_line' id='line_1_76' title="bbox 1064 2042 1822 2095; baseline 0.003 -13"><span class='ocrx_word' id='word_1_347' title='bbox 1064 2042 1230 2082; x_wconf 88' lang='lat' dir='ltr'><strong>animas</strong></span> <span class='ocrx_word' id='word_1_348' title='bbox 1250 2045 1497 2095; x_wconf 89' lang='lat' dir='ltr'><strong>pauperum</strong></span> <span class='ocrx_word' id='word_1_349' title='bbox 1516 2042 1660 2084; x_wconf 88' lang='lat' dir='ltr'><strong>salvas</strong></span> <span class='ocrx_word' id='word_1_350' title='bbox 1679 2043 1822 2084; x_wconf 88' lang='lat' dir='ltr'><strong>faciet.</strong></span> 
     </span>
    </p>

    <p class='ocr_par' dir='ltr' id='par_1_31' title="bbox 1063 2098 1899 2252">
     <span class='ocr_line' id='line_1_77' title="bbox 1114 2098 1899 2150; baseline 0.005 -13"><span class='ocrx_word' id='word_1_351' title='bbox 1114 2098 1182 2138; x_wconf 92' lang='lat' dir='ltr'><strong>Ex</strong></span> <span class='ocrx_word' id='word_1_352' title='bbox 1210 2098 1355 2139; x_wconf 86' lang='lat' dir='ltr'><strong>usuris</strong></span> <span class='ocrx_word' id='word_1_353' title='bbox 1383 2103 1428 2140; x_wconf 93' lang='lat' dir='ltr'><strong>et</strong></span> <span class='ocrx_word' id='word_1_354' title='bbox 1455 2098 1684 2150; x_wconf 90' lang='lat' dir='ltr'><strong>iniquitate</strong></span> <span class='ocrx_word' id='word_1_355' title='bbox 1712 2099 1899 2141; x_wconf 88' lang='lat' dir='ltr'><strong>redimet</strong></span> 
     </span>
     <span class='ocr_line' id='line_1_78' title="bbox 1063 2154 1897 2197; baseline 0.004 -3"><span class='ocrx_word' id='word_1_356' title='bbox 1063 2154 1230 2195; x_wconf 84' lang='lat' dir='ltr'><strong>animas</strong></span> <span class='ocrx_word' id='word_1_357' title='bbox 1272 2156 1439 2196; x_wconf 90' lang='lat' dir='ltr'><strong>eorum:</strong></span> <span class='ocrx_word' id='word_1_358' title='bbox 1487 2155 1511 2180; x_wconf 87' lang='grc'>*</span> <span class='ocrx_word' id='word_1_359' title='bbox 1553 2159 1597 2197; x_wconf 95' lang='lat' dir='ltr'><strong>et</strong></span> <span class='ocrx_word' id='word_1_360' title='bbox 1636 2155 1897 2197; x_wconf 88' lang='lat' dir='ltr'><strong>honorabile</strong></span> 
     </span>
     <span class='ocr_line' id='line_1_79' title="bbox 1063 2210 1673 2252; baseline 0.002 -2"><span class='ocrx_word' id='word_1_361' title='bbox 1063 2222 1225 2251; x_wconf 89' lang='lat' dir='ltr'><strong>nomen</strong></span> <span class='ocrx_word' id='word_1_362' title='bbox 1244 2212 1397 2251; x_wconf 91' lang='lat' dir='ltr'><strong>eorum</strong></span> <span class='ocrx_word' id='word_1_363' title='bbox 1417 2223 1567 2252; x_wconf 90' lang='lat' dir='ltr'><strong>coram</strong></span> <span class='ocrx_word' id='word_1_364' title='bbox 1584 2210 1673 2252; x_wconf 93' lang='lat' dir='ltr'><strong>illo.</strong></span> 
     </span>
    </p>

    <p class='ocr_par' dir='ltr' id='par_1_32' title="bbox 1062 2265 1896 2429">
     <span class='ocr_line' id='line_1_80' title="bbox 1114 2265 1896 2316; baseline 0.003 -9"><span class='ocrx_word' id='word_1_365' title='bbox 1114 2266 1171 2307; x_wconf 87' lang='lat' dir='ltr'><strong>Et</strong></span> <span class='ocrx_word' id='word_1_366' title='bbox 1199 2266 1327 2316; x_wconf 87' lang='lat' dir='ltr'><strong>vivet,</strong></span> <span class='ocrx_word' id='word_1_367' title='bbox 1357 2271 1401 2307; x_wconf 91' lang='lat' dir='ltr'><strong>et</strong></span> <span class='ocrx_word' id='word_1_368' title='bbox 1430 2265 1608 2308; x_wconf 91' lang='lat' dir='ltr'><strong>dabitur</strong></span> <span class='ocrx_word' id='word_1_369' title='bbox 1637 2267 1677 2309; x_wconf 92' lang='lat' dir='ltr'><strong>ei</strong></span> <span class='ocrx_word' id='word_1_370' title='bbox 1705 2267 1760 2308; x_wconf 93' lang='lat' dir='ltr'><strong>de</strong></span> <span class='ocrx_word' id='word_1_371' title='bbox 1789 2281 1896 2310; x_wconf 92' lang='lat' dir='ltr'><strong>auro</strong></span> 
     </span>
     <span class='ocr_line' id='line_1_81' title="bbox 1062 2321 1894 2376; baseline 0.004 -14"><span class='ocrx_word' id='word_1_372' title='bbox 1062 2321 1253 2371; x_wconf 84' lang='lat' dir='ltr'><strong>Arabiae,</strong></span> <span class='ocrx_word' id='word_1_373' title='bbox 1275 2327 1319 2363; x_wconf 94' lang='lat' dir='ltr'><strong>et</strong></span> <span class='ocrx_word' id='word_1_374' title='bbox 1335 2322 1586 2364; x_wconf 91' lang='lat' dir='ltr'><strong>adorabunt</strong></span> <span class='ocrx_word' id='word_1_375' title='bbox 1601 2322 1656 2364; x_wconf 95' lang='lat' dir='ltr'><strong>de</strong></span> <span class='ocrx_word' id='word_1_376' title='bbox 1671 2323 1770 2376; x_wconf 93' lang='lat' dir='ltr'><strong>ipso</strong></span> <span class='ocrx_word' id='word_1_377' title='bbox 1785 2336 1894 2365; x_wconf 91' lang='lat' dir='ltr'><strong>sem-</strong></span> 
     </span>
     <span class='ocr_line' id='line_1_82' title="bbox 1062 2377 1757 2429; baseline 0.003 -11"><span class='ocrx_word' id='word_1_378' title='bbox 1062 2390 1157 2429; x_wconf 91' lang='lat' dir='ltr'><strong>per:</strong></span> <span class='ocrx_word' id='word_1_379' title='bbox 1176 2378 1200 2403; x_wconf 89' lang='lat'>*</span> <span class='ocrx_word' id='word_1_380' title='bbox 1218 2382 1315 2419; x_wconf 92' lang='lat' dir='ltr'><strong>tota</strong></span> <span class='ocrx_word' id='word_1_381' title='bbox 1337 2377 1408 2419; x_wconf 92' lang='lat' dir='ltr'><strong>die</strong></span> <span class='ocrx_word' id='word_1_382' title='bbox 1427 2378 1689 2420; x_wconf 84' lang='lat' dir='ltr'><strong>benedicent</strong></span> <span class='ocrx_word' id='word_1_383' title='bbox 1707 2380 1757 2420; x_wconf 90' lang='lat' dir='ltr'><strong>ei.</strong></span> 
     </span>
    </p>

    <p class='ocr_par' dir='ltr' id='par_1_33' title="bbox 1062 2434 1895 2697">
     <span class='ocr_line' id='line_1_83' title="bbox 1114 2434 1895 2476; baseline 0.003 -2"><span class='ocrx_word' id='word_1_384' title='bbox 1114 2434 1170 2475; x_wconf 91' lang='lat' dir='ltr'><strong>Et</strong></span> <span class='ocrx_word' id='word_1_385' title='bbox 1196 2434 1278 2475; x_wconf 92' lang='lat' dir='ltr'><strong>erit</strong></span> <span class='ocrx_word' id='word_1_386' title='bbox 1302 2434 1626 2476; x_wconf 89' lang='lat' dir='ltr'><strong>firmamentum</strong></span> <span class='ocrx_word' id='word_1_387' title='bbox 1648 2435 1693 2475; x_wconf 93' lang='lat' dir='ltr'><strong>in</strong></span> <span class='ocrx_word' id='word_1_388' title='bbox 1711 2439 1831 2476; x_wconf 90' lang='lat' dir='ltr'><strong>terra</strong></span> <span class='ocrx_word' id='word_1_389' title='bbox 1851 2435 1895 2476; x_wconf 92' lang='lat' dir='ltr'><strong>in</strong></span> 
     </span>
     <span class='ocr_line' id='line_1_84' title="bbox 1063 2490 1895 2544; baseline 0.002 -14"><span class='ocrx_word' id='word_1_390' title='bbox 1063 2490 1244 2530; x_wconf 91' lang='lat' dir='ltr'><strong>summis</strong></span> <span class='ocrx_word' id='word_1_391' title='bbox 1270 2491 1496 2540; x_wconf 87' lang='lat' dir='ltr'><strong>montium,</strong></span> <span class='ocrx_word' id='word_1_392' title='bbox 1524 2491 1895 2544; x_wconf 83' lang='lat' dir='ltr'><strong>superextolletur</strong></span> 
     </span>
     <span class='ocr_line' id='line_1_85' title="bbox 1064 2545 1895 2598; baseline 0.002 -12"><span class='ocrx_word' id='word_1_393' title='bbox 1064 2558 1196 2597; x_wconf 88' lang='lat' dir='ltr'><strong>super</strong></span> <span class='ocrx_word' id='word_1_394' title='bbox 1223 2545 1439 2587; x_wconf 91' lang='lat' dir='ltr'><strong>Libanum</strong></span> <span class='ocrx_word' id='word_1_395' title='bbox 1471 2547 1639 2589; x_wconf 90' lang='lat' dir='ltr'><strong>fructus</strong></span> <span class='ocrx_word' id='word_1_396' title='bbox 1667 2548 1772 2598; x_wconf 87' lang='lat' dir='ltr'><strong>ejus:</strong></span> <span class='ocrx_word' id='word_1_397' title='bbox 1799 2548 1823 2572; x_wconf 91' lang='grc'>*</span> <span class='ocrx_word' id='word_1_398' title='bbox 1851 2551 1895 2588; x_wconf 92' lang='lat' dir='ltr'><strong>et</strong></span> 
     </span>
     <span class='ocr_line' id='line_1_86' title="bbox 1064 2600 1894 2645; baseline 0.002 -4"><span class='ocrx_word' id='word_1_399' title='bbox 1064 2601 1284 2642; x_wconf 91' lang='lat' dir='ltr'><strong>florebunt</strong></span> <span class='ocrx_word' id='word_1_400' title='bbox 1309 2600 1365 2644; x_wconf 94' lang='lat' dir='ltr'><strong>de</strong></span> <span class='ocrx_word' id='word_1_401' title='bbox 1390 2603 1568 2645; x_wconf 86' lang='lat' dir='ltr'><strong>civitate</strong></span> <span class='ocrx_word' id='word_1_402' title='bbox 1593 2604 1705 2645; x_wconf 91' lang='lat' dir='ltr'><strong>sicut</strong></span> <span class='ocrx_word' id='word_1_403' title='bbox 1729 2603 1894 2644; x_wconf 86' lang='lat' dir='ltr'><strong>foen&#39;um</strong></span> 
     </span>
     <span class='ocr_line' id='line_1_87' title="bbox 1062 2661 1203 2697; baseline 0 0"><span class='ocrx_word' id='word_1_404' title='bbox 1062 2661 1203 2697; x_wconf 88' lang='lat' dir='ltr'><strong>terrae.</strong></span> 
     </span>
    </p>

    <p class='ocr_par' dir='ltr' id='par_1_34' title="bbox 1114 2713 1894 2766">
     <span class='ocr_line' id='line_1_88' title="bbox 1114 2713 1894 2766; baseline 0.001 -13"><span class='ocrx_word' id='word_1_405' title='bbox 1114 2713 1179 2754; x_wconf 91' lang='lat' dir='ltr'><strong>Sit</strong></span> <span class='ocrx_word' id='word_1_406' title='bbox 1214 2726 1374 2755; x_wconf 92' lang='lat' dir='ltr'><strong>nomen</strong></span> <span class='ocrx_word' id='word_1_407' title='bbox 1410 2716 1501 2766; x_wconf 90' lang='lat' dir='ltr'><strong>ejus</strong></span> <span class='ocrx_word' id='word_1_408' title='bbox 1535 2714 1817 2756; x_wconf 88' lang='lat' dir='ltr'><strong>benedictum</strong></span> <span class='ocrx_word' id='word_1_409' title='bbox 1848 2714 1894 2754; x_wconf 90' lang='lat' dir='ltr'><strong>in</strong></span> 
     </span>
    </p>
   </div>
   <div class='ocr_carea' id='block_1_8' title="bbox 123 145 1957 2818">
    <p class='ocr_par' dir='ltr' id='par_1_35' title="bbox 123 145 1957 2818">
     <span class='ocr_line' id='line_1_89' title="bbox 123 145 1957 2818; baseline 0 0"><span class='ocrx_word' id='word_1_410' title='bbox 123 145 1957 2818; x_wconf 95' lang='lat' dir='ltr'><strong> </strong></span> 
     </span>
    </p>
   </div>
  </div>
 </body>
</html>
