2040 2976
475 208 650 241 Officium
677 208 848 242 votivum
876 209 922 242 (ic
948 208 1195 243 Immaculata
1222 210 1403 252 Concept.
1430 209 1470 243 B.
1495 210 1540 243 M.
1566 200 1608 243 V'.

190 301 375 344 cerdotii
403 301 727 343 Melchisedech
755 301 1017 354 perillastris

190 357 414 411 splendor,
437 362 485 399 tu
504 358 746 400 Abrahami
766 358 891 400 firma
909 358 1017 400 fidu-

189 416 255 456 cia
276 419 319 456 et
337 415 638 467 promissionis
658 415 817 456 futurae
836 416 1018 468 posteri-

189 470 299 513 tatis
333 471 581 523 obsequens
618 471 741 513 fides.
789 472 858 513 Tu
894 473 1019 513 Isaac

189 540 352 569 novum
406 528 670 569 sacrificium
715 533 759 570 et
804 528 1018 570 rationale

188 584 512 635 holocat'lstum3
540 590 588 626 tu
616 584 754 626 Jacob
782 585 827 626 in
855 585 1018 626 scalam

189 643 397 682 ascensus
417 654 561 690 causa,
587 647 630 683 et
653 641 951 683 foeeunditatis
974 641 1018 682 in

190 697 425 740 duodecim
456 698 596 740 tribus
622 698 919 751 permanentis
948 711 1018 739 ex·

187 755 357 807 pressio
383 754 666 796 nobilissima.
699 755 769 796 Tu
793 754 920 796 Judae
946 767 1018 807 ap—

187 811 374 864 paruisti
393 810 635 868 secundum
653 812 836 864 stirpem
851 811 956 862 filia;
971 816 1019 852 tu

187 868 211 909 J
214 868 369 921 osephi
390 867 605 921 pudicitia
629 873 672 910 et
698 868 860 910 veteris
884 868 1017 920 AEgy-

187 925 264 977 pti,
287 925 490 966 nimirum
509 927 744 978 synagogae
763 925 788 965 J
790 924 1018 966 udaeorum

188 982 370 1032 eversio,
391 994 416 1023 o
437 982 736 1023 Immaculata!
765 982 834 1023 Tu
852 981 1018 1034 Moysis

189 1035 472 1090 ejusdemque
492 1038 756 1090 legislatoris
779 1037 892 1080 liber
913 1037 1018 1079 divi-

187 1095 304 1136 nitus
320 1095 616 1144 concinnatus,
638 1095 785 1146 in'quo
807 1095 1018 1147 scriptum

188 1157 255 1193 est
271 1153 591 1193 sacramentum
605 1151 959 1203 regenerationis,
975 1156 1019 1193 et

189 1208 346 1249 divinis
368 1208 515 1259 digitis
541 1208 762 1261 inscalpta
787 1208 830 1248 in
856 1208 1018 1250 tabulis

186 1265 258 1306 lex
292 1270 358 1307 est
390 1270 615 1317 tamquam
647 1265 691 1306 in
722 1270 872 1307 monte
904 1265 1018 1315 Sina,

186 1322 261 1364 ubi
283 1335 423 1364 novus
444 1322 582 1363 Israel
602 1322 657 1364 ab
680 1322 1019 1374 intelligibilium

186 1380 501 1432 AEgyptiorum
537 1379 748 1421 servitiite
781 1379 1017 1421 vindicabi-

187 1441 273 1486 tur,
306 1436 679 1489 quemadmodum
708 1439 912 1488 antiquus
941 1438 1017 1489 po-

187 1493 315 1546 pulus
338 1493 382 1534 in
403 1493 638 1535 solitudine
657 1507 815 1534 manna
839 1498 882 1535 et
903 1506 1018 1546 aqua

189 1550 243 1592 de
267 1555 394 1603 petra
414 1550 596 1592 satiatus
617 1555 694 1601 est,
718 1555 846 1603 petra
872 1556 1018 1592 autem

188 1612 280 1648 erat
309 1606 506 1648 Christus
535 1620 558 1648 e
587 1612 663 1648 tuo
692 1607 858 1659 gremio
886 1607 1017 1660 prod-

186 1663 326 1704 iturus
350 1668 573 1715 tamquam
592 1677 783 1716 sponsus
803 1662 858 1705 de
881 1663 1016 1705 thala-

187 1731 271 1761 mo.
305 1719 373 1760 Tu
399 1720 588 1761 Aaronis
613 1720 735 1771 virga
762 1720 1016 1770 florescens3

187 1781 235 1816 tu
263 1788 309 1817 es
334 1775 517 1817 Davidis
545 1776 634 1817 filia
662 1776 845 1818 fimbriis
872 1776 1016 1818 aareis

188 1833 511 1874 circumvestita
552 1833 673 1875 vario
717 1835 874 1874 ornatu
911 1833 1015 1875 nite-

186 1901 325 1931 scens.

238 1945 286 1996 R.
314 1946 483 1988 Hortus
508 1946 743 1988 conchisus
767 1959 895 1988 soror
918 1960 1015 1988 mea

186 2015 364 2054 sponsa,
391 2003 545 2044 hortus
566 2003 818 2053 conclusus,
843 2003 942 2045 fons
961 2004 1014 2044 si-

185 2061 356 2109 gnatus:
383 2060 404 2082 *
432 2059 703 2101 Emissiones
728 2064 818 2101 tuae
844 2059 1014 2112 paradi-

186 2128 276 2165 sus,
297 2129 322 2157 ο
343 2116 491 2157 Maria.
523 2111 569 2162 Y.
592 2116 728 2169 Aperi
746 2116 868 2167 mihi,
889 2130 1014 2159 soror

183 2185 292 2222 mea,
313 2175 451 2214 amica
466 2186 574 2222 mea,
591 2173 796 2214 columba
810 2186 919 2224 mea,
938 2174 1014 2214 im-

185 2228 404 2270 maculata
423 2242 532 2270 mea.
559 2229 841 2271 Emissiones.

238 2284 397 2325 Bened.
447 2287 579 2338 Cujus
617 2286 776 2328 festum
813 2287 1014 2338 colimus,

184 2341 283 2394 ipsa
301 2341 442 2392 Virgo
462 2343 686 2394 virginum.

472 2398 622 2439 Lectio
643 2400 725 2439 viii.

183 2448 293 2553 Tu
338 2467 385 2495 es
421 2454 739 2507 prophetarum
775 2457 1013 2509 speculum,

287 2517 331 2552 et
356 2523 501 2552 rerum
522 2511 576 2552 ab
600 2511 684 2552 illis
704 2513 1013 2564 praenuntiata-

184 2580 280 2608 rum
301 2568 454 2609 exitus.
488 2567 552 2609 Te
573 2570 699 2609 enixe
718 2569 923 2610 Ezechiel
943 2583 1013 2611 va-

183 2623 369 2664 ticinans
407 2623 648 2677 appellavit
684 2630 858 2676 portam
899 2626 1012 2667 clau-

183 2692 297 2729 sam,
334 2693 414 2732 per
453 2693 583 2732 quam
619 2693 748 2722 nemo
791 2681 1014 2722 hominum

183 2749 391 2788 umquam
430 2736 632 2779 transibit
673 2737 757 2777 nisi
799 2737 1013 2779 Dominus

1070 303 1192 344 Deus
1209 302 1339 352 solus,
1351 307 1395 344 et
1409 307 1586 356 portam
1600 301 1792 344 clausam
1808 315 1902 345 con-

1071 358 1274 400 servabit.
1314 359 1380 400 Te
1407 359 1545 400 Isaias
1577 358 1650 400 ille
1677 358 1721 399 in
1748 358 1901 412 primis

1071 415 1385 467 grandiloquus
1427 415 1692 468 praeniintiat
1733 415 1901 468 virgam

1071 472 1095 512 J
1098 485 1206 522 esse,
1228 485 1281 513 ex
1302 485 1388 524 qua
1407 472 1490 514 flos
1507 471 1704 514 Christus
1725 471 1901 524 orietur,

1072 534 1116 570 et
1147 529 1374 570 fruticibus
1409 529 1614 570 vitiorum
1647 529 1901 582 exstirpatis

1071 584 1291 636 radicitus,
1312 585 1486 639 plantas
1511 584 1670 627 divinae
1690 586 1900 637 cognitio-
1951 620 1954 621 γ

1071 642 1138 684 nis
1166 642 1209 683 in
1238 654 1344 694 agro
1373 644 1548 684 inseret.
1592 643 1657 684 Te
1688 643 1901 685 Jeremias

1071 699 1428 752 praemonstravit
1442 699 1656 752 inquiens:
1673 699 1790 741 Ecce
1807 699 1901 742 dies

1071 756 1262 806 venient,
1290 756 1396 798 dicit
1423 756 1650 806 DominuS,
1679 761 1724 798 et
1749 755 1901 798 feriam

1072 812 1222 855 domui
1233 813 1371 854 Israel
1387 818 1431 855 et
1451 812 1601 854 domui
1615 813 1639 854 J
1640 811 1741 854 udae
1756 812 1902 855 foedus

1070 882 1243 920 novum,
1269 869 1389 922 quod
1414 870 1622 911 constitui
1645 882 1746 911 cum
1768 869 1901 922 patri·

1070 926 1153 968 bus
1179 929 1349 977 eorum,
1377 927 1438 968 ita
1467 926 1717 977 significans
1743 925 1901 968 adven-

1070 988 1163 1025 tum
1183 986 1416 1035 ortumque
1435 983 1513 1023 filii
1532 984 1606 1033 tui,
1626 987 1670 1024 et
1688 981 1902 1035 populum

1072 1040 1279 1082 Gentium
1296 1052 1459 1081 vocans
1479 1038 1536 1081 ad
1555 1039 1699 1090 Deum
1717 1038 1901 1081 adoran·

1072 1095 1176 1138 dum
1207 1096 1310 1139 inde
1340 1109 1482 1148 usque
1515 1109 1540 1138 a
1572 1095 1732 1138 finibus
1759 1101 1900 1137 terrae.

1071 1154 1136 1195 Te
1156 1154 1289 1195 etiam
1306 1153 1466 1194 Daniel
1489 1153 1555 1194 vir
1581 1152 1902 1194 desideriorum

1070 1210 1362 1263 proclamavit
1388 1215 1584 1251 montem
1610 1209 1848 1260 ingentem,
1876 1221 1901 1251 e

1073 1280 1160 1320 quo
1194 1267 1392 1309 Christus
1424 1266 1537 1319 lapis
1574 1265 1794 1317 angularis
1829 1265 1901 1308 ab·

1071 1322 1305 1374 scindetur,
1325 1328 1369 1365 et
1389 1322 1671 1364 simulacrum
1689 1322 1899 1364 multifor-

1070 1380 1153 1422 mis
1187 1380 1405 1433 serpentis
1440 1382 1565 1421 ruina
1601 1384 1734 1432 atque
1767 1379 1900 1421 exitio

1071 1436 1315 1490 dissipabit.
1348 1436 1414 1478 Te
1438 1436 1609 1478 honoro
1641 1448 1800 1487 agnam
1823 1435 1900 1476 im-

1069 1493 1343 1543 maculatam,
1367 1498 1412 1535 te
1430 1491 1627 1546 praedico
1652 1492 1792 1543 gratia
1811 1491 1900 1545 ple-

1070 1563 1182 1601 nam,
1196 1555 1240 1592 te
1260 1563 1370 1591 cano
1386 1550 1471 1591 Dei
1489 1549 1806 1591 habitationem
1823 1561 1900 1601 pu·

1070 1619 1163 1648 ram
1187 1612 1230 1648 et
1253 1606 1590 1648 immaculatam.
1616 1605 1674 1647 Et
1698 1617 1804 1647 sane
1825 1604 1910 1647 ubi·

1070 1663 1310 1705 abundavit
1329 1662 1548 1712 delictum,
1573 1661 1900 1716 superabunda-

1070 1720 1134 1761 vit
1158 1720 1308 1771 gratia.
1348 1718 1433 1761 Per
1458 1719 1686 1761 mulierem
1712 1723 1900 1760 mortem

1069 1776 1226 1818 lucrati
1254 1789 1420 1826 sumus,
1447 1788 1527 1828 per
1555 1775 1783 1816 mulierem
1810 1774 1899 1816 uni·

1069 1835 1197 1874 versa
1215 1833 1311 1886 ipse
1330 1845 1482 1874 rursus
1500 1831 1772 1873 instaurabit.
1814 1831 1899 1873 Per

1069 1892 1319 1943 serpentem
1333 1889 1480 1932 cibum
1496 1889 1747 1942 accepimus
1762 1888 1900 1930 amari

1069 1947 1256 2000 saporis,
1291 1959 1372 2000 per
1407 1947 1552 1999 ipsum
1587 1957 1693 1987 vero
1726 1957 1899 1986 rursum

1068 2006 1297 2045 vescemur
1312 2003 1412 2045 cibo
1427 2001 1781 2044 immortalitatis.
1809 2001 1898 2043 Pri-

1068 2074 1139 2102 ma
1157 2072 1318 2113 parens
1339 2060 1467 2101 Heva
1487 2059 1670 2101 Cainum
1692 2058 1737 2099 in
1755 2058 1899 2105 lucem

1068 2116 1206 2158 edidit
1230 2116 1406 2158 invidiae
1437 2121 1482 2157 et
1506 2115 1716 2167 nequitiae
1742 2114 1898 2167 princi-

1066 2187 1184 2227 pem;
1221 2173 1469 2224 unigenitus
1505 2172 1642 2214 Filius
1678 2176 1780 2213 tuus
1817 2170 1899 2213 erit

1066 2230 1385 2283 primogenitus
1413 2230 1517 2271 vitae
1545 2233 1589 2271 et
1615 2229 1896 2270 resurrectio-

1066 2288 1144 2328 nis.
1199 2288 1236 2328 O
1269 2285 1515 2328 inauditum
1546 2284 1815 2339 prodigium!
1859 2284 1897 2326 Ο

1067 2343 1369 2386 admirandam
1384 2342 1639 2385 novitatem!
1669 2342 1707 2383 Ο
1727 2341 1896 2394 sapien-

1066 2401 1172 2442 tiam
1190 2399 1320 2441 nullis
1340 2399 1486 2441 verbis
1506 2397 1840 2451 coaequandam!
1862 2412 1865 2415 “

1068 2482 1070 2484 ψ
1121 2456 1170 2508 Rs.
1195 2456 1447 2508 Magnificat
1471 2457 1616 2497 anima
1634 2468 1732 2497 mea
1749 2454 1897 2496 Domi-

1066 2527 1184 2564 num,
1206 2513 1228 2536 *
1248 2513 1358 2563 Quia
1382 2512 1485 2554 fecit
1509 2512 1614 2553 mihi
1639 2524 1797 2563 magna
1823 2511 1897 2563 qui

1066 2576 1225 2623 potens
1246 2575 1323 2619 est,
1343 2575 1387 2611 et
1406 2574 1605 2610 sanctum
1619 2580 1779 2610 nomen
1796 2568 1897 2620 ejus.

1068 2622 1117 2673 V.
1145 2628 1260 2668 Ecce
1290 2626 1404 2667 enim
1432 2638 1487 2667 ex
1514 2625 1600 2667 hoc
1624 2625 1800 2666 beatam
1825 2635 1896 2665 me

1068 2682 1215 2725 dicent
1244 2695 1396 2724 omnes
1423 2681 1740 2732 generationes.
1782 2679 1895 2730 Quia

1067 2739 1178 2780 fecit.
1208 2739 1362 2780 Gloria
1380 2738 1511 2780 Patri.
1539 2738 1652 2788 Quia
1669 2737 1784 2779 fecit.
