2040 2976
530 232 602 265 Die
625 231 678 265 27.
703 231 802 274 Aug.
849 230 883 264 S.
909 229 1075 272 Josephi
1102 227 1338 262 Calasanetii
1366 229 1474 262 Conf.

141 324 342 368 comitari
361 323 601 366 consuevit.
635 323 687 364 In
711 312 764 364 eo
789 332 971 362 summae

140 381 366 435 patientiae
405 386 448 423 et
483 379 743 422 humilitatis
774 380 972 426 munere,

139 436 389 480 valetudine
416 437 548 479 etiam
572 436 761 484 infirma,
790 434 904 475 duos
928 437 972 474 et

141 495 456 547 quinquaginta
488 505 625 534 annos
653 489 972 545 perseveravit:
1034 506 1133 541 μὴ,
1155 516 1169 535 ,ι

140 551 297 603 dignus
333 552 591 604 propterea,
638 561 770 601 quem
807 546 972 588 crebris
1036 551 1052 588 ὲ
1083 540 1155 563 “’”’

140 609 261 650 Deus
296 607 519 649 miraculis
560 618 710 647 coram
746 602 973 655 discipulis

139 665 390 714 illustraret,
410 668 455 705 et
474 663 544 704 cui
562 661 817 704 beatissima
832 659 972 709 Virgo

141 735 240 763 cum
257 724 397 774 puero
412 720 437 761 J
440 732 529 768 esu,
548 718 634 759 illis
655 716 881 759 orantibus
901 715 973 757 be-

139 777 384 826 nedicente,
405 777 649 828 appareret.
678 772 974 826 Amplissimis

140 833 314 875 interim
369 831 656 883 dignitatibus
711 828 973 883 repudiatis,

140 889 391 943 prophetia,
419 887 570 930 abdita
598 886 800 929 cerdium
828 889 872 927 et
901 884 973 926 ab·

141 946 282 988 sentia
305 943 602 996 cognoscendi
627 942 756 985 donis
780 947 824 984 et
846 941 973 982 mira-

142 1002 251 1044 culis
297 1002 457 1051 clarus,
506 1001 716 1053 Deiparae
761 998 974 1050 Virginis,

143 1071 275 1111 quam
301 1057 510 1108 singulari
534 1057 702 1109 pietate
728 1060 772 1097 et
795 1055 892 1107 ipse
919 1053 974 1095 ab

141 1115 345 1165 infantia„
366 1113 518 1163 celuit,
564 1118 608 1154 et
651 1112 741 1153 suis
784 1111 975 1152 maxime

142 1170 485 1220 commendavit,
535 1169 812 1220 aliorumque
858 1167 975 1208 co'eli-

140 1232 235 1269 tum
268 1226 487 1279 frequenti
521 1225 798 1278 apparitione
827 1222 974 1274 digna-

141 1289 229 1335 tus,
259 1297 358 1325 cum
382 1282 529 1324 obitus
548 1282 615 1323 sui
635 1281 767 1330 diem,
797 1284 841 1322 et
861 1279 974 1321 ordi—

140 1340 207 1381 nis
223 1345 328 1382 tunc
341 1351 484 1392 prope
499 1338 641 1380 eversi
652 1337 976 1379 restitutionem

142 1402 276 1449 atque
290 1396 609 1438 incrementum
624 1390 976 1447 praenuntiasset,

143 1452 385 1496 secundum
405 1457 449 1495 et
465 1452 798 1504 nonagesimum
818 1463 978 1492 annum

143 1523 295 1562 agens,
327 1511 485 1551 Romae
519 1507 790 1551 obdormivit
817 1507 860 1547 in
887 1507 975 1548 Do-

142 1567 279 1617 mino,
318 1568 479 1608 octavo
516 1564 744 1606 Kalendas
781 1564 976 1616 Septem-

142 1623 250 1673 bris,
269 1636 384 1665 anno
403 1622 636 1663 millesimo
656 1619 976 1662 sexcentesimo

145 1679 483 1733 quadragesimo
504 1680 676 1720 octavo.
711 1678 816 1729 Ejus
836 1689 914 1718 cor
934 1680 978 1717 et

143 1736 290 1787 lingua
308 1741 412 1789 post
435 1735 646 1777 saeculum
664 1736 834 1785 integra
853 1737 897 1774 et
916 1733 977 1773 in-

145 1796 356 1845 corrupta
382 1793 558 1844 reperta
586 1795 698 1832 sunt.
738 1790 842 1843 Ipse
870 1801 977 1831 vero

144 1849 293 1891 multis
316 1853 421 1902 post
445 1848 616 1890 obitum
640 1859 818 1899 quoque
843 1845 979 1897 signis

146 1919 171 1947 a
189 1906 288 1947 Deo
306 1905 564 1954 illustratus,
586 1903 777 1957 primum
797 1915 822 1943 a
840 1902 978 1943 Bene-

147 1961 266 2004 dicto
319 1961 490 2003 decimo
542 1964 700 2012 quarto
748 1958 980 2000 beatorum

147 2018 267 2060 cultu
295 2016 531 2060 decoratus
559 2016 655 2066 fuit,
687 2028 739 2057 ac
767 2013 927 2056 deinde
955 2027 981 2055 a

148 2074 373 2116 Clemente
399 2073 571 2115 decimo
595 2073 727 2115 tertio
751 2072 866 2113 inter
885 2083 979 2111 san-

149 2136 247 2173 ctos
268 2130 521 2172 solemniter
541 2134 609 2171 est
627 2129 818 2171 relatus..

202 2208 252 2259 Rg.
278 2205 369 2246 Iste
386 2203 532 2245 homo.
553 2203 633 2255 [72]

375 2310 425 2348 In
443 2309 515 2348 III.
534 2301 769 2348 Nocturnos

152 2387 305 2429 Lectio
331 2387 470 2428 sancti
487 2385 715 2436 Evangelii
741 2383 984 2427 secundum

433 2442 702 2485 Matthaeum.

230 2511 381 2552 Lectio
401 2511 469 2551 vii.
726 2510 828 2562 Cap.
852 2510 906 2549 18.

151 2580 229 2686 In
255 2584 330 2651 illo
355 2585 571 2647 tempore:
598 2581 895 2648 Accesserunt
924 2579 984 2644 di-

214 2639 369 2693 scipuli
387 2639 444 2680 ad
458 2639 482 2679 J
485 2651 619 2686 esum,
636 2636 847 2678 dicentes:
867 2636 985 2686 Quls,

153 2701 293 2749 putas,
306 2697 443 2747 major
458 2700 525 2736 est
539 2694 583 2734 in
597 2706 732 2743 regno
748 2690 984 2734 coelorum?

153 2753 211 2795 Et
230 2753 410 2805 reliqua.

1158 317 1350 361 Homilia
1378 317 1518 359 sancti
1546 318 1571 358 J
1574 317 1728 358 oannis

1285 374 1603 427 Chrysostomi.

1139 446 1182 479 In
1208 456 1289 489 cap.
1318 447 1370 479 18.
1394 445 1525 479 Matth.
1551 445 1662 478 Hom.
1686 444 1746 477 sso.

1031 605 1175 639 --ἒ
1195 613 1297 665 quia
1336 614 1489 653 eorum
1522 611 1681 662 Angeli
1718 611 1862 651 Patris

1024 670 1112 712 mei
1144 670 1301 711 faciem
1334 681 1510 721 semper
1545 668 1782 720 aspiciunt,
1818 671 1862 708 et

1027 727 1129 779 quia
1149 739 1232 777 ego
1253 730 1439 779 propter
1459 737 1537 766 eos
1557 724 1673 773 veni,
1699 729 1742 765 et
1765 723 1862 764 haec

1024 783 1169 825 Patris
1192 783 1278 824 mei
1297 782 1504 823 voluntas
1529 786 1607 822 est.
1644 779 1718 821 Ad
1740 782 1862 821 tuen-

1027 839 1109 881 dos
1137 837 1556 889 conservandosque
1583 836 1769 889 pusillos
1799 836 1860 877 di-

1025 896 1280 947 ligentiores
1311 907 1394 936 nos
1426 893 1584 936 reddit.
1642 893 1863 945 Perspicis

1028 966 1160 1005 quam
1182 952 1374 1004 ingentia
1397 951 1442 991 in
1464 949 1649 992 tutelam
1667 949 1864 990 tenuium

1026 1009 1190 1051 mo'enia
1218 1007 1422 1057 erexerit,
1456 1012 1499 1048 et
1533 1011 1745 1058 quantum
1777 1008 1863 1046 stu·

1028 1065 1148 1107 dium
1184 1066 1423 1116 curamque
1455 1063 1636 1112 habeat,
1676 1074 1731 1103 ne
1764 1074 1861 1114 per-

1028 1122 1208 1172 dantur,
1232 1127 1327 1162 tum
1347 1120 1448 1172 quia
1469 1121 1700 1172 supremas
1721 1117 1864 1170 despi-

1029 1177 1244 1220 cientibus
1274 1189 1352 1219 eos
1380 1189 1538 1229 poenas
1567 1174 1738 1223 statuit,
1771 1179 1865 1215 tum

1030 1235 1132 1287 quia
1172 1246 1389 1275 summam
1426 1232 1663 1285 pollicetur
1701 1232 1865 1271 merce-

1030 1290 1132 1333 dem
1146 1291 1226 1341 his,
1247 1290 1322 1342 qui
1341 1302 1491 1331 curam
1512 1290 1665 1330 eorum
1684 1287 1865 1338 suscipi-

1028 1353 1122 1399 unt3
1155 1347 1290 1399 idque
1315 1351 1407 1388 tam
1433 1358 1530 1395 suo⁷
1565 1357 1697 1397 quam
1720 1343 1866 1385 Patris

1030 1404 1235 1457 exemplo
1256 1402 1528 1446 correborat.

1086 1480 1136 1531 leg.
1163 1475 1255 1516 Iste
1282 1477 1350 1514 est
1377 1472 1453 1525 qui
1478 1476 1579 1513 ante
1607 1471 1754 1512 Deum
1778 1482 1866 1510 ma-

1029 1544 1138 1583 gnas
1163 1531 1349 1572 virtutes
1380 1530 1591 1581 operatus
1620 1532 1705 1577 est,
1739 1530 1783 1567 et
1812 1525 1867 1567 de

1030 1588 1149 1629 omni
1188 1585 1323 1628 corde
1363 1598 1445 1627 suo
1482 1584 1681 1626 laudavit
1717 1583 1868 1624 Domi-

1030 1658 1151 1686 num:
1169 1647 1191 1671 *
1208 1645 1311 1696 Ipse
1335 1641 1582 1684 intercedat
1608 1653 1692 1693 pro
1711 1641 1867 1692 pecca-

1030 1702 1088 1743 tis
1117 1701 1313 1742 emnium
1339 1698 1619 1752 populorum.
1667 1696 1716 1744 V.
1748 1696 1867 1737 Ecce

1029 1758 1164 1800 homo
1188 1757 1281 1798 sine
1306 1755 1501 1808 querela,
1526 1767 1658 1796 verus
1677 1753 1762 1794 Dei
1782 1752 1868 1794 cul-

1030 1820 1117 1865 tor,
1153 1813 1380 1855 abstinens
1414 1825 1462 1853 se
1493 1812 1549 1853 ab
1583 1810 1703 1852 omni
1732 1811 1868 1861 apere

1030 1871 1167 1921 malo,
1196 1875 1240 1912 et
1261 1871 1525 1922 permanens
1548 1868 1592 1908 in
1616 1865 1868 1908 innocentia

1032 1941 1122 1970 sua.
1156 1928 1270 1980 Ipse.

1326 2005 1478 2046 Lectio
1500 2005 1582 2044 viii.

1121 2071 1315 2112 ominum
1344 2069 1476 2120 igitur
1505 2068 1638 2110 etiam
1665 2079 1748 2108 nos
1777 2066 1868 2107 imi-

1135 2129 1296 2177 temur,
1329 2131 1374 2168 et
1406 2124 1514 2166 nihil
1544 2137 1628 2177 pro
1661 2123 1870 2165 fratribus

1035 2184 1307 2233 omittamus,
1336 2183 1469 2224 etiam
1494 2183 1648 2223 eerum
1672 2193 1772 2233 quae
1795 2179 1870 2221 hu-

1034 2240 1156 2281 milia
1196 2239 1390 2291 viliaque
1430 2238 1614 2279 nimium
1649 2236 1871 2286 videntum

1036 2295 1117 2338 sed
1131 2296 1168 2338 si
1181 2295 1559 2338 administratione
1573 2299 1726 2336 nostra
1739 2293 1871 2335 etiam

1037 2365 1150 2405 opus
1170 2352 1314 2402 fuerit,
1344 2350 1544 2404 quamvis
1569 2346 1714 2392 ten'uis
1739 2354 1871 2400 atque

1037 2408 1232 2460 abjectus
1253 2408 1449 2460 quidem,
1475 2407 1546 2448 cui
1564 2405 1870 2448 administran-

1038 2465 1143 2506 dum
1162 2465 1229 2514 sit,
1248 2464 1393 2515 fuerit,
1418 2463 1619 2517 quamvis
1639 2462 1778 2504 ardua
1797 2474 1871 2502 no-

1036 2521 1104 2563 bis
1136 2534 1207 2563 res
1240 2526 1374 2574 atque
1411 2520 1578 2563 laberis
1608 2519 1741 2572 plena
1774 2529 1872 2559 esse

1037 2577 1260 2628 videatur,
1302 2578 1450 2619 omnia
1481 2576 1580 2618 haec
1608 2588 1692 2628 pro
1726 2573 1872 2615 fratris

1039 2635 1180 2676 salute
1225 2634 1527 2676 tolerabili6ra
1571 2631 1872 2681 facilioraque,

1039 2704 1137 2741 oro,
1162 2689 1410 2733 videantur:
1436 2694 1562 2732 tanto
1587 2688 1703 2730 enim
1722 2684 1871 2728 studio

1037 2750 1248 2800 tantaque
1281 2760 1386 2789 cura
1409 2747 1531 2788 Deus
1565 2745 1742 2795 dignam
1775 2754 1872 2784 esse
