2040 2976
107 1399 111 1406 '
158 1399 281 1440 meis:
299 1400 323 1426 *

770 230 944 264 Officium
962 228 1246 263 Defunctorum.

164 329 395 379 cognosco:
431 328 455 353 *
492 332 537 369 61
571 329 801 380 peccatum
836 339 981 367 meum

164 388 316 426 contra
333 397 403 426 me
424 388 489 425 est
507 396 690 436 semper.

214 440 315 482 Tibi
333 440 416 482 soli
439 440 634 492 peccavi,
659 443 703 481 et
724 438 887 480 malum
910 451 979 480 60-

161 509 254 538 ram
271 501 315 538 te
334 497 430 538 feci:
449 498 473 524 *
491 501 539 538 ut
561 495 803 548 justificeris
825 495 869 536 in
895 507 980 536 ser-

160 553 364 595 mdnibus
385 553 488 603 tuis,
517 557 561 594 et
582 553 730 593 vincas
755 564 854 593 cum
875 550 980 603 judi-

162 610 285 651 caris.

212 666 327 710 Ecce
354 666 468 708 enim
490 666 534 706 in
558 664 857 717 iniquitatibus
880 676 980 706 603-

163 723 316 775 ceptus
335 735 447 764 sum:
470 722 494 748 *
521 726 563 763 et
588 722 633 762 in
659 721 853 774 peccatis
882 733 980 762 6011-

162 779 280 831 cepit
296 791 366 820 me
382 783 521 820 mater
539 790 647 819 mea.

213 835 328 876 Ecce
353 835 466 876 enim
483 834 712 876 veritatem
734 833 981 875 dilexistiz*

160 891 326 934 11166113
357 895 400 932 61
432 890 604 932 06611113
639 890 863 943 sapientiae
894 894 981 931 tuae

161 947 450 989 manifestasti
467 947 583 988 mihi.

212 1004 434 1056 Asperges
457 1017 527 1046 me
551 1003 764 1056 hyssopo,
795 1007 840 1044 et
862 1015 981 1044 mun-

162 1058 316 1102 dabor:
335 1060 359 1086 *
382 1060 548 1102 lavabis
574 1072 661 1110 me,
694 1063 738 1101 et
765 1071 897 1111 super
922 1059 982 1100 ni-

161 1129 260 1158 vem
279 1115 529 1159 dealbabor.

212 1171 394 1215 Auditui
419 1186 519 1215 meo
553 1172 677 1215 dabis
705 1171 912 1224 gaudium
940 1177 983 1213 et

160 1229 368 1271 laetitiam:
385 1231 409 1258 *
428 1235 472 1272 et
491 1229 774 1272 exsultabunt
792 1241 894 1270 ossa
906 1228 981 1270 hu-

159 1286 332 1327 miliata.

211 1343 376 1384 Averte
402 1341 558 1383 faciem
588 1346 708 1384 tuam
735 1355 761 1383 a
786 1341 982 1394 peccatis

347 1402 390 1440 et
414 1411 564 1440 omnes
587 1398 838 1451 iniquitates
861 1411 981 1440 meas

160 1455 268 1497 dele.

211 1511 298 1553 Cor
323 1511 534 1553 mundum
561 1523 662 1553 crea
686 1511 730 1551 in
753 1523 823 1552 1116
845 1511 980 1552 Deus:

159 1568 183 1594 *
202 1572 245 1610 61
269 1569 469 1621 spiritum
491 1572 659 1610 rectum
680 1570 840 1609 innova
858 1568 903 1608 in
920 1567 980 1609 vi-

159 1624 353 1667 sceribus
371 1625 491 1666 meis.

209 1681 277 1723 Ne
300 1681 504 1734 projicias
526 1693 597 1722 me
615 1693 641 1721 a
659 1680 769 1722 facie
786 1684 876 1722 tua:
894 1680 918 1706 *
938 1685 981 1723 et

158 1738 365 1790 Spiritum
383 1742 582 1779 sanctum
599 1741 723 1778 tuum
737 1749 791 1779 116
807 1737 979 1779 auferas

158 1807 185 1835 3
201 1807 282 1836 316.

208 1849 365 1893 Redde
402 1850 507 1892 1111111
545 1850 741 1893 1361111331
777 1850 979 1892 salutaris

157 1907 237 1948 tui:
261 1907 285 1933 *
311 1911 355 1949 61
382 1907 541 1960 spiritu
567 1906 797 1960 principali
825 1907 978 1948 confir-

158 1976 230 2004 ma
246 1976 328 2005 me.

209 2019 393 2062 Docebo
426 2020 599 2072 iniquos
626 2020 719 2061 vias
746 2023 858 2060 tuas:
885 2019 909 2045 *
938 2023 982 2060 61

159 2077 282 2129 impii
300 2075 357 2118 ad
375 2081 419 2118 16
438 2078 757 2118 convertentur.

210 2132 370 2174 Libera
387 2146 457 2174 me
477 2131 532 2174 de
551 2132 831 2184 sanguinibus
849 2132 981 2181 Deus,

158 2189 280 2230 Deus
309 2189 460 2231 salutis
485 2201 611 2230 meae:
630 2189 654 2215 *
673 2193 717 2231 61
745 2187 982 2230 exsultabit

159 2244 306 2297 lingua
322 2258 421 2287 mea
438 2245 645 2297 justitiam
662 2250 793 2287 tuam.

210 2302 413 2352 Domine,
438 2301 554 2343 labia
575 2314 673 2343 11163
691 2301 876 2354 aperies:
894 2300 918 2326 *
938 2305 982 2342 61

161 2370 211 2399 05
225 2371 370 2400 136313
385 2358 654 2400 annuntiabit
667 2357 842 2399 laudem
850 2361 981 2398 tuam.

213 2415 430 2464 Qudniam
479 2415 516 2455 si
561 2414 775 2456 voluisses
820 2413 981 2454 sacrifi-

162 2470 289 2520 cium,
314 2471 534 2512 dedissem
551 2471 717 2523 utique:
735 2471 759 2497 *
777 2470 981 2512 110106311-

162 2527 241 2568 stis
258 2539 347 2568 non
364 2526 664 2569 delectaberis.

213 2583 480 2624 Sacrificium
501 2584 598 2624 Deo
626 2583 802 2635 spiritus
826 2583 982 2625 contri—

162 2639 350 2681 bulatus:
368 2639 392 2665 *
412 2652 486 2681 cor
506 2642 757 2689 contritum,
783 2643 826 2680 et
847 2639 981 2680 humi-

162 2695 314 2737 liatum
331 2696 452 2737 Deus
470 2709 558 2737 non
578 2695 804 2747 despicies.

214 2752 408 2803 Benigne
426 2752 494 2793 fac
508 2752 695 2793 Damine
713 2752 758 2792 in
776 2751 891 2794 bona
909 2764 982 2793 vo—

1033 326 1198 368 luntate
1226 331 1301 368 133
1327 327 1443 368 Sion:
1467 328 1491 354 *
1509 331 1558 368 31
1585 326 1855 367 aedificentur

1033 383 1145 423 muri
1161 383 1413 425 Jerusalem.

1085 439 1210 480 Tunc
1234 439 1485 492 acceptabis
1510 439 1770 480 sacrificium
1797 439 1854 490 ju-

1035 495 1527 546 5111136,01113110365,61
1545 495 1815 537 holocausta:
1833 495 1857 521 *

1033 555 1141 650 tuglcl
1163 552 1388 605 imponent
1415 565 1547 605 super
1571 552 1708 594 altare
1732 556 1857 593 tuum

1034 622 1077 649 Vl
1145 621 1205 650 os.

1086 674 1301 726 Requiem
1321 675 1539 715 aeternam.

1087 745 1184 786 Ant.
1218 743 1513 785 Exsultabunt
1537 744 1726 785 D6mino
1755 757 1856 785 ossa

1035 798 1268 841 humiliata.

1084 867 1182 909 Ant.
1221 865 1396 907 Exaudi
1425 865 1614 906 Damine
1644 866 1669 892 *
1700 866 1856 907 013110-

1034 933 1134 961 3613
1159 934 1316 964 meam:
1343 922 1400 986 ad
1425 926 1469 963 te
1495 922 1635 963 omnis
1660 934 1763 964 6310
1788 924 1857 964 ve-

1034 977 1133 1019 niet.

1302 1046 1499 1086 Psalmus
1520 1046 1585 1084 64„

1032 1111 1140 1216 Te
1165 1111 1292 1154 decet
1319 1112 1504 1164 hymnus
1527 1113 1649 1154 Deus
1671 1112 1716 1153 in
1739 1112 1859 1154 Sion:
1902 1135 1904 1137 v

1128 1169 1152 1195 *
1171 1173 1215 1210 61
1232 1169 1312 1211 tibi
1330 1169 1539 1211 reddetur
1558 1174 1709 1211 votum
1728 1169 1773 1209 in
1791 1170 1815 1210 J
1818 1182 1858 1210 e-

1034 1224 1234 1266 13531631.

1085 1281 1258 1323 Exaudi
1291 1283 1534 1324 orationem
1564 1294 1722 1323 meam:
1750 1281 1774 1308 *
1802 1281 1859 1323 ad
1902 1281 1905 1283 ’

1033 1340 1078 1378 16
1098 1339 1238 1379 031315
1258 1352 1360 1381 6310
1380 1340 1535 1381 veniet.

1085 1395 1234 1449 Verba
1260 1396 1508 1448 iniquarum
1534 1394 1859 1448 praevaluerunt

1034 1464 1165 1504 super
1179 1465 1274 1497 nos:
1287 1453 1311 1478 *
1327 1457 1370 1494 et
1384 1452 1680 1505 impietatibus
1696 1451 1858 1493 nostris

1033 1512 1081 1549 tu
1099 1509 1420 1561 propitiaberis.

1083 1564 1258 1615 Beatus,
1280 1579 1410 1618 quem
1427 1565 1608 1616 elegisti,
1629 1569 1673 1606 et
1692 1577 1856 1606 assum-

1032 1622 1175 1673 psisti:
1193 1623 1216 1649 *
1234 1622 1494 1665 inhabitabit
1512 1622 1556 1662 in
1575 1621 1697 1663 atriis
1716 1621 1814 1663 tuis.

1085 1678 1369 1730 Replebimur
1383 1679 1428 1719 in
1442 1678 1571 1720 bonis
1585 1678 1742 1720 domus
1756 1682 1858 1719 tuae:

1032 1735 1056 1761 *
1077 1741 1275 1777 53361331
1298 1740 1365 1777 651
1387 1735 1600 1788 templum
1617 1740 1756 1785 tuum,
1781 1734 1856 1775 mi-

1034 1792 1172 1834 rabile
1191 1793 1236 1833 in
1255 1792 1471 1844 aequitate.

1085 1849 1258 1890 Exaudi
1289 1862 1370 1890 nos
1396 1849 1518 1890 Deus
1549 1847 1752 1890 salutaris
1783 1860 1857 1888 no-

1035 1910 1140 1955 ster,
1158 1906 1181 1932 *
1201 1918 1302 1958 spes
1327 1906 1520 1946 omnium
1543 1905 1694 1945 finium
1718 1908 1858 1953 terrae,

1034 1962 1106 2003 61
1095 1976 1140 2002 13
1157 1962 1267 2003 mari
1285 1962 1426 2013 longe.

1084 2019 1344 2071 Praeparans
1358 2018 1555 2059 3103165
1543 2031 1588 2058 13
1598 2017 1759 2059 virtute
1773 2021 1859 2067 tua,

1034 2077 1254 2116 accinctus
1285 2075 1500 2127 potentia:
1526 2075 1551 2101 *
1581 2074 1655 2127 qui
1687 2077 1858 2115 6031111-

1033 2130 1113 2172 1135
1144 2131 1411 2185 profundum
1439 2131 1571 2172 maris
1598 2143 1754 2172 sonum
1781 2131 1858 2171 flu-

1034 2193 1183 2230 ctuum
1202 2189 1303 2240 ejus.

1084 2244 1396 2286 Turbabuntur
1434 2244 1614 2294 Gentes,
1656 2247 1700 2285 et
1738 2243 1858 2284 111116-

1033 2301 1141 2343 bunt
1174 2301 1248 2353 qui
1278 2300 1477 2342 habitant
1508 2299 1718 2341 terminos
1750 2312 1776 2340 a
1805 2299 1858 2340 si-

1033 2358 1129 2408 gnis
1147 2358 1247 2399 tuis:
1265 2357 1450 2399 *exitus
1476 2356 1694 2406 matutini,
1720 2359 1763 2396 et
1788 2357 1857 2396 ve-

1034 2426 1160 2466 spere
1179 2412 1430 2455 delectabis.

1084 2470 1284 2511 Visitasti
1325 2474 1503 2519 terram,
1549 2474 1593 2511 et
1634 2467 1857 2509 inebriasti

1034 2539 1169 2582 eamz,
1184 2527 1208 2553 *
1249 2525 1549 2579 multiplicasti
1589 2524 1856 2577 locupletare

1034 2595 1140 2624 eam.

1084 2639 1268 2681 Flumen
1286 2639 1371 2680 Dei
1392 2638 1608 2692 repletum
1632 2642 1698 2678 est
1721 2636 1856 2688 aquis,

1033 2696 1198 2748 parasti
1223 2695 1368 2737 cibum
1391 2695 1579 2736 illorum:
1602 2695 1626 2721 *
1652 2693 1855 2745 quomam

1033 2753 1093 2794 ita
1112 2757 1179 2794 est
1196 2752 1461 2805 praeparatio
1482 2751 1583 2802 ejus
