2040 2976
138 317 212 370 qui
247 321 292 358 et
322 328 393 357 res
431 315 591 356 arduas
623 314 844 356 faciendas
877 315 963 355 ani-

136 375 260 415 mose
288 373 548 424 susciperet,
581 375 624 412 et
652 372 879 422 susceptas
908 370 964 412 ad

138 431 339 482 optatum
354 428 486 469 finem
501 428 676 468 strenue
690 426 964 479 perduceret.

197 485 247 536 R.
265 484 418 526 Inveni
441 483 588 525 David
612 495 786 524 servum
808 495 964 533 meum,

139 542 238 584 cleo
263 545 417 582 sancto
443 552 542 581 meo
568 539 672 580 unxi
696 552 810 581 eum:
843 539 963 580 *Ma-

138 611 219 639 nus
234 597 349 639 enim
363 609 461 637 mea
475 595 752 636 auxiliabitur
765 595 815 636 ei.
836 591 964 642 >mli-

139 655 200 695 hil
213 653 419 707 proficiet
432 652 630 693 inimicus
644 652 688 692 in
705 664 768 700 eo,
788 656 832 693 et
851 651 965 692 filius

139 709 380 763 iniquitatis
398 721 487 750 non
507 708 683 749 nocebit
704 708 754 749 ei.
781 708 946 749 Manus.

185 766 197 778 '
452 766 603 807 Lectio
624 779 660 805 v,

235 822 280 864 bi
299 822 551 875 supremum
567 820 793 861 Pontificis
811 832 966 860 munus

257 878 367 928 iniit,
394 882 537 919 totum
565 877 655 918 fere
684 876 967 917 christianum

142 936 296 978 orbem
333 934 415 976 sub
452 933 628 984 regibus
664 932 862 974 barbaris
898 932 967 973 vel

141 991 360 1033 haereticis
405 991 651 1042 gementem
696 989 877 1037 invenit,
925 994 968 1029 et

144 1048 400 1090 distractam
441 1047 486 1086 in
525 1051 676 1098 partes
716 1044 968 1086 Ecclesiam.

143 1104 231 1146 Sed
249 1109 351 1146 octo
374 1105 558 1144 afiorum
576 1102 732 1154 spatio,
756 1102 821 1142 vir
840 1100 969 1153 plane

143 1162 240 1203 Deo
264 1160 432 1213 plenus,
456 1158 637 1212 perenni
657 1170 759 1199 cura
782 1170 834 1198 ac
856 1156 970 1198 felici

142 1217 343 1259 laborum
377 1218 556 1257 sucrum
589 1216 763 1263 eventu,
797 1226 850 1254 eo
877 1226 969 1254 rem

144 1273 338 1323 adduxit,
357 1277 406 1314 ut
421 1270 666 1314 Orientales
686 1270 895 1319 ecclesiae,
915 1269 970 1310 ab

146 1331 371 1381 octoginta
386 1328 559 1370 circiter
579 1327 702 1368 annis
721 1326 841 1367 foedo
862 1325 970 1367 schi-

146 1391 285 1428 smate
300 1387 528 1438 separatae,
548 1383 796 1435 subscripto
812 1382 972 1432 libello,

148 1455 278 1495 quem
296 1442 334 1483 is
356 1454 437 1494 per
462 1453 566 1483 suos
592 1441 761 1491 legatos
785 1441 972 1488 miserat,

147 1498 204 1541 ad
235 1499 447 1540 unitatem
478 1497 703 1547 redierint;
737 1501 780 1538 et
811 1495 972 1537 Africae

147 1556 215 1597 sui
252 1555 469 1608 episcopi,
508 1566 620 1606 quos
655 1554 698 1594 in
731 1552 974 1594 Sardiniam

146 1611 339 1655 Vandali
370 1612 632 1662 relegarant,
664 1609 822 1652 fuerint
853 1608 973 1650 resti-

147 1669 246 1719 tuti,
278 1673 322 1711 et
348 1669 566 1709 Lazorum
595 1679 673 1708 rex
705 1679 756 1708 ac
783 1665 974 1718 pupulus

148 1725 206 1768 ad
224 1725 386 1767 Christi
404 1723 549 1774 fidem,
573 1724 662 1775 ejus
683 1725 828 1775 Opera,
854 1720 974 1762 indu-

149 1787 246 1824 ctus
291 1782 367 1832 sit;
411 1794 464 1823 ac
506 1780 683 1822 demum
727 1778 975 1820 Clodoveus

149 1839 420 1880 Francorum
441 1849 520 1879 rex
539 1836 596 1878 ad
619 1835 819 1877 eamdem
843 1833 975 1876 fidem

150 1896 410 1944 conversus,
446 1893 630 1935 solemni
666 1891 884 1942 legatione
920 1890 976 1930 ad

149 1950 310 1993 Sedem
334 1949 640 2003 apostolicam,
669 1949 877 1990 corenam
904 1949 975 1986 au-

150 2020 271 2049 ream
295 2007 478 2058 gemmis
507 2004 757 2048 distinctam
779 2003 975 2044 Hormis-

152 2063 222 2105 dae
251 2063 475 2113 obtulerit,
503 2061 559 2104 ad
585 2062 848 2114 perpetuum
876 2058 976 2100 obe-

152 2119 327 2162 dientiae
353 2125 397 2161 et
424 2118 530 2161 fidei
557 2118 906 2159 monumentum.-

206 2179 257 2231 Rz.
286 2176 422 2218 Posui
450 2174 716 2227 adjuterium
743 2184 874 2224 super
901 2183 976 2223 po-

152 2235 338 2282 tentem,
385 2236 429 2274 et
468 2230 658 2274 exaltavi
697 2229 883 2270 electum
923 2227 978 2268 de

151 2290 282 2343 plebe
319 2302 435 2331 mea:
466 2293 488 2316 *
531 2288 687 2329 Manus
727 2285 842 2327 enim
881 2296 978 2325 mea

153 2346 437 2388 auxiliabitur
470 2345 522 2387 ei.
570 2342 618 2392 V.
648 2342 800 2384 Inveni
833 2339 978 2381 David

154 2415 330 2445 servum
356 2415 519 2451 meum,
558 2400 656 2442 oleo
694 2403 847 2440 sancto
879 2408 977 2437 meo

154 2459 259 2501 unxi
280 2471 390 2500 eum.
417 2458 584 2499 Manus.

458 2514 610 2554 Lectio
632 2512 682 2551 vi.

263 2570 484 2613 aniehaeos
516 2570 621 2612 item
653 2565 873 2614 discussit,
910 2576 979 2605 eo-

292 2631 477 2679 rumque
516 2625 692 2667 codices
728 2627 828 2663 ante
865 2621 979 2661 fores

157 2683 527 2725 Constantinianae
560 2679 752 2722 basilicae
778 2675 979 2717 incendio

157 2739 466 2782 concremavit.
494 2735 752 2788 Complures
772 2731 980 2785 epistolas

411 220 482 254 Die
507 221 554 255 16.
579 221 676 263 Aug.
723 221 757 256 S.
783 222 906 256 Rochi
931 223 1037 257 Conf.
1063 243 1075 247 -
1103 225 1153 258 18.
1178 226 1212 259 S.
1239 225 1444 268 Hyacinthi
1474 226 1579 259 (lons.

1766 215 1834 250 29*

1016 316 1191 367 scripsit
1215 315 1271 357 ad
1296 316 1457 365 varios,
1484 327 1563 367 per
1587 314 1835 354 universum

1017 371 1166 413 orbem
1192 372 1491 419 christianum,
1517 371 1561 410 in
1590 369 1746 421 quibus
1772 381 1835 408 ar-

1017 427 1293 469 dentissimus
1313 427 1431 469 zelus
1451 425 1669 476 religio'nis
1686 423 1834 476 ampli-

1017 483 1212 533 ficandae,
1234 497 1320 536 quo
1340 482 1592 525 medullitus
1613 480 1836 531 flagrabat,

1018 541 1238 580 sacrarum
1259 539 1499 581 litterarum
1523 537 1713 586 scientia,
1739 549 1836 577 cum

1017 594 1319 648 limpidissimo
1343 600 1386 636 et
1410 598 1583 636 amo'eno
1603 593 1716 645 stylo
1737 605 1836 633 con-

1018 653 1172 703 juncta,
1196 665 1281 703 qua
1300 651 1534 704 plurimum
1553 649 1735 697 valebat,
1756 649 1837 689 sin-

1018 708 1180 759 gularis
1201 720 1345 749 rerum
1366 706 1653 759 gerendarum
1671 705 1838 757 peritia,

1018 764 1265 817 praesertim
1286 776 1383 805 cum
1403 762 1576 814 regibus
1597 766 1639 803 et
1658 761 1837 812 optima-

1018 820 1154 870 tibus,
1194 832 1279 872 qua
1314 832 1406 871 prae
1441 818 1596 860 ceteris
1632 816 1839 870 pollebat,

1019 877 1205 928 aliaeque
1216 875 1381 917 heroici
1392 874 1521 915 animi
1533 872 1669 922 dotes,
1684 873 1839 913 mirum

1019 934 1062 973 in
1094 932 1273 973 modum
1305 931 1486 973 elucent.
1531 930 1633 981 Ejus
1666 928 1840 970 demum

1019 989 1092 1041 pia
1114 988 1351 1030 liberalitas
1375 988 1418 1027 in
1441 988 1602 1037 egenos
1628 990 1670 1026 et
1694 996 1839 1024 sacras

1021 1044 1140 1086 aedes
1158 1044 1339 1097 profusa
1355 1043 1445 1084 fuit.
1473 1043 1539 1083 Ac
1554 1041 1729 1083 tandem
1744 1042 1840 1080 suo-

1021 1115 1116 1142 rum
1152 1102 1355 1142 votorum
1393 1110 1595 1150 compos,
1631 1096 1753 1137 annis
1791 1107 1841 1136 ac

1021 1157 1186 1198 meritis
1209 1156 1363 1207 gravis,
1388 1160 1431 1196 et
1454 1167 1599 1195 rerum
1622 1155 1841 1203 gestarum

1021 1213 1159 1264 gloria
1174 1212 1291 1264 apud
1304 1212 1446 1253 Deum
1463 1216 1505 1251 et
1518 1209 1716 1250 hemines
1733 1207 1840 1248 cele-

1022 1269 1246 1318 berrimus,
1265 1273 1367 1320 post
1386 1279 1543 1307 novem
1562 1264 1841 1317 pontificatus

1023 1337 1175 1374 annos,
1208 1323 1264 1365 ad
1296 1323 1520 1365 coelestem
1550 1320 1735 1373 patriam
1766 1320 1840 1359 mi-

1023 1382 1175 1432 gravit,
1191 1392 1304 1421 anno
1322 1379 1480 1420 Christi
1497 1376 1842 1430 quingentesimo

1024 1437 1234 1488 vigesimo
1259 1436 1406 1484 tertio,
1434 1433 1617 1475 exanimi
1647 1431 1843 1483 cerporis

1026 1493 1191 1535 exuviis
1210 1492 1436 1534 Vaticanae
1459 1490 1651 1532 basilicae
1673 1488 1843 1529 relictis.

1080 1562 1131 1612 R.
1147 1559 1236 1599 Iste
1256 1562 1322 1598 est
1343 1556 1426 1607 qui.

1082 1638 1125 1671 In
1150 1636 1212 1670 ΠΙ.
1236 1635 1433 1669 Nocturno
1456 1631 1624 1665 Homilia
1650 1630 1686 1662 in
1706 1628 1848 1671 Evang.

1030 1686 1156 1719 Homo
1190 1684 1358 1727 peregre.
1400 1680 1446 1713 de
1481 1678 1615 1713 eodem
1648 1675 1849 1711 Communi

1032 1735 1059 1767 1.
1083 1733 1180 1766 loco.

1083 1788 1214 1823 Lectio
1237 1787 1286 1820 ix.
1312 1785 1358 1819 de
1384 1784 1492 1817 Hom.
1513 1781 1668 1824 Vigiliae
1693 1781 1849 1813 Assum-

1032 1837 1187 1881 ptionis,
1211 1838 1252 1868 ut
1276 1834 1313 1867 in
1338 1832 1448 1866 Brev.

1082 1893 1126 1926 In
1140 1891 1259 1925 Laud.
1283 1890 1323 1923 fit
1348 1890 1503 1923 comem.
1521 1886 1676 1919 Octava:
1702 1884 1735 1917 S.
1755 1883 1848 1916 Lau-

1031 1940 1153 1976 rentii.
1178 1937 1343 1979 Vigiliae,
1369 1946 1413 1969 ac
1437 1935 1471 1968 S.
1497 1932 1653 1967 Eusebii
1678 1931 1785 1965 Conf.

1026 1988 1799 2003 f

1249 2027 1330 2067 Die
1352 2026 1409 2065 16.
1428 2022 1623 2073 Augusti.

1178 2100 1222 2140 S.
1239 2096 1397 2139 Rochi
1424 2090 1705 2134 Confessoris.
1759 2090 1762 2091 ⁷

1360 2157 1523 2200 Duplex.

1084 2221 1134 2255 Ut
1157 2220 1255 2254 inter
1283 2219 1380 2253 festa
1408 2226 1479 2260 pro
1512 2215 1626 2258 aliqu.
1659 2214 1755 2248 locis
1789 2213 1849 2247 die

1034 2271 1082 2304 16.
1107 2268 1205 2311 Aug.

1248 2353 1332 2393 Die
1352 2352 1409 2392 18.
1429 2320 1626 2400 August}
1645 2319 1671 2341 ,-

1110 2427 1152 2468 S.
1180 2422 1453 2476 Hyacinthi
1488 2415 1768 2458 Confessoris.

1260 2484 1423 2528 Duplex.
1444 2484 1503 2526 (m.
1527 2486 1550 2517 t.
1574 2480 1623 2522 v.)

1085 2548 1221 2582 Omnia
1245 2550 1285 2580 ut
1307 2545 1346 2579 in
1369 2541 1567 2578 Breviario
1593 2540 1654 2574 die
1680 2539 1728 2573 16.
1752 2539 1848 2581 Aug.

1084 2604 1131 2638 Et
1154 2603 1195 2637 fit
1219 2610 1412 2636 commem.
1438 2602 1474 2632 et
1495 2598 1543 2631 ix.
1566 2597 1666 2630 Lcct.
1690 2594 1725 2630 S.
1749 2595 1849 2638 Aga-

1034 2651 1105 2695 piti
1128 2650 1235 2684 Mart.
1261 2653 1302 2683 ut
1325 2646 1467 2681 ibidem
1491 2644 1564 2678 hac
1589 2643 1659 2677 die.
