2040 2976
590 205 660 239 Die
685 206 737 239 21.
759 206 877 239 Junii.
924 206 959 240 S.
984 206 1129 240 Aloisii
1154 206 1352 248 Gonzagae
1377 205 1486 240 Conf.

178 298 265 340 bat.
298 299 575 350 Quamquam
595 301 858 352 perpetuum
877 301 1011 342 fuisse

178 369 258 408 per
284 355 330 396 id
355 360 531 407 tempus
556 355 695 407 ipsius
721 357 927 408 jejunium
952 357 1010 397 vi-

179 411 272 453 deri
291 416 459 463 potest,
486 424 585 452 cum
611 413 701 463 ejus
725 411 911 464 prandia
930 413 1009 454 fer-

177 480 246 508 me
280 468 354 508 vix
386 468 559 508 unciam
591 470 831 520 aequarent.
881 469 1011 521 Saepe

178 524 308 565 etiam
335 528 402 565 ter
428 524 471 564 in
491 523 562 565 die
582 537 628 565 se
652 524 828 566 funibus
847 530 921 567 aut
943 538 1010 566 ca-

177 580 290 622 tenis
314 580 590 622 cruentabat:
617 581 789 631 flagella
817 582 1010 633 quando-

178 650 263 688 que
289 649 447 678 canum
472 637 595 686 loris,
629 637 769 678 cilicia
796 639 1010 689 equarum

177 692 422 735 calcaribus
455 693 689 746 supplevit.
741 693 921 735 Mollem
953 693 1009 734 le-

177 749 342 791 ctulum
364 749 477 790 clam
495 749 663 801 injectis
682 751 879 790 asserum
899 749 1009 800 frag-

177 805 335 846 mentis
363 804 617 857 asperabat,
644 818 698 846 eo
726 805 856 846 etiam
881 810 928 847 ut
954 807 1010 846 ci-

177 861 264 902 tius
289 861 346 902 ad
371 861 588 902 orandum
609 861 886 902 excitaretur.
922 860 1010 902 Ma—

176 930 306 967 gnam
331 917 496 970 quippe
519 917 663 958 noctis
683 922 871 969 partem,
897 930 1010 958 sum—

176 987 248 1014 ma
267 973 399 1014 etiam
418 973 577 1022 hieme,
603 973 700 1014 solo
725 978 869 1015 tectus
888 972 1010 1015 indu-

177 1030 259 1079 sio,
283 1030 442 1082 positis
462 1029 583 1071 humi
602 1029 800 1080 genibus,
827 1030 898 1071 vel
917 1043 1011 1083 prae

176 1086 390 1136 languere
410 1087 555 1137 iacens
576 1098 627 1126 ac
651 1098 836 1138 pronus,
861 1086 905 1127 in
925 1099 1010 1127 coe-

176 1142 351 1183 lestium
397 1142 769 1194 contemplatic'me
811 1141 1011 1183 traduce-

177 1198 263 1239 bat.
324 1197 523 1239 Interdiu
556 1210 732 1250 quoque
764 1203 872 1247 tres,
907 1200 1010 1249 qua-

176 1259 294 1303 tuor,
325 1254 519 1306 quinque
542 1254 675 1295 horas
695 1255 743 1294 in
767 1267 819 1295 ea
842 1257 1011 1306 persta-

175 1310 252 1352 bat
275 1310 501 1359 immotus,
530 1309 671 1352 donec
697 1324 828 1351 unam
854 1311 1011 1352 saltem

177 1367 323 1407 animo
350 1379 567 1418 nusquam
594 1365 808 1408 distracto
835 1380 1010 1419 percur-

176 1425 316 1464 risset.
346 1423 476 1474 Cujus
497 1423 759 1465 constantiae
779 1423 1011 1476 praemium

177 1479 258 1521 fuit
295 1479 513 1521 stabilitas
548 1480 708 1521 mentis
740 1480 852 1521 inter
886 1482 1011 1522 oran-

178 1535 283 1577 dum
302 1535 388 1577 alio
408 1548 496 1576 non
515 1536 725 1587 vagantis,
746 1536 835 1578 imo
855 1538 1010 1589 perpe-

176 1598 252 1633 tua
271 1591 390 1633 velut
411 1592 550 1633 extasi
571 1592 615 1632 in
634 1592 732 1633 Deo
752 1592 923 1634 defixae.
957 1593 1011 1633 Ei

178 1647 355 1689 demum
380 1653 428 1689 ut
451 1648 578 1689 unice
602 1647 866 1698 adhaereret,
893 1648 1010 1690 victo

178 1709 281 1756 post
317 1704 531 1745 triennale
574 1705 836 1746 acerrimum
872 1707 1011 1746 certa-

178 1773 278 1801 men
320 1765 469 1812 patre,
507 1765 551 1802 et
591 1761 696 1802 aviti
735 1762 1011 1814 principatus

179 1817 270 1868 jure
299 1816 342 1856 in
374 1816 554 1858 fratrem
593 1817 826 1867 translatO,
864 1818 1009 1860 Socie-

179 1873 259 1913 tati
289 1873 411 1922 Jesu,
446 1872 502 1913 ad
537 1886 668 1925 quam
697 1873 869 1915 coelesti
900 1887 1010 1916 voce

179 1928 344 1969 Matriti
382 1928 523 1970 fuerat
555 1931 741 1979 accitus,
774 1930 932 1972 Romae
963 1943 1011 1972 se

179 1983 386 2036 adjunxit.

235 2050 285 2101 Ru
310 2049 486 2091 Amavit
505 2062 606 2091 eum
624 2050 857 2100 Deminus,
879 2056 923 2092 et
943 2064 1009 2092 or-

179 2105 299 2146 navit
333 2117 446 2146 eum:
487 2106 647 2147 stolam
680 2106 836 2157 gloriae
870 2107 1012 2149 induit

180 2173 294 2209 eum,
314 2163 335 2186 *
367 2162 423 2203 Et
452 2161 509 2203 ad
569 2168 690 2204 ortas
717 2163 912 2215 paradisi
941 2176 1010 2205 co-

179 2217 353 2258 ronavit
381 2230 491 2258 eum.
572 2253 579 2259 .
621 2218 770 2261 Induit
795 2232 895 2261 eum
921 2219 1010 2260 Do-

180 2272 322 2314 minus
368 2273 550 2314 loricam
590 2275 712 2324 fidei,
754 2280 798 2317 et
839 2276 1012 2317 ornavit

180 2341 293 2370 eum.
336 2329 393 2370 Et
416 2329 472 2371 ad
496 2335 658 2381 portas.

485 2417 636 2458 Lectio
656 2418 709 2457 vi.

181 2486 254 2591 In
280 2489 496 2541 tyrocinio
520 2489 619 2541 ipso
642 2490 851 2531 virtatum
876 2491 1011 2531 omni-

240 2558 314 2586 um
341 2547 549 2595 magister
572 2545 723 2586 haberi
744 2546 891 2598 coepit.
927 2547 1010 2587 Ex-

181 2601 403 2642 actissima
429 2601 473 2641 in
501 2614 555 2642 eo
585 2606 679 2642 erat
706 2601 853 2652 legum
881 2602 1011 2643 etiam

180 2656 457 2698 minimarum
485 2657 703 2706 custodia,
731 2657 883 2698 mundi
911 2670 1011 2699 con-

179 2714 375 2765 temptus
429 2713 680 2763 singularis,
734 2713 1012 2766 implacabile

1065 300 1214 342 edium
1240 301 1323 342 sui:
1347 300 1432 342 Dei
1451 312 1559 341 vero
1579 312 1704 341 amor
1720 304 1811 341 tam
1829 312 1893 341 ar-

1064 356 1188 406 dens,
1216 361 1265 398 ut
1289 369 1452 408 corpus
1478 356 1609 397 etiam
1634 356 1796 398 sensim
1822 355 1894 397 ab·

1064 416 1267 454 sumeret.
1322 413 1477 453 Jussus
1508 413 1747 464 propterea
1778 424 1894 453 men-

1063 474 1153 510 tem
1173 482 1198 510 a
1218 469 1377 511 divinis
1396 467 1530 510 rebus
1544 470 1760 521 tantisper
1775 469 1894 509 aver-

1064 530 1172 575 tere,
1200 526 1506 566 occurrentem
1524 523 1609 566 sibi
1627 523 1791 576 ubique
1809 524 1895 575 De-

1064 595 1137 622 um
1169 581 1291 623 irrito
1325 583 1486 623 conatu
1518 580 1723 632 fugiebat.
1785 580 1897 621 Mira

1065 638 1195 679 etiam
1214 637 1442 690 proximos
1457 637 1641 678 caritate
1656 636 1897 688 amplexus,

1064 695 1107 734 in
1127 694 1333 746 publicis,
1363 693 1523 745 quibus
1547 692 1750 734 alacriter
1774 692 1895 733 mini-

1065 750 1249 800 strabat,
1279 750 1566 798 nosocomiis,
1594 748 1897 800 contagiosam

1064 807 1180 848 luem
1213 807 1358 848 traxit.
1418 807 1515 856 Qua
1545 805 1662 847 lente
1697 807 1896 846 consum-

1063 868 1184 915 ptus,
1211 863 1282 904 dle
1304 875 1435 915 quem
1453 861 1739 915 praedixerat,
1763 860 1896 902 unde-

1064 919 1178 961 cimo
1204 919 1430 961 Kalendas
1457 919 1481 960 J
1484 918 1577 968 ulii,
1610 917 1756 959 aetatis
1781 929 1896 958 anno

1065 980 1223 1027 quarto
1251 981 1295 1018 et
1323 976 1535 1027 vigesimo
1568 975 1654 1026 jam
1678 973 1897 1023 inchoato,

1064 1044 1165 1072 cum
1201 1034 1331 1074 antea
1367 1031 1552 1083 flagellis
1590 1029 1720 1079 caedi,
1763 1034 1898 1082 atque

1064 1087 1183 1129 humi
1202 1093 1365 1130 stratus
1384 1088 1497 1130 mori
1515 1087 1803 1140 postulasset,
1821 1086 1897 1126 mi-

1063 1144 1207 1195 gravit
1235 1145 1279 1185 in
1307 1145 1480 1186 coelum.
1520 1143 1589 1186 Ibi
1617 1156 1717 1186 eum
1745 1147 1898 1184 sancta

1064 1200 1202 1242 Maria
1226 1200 1488 1252 Magdalena
1517 1200 1573 1242 de
1596 1199 1750 1240 Pazzis
1775 1203 1898 1240 tanta

1064 1256 1147 1297 frui
1166 1256 1320 1307 gloria,
1344 1258 1443 1298 Deo
1462 1257 1752 1304 monstrante,
1777 1253 1898 1304 vidit,

1066 1318 1274 1364 quantam
1300 1313 1374 1354 vix
1407 1325 1504 1354 esse
1537 1312 1581 1352 in
1613 1311 1730 1353 coelo
1759 1310 1896 1352 credi-

1065 1367 1219 1419 disset3
1251 1369 1485 1421 ipsamque
1517 1366 1805 1410 sanctimonia
1835 1366 1897 1407 in-

1065 1426 1249 1475 signem,
1283 1430 1327 1468 et
1361 1426 1543 1467 caritate
1570 1422 1896 1476 Martyremin-

1065 1482 1289 1532 cognitum
1316 1482 1450 1523 fuisse
1478 1479 1749 1534 praedicavit.
1789 1478 1897 1520 Mul-

1064 1537 1119 1578 tis
1153 1538 1285 1579 etiam
1307 1540 1565 1590 magnisque
1590 1536 1747 1578 claruit
1770 1535 1896 1576 mira-

1065 1593 1184 1635 culis.
1220 1594 1389 1644 Quibus
1414 1594 1496 1636 rite
1515 1592 1731 1646 probatis,
1757 1591 1895 1633 Bene-

1065 1648 1207 1691 dictus
1263 1650 1459 1692 decimus
1513 1649 1669 1691 tertius
1725 1649 1896 1689 sancte·

1064 1718 1160 1747 rum
1183 1707 1306 1748 fastis
1330 1706 1576 1757 angelicum
1599 1706 1800 1757 javenem
1822 1702 1896 1746 ad-

1064 1763 1257 1815 scripsit,
1292 1769 1424 1815 atque
1456 1761 1719 1804 innocentiae
1752 1765 1796 1802 et
1827 1772 1895 1801 ca·
1924 1788 1931 1796 -

1065 1819 1224 1861 stitatis
1258 1819 1483 1872 exemplar
1515 1817 1645 1859 simul
1678 1821 1724 1859 et
1749 1817 1896 1869 patro-

1065 1874 1398 1973 3ugitstudi6sae
1417 1874 1665 1928 praesertim
1683 1871 1898 1925 juventuti

1097 1943 1120 1972 e
1155 1945 1169 1972 1
1190 1963 1198 1972 .

1121 1999 1172 2050 R.
1194 1996 1285 2038 Iste
1304 1996 1450 2039 homo.
1469 1996 1550 2050 [72]

1295 2099 1345 2137 In
1362 2098 1434 2137 111.
1453 2097 1678 2136 Nocturno.

1068 2174 1220 2217 Lectio
1244 2175 1384 2216 sancti
1406 2174 1633 2225 Evangelii
1656 2174 1897 2217 secundum

1348 2231 1620 2273 Matthaeum.

1143 2304 1296 2346 Lectio
1318 2304 1385 2344 vii.
1599 2304 1702 2356 Cap.
1716 2303 1781 2344 22.
1796 2315 1830 2344 c.

1065 2373 1141 2479 In
1164 2378 1240 2420 illo
1266 2380 1483 2432 tempore:
1511 2379 1806 2431 Respendens
1828 2379 1896 2421 Je-

1137 2447 1212 2476 sus
1243 2435 1303 2476 ait
1330 2434 1602 2476 Sadducaeis:
1629 2435 1798 2477 Erratis
1825 2447 1896 2477 ne-

1067 2490 1255 2532 scientes
1288 2491 1553 2543 Scripturas,
1586 2503 1730 2543 neque
1764 2491 1895 2533 virtu-

1066 2552 1156 2587 tem
1170 2546 1268 2588 Dei:
1287 2547 1330 2587 in
1350 2546 1671 2588 resurrectione
1690 2547 1806 2588 enim
1824 2560 1895 2589 ne-

1068 2615 1151 2654 que
1177 2602 1357 2652 nubent,
1385 2615 1529 2654 neque
1552 2602 1785 2644 nubentur:
1817 2602 1898 2645 sed

1067 2663 1192 2700 erunt
1212 2659 1326 2700 sicut
1344 2658 1502 2710 Angeli
1519 2658 1604 2700 Dei
1622 2658 1666 2700 in
1686 2658 1812 2700 coelo.
1841 2659 1897 2701 Et

1065 2714 1244 2766 reliqua.
