2040 2976
458 235 632 269 Officium
657 234 831 268 votivum
856 232 902 266 de
927 232 982 266 Ss.
1006 230 1261 265 Eucharistiae
1284 230 1540 264 Sacramento.

198 330 251 382 R.
278 329 341 371 br.
377 326 612 370 Constituit
643 339 743 369 eum
777 327 799 352 *
824 325 973 367 Demi-

146 399 251 427 num
265 385 421 428 domus
436 397 538 426 suae.
567 383 814 425 Constituit.
842 378 892 430 V.
917 383 974 424 Et

147 442 389 496 principem
405 441 545 483 omnis
561 440 857 494 possessienis
871 452 973 480 suae.

147 498 392 540 Deminum.
414 497 566 540 Gleria
576 496 707 538 Patri.
728 496 975 538 Constituit.

199 551 249 603 V.
295 553 549 597 Confitebor
583 553 747 596 nemini
782 557 872 595 tuo.
921 552 971 604 R.

150 611 364 661 Queniam
391 610 566 663 adjutor
591 615 636 652 et
662 610 890 663 protector
916 608 974 649 fa-

151 672 246 709 ctus
266 679 314 709 es
331 666 447 723 mihi.

422 740 489 776 Ad
512 739 699 776 Sextam.

199 795 300 836 Ant.
333 791 544 834 Ascendit
562 795 719 833 autem.

226 858 483 912 Capitulum.
648 858 755 899 Gen.
774 858 841 898 49.
862 871 894 899 c.

149 922 315 1029 Deus
333 926 471 980 patris
490 927 552 968 tui
574 927 655 969 erit
675 926 847 979 adjsitor
864 931 976 976 tuus,

110 1006 113 1009 ·
259 988 303 1025 et
327 983 615 1036 Omnipotens
642 982 874 1025 benedicet
898 982 977 1024 tibi

149 1039 527 1082 benedictionibus
548 1039 648 1081 coeli
668 1038 868 1092 desuper.

201 1101 251 1153 Rz.
274 1100 338 1142 br.
368 1099 622 1142 Confitebor
644 1099 667 1124 *
688 1099 866 1141 Nemini
888 1104 977 1141 tuo.

152 1155 416 1199 Confitebor.
461 1150 512 1203 V.
554 1156 770 1206 Queniam
806 1155 978 1207 adjutor

151 1217 196 1255 et
225 1214 454 1266 protector
484 1212 626 1254 factus
655 1225 702 1254 es
729 1211 846 1253 mihi.
889 1210 977 1253 Νό-

149 1269 264 1310 mini.
290 1268 445 1311 Gleria
461 1268 592 1311 Patri.
621 1268 887 1311 Confitebor.

200 1331 251 1379 V.
296 1330 322 1371 J
323 1334 445 1372 ustus
485 1329 746 1381 germinebit
784 1329 896 1371 sicut
931 1330 977 1370 li-

150 1386 266 1427 lium.
303 1388 354 1440 R.
396 1386 453 1428 Et
485 1385 660 1428 florebit
691 1386 735 1427 in
768 1387 978 1428 aeternum

152 1446 251 1485 ante
269 1442 517 1484 Deminum.

431 1511 498 1548 Ad
521 1512 704 1548 Nonam.

204 1570 304 1610 Ant.
331 1569 392 1610 Et
410 1567 506 1621 ipse
524 1568 549 1609 J
551 1580 661 1610 esus.

230 1635 488 1690 Capitulum.
651 1635 757 1675 Gen.
778 1635 843 1674 49.
864 1646 898 1674 c.

233 1705 331 1747 ilius
359 1707 614 1748 accrescens
644 1705 670 1746 J
672 1704 830 1757 oseph,
864 1704 979 1745 filius

241 1763 506 1812 accrescens
522 1766 566 1804 et
580 1760 768 1804 decorus
783 1762 979 1814 aspectu:
1011 1788 1015 1792 -

152 1819 255 1861 fssiae
274 1817 569 1861 discurrerunt
589 1830 722 1870 super
739 1830 921 1859 murum.

204 1882 255 1934 R.
275 1881 336 1923 br.
365 1879 515 1920 Justus
536 1877 796 1930 germinabit
816 1881 837 1905 *
859 1878 980 1920 Sicut

151 1937 300 1979 lilium.
345 1936 508 1982 Justus.
555 1932 605 1983 V.
642 1935 699 1977 Et
730 1933 905 1976 florebit
935 1935 980 1975 in

154 1995 366 2035 aeternum
409 1995 509 2033 ante
550 1990 796 2032 Dominum.
849 1990 979 2032 Sicut.

154 2049 307 2091 Gloria
323 2047 456 2090 Patri.
491 2047 517 2088 J
517 2051 652 2089 ustus.

204 2105 254 2157 V.
289 2109 517 2151 Plantatus
547 2108 591 2149 in
627 2108 760 2150 domo
792 2107 979 2149 Domini.

153 2168 204 2220 Rz.
230 2167 282 2208 In
300 2165 420 2208 atriis
440 2164 597 2207 domus
615 2164 700 2206 Dei
717 2164 867 2206 nostri.

356 2252 418 2293 In
443 2251 505 2293 11.
529 2250 782 2302 vesperis.

207 2318 344 2353 Omnia
373 2322 415 2352 ut
443 2317 482 2352 in
509 2317 537 2352 Ι.
561 2317 677 2361 Vesp.
702 2317 813 2361 [209],
838 2321 978 2361 praeter

155 2366 365 2410 sequentia.

208 2413 258 2465 V.
282 2416 372 2459 Sub
397 2416 552 2458 umbra
575 2416 690 2457 illius
716 2428 846 2468 quem
870 2415 980 2457 desi-

157 2473 412 2515 deraveram
431 2471 536 2514 sedi.
562 2476 613 2526 R.
638 2472 696 2514 Et
709 2472 874 2514 fructus
889 2473 981 2524 ejus

157 2529 296 2572 dulcis
315 2529 479 2581 gutturi
495 2541 607 2571 meo.
625 2557 627 2560 f

209 2585 280 2627 Ad
294 2585 466 2637 Magnis.
482 2585 581 2627 Ant.
603 2584 696 2635 Fili,
717 2584 822 2637 quid
840 2585 981 2627 fecisti

156 2643 180 2669 *
197 2641 325 2683 nobis
342 2641 426 2683 sic?
453 2641 570 2682 Ecce
583 2645 710 2694 pater
723 2646 824 2683 tuus
839 2646 883 2683 et
897 2653 980 2692 ego

157 2697 355 2740 dolentes
376 2696 681 2750 quaerebemus
698 2702 754 2739 te.

415 2767 727 2794 —0-&0—

1761 227 1852 272 [217]

1215 325 1335 366 Pro
1372 323 1569 365 Feria
1604 323 1658 365 V.

1253 389 1431 424 Officium
1453 389 1628 423 votivum

1024 446 1085 487 de
1097 446 1165 487 Ss.
1172 445 1505 487 Eucharistiae
1514 445 1851 486 sacramento.

1310 506 1569 549 Semiduplex.

1079 567 1216 602 Omnia
1238 567 1416 602 dicuntur
1435 571 1477 601 ut
1498 566 1536 600 in
1558 566 1620 599 die
1642 565 1756 603 Festi,
1781 567 1853 611 144,

1030 616 1174 652 omisso
1195 616 1375 660 Alleluia.

1241 689 1302 729 In
1328 689 1365 729 Ι.
1393 687 1644 737 vesperis.

1082 756 1154 798 Ad
1177 756 1350 806 Magnis.
1375 756 1473 797 Ant.
1503 757 1539 797 O
1558 767 1689 806 quam
1709 754 1854 795 suevis

1027 818 1094 855 est
1112 814 1136 840 *
1155 812 1345 854 Domine
1370 811 1549 864 spiritus
1572 816 1683 862 tuus,
1710 810 1784 862 qui
1806 815 1855 852 ut

1027 868 1304 911 dulcedinem
1327 873 1448 910 tuam
1472 868 1515 908 in
1540 867 1653 908 filios
1679 867 1854 908 demon-

1027 928 1201 975 strares,
1225 938 1338 978 pane
1368 924 1627 966 suavissimo
1657 923 1712 964 de
1740 923 1854 964 coelo

1026 982 1243 1035 praestito,
1279 981 1519 1023 esurientes
1547 979 1692 1032 reples
1718 979 1855 1030 bonis,

1027 1038 1280 1081 fastidiesos
1292 1037 1449 1079 divites
1462 1036 1685 1078 dimittens
1694 1036 1856 1077 inanes.

1082 1096 1131 1147 V.
1142 1098 1307 1139 Panem
1323 1096 1378 1139 de
1394 1096 1507 1138 coelo
1522 1096 1768 1149 praestitisti
1783 1096 1856 1137 eis.

1030 1158 1080 1209 Η.
1098 1155 1239 1196 Omne
1263 1153 1630 1196 delectamentum
1653 1153 1697 1193 in
1717 1165 1765 1194 se
1783 1151 1855 1193 ha-

1027 1211 1216 1253 bentem.
1847 1215 1850 1223 ¹

1367 1277 1529 1318 Oratio.

1117 1354 1205 1392 eus,
1229 1341 1304 1393 qui
1322 1339 1450 1382 nobis
1470 1339 1551 1381 sub
1573 1339 1855 1381 Sacramento

1102 1442 1107 1445 ,
1135 1397 1322 1440 mirabili
1344 1396 1560 1450 passienis
1584 1401 1673 1438 tuae
1694 1397 1855 1436 memo-

1028 1456 1138 1497 riam
1161 1454 1391 1506 reliquisti:
1414 1452 1569 1503 tribue,
1594 1454 1856 1504 quaesumus,

1028 1512 1088 1554 ita
1115 1524 1196 1554 nos
1231 1510 1429 1564 corporis
1462 1514 1505 1552 et
1538 1509 1759 1560 sanguinis
1792 1508 1857 1550 tui

1029 1581 1155 1610 sacra
1187 1567 1395 1620 mysteria
1428 1565 1644 1616 venerari3
1680 1570 1728 1607 ut
1760 1564 1856 1606 red-

1030 1625 1264 1677 emptienis
1299 1628 1388 1665 tuae
1425 1623 1614 1665 fructum
1650 1622 1693 1663 in
1728 1621 1856 1663 nobis

1029 1682 1184 1734 jugiter
1213 1681 1463 1722 sentiamus:
1509 1679 1593 1729 Qui
1620 1678 1742 1719 vivis.

1184 1744 1276 1802 ‘Ad
1308 1760 1693 1802 matutinum.

1083 1828 1286 1863 Lectiones
1310 1827 1337 1861 Ι.
1366 1828 1552 1861 Nocturni
1585 1828 1631 1861 de
1662 1826 1858 1870 Scriptura

1033 1881 1266 1913 occurrente.
1296 1885 1380 1909 cum
1410 1875 1491 1918 ΗΕ.
1517 1886 1563 1909 ex
1589 1875 1614 1908 I.
1640 1874 1749 1908 Noct.
1782 1874 1858 1908 diei

1032 1924 1147 1958 Festi.
1171 1918 1244 1959 149.

1083 1979 1287 2014 Lectiones
1311 1989 1403 2013 vero
1427 1978 1472 2012 Π.
1496 1983 1532 2012 et
1552 1978 1615 2012 ΠΙ.
1639 1978 1674 2011 N
1679 1982 1750 2012 oct.
1774 1988 1858 2011 cum

1034 2028 1114 2062 suis
1137 2027 1217 2070 ΚΒ.
1239 2030 1439 2060 sumuntur
1456 2036 1503 2059 ex
1522 2025 1601 2059 Oct.
1620 2025 1802 2068 ejusdem,
1818 2030 1860 2059 ut

1034 2075 1193 2109 inferius
1220 2074 1355 2109 ordine
1378 2074 1568 2108 Mensium
1591 2073 1858 2116 disponuntur.

1084 2132 1128 2165 In
1150 2131 1261 2165 initio
1286 2130 1511 2164 Sermonum
1535 2133 1572 2164 et
1592 2129 1858 2171 Homiliarum7

1040 2179 1107 2215 ubi
1132 2179 1285 2213 dicitur:
1311 2178 1368 2213 De
1390 2177 1572 2213 Sermene
1597 2177 1722 2213 sancti
1741 2177 1800 2221 N.‚
1824 2182 1860 2211 et

1032 2228 1088 2263 De
1110 2227 1281 2263 Homilia
1304 2226 1429 2261 sancti
1453 2228 1508 2270 N„
1534 2227 1697 2262 dicatur:
1724 2226 1857 2261 Sermo

1033 2276 1158 2312 sancti
1183 2275 1242 2319 N.,
1268 2279 1304 2309 et
1327 2275 1495 2310 Homilia
1518 2274 1643 2309 sancti
1664 2275 1709 2309 N.

1152 2349 1364 2390 Mensibus
1391 2349 1499 2400 Majo
1527 2348 1571 2389 et
1596 2347 1736 2389 Junio.

1086 2425 1187 2459 Lect.
1218 2424 1263 2459 Π.
1294 2430 1330 2459 et
1357 2425 1421 2460 ΙΠ.
1445 2425 1555 2460 Noct.
1587 2416 1787 2460 sumuntur
1813 2436 1859 2459 ex

1035 2473 1148 2507 Feria
1171 2473 1208 2507 ii.
1233 2477 1324 2517 post
1340 2474 1583 2509 Dominicam
1606 2474 1705 2508 infra
1728 2473 1858 2508 Octav.

1035 2521 1149 2555 Festi.
1176 2521 1247 2556 166.

1118 2595 1330 2636 Mensibus
1357 2594 1470 2635 Julio
1498 2593 1541 2633 et
1568 2591 1774 2642 Augusto.

1047 2697 1051 2702 ,
1088 2664 1189 2698 Lect.
1219 2664 1265 2698 II.
1297 2668 1333 2698 et
1362 2664 1426 2698 111.
1453 2663 1563 2697 Noct.
1589 2666 1789 2697 sumuntur
1812 2673 1859 2697 ex

1035 2712 1147 2746 Feria
1172 2712 1224 2746 iii.
1254 2717 1344 2756 post
1369 2712 1519 2746 Domin.
1551 2711 1650 2745 infra
1674 2710 1859 2745 Octavam

1035 2760 1149 2794 Festi.
1174 2761 1248 2796 169.
