2040 2976
443 224 514 257 Die
535 225 590 257 28.
612 224 789 266 Augusti.
815 224 849 258 S.
872 223 1080 266 Augustini
1101 223 1237 265 Epise.,
1257 223 1366 256 Conf.
1386 227 1421 255 et
1438 222 1548 256 Doct.

133 317 326 370 aequales
350 317 482 368 longe
510 320 743 370 superans,
770 316 895 358 brevi
920 317 964 357 ὀ-

131 373 305 416 mnibus
337 373 539 415 doctrina
570 372 834 414 antecelluit.
875 371 963 414 Ad-

131 430 347 480 olescens,
385 428 490 471 dum
526 434 645 471 esset
682 429 964 480 Carthagine,

130 486 174 527 in
197 486 543 528 Manichaeorum
569 485 776 527 haeresim
801 484 966 527 incidit.

130 543 294 585 Pestea
338 543 530 584 Romam
574 542 818 596 profectus,
863 540 965 583 inde

130 598 432 641 Mediolanum
449 599 610 641 missus
630 603 679 641 ut
698 598 965 640 rhetericam

132 655 327 706 doceret,
353 669 453 698 cum
470 655 532 697 ibi
550 655 757 708 frequens
777 654 964 697 Ambre-

131 712 184 753 sii
203 713 403 765 episcopi
418 716 536 754 esset
551 711 737 762 auditor,
757 712 848 764 ejus
862 713 964 764 ope-

130 781 180 810 ra
197 769 401 811 incensus
425 767 572 810 studio
600 769 831 811 catholicae
850 767 965 817 fidei,

132 838 271 867 annos
297 830 426 867 natus
455 826 633 876 triginta
659 831 751 868 tres
782 825 837 866 ab
865 824 964 877 ipso

132 881 395 934 baptizatur.
434 882 658 924 Reversus
686 882 731 923 in
759 882 965 931 Africam,

133 951 234 980 cum
258 938 471 989 religione
499 938 602 980 vitae
631 937 966 980 sanctimomam

133 995 413 1046 conjungens,
431 1008 458 1036 a
473 995 653 1037 Valerio
672 1000 792 1036 notae
809 995 965 1036 sancti-

132 1051 236 1093 tatis
256 1053 468 1104 episcopo
488 1051 768 1104 Hipponensi
785 1051 965 1104 presby-

131 1111 199 1149 ter
217 1107 359 1149 factus
380 1113 458 1150 est.
496 1108 594 1158 Quo
617 1110 819 1161 tempore
846 1108 965 1149 fami-

131 1163 236 1205 liam
250 1164 439 1206 instituit
454 1164 772 1216 religios6rum,
790 1164 965 1216 quibus-

133 1233 233 1262 cum
275 1221 396 1263 victu
446 1221 669 1263 communi
718 1220 967 1273 eodemque

131 1277 253 1318 cultu
266 1282 407 1327 utens,
423 1290 501 1319 eos
516 1277 574 1319 ad
587 1277 847 1330 apostolicae
862 1278 967 1319 vitae

133 1331 435 1386 doctrinaeque
472 1333 751 1386 disciplinam
788 1333 966 1384 diligen-

131 1389 299 1431 tissime
328 1389 569 1432 erudiebat.
606 1390 694 1431 Sed
723 1403 823 1432 cum
851 1390 965 1441 vige-

132 1451 201 1488 ret
227 1446 573 1488 Manichaeorum
604 1446 806 1497 haeresis,
838 1445 967 1488 vehe-

132 1502 321 1544 mentius
340 1502 385 1544 in
399 1503 519 1544 illam
532 1503 679 1545 invehi
694 1504 842 1556 coepit,
861 1503 966 1544 For-

132 1561 420 1612 tunatumque
448 1560 790 1602 haeresiarcham
819 1559 967 1601 confu-

131 1616 253 1657 tavit.

184 1673 234 1724 R.
261 1672 414 1714 Inveni
439 1671 586 1714 David
610 1685 787 1714 servum
810 1685 966 1723 meum,

134 1728 234 1771 oleo
261 1734 415 1771 sancto
439 1742 540 1771 meo
564 1729 670 1770 unxi
695 1742 810 1771 eum:
834 1730 856 1753 *
876 1730 965 1770 Ma-

133 1798 215 1826 nus
231 1786 347 1827 enim
360 1799 459 1828 mea
473 1785 754 1827 auxiliabitur
770 1787 821 1827 ei.
836 1779 887 1831 V.
901 1786 970 1827 Ni·

133 1841 195 1882 hil
209 1841 414 1894 proficiet
427 1843 629 1884 inimicus
643 1842 688 1883 in
704 1855 769 1892 eo,
785 1847 829 1884 et
849 1842 967 1883 filius

133 1897 377 1950 iniquitatis
395 1912 484 1941 non
506 1898 685 1940 nocebit
705 1899 754 1940 ei.
799 1899 967 1943 ManuS.

445 1954 599 1996 Lectio
619 1969 657 1996 v.

235 2023 286 2052 ac
313 2011 548 2062 Augustini
579 2012 746 2064 pietate
775 2014 967 2054 comme-

251 2071 323 2108 tus
346 2067 569 2117 Valerius,
597 2080 698 2109 eum
722 2068 969 2120 adjutorem

136 2122 335 2164 adhibuit
363 2123 632 2176 episcopalis
662 2124 807 2165 officii.
848 2124 969 2165 Nihil

135 2179 211 2220 illo
244 2179 326 2220 fuit
356 2179 576 2231 humssius,
607 2180 715 2221 nihil
748 2180 967 2222 continen—

135 2235 233 2277 tius.
253 2235 415 2277 Lectus
434 2249 487 2277 ac
501 2238 688 2278 vestitus
701 2236 968 2286 moderatus,

137 2291 330 2342 vulgaris
339 2304 502 2339 mensa,
514 2305 646 2344 quam
658 2305 832 2346 semper
843 2306 969 2335 sacra

137 2347 207 2389 vel
231 2347 422 2389 lectiene
445 2348 517 2389 vel
542 2348 842 2401 disputatiene
868 2362 968 2390 con-

138 2403 297 2445 diebat.
337 2404 481 2445 Tanta
513 2404 783 2455 benignitate
813 2405 894 2446 fuit
925 2405 969 2445 in

138 2463 373 2512 paupereS‚
403 2464 468 2510 ut,
500 2472 600 2501 cum
624 2473 714 2502 non
739 2465 857 2502 esset
885 2461 970 2501 alia

138 2516 340 2565 facultaS,
377 2528 503 2557 sacra
530 2529 636 2557 vasa
663 2516 886 2568 frangeret
913 2517 970 2558 ad

139 2574 291 2614 eerum
310 2573 507 2625 inepiam
527 2573 871 2614 sustentandam.
891 2574 969 2614 Fe-

78 2658 80 2660 -
137 2628 372 2678 minarum,
399 2633 442 2669 et
461 2629 506 2668 in
525 2629 588 2669 eis
607 2628 789 2678 sororis,
820 2633 863 2670 et
887 2629 969 2670 fra-

139 2685 219 2726 tris
245 2685 364 2735 fssiae,
393 2684 727 2726 contubernium
752 2685 968 2726 familiari-

139 2743 365 2793 tatemque
384 2741 554 2783 vitavit:
577 2741 742 2793 quippe
762 2741 837 2792 qui
856 2741 969 2783 dice-

1786 213 1853 249 547

1016 319 1094 364 ret,
1111 314 1194 355 etsi
1209 316 1474 367 propinquae
1488 315 1694 357 mulieres
1710 317 1853 368 suspe-

1017 376 1101 412 ctae
1119 383 1208 412 non
1228 376 1392 421 essent,
1411 375 1560 413 tamen
1580 384 1680 424 quae
1699 373 1757 414 ad
1777 385 1852 414 eas

1017 428 1301 477 ventitarent,
1320 440 1456 480 posse
1476 429 1775 480 suspicionem
1795 429 1851 470 ef-

1016 484 1162 526 ficere.
1197 483 1380 525 Nullum
1406 484 1539 526 finem
1565 485 1669 527 fecit
1694 484 1852 538 praedi-

1018 540 1150 582 candi
1167 540 1252 582 Dei
1271 540 1473 591 verbum,
1492 541 1578 582 nisi
1596 542 1720 592 gravi
1739 554 1852 583 mor-

1017 597 1076 639 bo
1110 598 1364 650 oppressus.
1413 597 1665 639 Haereticos
1697 600 1852 651 perpe-

1017 659 1094 695 tuo
1114 654 1357 695 insectatus
1377 658 1421 695 et
1439 666 1590 695 coram
1605 659 1649 696 et
1664 655 1853 707 scriptis,

1018 723 1070 752 ac
1101 710 1222 751 nullo
1260 710 1363 751 loco
1396 723 1556 762 passus
1590 713 1853 760 consistere,

1017 768 1215 809 Africam
1240 779 1266 808 a
1284 766 1646 818 Manichaeorum,
1671 768 1852 810 Donati-

1018 826 1197 874 starum,
1211 823 1558 875 Pelagianorum,
1578 823 1854 876 aliorumque

1019 882 1238 934 praeterea
1261 880 1573 922 haereticorum
1597 883 1746 923 errore
1766 894 1854 921 ma-

1018 950 1103 989 gna
1122 950 1177 979 ex
1195 942 1322 989 parte
1341 936 1556 979 liberavit.

1072 995 1121 1046 Ru
1153 994 1289 1035 Posui
1321 993 1587 1045 adjuterium
1617 1006 1750 1046 super
1778 1007 1853 1046 po-

1018 1052 1204 1099 tentem,
1251 1055 1294 1092 et
1336 1050 1527 1092 exaltavi
1568 1050 1758 1093 electum
1799 1050 1855 1092 de

1018 1107 1149 1160 plebe
1191 1120 1304 1148 mea:
1341 1108 1363 1131 *
1401 1108 1559 1149 Manus
1601 1108 1717 1149 enim
1757 1120 1857 1149 mea

1019 1164 1300 1206 auxiliabitur
1335 1164 1386 1206 ei.
1442 1158 1491 1209 Y.
1526 1165 1682 1206 Inveni
1709 1164 1856 1206 David
1904 1206 1905 1209 ,

1019 1233 1196 1262 servum
1227 1234 1390 1270 meum,
1432 1221 1532 1263 oleo
1567 1226 1721 1263 sancto
1754 1234 1855 1262 meo

1019 1277 1125 1318 unxi
1149 1290 1260 1319 eum.
1297 1277 1465 1318 Manus.

1323 1336 1476 1376 Lectio
1498 1336 1549 1375 vi.

1019 1389 1178 1494 Tam
1198 1390 1336 1431 multa
1354 1390 1437 1442 pie,
1466 1390 1686 1432 subtiliter
1716 1396 1760 1433 et
1785 1404 1855 1432 co-

1124 1447 1250 1499 piose
1277 1446 1466 1500 scripsit,
1494 1451 1543 1488 ut
1570 1447 1857 1488 christianam

1021 1503 1268 1544 doctrinam
1274 1504 1464 1545 maxime
1472 1503 1708 1545 illustrarit.
1717 1504 1857 1554 Quem
1904 1551 1906 1555 Α

1019 1559 1063 1600 in
1091 1560 1245 1613 primis
1274 1561 1416 1602 secuti
1445 1565 1563 1611 sunt,
1598 1561 1672 1612 qui
1699 1563 1858 1613 postea

1020 1616 1318 1668 theologicam
1342 1617 1621 1669 disciplinam
1640 1617 1712 1658 via
1731 1622 1775 1659 et
1793 1630 1857 1658 ra-

1019 1674 1139 1715 tione
1164 1672 1453 1715 tradiderunt.
1488 1673 1722 1715 Wandalis
1745 1674 1856 1715 Afri-

1020 1743 1118 1771 cam
1144 1730 1263 1772 bello
1291 1730 1584 1780 vastantibus,
1616 1735 1660 1772 et
1687 1731 1856 1784 Hippe-

1019 1799 1120 1828 nem
1138 1787 1317 1828 tertium
1335 1787 1421 1838 jam
1439 1799 1638 1828 mensem
1653 1786 1856 1829 obsiden-

1019 1842 1150 1893 tibus,
1164 1843 1208 1883 in
1223 1842 1380 1884 febrim
1395 1843 1559 1885 incidit.
1583 1844 1741 1895 Itaque
1757 1856 1858 1885 cum

1020 1897 1266 1941 discessum
1291 1912 1314 1941 e
1334 1900 1424 1941 vita
1449 1899 1532 1941 sibi
1550 1900 1715 1941 instare
1733 1900 1857 1942 intel-

1018 1955 1186 2007 ligeret,
1205 1956 1408 1997 Psalmos
1427 1955 1575 1997 David
1596 1956 1670 2008 qui
1688 1956 1745 1997 ad
1763 1969 1856 2009 poe-

1019 2012 1248 2054 nitentiam
1275 2013 1513 2065 pertinent,
1540 2012 1585 2053 in
1613 2014 1858 2066 conspectu

1019 2069 1191 2121 positos
1223 2069 1416 2122 profusis
1444 2069 1638 2110 lacrimis
1670 2069 1858 2121 legebat.

1020 2125 1202 2166 Solebat
1247 2130 1393 2166 autem
1439 2125 1586 2167 dicere
1628 2126 1856 2176 neminem,

1022 2181 1105 2222 etsi
1135 2181 1295 2222 nullius
1329 2181 1508 2223 sceleris
1537 2181 1621 2223 sibi
1653 2183 1857 2224 censcius

1022 2242 1150 2287 esset,
1180 2240 1456 2279 committere
1483 2237 1658 2288 debere,
1685 2243 1735 2280 ut
1763 2239 1857 2280 sine

1021 2293 1282 2345 poenitentia
1307 2294 1518 2345 migraret
1546 2307 1570 2336 e
1595 2294 1696 2336 vita.
1738 2296 1856 2347 Ergo

1022 2349 1223 2391 sensibus
1246 2351 1439 2401 integris,
1461 2350 1507 2391 in
1531 2347 1731 2393 oratione
1752 2351 1856 2392 defi-

1022 2419 1116 2455 xus,
1141 2406 1387 2448 astantibus
1413 2407 1634 2456 fratribus,
1661 2420 1774 2459 quos
1800 2407 1857 2448 ad

1022 2462 1267 2513 caritatem,
1311 2463 1542 2515 pietatem,
1583 2464 1857 2515 virtutesque

1023 2530 1176 2559 omnes
1209 2523 1303 2560 erat
1339 2519 1616 2570 adhortatus,
1653 2519 1858 2571 migravit

1021 2574 1065 2614 in
1081 2574 1254 2615 coelum.
1280 2575 1406 2617 Vixit
1422 2588 1562 2617 annos
1578 2578 1857 2628 septuaginta

1023 2643 1111 2680 sex,
1136 2631 1180 2671 in
1201 2632 1462 2684 episcopatu
1487 2632 1544 2673 ad
1567 2632 1747 2682 triginta
1766 2644 1856 2672 sex.

1024 2686 1155 2738 Cujus
1184 2700 1347 2739 corpus
1374 2688 1566 2740 primum
1593 2688 1638 2728 in
1666 2687 1855 2728 Sardini-

1022 2755 1093 2783 am
1112 2742 1319 2793 delatum,
1343 2742 1503 2785 deinde
1525 2757 1551 2785 a
1569 2741 1855 2795 Luitprando,
