2040 2976
181 191 247 227 18*

563 194 631 227 Die
660 195 708 227 19.
733 194 837 228 Julii.
886 194 920 228 S.
947 194 1166 238 Symmachi
1194 194 1312 237 l‘apae
1337 199 1373 228 et
1398 194 1506 229 Conf.

179 287 463 329 Lateranensi
480 287 761 341 patriarchio,
787 288 1008 330 sublatum

180 344 380 386 restituit.

236 402 281 452 R.
296 401 429 442 Posui
439 401 702 452 adjutorium
714 414 845 454 super
855 403 1007 454 poten-

179 462 282 505 tem,
307 463 350 499 et
374 458 563 500 exaltavi
589 458 777 500 electum
800 457 855 499 de
878 458 1007 510 plebe

178 527 289 555 mea:
303 516 323 538 *
334 515 489 555 Manus
502 515 615 556 enim
623 527 721 556 mea
730 514 1008 556 auxiliabitur

178 570 228 611 ei.
261 566 309 617 Y.
324 571 477 612 Inveni
491 571 637 614 David
658 584 832 613 servum
850 585 1006 621 meum,

178 627 277 668 oleo
294 634 446 670 sancto
462 641 561 670 meo
578 629 682 669 unxi
699 641 808 670 eum.
840 629 1007 670 Manus.

481 685 631 724 Lectio
656 685 705 723 vi.

178 735 460 840 Miraculis
505 742 826 783 sanctissimam
872 742 1007 783 vitam

296 797 547 849 illustravit;
566 812 667 840 nam
684 804 727 840 et
740 798 1006 848 basiliscum,

177 854 298 905 cujus
327 854 519 897 anhelitu
542 856 628 907 jam
652 855 777 896 multi
802 855 1007 896 exstincti

176 911 357 962 fuerant,
383 913 472 953 suis
495 911 700 965 precibus
718 924 915 965 praesens
935 924 1006 953 oc-

176 967 296 1018 cidit3
312 974 356 1010 et
365 969 603 1010 maximum
613 967 874 1018 incendium,
887 967 1007 1020 quod

176 1024 371 1066 basilicae
400 1025 629 1067 Vaticanae
656 1025 926 1075 imminebat,
954 1025 1006 1066 si-

174 1093 262 1132 gno
292 1082 432 1123 crucis
461 1082 684 1124 exstinxit.¹
723 1083 818 1132 Qua
850 1082 1005 1123 sancti-

174 1140 266 1180 tate
297 1141 525 1191 permetus
553 1152 630 1181 rex
658 1138 830 1189 Angliae
859 1138 1005 1191 Astal-

174 1194 288 1247 phus
317 1207 497 1246 regnum
528 1209 656 1237 suum
683 1196 898 1237 Romanae
926 1196 1006 1237 Ec-

176 1251 321 1292 clesiae
341 1251 622 1294 tributarium
636 1252 749 1302 fecit,
770 1257 813 1293 et
827 1265 1007 1294 censum

176 1310 367 1350 annuum
404 1309 640 1350 constituit.
690 1309 771 1351 Vir
809 1322 913 1350 sane
951 1308 1006 1351 de

176 1364 295 1406 Urbe
320 1367 504 1417 totaque
523 1365 750 1418 republica
769 1365 1005 1408 christiana

176 1422 341 1473 optime
357 1423 550 1471 meritus,
566 1422 675 1464 obiit
684 1421 862 1464 decimo
878 1427 1006 1465 sexto

175 1477 401 1519 Kalendas
433 1478 640 1529 Augusti,
678 1491 792 1520 anno
829 1479 1007 1520 Domini

176 1534 542 1586 octingentesimo
642 1536 1005 1588 quinquagesimo

177 1591 342 1643 quinto,
363 1597 406 1634 et
420 1592 620 1645 sepultus
638 1597 705 1634 est
718 1593 762 1633 in
777 1593 1006 1635 Vaticano.

229 1650 277 1701 R,
299 1648 389 1690 Iste
410 1654 476 1690 est
496 1649 582 1701 qui.

132 1750 139 1757 x
231 1710 273 1743 In
298 1710 361 1743 III.
383 1710 582 1743 Nocturno
607 1710 778 1743 Homilia
804 1711 842 1743 in
859 1710 1003 1753 Evang.

179 1757 301 1792 Homo
322 1758 492 1801 peregre.
515 1758 561 1792 de
581 1758 717 1792 eodem
732 1758 837 1793 Com.
861 1759 888 1792 1.
906 1759 1003 1793 loco.

443 1831 527 1873 Die
548 1833 607 1873 19.
622 1832 647 1872 J
648 1832 736 1874 ulii.

234 1896 276 1936 S.
297 1895 588 1945 Symmachi
606 1894 740 1946 Papae
762 1898 804 1934 et
825 1893 945 1934 Conf.
1008 1916 1014 1927 .

508 1952 672 1996 Duplex.

228 2002 362 2037 Omnia
389 2004 434 2038 de
461 2004 605 2039 Comm.
632 2003 739 2038 Conf.
764 2003 883 2038 Pont..
908 2014 1004 2047 prae-

176 2054 231 2082 ter
256 2052 468 2093 sequentia.

228 2097 370 2133 Oratio.
396 2099 466 2144 Da,
491 2102 724 2145 quaesumus.

226 2149 269 2183 In
299 2150 326 2184 Ι.
351 2152 459 2187 Noct.
484 2152 587 2187 Lect.
616 2153 663 2187 de
692 2152 828 2196 Script.
860 2161 1003 2186 occurr.

397 2214 446 2252 In
473 2214 523 2253 11.
546 2214 776 2253 Nocturna

477 2274 628 2316 Lectio
648 2275 700 2315 iv.

189 2331 543 2386 &ymmachus
562 2334 722 2382 genere
736 2333 911 2384 Sardus,
928 2347 1002 2386 pa-

200 2385 272 2445 ,ᾖζξ
293 2393 361 2430 tre
388 2388 650 2438 Fortunato,
679 2402 733 2430 ex
761 2389 950 2432 diacono
978 2403 1003 2432 a

294 2445 457 2496 majore
484 2449 528 2486 et
553 2445 726 2497 potiore
752 2446 855 2487 cleri
876 2452 1002 2499 parte

174 2500 217 2540 in
238 2500 601 2542 Constantiniana
625 2500 817 2552 basilica,
845 2503 1013 2554 quarto‘

174 2556 230 2598 ab
251 2556 373 2599 obitu
393 2557 615 2599 Anastasii
642 2556 730 2606 die,
755 2558 798 2598 in
825 2560 916 2610 ejus
940 2559 1001 2601 lo-

174 2625 273 2654 cum
292 2613 501 2655 suffectus
521 2619 598 2656 est.
626 2614 737 2664 Quia
752 2619 898 2656 tamen
919 2616 1001 2657 dis-

173 2670 325 2711 tractis
352 2669 594 2711 electerum
622 2669 856 2720 suffragiis,
882 2672 1002 2713 Festi

175 2727 353 2767 senatus
367 2726 578 2779 principis
594 2726 841 2768 excensulis
855 2726 1002 2769 instin-

1061 295 1148 339 ctu,
1175 302 1200 330 a
1223 289 1445 330 nonnullis
1467 289 1728 331 Laurentius
1753 290 1888 332 archi-

1060 345 1292 398 presbyter
1309 348 1542 398 promotus
1558 345 1709 396 fuerat,
1727 349 1889 398 gravis-

1061 403 1218 443 simum
1236 402 1338 444 inde
1358 401 1548 443 schisma
1563 407 1708 444 ortum
1726 402 1890 452 habuit,

1061 471 1114 500 ex
1143 472 1230 511 quo
1254 459 1445 500 maxima
1470 458 1720 501 christianae
1745 460 1888 513 reipu-

1060 515 1188 557 blicae
1208 516 1357 558 clades
1377 516 1598 566 iminebat,
1623 516 1706 557 nisi
1731 518 1890 559 eximia

1060 573 1310 626 Symmachi
1338 572 1589 626 prudentia,
1621 572 1721 616 cum
1747 575 1888 626 singu—

1059 630 1140 672 lari
1160 630 1410 672 christianae
1429 630 1662 672 modestiae
1685 631 1888 684 exemplo

1060 688 1302 739 conjuncta,
1331 692 1375 729 et
1403 689 1592 739 quatuor
1619 687 1889 740 synodorum

1059 744 1217 785 Romae
1237 743 1523 786 collectarum
1541 743 1730 786 decretis
1747 744 1889 786 firma-

1059 805 1120 850 ta,
1141 800 1299 853 quibus
1319 806 1363 842 et
1382 799 1651 842 Theodorici
1669 801 1785 852 regis
1804 814 1887 854 pro

1060 857 1342 899 exsecutione
1366 857 1617 907 auctoritas,
1643 862 1687 899 et
1713 857 1890 910 elegans

1059 913 1250 956 Ennodii
1271 927 1353 967 pro
1381 913 1634 956 defensiene
1660 914 1800 967 stylus
1821 927 1888 956 ac-

1059 971 1207 1021 cessit,
1232 971 1407 1024 penitus
1435 973 1700 1013 exstinctum
1723 971 1888 1013 fuisset.

1112 1030 1163 1080 R*-
1189 1028 1340 1069 Inveni
1363 1027 1510 1070 David
1534 1041 1709 1070 servum
1733 1041 1889 1079 meum,

1060 1084 1159 1126 oleo
1188 1090 1342 1127 sancto
1370 1097 1470 1127 meo
1495 1085 1600 1126 unxi
1625 1097 1739 1127 eum:
1762 1084 1889 1126 *Ma—

1059 1154 1141 1183 nus
1157 1142 1271 1183 enim
1286 1154 1384 1184 mea
1398 1141 1677 1183 auxiliabitur
1691 1142 1742 1183 ei.
1763 1136 1812 1188 V.
1823 1141 1891 1183 Ni·

1059 1198 1121 1239 hil
1134 1198 1338 1252 proficiet
1353 1199 1552 1240 inimicus
1572 1198 1618 1239 in
1633 1211 1697 1248 eo,
1717 1203 1760 1240 et
1771 1198 1891 1240 filius

1059 1255 1303 1307 iniquitatis
1325 1268 1414 1297 non
1436 1255 1614 1297 nocebit
1637 1255 1688 1297 ei.
1723 1255 1891 1297 Manus.

1371 1309 1524 1351 Lectio
1544 1324 1581 1350 v.

1061 1362 1136 1468 In
1165 1370 1521 1411 commemoratis
1549 1368 1746 1423 synodis,
1777 1369 1890 1411 aliis-

1139 1438 1225 1477 que
1269 1426 1440 1479 reliquo
1481 1428 1684 1479 tempore
1719 1425 1892 1476 habitis,

1060 1481 1197 1523 multa
1221 1483 1311 1534 ejus
1330 1488 1439 1524 nutu
1459 1488 1503 1525 et
1520 1483 1705 1536 imperio
1726 1486 1892 1526 statuta

1060 1538 1249 1589 fuerunt,
1274 1544 1369 1581 tum
1393 1540 1511 1582 circa
1534 1538 1725 1582 Romani
1743 1540 1890 1582 Ponti-

1060 1595 1155 1636 ficis
1192 1601 1235 1638 et
1272 1597 1584 1650 episcoporum
1620 1596 1890 1648 electionem,

1060 1651 1117 1693 ad
1144 1657 1320 1705 turpem
1347 1653 1561 1695 ambitum
1587 1652 1890 1705 amovendum,

1060 1708 1275 1760 abrogata
1318 1710 1435 1762 regis
1481 1709 1697 1752 Odoacris
1741 1711 1890 1763 iniqua

1058 1765 1173 1816 lege;
1199 1771 1292 1808 tum
1317 1767 1432 1808 cirea
1456 1766 1734 1820 disciplinam
1753 1767 1888 1810 eccle-

1059 1822 1296 1872 siasticam,
1323 1836 1375 1864 ac
1399 1824 1646 1876 praesertim
1669 1823 1889 1867 bonerum

1058 1878 1270 1920 Ecclesiae
1307 1880 1627 1922 alienati6nem.
1670 1881 1767 1923 Imo
1804 1881 1887 1923 sub

1059 1936 1150 1987 ejus
1169 1936 1430 1988 pontificatu
1452 1941 1495 1978 et
1515 1937 1733 1990 auspiciis,
1751 1938 1888 1979 Aure-

1057 1991 1275 2043 lianensis,
1294 1993 1573 2044 Agathensis,
1600 1998 1645 2036 et
1669 1993 1767 2035 aliae
1790 1996 1887 2047 syn-

1058 2048 1134 2090 odi
1160 2048 1324 2091 habitae
1351 2054 1469 2100 sunt,
1500 2050 1544 2090 in
1579 2050 1737 2103 quibus
1764 2050 1889 2092 multi

1058 2110 1102 2147 et
1125 2106 1289 2158 egregii
1308 2108 1500 2148 canones
1519 2106 1685 2149 cenditi
1702 2107 1888 2158 fuerunt,

1058 2162 1115 2203 ad
1134 2162 1390 2214 dignitatem
1403 2163 1615 2205 Ecclesiae
1635 2169 1679 2206 et
1693 2163 1887 2206 fidelium

1057 2231 1204 2261 mores
1218 2220 1456 2272 plurimum
1472 2219 1782 2263 conducentes.
1801 2221 1887 2263 Va-

1057 2275 1143 2316 rias
1163 2275 1340 2318 demum
1355 2276 1534 2318 sedulus
1552 2282 1706 2330 pastor
1726 2279 1886 2331 episto-

1057 2332 1122 2374 las
1151 2333 1344 2385 scripsit,
1376 2333 1419 2373 in
1452 2332 1610 2384 quibus
1637 2334 1887 2376 ardentissi-

1058 2402 1154 2430 mus
1179 2388 1482 2442 propagandae
1508 2402 1560 2430 ac
1585 2391 1814 2433 servandae
1840 2391 1886 2432 fi-

1058 2444 1129 2487 dei
1144 2445 1275 2496 zelus,
1296 2459 1395 2487 cum
1413 2445 1634 2488 indefesso
1649 2447 1886 2500 pastoralis

1057 2515 1175 2543 curae
1194 2501 1343 2544 studio
1362 2501 1619 2544 mirabiliter
1636 2504 1848 2546 enitescit.

1111 2557 1162 2609 Rz.
1177 2559 1311 2600 Posui
1330 2557 1604 2611 adjutorium.
1630 2559 1678 2595 ut
1698 2563 1839 2607 supra.

1362 2618 1514 2659 Lectio
1534 2618 1587 2659 vi.

1165 2673 1354 2714 aximam
1365 2673 1563 2725 pecuniae
1574 2685 1787 2714 summam
1801 2685 1884 2725 pro

1185 2728 1452 2771 redimendis
1478 2729 1672 2780 Liguriae
1699 2729 1884 2782 captivis
