2040 2976
706 203 1102 238 Commemorationcs
1129 210 1360 235 commune&

229 304 312 355 Qui
339 302 483 356 operit
510 300 671 343 coelum
695 298 900 341 nabibus:
918 298 942 324 *
962 301 1006 340 et

178 365 304 414 parat
322 364 452 401 terrae
471 357 678 412 pluviam.

221 417 303 467 Qui
315 414 522 469 prodiicit
534 414 579 455 in
588 412 811 455 montibus
826 411 1006 453 foenum:

177 474 201 500 *
221 478 264 515 et
283 471 464 514 herbam
485 470 684 513 servituti
702 468 938 510 hominum.

230 529 313 579 Qui
333 527 409 570 dat
424 527 625 580 jumentis
637 538 784 568 escam
794 525 1007 578 ipsorum:

178 586 201 612 *
221 590 264 627 et
288 584 419 638 pullis
443 586 679 626 corvorum
701 580 1006 623 invocantibus

179 654 289 683 eum.

228 698 331 739 Non
349 698 393 738 in
417 695 672 738 fortitudine
692 695 793 747 equi
811 694 1007 735 volunta·

179 759 268 797 tem
283 753 476 796 habebit:
494 753 518 779 *
537 765 620 795 nec
638 753 681 793 in
699 751 818 794 tibiis
836 750 917 792 viri
935 749 1007 791 be-

181 811 449 864 neplacitum
470 810 552 851 erit
571 810 621 851 ei.

231 866 565 920 Beneplacitum
585 871 651 908 est
664 864 856 906 Domino
876 875 1009 916 super

181 923 385 965 timentes
405 923 559 965 eumi*
580 927 623 964 et
645 923 688 963 in
713 922 789 972 eis,
819 920 893 973 qui
913 932 1008 972 spe-

181 985 281 1022 rant
300 993 432 1033 super
450 979 749 1021 misericordia
770 978 870 1030 ejus.

235 1041 269 1079 A
277 1045 332 1078 nt.
357 1039 449 1078 Deo
470 1041 622 1078 nostro
642 1034 830 1087 jucunda
849 1034 905 1076 sit
922 1033 1010 1074 lau·

185 1093 318 1138 datiO.

237 1153 334 1191 Ant.
363 1149 527 1191 Lauda.

448 1207 643 1247 Psalmus
666 1206 748 1245 147.

183 1261 370 1367 Lauda
413 1260 656 1302 Jerusalem
699 1261 952 1302 Dominum:
989 1259 1012 1285 *

270 1319 294 1343 *
313 1317 443 1359 lauda
461 1317 604 1359 Deum
623 1322 746 1358 tuum
765 1318 881 1359 Sion.

238 1375 455 1425 Quoniam
480 1373 744 1415 confortavit
768 1386 890 1416 seras
914 1385 1014 1426 por-

184 1434 329 1473 tarum
363 1432 551 1472 tuarum:
586 1431 610 1456 *
646 1430 871 1472 benedixit
915 1429 1015 1471 filiis

185 1489 271 1530 tuis
289 1488 333 1528 in
352 1491 407 1529 te.

238 1544 323 1595 Qui
350 1543 498 1596 posuit
525 1543 634 1585 fines
661 1548 763 1584 tuos
790 1556 965 1596 pacem:
991 1543 1016 1569 *

189 1605 232 1643 et
259 1599 390 1653 adipe
418 1599 623 1641 frumenti
650 1600 780 1641 satiat
807 1604 862 1642 te.

241 1656 325 1707 Qui
352 1656 510 1698 emittit
537 1655 760 1708 eloquium
787 1670 913 1698 suum
934 1661 1017 1699 ter-

189 1726 265 1754 rae:
293 1713 316 1738 *
343 1712 554 1754 velociter
582 1713 716 1754 currit
744 1726 888 1755 sermo
918 1714 1019 1766 ejus.

242 1769 326 1819 Qui
363 1767 439 1810 dat
473 1769 618 1810 nivem
655 1770 767 1811 sicut
802 1769 961 1811 lanam:
995 1771 1018 1796 *

190 1825 394 1867 nebulam
422 1825 534 1866 sicut
561 1827 751 1868 cinerem
779 1827 958 1879 spargit.

242 1882 375 1923 Mittit
390 1881 643 1933 crystallum
659 1896 782 1924 suam
794 1884 907 1925 sicut
915 1883 1019 1925 buc-

193 1938 338 1980 cellas:
362 1938 386 1963 *
414 1942 514 1980 ante
542 1938 698 1981 faciem
726 1940 900 1991 frigoris
929 1941 1020 1992 ejus

193 1995 290 2047 quis
310 1993 562 2036 sustinebit?

244 2051 426 2093 Emittet
444 2051 627 2093 verbum
651 2066 792 2102 suum,
821 2058 865 2095 et
887 2053 1020 2105 lique-

194 2107 324 2149 faciet
352 2120 418 2149 ea:
436 2107 460 2133 *
485 2107 607 2150 flabit
635 2110 814 2162 spiritus
843 2110 949 2161 ejus,
979 2114 1022 2152 et

195 2164 330 2205 fluent
350 2176 487 2216 aquae.

246 2220 330 2270 Qui
353 2221 580 2262 annuntiat
602 2220 785 2262 verbum
809 2235 935 2264 suum
953 2223 978 2264 J
981 2235 1022 2264 a·

195 2275 295 2318 cob:
305 2277 328 2302 ¹⁸¹
339 2277 533 2327 justitias,
550 2282 592 2318 et
606 2277 764 2328 judicia
780 2292 858 2320 sua
874 2279 1023 2320 Israel.

246 2332 348 2374 Non
371 2332 474 2374 fecit
495 2332 640 2374 taliter
664 2335 782 2374 omni
799 2335 981 2377 nationi:
999 2336 1023 2361 *

197 2394 240 2431 et
258 2388 418 2441 judicia
436 2402 514 2430 sua
533 2402 620 2430 non
638 2391 932 2433 manifestavit
951 2391 1024 2434 eis.

252 2444 283 2483 A
292 2449 346 2483 nt.
367 2444 517 2487 Lauda
526 2445 550 2486 J
554 2446 1025 2489 erusalemDominum.

276 2499 534 2549 Capitulum.
695 2500 818 2540 Rom,
837 2503 885 2540 ll.
906 2501 945 2541 d.

306 2557 491 2599 altitudo
522 2557 769 2600 divitiarum
798 2560 1025 2613 sapientiae

307 2618 351 2655 et
375 2613 568 2655 scientiae
588 2614 684 2656 Dei:
714 2628 844 2667 quam
863 2617 1025 2658 incom-

197 2669 509 2723 prehensibilia
537 2675 637 2712 sunt
665 2671 821 2722 judicia
850 2674 955 2724 ejus,
983 2678 1027 2715 et

198 2726 523 2778 investigabiles
551 2727 633 2768 viae
663 2727 767 2779 ejus!

1372 292 1584 342 Hymnus.

1183 364 1255 393 am
1282 349 1350 391 sol
1376 347 1546 390 recedit
1571 349 1740 399 igneus:

1188 408 1258 449 Tu
1285 407 1360 448 lux
1387 405 1596 458 perennis
1622 404 1789 453 Unitas‚

1161 463 1350 513 Nostris,
1375 461 1508 504 beata
1533 461 1738 511 Trinitas,

1168 519 1357 563 Infande
1383 518 1532 560 lumen
1560 517 1781 560 cordibus.

1116 588 1175 629 Te
1202 598 1331 627 mane
1358 583 1540 625 laudum
1569 583 1774 632 carmine,

1164 643 1230 684 Te
1259 641 1552 694 deprecamur
1579 642 1783 692 vespere3

1165 698 1372 750 Digneris
1398 702 1448 739 ut
1474 701 1519 739 te
1547 695 1773 749 supplices

1163 755 1416 797 Laudemus
1443 754 1557 795 inter
1585 752 1767 795 co'elites.

1119 821 1245 870 Patri,
1275 816 1492 872 simii'lque
1519 818 1644 868 Filio,

1127 895 1131 898 ·
1166 877 1356 930 Tibique
1385 879 1536 917 sancte
1564 875 1764 928 Spiritus,

1167 934 1289 976 Sicut
1315 933 1406 983 fuit,
1435 932 1492 974 sit
1518 931 1676 984 jiigiter

1165 990 1356 1033 Saeclum
1380 1002 1460 1043 per
1490 1001 1620 1030 omne
1646 987 1799 1040 gloria,

1377 1046 1532 1088 Amen.

1119 1104 1168 1155 Ns.
1203 1107 1473 1160 Vespertina
1509 1106 1652 1148 oratio
1689 1103 1902 1147 ascendat

1066 1166 1123 1208 ad
1159 1170 1204 1208 te
1235 1164 1437 1206 Domine.
1483 1165 1534 1217 Ιζι.
1565 1163 1623 1205 Et
1659 1160 1902 1204 descendat

1067 1235 1201 1276 super
1225 1234 1309 1263 nos
1336 1219 1642 1263 misericordia
1667 1224 1754 1261 tua.

1121 1280 1189 1321 Ad
1206 1280 1379 1331 Magnis.
1404 1280 1503 1321 Ant.
1527 1279 1900 1333 Suscepit*Deus

1066 1338 1205 1382 Israel
1224 1342 1413 1392 puerum
1432 1350 1573 1379 suum:
1596 1337 1711 1379 sicut
1727 1335 1903 1378 locutus

1069 1401 1136 1439 est
1168 1395 1226 1438 ad
1253 1394 1496 1444 Abraham,
1534 1398 1578 1436 et
1611 1406 1761 1435 semen
1797 1392 1904 1445 ejus:

1069 1453 1265 1495 exaltare
1275 1450 1465 1493 hamiles
1474 1463 1616 1503 usque
1626 1450 1672 1491 in
1682 1448 1904 1491 saeculum.

1120 1518 1245 1561 Capit.
1278 1518 1320 1554 O⁴
1344 1515 1522 1552 altitudo.
1550 1516 1692 1551 dicitur
1721 1516 1759 1550 in
1785 1517 1903 1561 Vesp.

1068 1567 1230 1601 Sabbati
1261 1567 1309 1600 ab
1341 1565 1489 1599 Octava
1518 1564 1670 1599 Pentec.
1700 1575 1825 1608 usque
1854 1565 1904 1600 ad

1068 1615 1292 1649 Adventum
1310 1623 1397 1648 cum
1419 1612 1577 1656 Hymno
1595 1616 1632 1647 et
1651 1607 1697 1654 V.
1715 1613 1903 1656 sequenti.

1068 1664 1157 1698 Ant.
1179 1663 1229 1697 ad
1250 1661 1474 1705 Magnificat
1496 1660 1647 1703 dieitur,
1670 1665 1787 1704 prout
1809 1661 1904 1696 assi-

1069 1715 1208 1755 gnatur
1236 1710 1336 1744 infra
1366 1709 1405 1743 in
1430 1708 1597 1752 Proprio
1628 1709 1676 1743 de
1700 1708 1904 1753 Tempore.

1069 1760 1163 1794 Post
1183 1760 1271 1793 Ant.
1294 1758 1366 1792 dic.
1389 1756 1523 1792 Oratio
1545 1757 1715 1801 propria.

1123 1820 1274 1855 Deinde
1305 1819 1400 1853 fiunt
1432 1822 1639 1862 sequentes
1664 1818 1905 1853 Commemo-

1071 1869 1243 1903 rationes
1262 1877 1496 1910 communes,
1517 1877 1587 1901 seu
1603 1866 1796 1909 Suffragia
1813 1865 1906 1901 San-

1073 1922 1231 1959 ctorum,
1249 1926 1337 1960 quae
1355 1915 1536 1950 dicuntur
1553 1915 1669 1950 etiam
1683 1914 1904 1950 adLaudes.

1137 1988 1562 2034 commemoratio
1587 1988 1649 2030 de
1671 1987 1842 2029 cruce.

1128 2051 1170 2083 In
1214 2050 1341 2084 feriali
1386 2050 1534 2083 tantum
1580 2046 1738 2090 Officio,
1790 2045 1907 2081 etiam

1074 2098 1231 2142 quando
1256 2108 1334 2132 non
1361 2097 1541 2131 dicuntur
1564 2095 1715 2130 Preces.

1126 2150 1198 2191 Ad
1226 2150 1362 2202 Vesp.
1391 2154 1434 2191 et
1460 2147 1647 2190 Laudes.
1685 2147 1785 2188 Ant.
1828 2146 1910 2190 Per

1076 2210 1249 2262 signum
1275 2207 1428 2250 Crucis
1454 2206 1510 2248 de
1537 2205 1723 2247 inimicis
1748 2203 1910 2246 nostris

1075 2266 1214 2308 libera
1233 2278 1315 2307 nos
1334 2265 1458 2306 Deus
1478 2267 1640 2304 noster.

1129 2316 1180 2367 ΥΤ.
1221 2321 1376 2364 Omnis
1414 2325 1533 2362 terra
1570 2318 1727 2360 adoret
1762 2322 1827 2367 te,
1867 2321 1911 2358 et

1077 2379 1238 2432 psallat
1278 2377 1369 2420 tibi.
1424 2376 1474 2427 Ην.
1522 2375 1747 2416 Psalmum
1792 2373 1911 2415 dicat

1077 2435 1242 2477 nomini
1269 2439 1348 2476 tuo
1375 2432 1577 2474 Domine.

1208 2500 1406 2541 Oremus.
1615 2484 1780 2538 Oratio.

1080 2554 1347 2659 Perpetua
1387 2572 1485 2607 nos,
1528 2560 1781 2611 quaesumus
1823 2556 1912 2597 Do-

1181 2617 1309 2667 mine,
1336 2629 1447 2669 pace
1473 2614 1663 2657 custodi:
1693 2626 1804 2666 quos
1832 2625 1913 2665 per

1079 2673 1244 2724 lignum
1289 2677 1454 2714 sanctae
1497 2671 1651 2714 Crucis
1696 2669 1912 2711 redimere

1081 2729 1285 2781 dignatus
1305 2742 1364 2771 es.
