2040 2976
588 204 660 238 Die
683 204 713 238 2.
739 203 845 237 Julii.
891 202 935 236 In
957 201 1191 236 Visitatione
1216 200 1256 234 B.
1282 200 1328 234 M.
1354 200 1397 234 V.

372 302 422 341 In
449 303 479 341 Ι.
506 301 730 340 Nocturno.

259 368 327 408 De
352 366 543 408 Canticis
567 365 848 407 canticorum.

214 431 368 473 Lectio
388 432 412 472 i.
731 430 835 482 Cap,
854 431 889 470 2.

149 510 156 544 ῃ
183 508 313 559 >go
341 496 423 537 flos
449 495 606 548 campi,
636 499 680 536 et
703 494 840 535 lilium
866 506 966 535 con-

153 571 242 623 Β
274 552 463 594 vallium.
524 552 645 593 Sicut
684 551 821 592 lilium
856 550 969 592 inter

146 610 251 633 2-4.
274 610 439 662 spinas,
477 609 539 650 sic
567 610 705 649 amica
731 620 830 648 mea
857 607 970 648 inter

140 665 263 706 filias.
300 666 421 707 Sicut
447 665 588 706 malus
614 664 727 706 inter
753 663 870 714 ligna
899 663 968 704 sil-

139 724 308 772 varum,
337 722 401 763 sic
427 721 613 763 dilectus
636 733 760 762 meus
786 720 898 761 inter
923 719 969 760 fi-

139 777 235 819 lios.
267 778 357 820 Sub
382 777 538 819 umbra
562 777 678 818 illius
704 789 834 829 quem
858 775 969 817 desi-

142 834 416 884 deraveram,
455 833 564 875 sedi:
604 838 648 875 et
680 833 846 874 fructus
879 833 970 884 ejus

143 890 282 932 dulcis
301 890 469 941 gutturi
486 902 598 931 meo.
630 887 882 930 Introduxit
900 901 970 930 me

141 947 184 987 in
218 946 373 988 cellam
405 946 634 995 vinariam,
675 944 897 986 ordinavit
927 945 971 985 in

141 1015 212 1044 me
232 1003 469 1045 caritatem.
497 1002 666 1043 Fulcite
687 1014 757 1043 me
778 1001 971 1051 floribus,

141 1059 303 1112 stipate
326 1071 397 1101 me
416 1059 557 1100 malis:
581 1059 683 1110 quia
709 1059 858 1099 amore
882 1058 971 1098 lan-

141 1127 267 1166 gueo.
303 1115 437 1157 Laeva
461 1116 552 1167 ejus
580 1114 661 1156 sub
689 1114 834 1167 capite
860 1126 972 1163 meo,

142 1175 185 1212 et
208 1171 391 1213 dextera
411 1171 526 1212 illius
547 1170 871 1223 amplexabitur
890 1183 971 1211 me.

141 1227 308 1279 Adiuro
324 1241 404 1270 vos
423 1228 525 1268 filiae
541 1227 784 1269 Jerusalem
804 1240 883 1279 per
903 1229 970 1268 ca-

140 1297 288 1337 preaS,
327 1287 572 1336 cervosque
606 1286 877 1336 camporum,
917 1296 971 1325 ne

141 1341 377 1390 suscitetis,
406 1353 549 1392 neque
574 1340 781 1391 evigilare
802 1340 971 1382 faciatis

141 1396 357 1448 dilectam,
378 1398 668 1450 quoaduSque
689 1398 785 1450 ipsa
804 1396 919 1438 velit.

193 1465 245 1517 R.
279 1463 432 1514 Surge,
465 1466 658 1516 propera
690 1465 830 1504 amica
862 1476 971 1512 mea,

140 1519 333 1560 formosa
366 1532 479 1570 mea,
513 1525 557 1561 et
588 1519 702 1561 veni:
739 1519 823 1570 jam
857 1520 971 1560 enim

140 1575 280 1617 hiems
305 1576 493 1626 transiit,
521 1575 662 1617 imber
686 1575 808 1625 abiit,
840 1582 883 1618 et
908 1589 971 1617 re-

140 1632 286 1673 cessit:
307 1633 331 1659 *
352 1632 451 1673 Vox
470 1633 653 1674 turturis
673 1631 822 1673 audita
842 1638 909 1674 est
928 1633 971 1673 in

139 1693 255 1730 terra
280 1693 440 1730 nostra.
475 1682 527 1736 V.
550 1689 735 1730 Intravit
760 1689 899 1730 Maria
926 1689 969 1730 in

141 1743 320 1786 domum
339 1745 577 1795 Zachariae,
600 1750 644 1786 et
664 1745 871 1787 salutavit
886 1745 970 1786 Eli-

141 1800 306 1844 sabeth.
334 1802 438 1844 Vox
456 1802 648 1844 turturis.

451 1879 603 1921 Lectio
623 1880 662 1919 ii.

142 1940 290 2047 Vox
316 1940 466 1982 dilecti
490 1941 592 1991 mei,
619 1954 722 1983 ecce
745 1942 828 1983 iste
852 1942 972 1984 venit

245 1997 404 2038 saliens
418 1997 462 2038 in
476 1997 710 2047 montibus
723 1998 971 2040 transiliens

142 2053 293 2095 colles:
331 2054 485 2095 similis
521 2059 588 2096 est
625 2054 811 2096 dilectus
847 2068 970 2096 meus

143 2112 314 2162 capreae
339 2109 606 2163 hinnuloque
631 2113 873 2152 cervorum.
906 2111 972 2151 En

142 2166 236 2218 ipse
276 2171 362 2208 stat
394 2172 498 2219 post
529 2169 742 2220 parietem
773 2173 971 2209 nostrum

142 2223 382 2275 respiciens
417 2236 498 2275 per
533 2223 765 2273 fenestras,
801 2226 971 2276 prospi-

144 2279 262 2320 ciens
294 2291 374 2331 per
407 2280 637 2321 cancellos.
684 2281 751 2320 En
784 2279 972 2321 dilectus

143 2348 266 2376 meus
299 2336 493 2388 loquitur
523 2335 644 2377 mihi:
686 2337 841 2387 Surge,
873 2339 972 2388 pro-

143 2405 250 2445 pera
286 2395 425 2433 amica
460 2405 575 2442 mea,
618 2392 823 2434 columba
858 2405 972 2442 mea,

144 2449 336 2490 formosa
363 2461 477 2498 mea,
506 2453 550 2490 et
576 2449 686 2490 veni.
732 2449 830 2490 Jam
859 2449 972 2490 enim

143 2504 282 2546 hiems
307 2505 496 2553 transiit,
524 2504 667 2546 imber
693 2505 816 2554 abiit,
846 2510 889 2546 et
907 2517 971 2546 re-

145 2561 288 2603 cessit.
317 2561 471 2602 Flores
488 2563 785 2614 apparuerunt
798 2561 843 2601 in
856 2566 973 2603 terra

144 2623 310 2666 nostra,
329 2623 504 2670 tempus
523 2618 763 2670 putationis
783 2617 973 2659 advenit:

145 2686 233 2714 vox
251 2675 433 2715 turturis
454 2673 600 2715 audita
621 2678 687 2714 est
707 2674 750 2714 in
769 2678 886 2715 terra
899 2686 972 2715 no-

147 2735 252 2771 stra:
284 2730 394 2772 ficus
426 2730 609 2783 protulit
641 2743 822 2781 grossos
854 2743 973 2771 suos:

1789 198 1857 232 395

1022 299 1163 339 vineae
1188 297 1397 339 florentes
1425 297 1642 339 dederunt
1671 297 1854 339 odorem

1023 367 1160 395 suum.

1073 418 1125 469 R.
1161 415 1270 465 Quae
1301 419 1367 455 est
1394 415 1479 456 ista
1508 427 1607 466 quae
1635 415 1856 467 processit

1023 471 1135 512 sieut
1180 471 1265 520 sol,
1315 476 1359 512 et
1402 471 1595 512 formesa
1631 477 1856 523 tamquam

1022 525 1292 569 JeruSalem?
1326 532 1349 555 *
1381 526 1599 569 Viderunt
1628 540 1724 569 eam
1754 528 1856 568 fssiae

1023 585 1139 633 Sion,
1165 590 1208 626 et
1232 584 1410 625 beatam
1434 583 1650 634 dixerunt,
1679 591 1722 626 et
1747 587 1855 633 regi-

1022 654 1091 682 nae
1119 639 1408 682 laudaverunt
1436 653 1544 682 eam.
1576 639 1626 690 V.
1659 642 1715 682 Et
1745 642 1857 682 sicut

1024 697 1118 739 dies
1150 698 1271 739 verni
1296 697 1627 739 circumdabant
1654 711 1750 739 eam
1782 698 1856 738 flo-

1023 767 1094 795 res
1131 756 1331 794 rosarum
1371 759 1414 795 et
1452 753 1542 794 lilia
1583 754 1857 794 convallium.

1023 809 1252 852 Viderunt.

1326 879 1480 920 Lectio
1501 879 1555 919 iii.

1026 935 1201 1044 Surge
1226 938 1364 977 amica
1387 948 1501 984 mea,
1528 935 1731 987 speciosa
1750 948 1858 985 mea,

1113 997 1156 1033 et
1176 993 1291 1034 veni:
1321 992 1527 1034 columba
1552 1004 1650 1032 mea
1677 992 1719 1031 in
1746 992 1857 1033 fora-

1025 1048 1213 1090 minibus
1240 1054 1395 1102 petrae,
1431 1049 1474 1089 in
1504 1050 1691 1089 caverna
1719 1051 1858 1090 mace-

1025 1105 1112 1155 riae,
1133 1105 1318 1147 ostende
1335 1105 1441 1146 mihi
1462 1105 1618 1146 faciem
1637 1110 1768 1154 tuam,
1791 1118 1857 1147 so-

1025 1166 1100 1203 net
1125 1174 1213 1203 vox
1240 1168 1315 1204 tua
1341 1163 1384 1203 in
1410 1161 1587 1203 auribus
1615 1161 1739 1202 meis:
1772 1175 1859 1203 vox

1026 1218 1141 1259 enim
1167 1223 1242 1259 tua
1268 1218 1425 1268 dulcis,
1456 1223 1499 1260 et
1525 1217 1658 1259 facies
1685 1223 1760 1259 tua
1788 1218 1858 1260 de-

1026 1276 1140 1315 cora.
1179 1275 1336 1328 Capite
1362 1275 1490 1316 nobis
1519 1274 1675 1326 vulpes
1702 1277 1857 1326 parvu-

1024 1331 1105 1381 las,
1133 1344 1231 1383 quae
1252 1332 1550 1374 demoliuntur
1569 1333 1733 1372 vineas:
1759 1345 1858 1372 nam

1024 1391 1152 1435 vinea
1170 1394 1320 1431 nostra
1339 1389 1496 1430 floruit.
1520 1387 1717 1429 Dilectus
1734 1401 1857 1430 meus

1023 1445 1143 1495 mihi,
1169 1450 1212 1487 et
1232 1458 1314 1496 ego
1334 1445 1410 1495 illi,
1438 1445 1512 1497 qui
1530 1445 1727 1497 pascitur
1746 1445 1858 1486 inter

1024 1501 1113 1542 lilia
1146 1502 1290 1544 donec
1321 1504 1488 1554 aspiret
1520 1501 1630 1550 dies,
1667 1506 1710 1542 et
1738 1501 1855 1543 incli-

1023 1560 1181 1600 nentur
1206 1559 1387 1600 umbrae.
1423 1559 1679 1600 Revertere:
1705 1558 1857 1599 similis

1025 1620 1138 1664 esto,
1166 1615 1325 1656 dilecte
1344 1616 1418 1665 mi,
1444 1617 1634 1667 capreae,
1662 1614 1855 1655 hinnulo-

1026 1684 1110 1724 que
1144 1674 1375 1714 cervorum
1408 1684 1541 1724 super
1572 1676 1746 1712 montes
1776 1672 1857 1713 Be-

1024 1728 1132 1770 ther.

1079 1791 1130 1842 R.
1171 1785 1361 1838 Repleta
1396 1790 1464 1826 est
1500 1785 1665 1837 Spiritu
1704 1790 1856 1826 sancto

1024 1841 1268 1891 Elisabeth,
1298 1847 1341 1883 et
1368 1841 1643 1883 exclamavit:
1673 1839 1856 1882 Benedi-

1025 1903 1096 1939 cta
1114 1903 1162 1939 tu
1177 1898 1289 1940 inter
1303 1898 1520 1947 mulieres,
1541 1903 1584 1939 et
1599 1897 1857 1939 benedictus

1025 1955 1193 1995 fructus
1216 1954 1380 1996 ventris
1406 1955 1486 1996 tui:
1507 1958 1529 1982 *
1548 1954 1605 1996 Et
1628 1953 1745 1995 unde
1771 1953 1856 1995 hoc

1024 2010 1145 2060 mihi,
1171 2016 1219 2052 ut
1244 2011 1389 2052 veniat
1413 2015 1553 2051 mater
1572 2010 1751 2050 Domini
1771 2010 1855 2051 mei

1025 2067 1081 2108 ad
1101 2065 1193 2108 me?
1234 2064 1284 2116 V.
1306 2067 1422 2108 Ecce
1449 2067 1564 2108 enim
1588 2072 1636 2108 ut
1656 2066 1769 2108 facta
1790 2071 1856 2107 est

1026 2136 1114 2164 vox
1152 2123 1430 2165 salutationis
1467 2128 1555 2164 tuae
1595 2124 1637 2163 in
1677 2122 1855 2164 auribus

1024 2180 1150 2229 meis,
1184 2180 1420 2221 exsultavit
1452 2180 1495 2220 in
1524 2179 1686 2230 gaudio
1715 2179 1855 2219 infans

1024 2236 1067 2276 in
1086 2239 1213 2277 litero
1228 2249 1340 2277 meo.
1369 2237 1434 2277 Et.
1464 2236 1616 2277 Gloria
1631 2235 1760 2277 Patri.
1789 2235 1854 2276 Et.

1250 2314 1299 2354 In
1326 2314 1378 2353 11.
1405 2313 1633 2356 Nocturno.

1027 2377 1180 2420 Sermo
1196 2379 1336 2420 sancti
1346 2379 1371 2420 J
1375 2379 1527 2420 oannis
1541 2378 1854 2432 Chrysestomi.

1138 2445 1258 2490 Apud
1280 2445 1448 2489 Metaph.
1471 2454 1604 2479 mense
1627 2443 1743 2477 Julio.

1331 2501 1484 2544 Lectio
1503 2501 1556 2542 iv.

1028 2567 1214 2623 ‚gum
1253 2562 1309 2604 ad
1340 2574 1422 2603 nos
1455 2561 1707 2603 advenisset
1738 2559 1852 2601 Red-

1028 2607 1135 2688 ,02¹
1158 2620 1332 2671 emptor
1357 2619 1497 2660 nostri
1521 2618 1709 2669 generis,
1735 2615 1853 2657 venit

1063 2687 1134 2699 ’ᾧ
1158 2675 1358 2727 protinus
1399 2674 1455 2716 ad
1501 2688 1627 2715 suum
1668 2675 1852 2713 amicum

1024 2731 1049 2772 J
1052 2733 1250 2781 oannem,
1270 2731 1374 2773 dum
1393 2730 1537 2772 adhuc
1557 2734 1673 2771 esset
1691 2729 1734 2769 in
1753 2740 1852 2769 ven-
