<?xml version="1.0" encoding="UTF-8"?>
<!DOCTYPE html PUBLIC "-//W3C//DTD XHTML 1.0 Transitional//EN"
    "http://www.w3.org/TR/xhtml1/DTD/xhtml1-transitional.dtd">
<html xmlns="http://www.w3.org/1999/xhtml" xml:lang="en" lang="en">
 <head>
  <title>
</title>
<meta http-equiv="Content-Type" content="text/html;charset=utf-8" />
  <meta name='ocr-system' content='tesseract 3.04.00' />
  <meta name='ocr-capabilities' content='ocr_page ocr_carea ocr_par ocr_line ocrx_word'/>
</head>
<body>
  <div class='ocr_page' id='page_1' title='image "./p3breviariumroma00cathuoft_0545.png"; bbox 0 0 2040 2976; ppageno 0'>
   <div class='ocr_carea' id='block_1_1' title="bbox 571 209 1445 261">
    <p class='ocr_par' dir='ltr' id='par_1_1' title="bbox 571 209 1445 261">
     <span class='ocr_line' id='line_1_1' title="bbox 571 209 1445 261; baseline -0.009 -7"><span class='ocrx_word' id='word_1_1' title='bbox 571 209 644 253; x_wconf 82' lang='lat' dir='ltr'>Die&#39;</span> <span class='ocrx_word' id='word_1_2' title='bbox 671 219 719 253; x_wconf 84' lang='lat'>15.</span> <span class='ocrx_word' id='word_1_3' title='bbox 743 218 842 261; x_wconf 84' lang='lat' dir='ltr'>Aug.</span> <span class='ocrx_word' id='word_1_4' title='bbox 888 216 932 250; x_wconf 88' lang='lat' dir='ltr'>In</span> <span class='ocrx_word' id='word_1_5' title='bbox 957 214 1237 258; x_wconf 84' lang='lat' dir='ltr'>Assumptione</span> <span class='ocrx_word' id='word_1_6' title='bbox 1263 214 1304 247; x_wconf 90' lang='lat' dir='ltr'>B.</span> <span class='ocrx_word' id='word_1_7' title='bbox 1330 214 1376 247; x_wconf 89' lang='lat' dir='ltr'>M.</span> <span class='ocrx_word' id='word_1_8' title='bbox 1403 213 1445 246; x_wconf 76' lang='lat' dir='ltr'>V.</span> 
     </span>
    </p>
   </div>
   <div class='ocr_carea' id='block_1_2' title="bbox 1802 217 1870 253">
    <p class='ocr_par' dir='ltr' id='par_1_2' title="bbox 1802 217 1870 253">
     <span class='ocr_line' id='line_1_2' title="bbox 1802 217 1870 253; baseline -0.015 0"><span class='ocrx_word' id='word_1_9' title='bbox 1802 217 1870 253; x_wconf 91' lang='lat'>515</span> 
     </span>
    </p>
   </div>
   <div class='ocr_carea' id='block_1_3' title="bbox 152 276 1873 297">
    <p class='ocr_par' dir='ltr' id='par_1_3' title="bbox 152 276 1873 297">
     <span class='ocr_line' id='line_1_3' title="bbox 152 276 1873 297; baseline 0 2679"><span class='ocrx_word' id='word_1_10' title='bbox 152 276 1873 297; x_wconf 95' lang='lat' dir='ltr'> </span> 
     </span>
    </p>
   </div>
   <div class='ocr_carea' id='block_1_4' title="bbox 143 315 983 1097">
    <p class='ocr_par' dir='ltr' id='par_1_4' title="bbox 143 315 983 1097">
     <span class='ocr_line' id='line_1_4' title="bbox 143 315 980 360; baseline -0.006 0"><span class='ocrx_word' id='word_1_11' title='bbox 143 322 288 360; x_wconf 82' lang='lat' dir='ltr'>&#39;unum</span> <span class='ocrx_word' id='word_1_12' title='bbox 307 321 375 360; x_wconf 88' lang='lat' dir='ltr'>est</span> <span class='ocrx_word' id='word_1_13' title='bbox 393 315 701 358; x_wconf 90' lang='lat' dir='ltr'>necessarium.</span> <span class='ocrx_word' id='word_1_14' title='bbox 733 315 872 356; x_wconf 88' lang='lat' dir='ltr'>Maria</span> <span class='ocrx_word' id='word_1_15' title='bbox 894 327 980 355; x_wconf 89' lang='lat' dir='ltr'>me-</span> 
     </span>
     <span class='ocr_line' id='line_1_5' title="bbox 153 373 981 427; baseline -0.006 -11"><span class='ocrx_word' id='word_1_16' title='bbox 153 375 308 416; x_wconf 91' lang='lat' dir='ltr'>liorem</span> <span class='ocrx_word' id='word_1_17' title='bbox 325 378 497 427; x_wconf 92' lang='lat' dir='ltr'>partem</span> <span class='ocrx_word' id='word_1_18' title='bbox 517 373 657 424; x_wconf 87' lang='lat' dir='ltr'>elegit,</span> <span class='ocrx_word' id='word_1_19' title='bbox 685 385 783 424; x_wconf 81' lang='lat' dir='ltr'>quae</span> <span class='ocrx_word' id='word_1_20' title='bbox 802 384 891 413; x_wconf 92' lang='lat' dir='ltr'>non</span> <span class='ocrx_word' id='word_1_21' title='bbox 911 383 981 412; x_wconf 86' lang='lat' dir='ltr'>au-</span> 
     </span>
     <span class='ocr_line' id='line_1_6' title="bbox 153 428 983 472; baseline -0.005 0"><span class='ocrx_word' id='word_1_22' title='bbox 153 431 316 472; x_wconf 90' lang='lat' dir='ltr'>feretur</span> <span class='ocrx_word' id='word_1_23' title='bbox 336 430 391 472; x_wconf 89' lang='lat' dir='ltr'>ab</span> <span class='ocrx_word' id='word_1_24' title='bbox 412 443 474 472; x_wconf 87' lang='lat' dir='ltr'>ea.</span> <span class='ocrx_word' id='word_1_25' title='bbox 510 429 771 471; x_wconf 84' lang='lat' dir='ltr'><strong>Audivimus</strong></span> <span class='ocrx_word' id='word_1_26' title='bbox 798 428 914 470; x_wconf 92' lang='lat' dir='ltr'>enim</span> <span class='ocrx_word' id='word_1_27' title='bbox 940 432 983 469; x_wconf 89' lang='lat' dir='ltr'>et</span> 
     </span>
     <span class='ocr_line' id='line_1_7' title="bbox 151 485 983 541; baseline -0.005 -12"><span class='ocrx_word' id='word_1_28' title='bbox 151 487 552 541; x_wconf 67' lang='lat' dir='ltr'>interpellationem</span> <span class='ocrx_word' id='word_1_29' title='bbox 575 485 914 539; x_wconf 90' lang='lat' dir='ltr'>interpellantis,</span> <span class='ocrx_word' id='word_1_30' title='bbox 939 489 983 526; x_wconf 87' lang='lat' dir='ltr'>et</span> 
     </span>
     <span class='ocr_line' id='line_1_8' title="bbox 153 541 982 595; baseline -0.005 -10"><span class='ocrx_word' id='word_1_31' title='bbox 153 543 414 586; x_wconf 81' lang='lat' dir='ltr'>sententiam</span> <span class='ocrx_word' id='word_1_32' title='bbox 432 543 597 595; x_wconf 83' lang='lat' dir='ltr'>judicis.</span> <span class='ocrx_word' id='word_1_33' title='bbox 631 544 740 593; x_wconf 85' lang='lat' dir='ltr'>Quae</span> <span class='ocrx_word' id='word_1_34' title='bbox 767 541 982 583; x_wconf 89' lang='lat' dir='ltr'>sententia</span> 
     </span>
     <span class='ocr_line' id='line_1_9' title="bbox 152 599 983 654; baseline -0.006 -11"><span class='ocrx_word' id='word_1_35' title='bbox 152 601 450 654; x_wconf 61' lang='lat' dir='ltr'>interpellanti</span> <span class='ocrx_word' id='word_1_36' title='bbox 468 599 709 653; x_wconf 89' lang='lat' dir='ltr'>respondit,</span> <span class='ocrx_word' id='word_1_37' title='bbox 731 600 983 650; x_wconf 82' lang='lat' dir='ltr'>susceptam</span> 
     </span>
     <span class='ocr_line' id='line_1_10' title="bbox 154 655 983 699; baseline -0.006 0"><span class='ocrx_word' id='word_1_38' title='bbox 154 657 359 699; x_wconf 81' lang='lat' dir='ltr'>defendit.</span> <span class='ocrx_word' id='word_1_39' title='bbox 393 657 500 698; x_wconf 85' lang='lat' dir='ltr'>Erat</span> <span class='ocrx_word' id='word_1_40' title='bbox 525 656 639 698; x_wconf 91' lang='lat' dir='ltr'>enim</span> <span class='ocrx_word' id='word_1_41' title='bbox 659 656 797 697; x_wconf 89' lang='lat' dir='ltr'>Maria</span> <span class='ocrx_word' id='word_1_42' title='bbox 816 655 983 696; x_wconf 86' lang='lat' dir='ltr'>intenta</span> 
     </span>
     <span class='ocr_line' id='line_1_11' title="bbox 154 712 983 756; baseline -0.005 -1"><span class='ocrx_word' id='word_1_43' title='bbox 154 713 377 756; x_wconf 88' lang='lat' dir='ltr'>dulcedini</span> <span class='ocrx_word' id='word_1_44' title='bbox 410 713 535 756; x_wconf 92' lang='lat' dir='ltr'>verbi</span> <span class='ocrx_word' id='word_1_45' title='bbox 566 712 756 755; x_wconf 91' lang='lat' dir='ltr'>Domini.</span> <span class='ocrx_word' id='word_1_46' title='bbox 808 712 983 752; x_wconf 91' lang='lat' dir='ltr'>Intenta</span> 
     </span>
     <span class='ocr_line' id='line_1_12' title="bbox 154 769 983 823; baseline -0.004 -11"><span class='ocrx_word' id='word_1_47' title='bbox 154 776 248 812; x_wconf 89' lang='lat' dir='ltr'>erat</span> <span class='ocrx_word' id='word_1_48' title='bbox 287 770 461 813; x_wconf 84' lang='lat' dir='ltr'>Martha</span> <span class='ocrx_word' id='word_1_49' title='bbox 508 769 732 823; x_wconf 78' lang='lat' dir='ltr'>quemodo</span> <span class='ocrx_word' id='word_1_50' title='bbox 778 771 983 822; x_wconf 88' lang='lat' dir='ltr'>pasceret</span> 
     </span>
     <span class='ocr_line' id='line_1_13' title="bbox 152 825 981 878; baseline -0.004 -9"><span class='ocrx_word' id='word_1_51' title='bbox 152 828 403 869; x_wconf 89' lang='lat' dir='ltr'>Dominum:</span> <span class='ocrx_word' id='word_1_52' title='bbox 422 828 589 869; x_wconf 88' lang='lat' dir='ltr'>intenta</span> <span class='ocrx_word' id='word_1_53' title='bbox 603 827 741 868; x_wconf 90' lang='lat' dir='ltr'>Maria</span> <span class='ocrx_word' id='word_1_54' title='bbox 757 825 981 878; x_wconf 78' lang='lat' dir='ltr'>quemodo</span> 
     </span>
     <span class='ocr_line' id='line_1_14' title="bbox 152 881 983 938; baseline -0.005 -12"><span class='ocrx_word' id='word_1_55' title='bbox 152 886 408 938; x_wconf 86' lang='lat' dir='ltr'>pasceretur</span> <span class='ocrx_word' id='word_1_56' title='bbox 438 897 463 925; x_wconf 90' lang='lat' dir='ltr'>a</span> <span class='ocrx_word' id='word_1_57' title='bbox 492 884 696 925; x_wconf 92' lang='lat' dir='ltr'>Domino.</span> <span class='ocrx_word' id='word_1_58' title='bbox 743 883 784 923; x_wconf 93' lang='lat' dir='ltr'><strong>A</strong></span> <span class='ocrx_word' id='word_1_59' title='bbox 810 881 983 924; x_wconf 88' lang='lat' dir='ltr'>Martha</span> 
     </span>
     <span class='ocr_line' id='line_1_15' title="bbox 152 939 980 993; baseline -0.006 -10"><span class='ocrx_word' id='word_1_60' title='bbox 152 942 402 991; x_wconf 88' lang='lat' dir='ltr'>convivium</span> <span class='ocrx_word' id='word_1_61' title='bbox 429 941 621 982; x_wconf 91' lang='lat' dir='ltr'>Domino</span> <span class='ocrx_word' id='word_1_62' title='bbox 649 939 908 993; x_wconf 91' lang='lat' dir='ltr'>parabatur,</span> <span class='ocrx_word' id='word_1_63' title='bbox 936 939 980 979; x_wconf 93' lang='lat' dir='ltr'>in</span> 
     </span>
     <span class='ocr_line' id='line_1_16' title="bbox 153 995 983 1050; baseline -0.005 -10"><span class='ocrx_word' id='word_1_64' title='bbox 153 999 274 1050; x_wconf 90' lang='lat' dir='ltr'>cujus</span> <span class='ocrx_word' id='word_1_65' title='bbox 294 997 496 1040; x_wconf 91' lang='lat' dir='ltr'>convivio</span> <span class='ocrx_word' id='word_1_66' title='bbox 518 997 658 1039; x_wconf 89' lang='lat' dir='ltr'>Maria</span> <span class='ocrx_word' id='word_1_67' title='bbox 675 997 760 1050; x_wconf 90' lang='lat' dir='ltr'>jam</span> <span class='ocrx_word' id='word_1_68' title='bbox 779 995 983 1049; x_wconf 89' lang='lat' dir='ltr'>jucunda-</span> 
     </span>
     <span class='ocr_line' id='line_1_17' title="bbox 152 1054 294 1097; baseline -0.007 0"><span class='ocrx_word' id='word_1_69' title='bbox 152 1054 294 1097; x_wconf 72' lang='lat' dir='ltr'>batur.</span> 
     </span>
    </p>
   </div>
   <div class='ocr_carea' id='block_1_5' title="bbox 153 1115 985 1612">
    <p class='ocr_par' dir='ltr' id='par_1_5' title="bbox 153 1115 985 1612">
     <span class='ocr_line' id='line_1_18' title="bbox 206 1115 983 1168; baseline 0 -13"><span class='ocrx_word' id='word_1_70' title='bbox 206 1117 256 1168; x_wconf 68' lang='lat' dir='ltr'>R.</span> <span class='ocrx_word' id='word_1_71' title='bbox 290 1117 430 1158; x_wconf 86' lang='lat' dir='ltr'>Beata</span> <span class='ocrx_word' id='word_1_72' title='bbox 466 1129 512 1157; x_wconf 91' lang='lat' dir='ltr'>es</span> <span class='ocrx_word' id='word_1_73' title='bbox 540 1115 680 1167; x_wconf 90' lang='lat' dir='ltr'>Virgo</span> <span class='ocrx_word' id='word_1_74' title='bbox 711 1115 867 1164; x_wconf 90' lang='lat' dir='ltr'>Maria,</span> <span class='ocrx_word' id='word_1_75' title='bbox 899 1115 983 1156; x_wconf 91' lang='lat' dir='ltr'>Dei</span> 
     </span>
     <span class='ocr_line' id='line_1_19' title="bbox 154 1171 983 1225; baseline -0.002 -11"><span class='ocrx_word' id='word_1_76' title='bbox 154 1173 371 1224; x_wconf 85' lang='lat' dir='ltr'>Genitrix,</span> <span class='ocrx_word' id='word_1_77' title='bbox 397 1185 497 1225; x_wconf 87' lang='lat' dir='ltr'>quae</span> <span class='ocrx_word' id='word_1_78' title='bbox 524 1171 752 1215; x_wconf 83' lang='lat' dir='ltr'>credidisti</span> <span class='ocrx_word' id='word_1_79' title='bbox 773 1172 983 1213; x_wconf 91' lang='lat' dir='ltr'>Domino:</span> 
     </span>
     <span class='ocr_line' id='line_1_20' title="bbox 153 1228 984 1282; baseline -0.002 -10"><span class='ocrx_word' id='word_1_80' title='bbox 153 1230 350 1282; x_wconf 87' lang='lat' dir='ltr'>perfecta</span> <span class='ocrx_word' id='word_1_81' title='bbox 375 1235 476 1272; x_wconf 90' lang='lat' dir='ltr'>sunt</span> <span class='ocrx_word' id='word_1_82' title='bbox 497 1230 541 1270; x_wconf 93' lang='lat' dir='ltr'>in</span> <span class='ocrx_word' id='word_1_83' title='bbox 562 1234 606 1271; x_wconf 88' lang='lat' dir='ltr'>te</span> <span class='ocrx_word' id='word_1_84' title='bbox 627 1242 726 1281; x_wconf 87' lang='lat' dir='ltr'>quae</span> <span class='ocrx_word' id='word_1_85' title='bbox 746 1228 864 1271; x_wconf 89' lang='lat' dir='ltr'>dicta</span> <span class='ocrx_word' id='word_1_86' title='bbox 884 1234 984 1270; x_wconf 90' lang='lat' dir='ltr'>sunt</span> 
     </span>
     <span class='ocr_line' id='line_1_21' title="bbox 153 1285 984 1339; baseline -0.002 -11"><span class='ocrx_word' id='word_1_87' title='bbox 153 1286 252 1328; x_wconf 87' lang='lat' dir='ltr'>tibi:</span> <span class='ocrx_word' id='word_1_88' title='bbox 272 1300 374 1328; x_wconf 86' lang='lat' dir='ltr'>ecce</span> <span class='ocrx_word' id='word_1_89' title='bbox 395 1287 588 1329; x_wconf 82' lang='lat' dir='ltr'>exaltata</span> <span class='ocrx_word' id='word_1_90' title='bbox 608 1299 655 1327; x_wconf 88' lang='lat' dir='ltr'>es</span> <span class='ocrx_word' id='word_1_91' title='bbox 674 1298 808 1339; x_wconf 92' lang='lat' dir='ltr'>super</span> <span class='ocrx_word' id='word_1_92' title='bbox 823 1285 984 1327; x_wconf 91' lang='lat' dir='ltr'>choros</span> 
     </span>
     <span class='ocr_line' id='line_1_22' title="bbox 154 1341 985 1395; baseline -0.001 -11"><span class='ocrx_word' id='word_1_93' title='bbox 154 1343 442 1394; x_wconf 85' lang='lat' dir='ltr'>Angelorum:</span> <span class='ocrx_word' id='word_1_94' title='bbox 462 1341 484 1365; x_wconf 85' lang='lat'>*</span> <span class='ocrx_word' id='word_1_95' title='bbox 505 1342 736 1385; x_wconf 85' lang='lat' dir='ltr'>Intercede</span> <span class='ocrx_word' id='word_1_96' title='bbox 755 1355 837 1395; x_wconf 93' lang='lat' dir='ltr'>pro</span> <span class='ocrx_word' id='word_1_97' title='bbox 857 1342 985 1384; x_wconf 92' lang='lat' dir='ltr'>nobis</span> 
     </span>
     <span class='ocr_line' id='line_1_23' title="bbox 156 1392 985 1443; baseline 0 -2"><span class='ocrx_word' id='word_1_98' title='bbox 156 1400 213 1442; x_wconf 90' lang='lat' dir='ltr'>ad</span> <span class='ocrx_word' id='word_1_99' title='bbox 239 1401 356 1442; x_wconf 78' lang='lat' dir='ltr'>Dfim</span> <span class='ocrx_word' id='word_1_100' title='bbox 383 1401 528 1442; x_wconf 89' lang='lat' dir='ltr'>Deum</span> <span class='ocrx_word' id='word_1_101' title='bbox 554 1405 767 1442; x_wconf 91' lang='lat' dir='ltr'>nostrum.</span> <span class='ocrx_word' id='word_1_102' title='bbox 809 1392 860 1443; x_wconf 68' lang='lat' dir='ltr'>V.</span> <span class='ocrx_word' id='word_1_103' title='bbox 888 1400 985 1441; x_wconf 89' lang='lat' dir='ltr'>Ave</span> 
     </span>
     <span class='ocr_line' id='line_1_24' title="bbox 155 1456 985 1510; baseline -0.001 -12"><span class='ocrx_word' id='word_1_104' title='bbox 155 1457 311 1507; x_wconf 90' lang='lat' dir='ltr'>Maria,</span> <span class='ocrx_word' id='word_1_105' title='bbox 343 1457 483 1508; x_wconf 88' lang='lat' dir='ltr'>gratia</span> <span class='ocrx_word' id='word_1_106' title='bbox 507 1457 655 1510; x_wconf 90' lang='lat' dir='ltr'>plena,</span> <span class='ocrx_word' id='word_1_107' title='bbox 683 1456 899 1498; x_wconf 90' lang='lat' dir='ltr'>Dominus</span> <span class='ocrx_word' id='word_1_108' title='bbox 925 1461 985 1498; x_wconf 92' lang='lat' dir='ltr'>te-</span> 
     </span>
     <span class='ocr_line' id='line_1_25' title="bbox 156 1513 985 1556; baseline -0.002 -1"><span class='ocrx_word' id='word_1_109' title='bbox 156 1526 266 1555; x_wconf 91' lang='lat' dir='ltr'>cum.</span> <span class='ocrx_word' id='word_1_110' title='bbox 299 1513 541 1556; x_wconf 90' lang='lat' dir='ltr'>Intercede.</span> <span class='ocrx_word' id='word_1_111' title='bbox 578 1513 730 1554; x_wconf 91' lang='lat' dir='ltr'>Gloria</span> <span class='ocrx_word' id='word_1_112' title='bbox 753 1513 884 1555; x_wconf 89' lang='lat' dir='ltr'>Patri.</span> <span class='ocrx_word' id='word_1_113' title='bbox 918 1513 985 1554; x_wconf 94' lang='lat' dir='ltr'>In-</span> 
     </span>
     <span class='ocr_line' id='line_1_26' title="bbox 155 1570 344 1612; baseline 0 0"><span class='ocrx_word' id='word_1_114' title='bbox 155 1570 344 1612; x_wconf 90' lang='lat' dir='ltr'>tercede.</span> 
     </span>
    </p>
   </div>
   <div class='ocr_carea' id='block_1_6' title="bbox 391 1633 681 1674">
    <p class='ocr_par' dir='ltr' id='par_1_6' title="bbox 391 1633 681 1674">
     <span class='ocr_line' id='line_1_27' title="bbox 391 1633 681 1674; baseline -0.003 0"><span class='ocrx_word' id='word_1_115' title='bbox 391 1639 395 1644; x_wconf 86' lang='grc'><strong>’</strong></span> <span class='ocrx_word' id='word_1_116' title='bbox 453 1633 607 1674; x_wconf 85' lang='lat' dir='ltr'>Lectio</span> <span class='ocrx_word' id='word_1_117' title='bbox 627 1633 681 1673; x_wconf 82' lang='lat' dir='ltr'>ix.</span> 
     </span>
    </p>
   </div>
   <div class='ocr_carea' id='block_1_7' title="bbox 155 1690 988 2037">
    <p class='ocr_par' dir='ltr' id='par_1_7' title="bbox 155 1690 988 2037">
     <span class='ocr_line' id='line_1_28' title="bbox 156 1690 987 1799; baseline -0.004 -56"><span class='ocrx_word' id='word_1_118' title='bbox 156 1690 308 1799; x_wconf 83' lang='lat' dir='ltr'>Cum</span> <span class='ocrx_word' id='word_1_119' title='bbox 327 1714 432 1753; x_wconf 86' lang='lat' dir='ltr'>ergo</span> <span class='ocrx_word' id='word_1_120' title='bbox 447 1702 585 1743; x_wconf 86' lang='lat' dir='ltr'>Maria</span> <span class='ocrx_word' id='word_1_121' title='bbox 605 1701 798 1743; x_wconf 77' lang='lat' dir='ltr'>suaviter</span> <span class='ocrx_word' id='word_1_122' title='bbox 815 1699 987 1742; x_wconf 88' lang='lat' dir='ltr'>audiret</span> 
     </span>
     <span class='ocr_line' id='line_1_29' title="bbox 246 1755 986 1808; baseline -0.004 -8"><span class='ocrx_word' id='word_1_123' title='bbox 246 1757 431 1800; x_wconf 87' lang='lat' dir='ltr'>verbum</span> <span class='ocrx_word' id='word_1_124' title='bbox 450 1757 768 1808; x_wconf 88' lang='lat' dir='ltr'>dulcissimum,</span> <span class='ocrx_word' id='word_1_125' title='bbox 788 1762 833 1799; x_wconf 87' lang='lat' dir='ltr'>et</span> <span class='ocrx_word' id='word_1_126' title='bbox 851 1755 986 1798; x_wconf 87' lang='lat' dir='ltr'>corde</span> 
     </span>
     <span class='ocr_line' id='line_1_30' title="bbox 155 1812 986 1868; baseline 0.001 -12"><span class='ocrx_word' id='word_1_127' title='bbox 155 1814 445 1857; x_wconf 87' lang='lat' dir='ltr'>intentissimo</span> <span class='ocrx_word' id='word_1_128' title='bbox 473 1817 747 1868; x_wconf 88' lang='lat' dir='ltr'>pasceretur,</span> <span class='ocrx_word' id='word_1_129' title='bbox 781 1812 986 1866; x_wconf 85' lang='lat' dir='ltr'>interpel-</span> 
     </span>
     <span class='ocr_line' id='line_1_31' title="bbox 156 1870 986 1923; baseline -0.001 -11"><span class='ocrx_word' id='word_1_130' title='bbox 156 1870 249 1912; x_wconf 82' lang='lat' dir='ltr'>lato</span> <span class='ocrx_word' id='word_1_131' title='bbox 268 1872 460 1914; x_wconf 93' lang='lat' dir='ltr'>Domino</span> <span class='ocrx_word' id='word_1_132' title='bbox 480 1885 505 1913; x_wconf 91' lang='lat' dir='ltr'>a</span> <span class='ocrx_word' id='word_1_133' title='bbox 525 1874 675 1914; x_wconf 90' lang='lat' dir='ltr'>sorore</span> <span class='ocrx_word' id='word_1_134' title='bbox 695 1884 785 1921; x_wconf 92' lang='lat' dir='ltr'>sua,</span> <span class='ocrx_word' id='word_1_135' title='bbox 806 1872 986 1923; x_wconf 93' lang='lat' dir='ltr'>quomo—</span> 
     </span>
     <span class='ocr_line' id='line_1_32' title="bbox 159 1926 986 1981; baseline -0.004 -12"><span class='ocrx_word' id='word_1_136' title='bbox 159 1927 216 1969; x_wconf 95' lang='lat' dir='ltr'>do</span> <span class='ocrx_word' id='word_1_137' title='bbox 242 1931 450 1981; x_wconf 91' lang='lat' dir='ltr'>putamus</span> <span class='ocrx_word' id='word_1_138' title='bbox 476 1941 572 1971; x_wconf 87' lang='lat' dir='ltr'>earn</span> <span class='ocrx_word' id='word_1_139' title='bbox 598 1929 812 1978; x_wconf 87' lang='lat' dir='ltr'>timuisse,</span> <span class='ocrx_word' id='word_1_140' title='bbox 845 1939 900 1968; x_wconf 88' lang='lat' dir='ltr'>ne</span> <span class='ocrx_word' id='word_1_141' title='bbox 926 1926 986 1967; x_wconf 91' lang='lat' dir='ltr'>di-</span> 
     </span>
     <span class='ocr_line' id='line_1_33' title="bbox 160 1982 988 2037; baseline -0.002 -12"><span class='ocrx_word' id='word_1_142' title='bbox 160 1989 278 2026; x_wconf 89' lang='lat' dir='ltr'>ceret</span> <span class='ocrx_word' id='word_1_143' title='bbox 298 1985 338 2026; x_wconf 90' lang='lat' dir='ltr'>ei</span> <span class='ocrx_word' id='word_1_144' title='bbox 351 1985 581 2027; x_wconf 89' lang='lat' dir='ltr'>Dominus:</span> <span class='ocrx_word' id='word_1_145' title='bbox 601 1986 749 2037; x_wconf 87' lang='lat' dir='ltr'>Surge,</span> <span class='ocrx_word' id='word_1_146' title='bbox 769 1989 813 2026; x_wconf 89' lang='lat' dir='ltr'>et</span> <span class='ocrx_word' id='word_1_147' title='bbox 831 1982 988 2036; x_wconf 83' lang='lat' dir='ltr'>adjuva</span> 
     </span>
    </p>
   </div>
   <div class='ocr_carea' id='block_1_8' title="bbox 59 2039 987 2093">
    <p class='ocr_par' dir='ltr' id='par_1_8' title="bbox 59 2039 987 2093">
     <span class='ocr_line' id='line_1_34' title="bbox 59 2039 987 2093; baseline -0.002 -12"><span class='ocrx_word' id='word_1_148' title='bbox 59 2049 62 2053; x_wconf 88' lang='grc'><em>·</em></span> <span class='ocrx_word' id='word_1_149' title='bbox 141 2043 360 2093; x_wconf 68' lang='lat' dir='ltr'>¹sororem</span> <span class='ocrx_word' id='word_1_150' title='bbox 385 2041 529 2083; x_wconf 85' lang='lat' dir='ltr'>tuam?</span> <span class='ocrx_word' id='word_1_151' title='bbox 567 2042 678 2083; x_wconf 90' lang='lat' dir='ltr'>Mira</span> <span class='ocrx_word' id='word_1_152' title='bbox 707 2041 821 2083; x_wconf 90' lang='lat' dir='ltr'>enim</span> <span class='ocrx_word' id='word_1_153' title='bbox 848 2039 987 2081; x_wconf 91' lang='lat' dir='ltr'>suavi-</span> 
     </span>
    </p>
   </div>
   <div class='ocr_carea' id='block_1_9' title="bbox 159 2097 991 2483">
    <p class='ocr_par' dir='ltr' id='par_1_9' title="bbox 159 2097 991 2432">
     <span class='ocr_line' id='line_1_35' title="bbox 159 2097 988 2152; baseline -0.002 -14"><span class='ocrx_word' id='word_1_154' title='bbox 159 2099 251 2138; x_wconf 89' lang='lat' dir='ltr'>tate</span> <span class='ocrx_word' id='word_1_155' title='bbox 275 2097 520 2139; x_wconf 91' lang='lat' dir='ltr'>tenebatur:</span> <span class='ocrx_word' id='word_1_156' title='bbox 550 2111 649 2151; x_wconf 89' lang='lat' dir='ltr'>quae</span> <span class='ocrx_word' id='word_1_157' title='bbox 674 2098 877 2152; x_wconf 91' lang='lat' dir='ltr'>profecto</span> <span class='ocrx_word' id='word_1_158' title='bbox 901 2108 988 2136; x_wconf 90' lang='lat' dir='ltr'>ma-</span> 
     </span>
     <span class='ocr_line' id='line_1_36' title="bbox 160 2152 987 2207; baseline -0.004 -12"><span class='ocrx_word' id='word_1_159' title='bbox 160 2154 226 2205; x_wconf 89' lang='lat' dir='ltr'>jor</span> <span class='ocrx_word' id='word_1_160' title='bbox 251 2159 318 2196; x_wconf 89' lang='lat' dir='ltr'>est</span> <span class='ocrx_word' id='word_1_161' title='bbox 344 2155 503 2196; x_wconf 88' lang='lat' dir='ltr'>mentis</span> <span class='ocrx_word' id='word_1_162' title='bbox 531 2168 663 2207; x_wconf 86' lang='lat' dir='ltr'>quam</span> <span class='ocrx_word' id='word_1_163' title='bbox 686 2154 863 2196; x_wconf 75' lang='lat' dir='ltr'>ventris</span> <span class='ocrx_word' id='word_1_164' title='bbox 904 2152 987 2193; x_wconf 81' lang='lat' dir='ltr'>Ex-</span> 
     </span>
     <span class='ocr_line' id='line_1_37' title="bbox 162 2210 988 2261; baseline -0.001 -10"><span class='ocrx_word' id='word_1_165' title='bbox 162 2212 314 2252; x_wconf 91' lang='lat' dir='ltr'>cusata</span> <span class='ocrx_word' id='word_1_166' title='bbox 334 2215 410 2261; x_wconf 90' lang='lat' dir='ltr'>est,</span> <span class='ocrx_word' id='word_1_167' title='bbox 431 2210 545 2254; x_wconf 82' lang='lat' dir='ltr'>sedit</span> <span class='ocrx_word' id='word_1_168' title='bbox 564 2213 770 2254; x_wconf 81' lang='lat' dir='ltr'>securior.</span> <span class='ocrx_word' id='word_1_169' title='bbox 798 2211 988 2261; x_wconf 92' lang='lat' dir='ltr'>Quomo-</span> 
     </span>
     <span class='ocr_line' id='line_1_38' title="bbox 163 2265 990 2324; baseline -0.004 -16"><span class='ocrx_word' id='word_1_170' title='bbox 163 2265 221 2308; x_wconf 92' lang='lat' dir='ltr'>do</span> <span class='ocrx_word' id='word_1_171' title='bbox 246 2271 394 2308; x_wconf 86' lang='lat' dir='ltr'>autem</span> <span class='ocrx_word' id='word_1_172' title='bbox 419 2267 652 2324; x_wconf 80' lang='lat' dir='ltr'>excusata?</span> <span class='ocrx_word' id='word_1_173' title='bbox 682 2265 990 2312; x_wconf 77' lang='lat' dir='ltr'>Attendamus,</span> 
     </span>
     <span class='ocr_line' id='line_1_39' title="bbox 162 2320 991 2376; baseline -0.001 -13"><span class='ocrx_word' id='word_1_174' title='bbox 162 2323 459 2376; x_wconf 86' lang='lat' dir='ltr'>inspiciamus,</span> <span class='ocrx_word' id='word_1_175' title='bbox 503 2326 831 2376; x_wconf 87' lang='lat' dir='ltr'>perscrutemur</span> <span class='ocrx_word' id='word_1_176' title='bbox 870 2320 991 2374; x_wconf 92' lang='lat' dir='ltr'>quod</span> 
     </span>
     <span class='ocr_line' id='line_1_40' title="bbox 162 2381 899 2432; baseline -0.003 -12"><span class='ocrx_word' id='word_1_177' title='bbox 162 2381 408 2432; x_wconf 92' lang='lat' dir='ltr'>possumus,</span> <span class='ocrx_word' id='word_1_178' title='bbox 428 2385 476 2421; x_wconf 89' lang='lat' dir='ltr'>ut</span> <span class='ocrx_word' id='word_1_179' title='bbox 494 2383 726 2432; x_wconf 87' lang='lat' dir='ltr'>pascamur</span> <span class='ocrx_word' id='word_1_180' title='bbox 746 2385 790 2422; x_wconf 89' lang='lat' dir='ltr'>et</span> <span class='ocrx_word' id='word_1_181' title='bbox 806 2391 899 2421; x_wconf 93' lang='lat' dir='ltr'>nos.</span> 
     </span>
    </p>

    <p class='ocr_par' dir='ltr' id='par_1_10' title="bbox 216 2440 776 2483">
     <span class='ocr_line' id='line_1_41' title="bbox 216 2440 776 2483; baseline 0 -2"><span class='ocrx_word' id='word_1_182' title='bbox 216 2441 279 2481; x_wconf 91' lang='lat' dir='ltr'>Te</span> <span class='ocrx_word' id='word_1_183' title='bbox 298 2440 440 2482; x_wconf 92' lang='lat' dir='ltr'>Deum</span> <span class='ocrx_word' id='word_1_184' title='bbox 460 2440 700 2483; x_wconf 90' lang='lat' dir='ltr'>laudamus.</span> <span class='ocrx_word' id='word_1_185' title='bbox 718 2441 776 2482; x_wconf 91' lang='lat'>13.</span> 
     </span>
    </p>
   </div>
   <div class='ocr_carea' id='block_1_10' title="bbox 430 2522 724 2565">
    <p class='ocr_par' dir='ltr' id='par_1_11' title="bbox 430 2522 724 2565">
     <span class='ocr_line' id='line_1_42' title="bbox 430 2522 724 2565; baseline 0.003 -2"><span class='ocrx_word' id='word_1_186' title='bbox 430 2522 510 2563; x_wconf 87' lang='lat' dir='ltr'>Ad</span> <span class='ocrx_word' id='word_1_187' title='bbox 526 2523 724 2565; x_wconf 84' lang='lat' dir='ltr'>Laudes</span> 
     </span>
    </p>
   </div>
   <div class='ocr_carea' id='block_1_11' title="bbox 369 2580 784 2622">
    <p class='ocr_par' dir='ltr' id='par_1_12' title="bbox 369 2580 784 2622">
     <span class='ocr_line' id='line_1_43' title="bbox 369 2580 784 2622; baseline 0.002 -8"><span class='ocrx_word' id='word_1_188' title='bbox 369 2584 418 2614; x_wconf 88' lang='lat' dir='ltr'>et</span> <span class='ocrx_word' id='word_1_189' title='bbox 456 2590 553 2622; x_wconf 90' lang='lat' dir='ltr'>per</span> <span class='ocrx_word' id='word_1_190' title='bbox 588 2580 784 2615; x_wconf 83' lang='lat' dir='ltr'>Horas.</span> 
     </span>
    </p>
   </div>
   <div class='ocr_carea' id='block_1_12' title="bbox 215 2638 994 2692">
    <p class='ocr_par' dir='ltr' id='par_1_13' title="bbox 215 2638 994 2692">
     <span class='ocr_line' id='line_1_44' title="bbox 215 2638 994 2692; baseline -0.001 -12"><span class='ocrx_word' id='word_1_191' title='bbox 215 2640 313 2681; x_wconf 90' lang='lat' dir='ltr'>Ant.</span> <span class='ocrx_word' id='word_1_192' title='bbox 339 2641 367 2679; x_wconf 87' lang='lat'>1.</span> <span class='ocrx_word' id='word_1_193' title='bbox 397 2640 637 2692; x_wconf 81' lang='lat' dir='ltr'>Assumpta</span> <span class='ocrx_word' id='word_1_194' title='bbox 661 2645 728 2682; x_wconf 88' lang='lat' dir='ltr'>est</span> <span class='ocrx_word' id='word_1_195' title='bbox 746 2641 770 2667; x_wconf 88' lang='lat'>*</span> <span class='ocrx_word' id='word_1_196' title='bbox 788 2639 927 2680; x_wconf 90' lang='lat' dir='ltr'>Maria</span> <span class='ocrx_word' id='word_1_197' title='bbox 949 2638 994 2679; x_wconf 91' lang='lat' dir='ltr'>in</span> 
     </span>
    </p>
   </div>
   <div class='ocr_carea' id='block_1_13' title="bbox 1035 313 1871 1039">
    <p class='ocr_par' dir='ltr' id='par_1_14' title="bbox 1089 313 1702 364">
     <span class='ocr_line' id='line_1_45' title="bbox 1089 313 1702 364; baseline -0.003 -7"><span class='ocrx_word' id='word_1_198' title='bbox 1089 317 1158 357; x_wconf 89' lang='lat' dir='ltr'>Ps.</span> <span class='ocrx_word' id='word_1_199' title='bbox 1177 313 1394 355; x_wconf 92' lang='lat' dir='ltr'>Dominus</span> <span class='ocrx_word' id='word_1_200' title='bbox 1414 313 1624 364; x_wconf 84' lang='lat' dir='ltr'>regnavit.</span> <span class='ocrx_word' id='word_1_201' title='bbox 1643 314 1702 355; x_wconf 88' lang='lat'>14.</span> 
     </span>
    </p>

    <p class='ocr_par' dir='ltr' id='par_1_15' title="bbox 1036 370 1869 536">
     <span class='ocr_line' id='line_1_46' title="bbox 1089 370 1869 425; baseline 0.004 -14"><span class='ocrx_word' id='word_1_202' title='bbox 1089 373 1126 411; x_wconf 86' lang='lat'>2.</span> <span class='ocrx_word' id='word_1_203' title='bbox 1159 371 1297 411; x_wconf 85' lang='lat' dir='ltr'>Maria</span> <span class='ocrx_word' id='word_1_204' title='bbox 1323 370 1463 421; x_wconf 90' lang='lat' dir='ltr'>Virgo</span> <span class='ocrx_word' id='word_1_205' title='bbox 1493 371 1515 395; x_wconf 84' lang='lat'>*</span> <span class='ocrx_word' id='word_1_206' title='bbox 1544 374 1772 425; x_wconf 82' lang='lat' dir='ltr'>assumpta</span> <span class='ocrx_word' id='word_1_207' title='bbox 1803 378 1869 414; x_wconf 91' lang='lat' dir='ltr'>est</span> 
     </span>
     <span class='ocr_line' id='line_1_47' title="bbox 1036 426 1868 482; baseline 0.004 -14"><span class='ocrx_word' id='word_1_208' title='bbox 1036 426 1094 469; x_wconf 89' lang='lat' dir='ltr'>ad</span> <span class='ocrx_word' id='word_1_209' title='bbox 1127 427 1368 470; x_wconf 86' lang='lat' dir='ltr'>aethereum</span> <span class='ocrx_word' id='word_1_210' title='bbox 1403 426 1661 478; x_wconf 84' lang='lat' dir='ltr'>thalamum,</span> <span class='ocrx_word' id='word_1_211' title='bbox 1702 429 1746 469; x_wconf 94' lang='lat' dir='ltr'>in</span> <span class='ocrx_word' id='word_1_212' title='bbox 1781 442 1868 482; x_wconf 93' lang='lat' dir='ltr'>quo</span> 
     </span>
     <span class='ocr_line' id='line_1_48' title="bbox 1037 483 1795 536; baseline 0.003 -12"><span class='ocrx_word' id='word_1_213' title='bbox 1037 484 1137 526; x_wconf 82' lang='lat' dir='ltr'>Rex</span> <span class='ocrx_word' id='word_1_214' title='bbox 1156 497 1308 536; x_wconf 88' lang='lat' dir='ltr'>regum</span> <span class='ocrx_word' id='word_1_215' title='bbox 1329 483 1504 526; x_wconf 88' lang='lat' dir='ltr'>stellato</span> <span class='ocrx_word' id='word_1_216' title='bbox 1526 485 1652 526; x_wconf 86' lang='lat' dir='ltr'>sedet</span> <span class='ocrx_word' id='word_1_217' title='bbox 1671 486 1795 527; x_wconf 90' lang='lat' dir='ltr'>solio.</span> 
     </span>
    </p>

    <p class='ocr_par' dir='ltr' id='par_1_16' title="bbox 1035 540 1870 697">
     <span class='ocr_line' id='line_1_49' title="bbox 1088 540 1870 593; baseline 0.001 -10"><span class='ocrx_word' id='word_1_218' title='bbox 1088 544 1128 583; x_wconf 70' lang='lat'>32</span> <span class='ocrx_word' id='word_1_219' title='bbox 1172 543 1220 583; x_wconf 89' lang='lat' dir='ltr'>In</span> <span class='ocrx_word' id='word_1_220' title='bbox 1265 540 1449 582; x_wconf 91' lang='lat' dir='ltr'>odorem</span> <span class='ocrx_word' id='word_1_221' title='bbox 1486 543 1509 567; x_wconf 89' lang='lat'>*</span> <span class='ocrx_word' id='word_1_222' title='bbox 1546 545 1870 593; x_wconf 88' lang='lat' dir='ltr'>unguentorum</span> 
     </span>
     <span class='ocr_line' id='line_1_50' title="bbox 1035 597 1869 641; baseline 0.001 -2"><span class='ocrx_word' id='word_1_223' title='bbox 1035 599 1214 639; x_wconf 92' lang='lat' dir='ltr'>tuorum</span> <span class='ocrx_word' id='word_1_224' title='bbox 1252 598 1481 640; x_wconf 81' lang='lat' dir='ltr'>currimus:</span> <span class='ocrx_word' id='word_1_225' title='bbox 1523 597 1869 641; x_wconf 76' lang='lat' dir='ltr'>adolescentulae</span> 
     </span>
     <span class='ocr_line' id='line_1_51' title="bbox 1037 653 1504 697; baseline -0.002 -2"><span class='ocrx_word' id='word_1_226' title='bbox 1037 653 1284 697; x_wconf 84' lang='lat' dir='ltr'>dilexerunt</span> <span class='ocrx_word' id='word_1_227' title='bbox 1303 659 1347 696; x_wconf 85' lang='lat' dir='ltr'>te</span> <span class='ocrx_word' id='word_1_228' title='bbox 1366 654 1504 695; x_wconf 90' lang='lat' dir='ltr'>nimis.</span> 
     </span>
    </p>

    <p class='ocr_par' dir='ltr' id='par_1_17' title="bbox 1036 711 1869 867">
     <span class='ocr_line' id='line_1_52' title="bbox 1090 711 1869 755; baseline -0.003 0"><span class='ocrx_word' id='word_1_229' title='bbox 1090 716 1127 755; x_wconf 83' lang='lat'>4.</span> <span class='ocrx_word' id='word_1_230' title='bbox 1148 711 1388 754; x_wconf 86' lang='lat' dir='ltr'>Benedicta</span> <span class='ocrx_word' id='word_1_231' title='bbox 1407 711 1498 753; x_wconf 88' lang='lat' dir='ltr'>filia</span> <span class='ocrx_word' id='word_1_232' title='bbox 1513 712 1535 736; x_wconf 87' lang='lat'>*</span> <span class='ocrx_word' id='word_1_233' title='bbox 1551 716 1599 753; x_wconf 95' lang='lat' dir='ltr'>tu</span> <span class='ocrx_word' id='word_1_234' title='bbox 1619 725 1644 754; x_wconf 86' lang='lat' dir='ltr'>a</span> <span class='ocrx_word' id='word_1_235' title='bbox 1662 712 1869 754; x_wconf 85' lang='lat' dir='ltr'>Domino:</span> 
     </span>
     <span class='ocr_line' id='line_1_53' title="bbox 1038 769 1869 822; baseline 0.002 -13"><span class='ocrx_word' id='word_1_236' title='bbox 1038 769 1140 820; x_wconf 90' lang='lat' dir='ltr'>quia</span> <span class='ocrx_word' id='word_1_237' title='bbox 1165 782 1245 822; x_wconf 87' lang='lat' dir='ltr'>per</span> <span class='ocrx_word' id='word_1_238' title='bbox 1268 774 1313 811; x_wconf 88' lang='lat' dir='ltr'>te</span> <span class='ocrx_word' id='word_1_239' title='bbox 1337 769 1528 810; x_wconf 90' lang='lat' dir='ltr'>fructum</span> <span class='ocrx_word' id='word_1_240' title='bbox 1548 769 1650 811; x_wconf 87' lang='lat' dir='ltr'>vitae</span> <span class='ocrx_word' id='word_1_241' title='bbox 1677 783 1869 812; x_wconf 92' lang='lat' dir='ltr'>commu-</span> 
     </span>
     <span class='ocr_line' id='line_1_54' title="bbox 1036 838 1288 867; baseline 0.008 -2"><span class='ocrx_word' id='word_1_242' title='bbox 1036 838 1288 867; x_wconf 76' lang='lat' dir='ltr'>mcavlmus.</span> 
     </span>
    </p>

    <p class='ocr_par' dir='ltr' id='par_1_18' title="bbox 1037 882 1871 1039">
     <span class='ocr_line' id='line_1_55' title="bbox 1092 882 1871 934; baseline 0.001 -11"><span class='ocrx_word' id='word_1_243' title='bbox 1092 885 1128 924; x_wconf 80' lang='lat'>5.</span> <span class='ocrx_word' id='word_1_244' title='bbox 1163 883 1350 924; x_wconf 88' lang='lat' dir='ltr'>Pulchra</span> <span class='ocrx_word' id='word_1_245' title='bbox 1377 896 1424 924; x_wconf 89' lang='lat' dir='ltr'>es</span> <span class='ocrx_word' id='word_1_246' title='bbox 1450 885 1472 909; x_wconf 86' lang='lat'>*</span> <span class='ocrx_word' id='word_1_247' title='bbox 1499 888 1543 925; x_wconf 89' lang='lat' dir='ltr'>et</span> <span class='ocrx_word' id='word_1_248' title='bbox 1573 882 1752 934; x_wconf 88' lang='lat' dir='ltr'>decora,</span> <span class='ocrx_word' id='word_1_249' title='bbox 1781 883 1871 925; x_wconf 88' lang='lat' dir='ltr'>filia</span> 
     </span>
     <span class='ocr_line' id='line_1_56' title="bbox 1037 939 1871 990; baseline 0.001 -10"><span class='ocrx_word' id='word_1_250' title='bbox 1037 939 1297 990; x_wconf 82' lang='lat' dir='ltr'>Jerusalem,</span> <span class='ocrx_word' id='word_1_251' title='bbox 1323 940 1532 982; x_wconf 91' lang='lat' dir='ltr'>terribilis</span> <span class='ocrx_word' id='word_1_252' title='bbox 1557 945 1605 982; x_wconf 91' lang='lat' dir='ltr'>ut</span> <span class='ocrx_word' id='word_1_253' title='bbox 1623 942 1871 982; x_wconf 91' lang='lat' dir='ltr'>castrorum</span> 
     </span>
     <span class='ocr_line' id='line_1_57' title="bbox 1039 996 1387 1039; baseline 0.003 -2"><span class='ocrx_word' id='word_1_254' title='bbox 1039 997 1156 1038; x_wconf 91' lang='lat' dir='ltr'>acies</span> <span class='ocrx_word' id='word_1_255' title='bbox 1175 996 1387 1039; x_wconf 89' lang='lat' dir='ltr'>ordinata.</span> 
     </span>
    </p>
   </div>
   <div class='ocr_carea' id='block_1_14' title="bbox 1039 1072 1874 2441">
    <p class='ocr_par' dir='ltr' id='par_1_19' title="bbox 1039 1072 1874 2441">
     <span class='ocr_line' id='line_1_58' title="bbox 1094 1072 1819 1128; baseline -0.007 -11"><span class='ocrx_word' id='word_1_256' title='bbox 1094 1076 1356 1128; x_wconf 85' lang='lat' dir='ltr'>Capitulum.</span> <span class='ocrx_word' id='word_1_257' title='bbox 1431 1073 1433 1075; x_wconf 71' lang='grc'><strong>’</strong></span> <span class='ocrx_word' id='word_1_258' title='bbox 1550 1074 1682 1115; x_wconf 80' lang='lat' dir='ltr'>Eccli.</span> <span class='ocrx_word' id='word_1_259' title='bbox 1698 1074 1763 1113; x_wconf 70' lang='lat'>24.</span> <span class='ocrx_word' id='word_1_260' title='bbox 1779 1072 1819 1113; x_wconf 91' lang='lat' dir='ltr'>b.</span> 
     </span>
     <span class='ocr_line' id='line_1_59' title="bbox 1086 1141 1871 1194; baseline -0.001 -12"><span class='ocrx_word' id='word_1_261' title='bbox 1086 1155 1114 1181; x_wconf 91' lang='lat' dir='ltr'>n</span> <span class='ocrx_word' id='word_1_262' title='bbox 1144 1141 1346 1183; x_wconf 90' lang='lat' dir='ltr'>omnibus</span> <span class='ocrx_word' id='word_1_263' title='bbox 1373 1142 1570 1194; x_wconf 88' lang='lat' dir='ltr'>requiem</span> <span class='ocrx_word' id='word_1_264' title='bbox 1598 1141 1798 1193; x_wconf 83' lang='lat' dir='ltr'>quaesivi,</span> <span class='ocrx_word' id='word_1_265' title='bbox 1828 1147 1871 1182; x_wconf 92' lang='lat' dir='ltr'>et</span> 
     </span>
     <span class='ocr_line' id='line_1_60' title="bbox 1105 1197 1871 1240; baseline 0 -2"><span class='ocrx_word' id='word_1_266' title='bbox 1105 1198 1150 1238; x_wconf 91' lang='lat' dir='ltr'>in</span> <span class='ocrx_word' id='word_1_267' title='bbox 1172 1197 1434 1240; x_wconf 87' lang='lat' dir='ltr'>haereditate</span> <span class='ocrx_word' id='word_1_268' title='bbox 1453 1198 1632 1239; x_wconf 90' lang='lat' dir='ltr'>Domini</span> <span class='ocrx_word' id='word_1_269' title='bbox 1650 1197 1871 1239; x_wconf 71' lang='lat' dir='ltr'>morabor.</span> 
     </span>
     <span class='ocr_line' id='line_1_61' title="bbox 1039 1255 1870 1308; baseline 0 -12"><span class='ocrx_word' id='word_1_270' title='bbox 1039 1255 1165 1296; x_wconf 92' lang='lat' dir='ltr'>Tunc</span> <span class='ocrx_word' id='word_1_271' title='bbox 1184 1256 1409 1308; x_wconf 82' lang='lat' dir='ltr'>praecepit,</span> <span class='ocrx_word' id='word_1_272' title='bbox 1430 1261 1473 1298; x_wconf 87' lang='lat' dir='ltr'>et</span> <span class='ocrx_word' id='word_1_273' title='bbox 1494 1255 1604 1297; x_wconf 83' lang='lat' dir='ltr'>dixit</span> <span class='ocrx_word' id='word_1_274' title='bbox 1619 1255 1725 1296; x_wconf 93' lang='lat' dir='ltr'>mihi</span> <span class='ocrx_word' id='word_1_275' title='bbox 1742 1255 1870 1296; x_wconf 86' lang='lat' dir='ltr'>Crea-</span> 
     </span>
     <span class='ocr_line' id='line_1_62' title="bbox 1039 1312 1871 1365; baseline 0.001 -13"><span class='ocrx_word' id='word_1_276' title='bbox 1039 1316 1110 1353; x_wconf 92' lang='lat' dir='ltr'>tor</span> <span class='ocrx_word' id='word_1_277' title='bbox 1130 1313 1338 1354; x_wconf 91' lang='lat' dir='ltr'>omnium:</span> <span class='ocrx_word' id='word_1_278' title='bbox 1359 1317 1403 1354; x_wconf 91' lang='lat' dir='ltr'>et</span> <span class='ocrx_word' id='word_1_279' title='bbox 1424 1313 1498 1365; x_wconf 91' lang='lat' dir='ltr'>qui</span> <span class='ocrx_word' id='word_1_280' title='bbox 1517 1312 1683 1354; x_wconf 88' lang='lat' dir='ltr'>creavit</span> <span class='ocrx_word' id='word_1_281' title='bbox 1702 1325 1787 1361; x_wconf 88' lang='lat' dir='ltr'>me,</span> <span class='ocrx_word' id='word_1_282' title='bbox 1807 1325 1871 1353; x_wconf 92' lang='lat' dir='ltr'>re-</span> 
     </span>
     <span class='ocr_line' id='line_1_63' title="bbox 1040 1368 1706 1420; baseline -0.002 -10"><span class='ocrx_word' id='word_1_283' title='bbox 1040 1368 1206 1420; x_wconf 87' lang='lat' dir='ltr'>quievit</span> <span class='ocrx_word' id='word_1_284' title='bbox 1223 1369 1267 1410; x_wconf 92' lang='lat' dir='ltr'>in</span> <span class='ocrx_word' id='word_1_285' title='bbox 1286 1369 1574 1411; x_wconf 87' lang='lat' dir='ltr'>tabernaculo</span> <span class='ocrx_word' id='word_1_286' title='bbox 1594 1381 1706 1410; x_wconf 91' lang='lat' dir='ltr'>meo.</span> 
     </span>
     <span class='ocr_line' id='line_1_64' title="bbox 1352 1440 1563 1491; baseline 0 -12"><span class='ocrx_word' id='word_1_287' title='bbox 1352 1440 1563 1491; x_wconf 90' lang='lat' dir='ltr'>Hymnus.</span> 
     </span>
     <span class='ocr_line' id='line_1_65' title="bbox 1195 1509 1634 1561; baseline 0 -11"><span class='ocrx_word' id='word_1_288' title='bbox 1195 1509 1387 1561; x_wconf 91' lang='lat' dir='ltr'>gloriosa</span> <span class='ocrx_word' id='word_1_289' title='bbox 1406 1510 1634 1561; x_wconf 85' lang='lat' dir='ltr'>virginum,</span> 
     </span>
     <span class='ocr_line' id='line_1_66' title="bbox 1201 1566 1716 1616; baseline 0.002 -9"><span class='ocrx_word' id='word_1_290' title='bbox 1201 1566 1407 1608; x_wconf 85' lang='lat' dir='ltr'>Sublimis</span> <span class='ocrx_word' id='word_1_291' title='bbox 1426 1567 1540 1608; x_wconf 92' lang='lat' dir='ltr'>inter</span> <span class='ocrx_word' id='word_1_292' title='bbox 1560 1566 1716 1616; x_wconf 87' lang='lat' dir='ltr'>sidera,</span> 
     </span>
     <span class='ocr_line' id='line_1_67' title="bbox 1144 1623 1742 1677; baseline 0 -13"><span class='ocrx_word' id='word_1_293' title='bbox 1144 1623 1227 1673; x_wconf 88' lang='lat' dir='ltr'>Qui</span> <span class='ocrx_word' id='word_1_294' title='bbox 1247 1628 1291 1665; x_wconf 93' lang='lat' dir='ltr'>te</span> <span class='ocrx_word' id='word_1_295' title='bbox 1312 1623 1489 1672; x_wconf 88' lang='lat' dir='ltr'>creavit,</span> <span class='ocrx_word' id='word_1_296' title='bbox 1508 1623 1742 1677; x_wconf 90' lang='lat' dir='ltr'>parvulum</span> 
     </span>
     <span class='ocr_line' id='line_1_68' title="bbox 1144 1679 1684 1722; baseline 0 -2"><span class='ocrx_word' id='word_1_297' title='bbox 1144 1679 1356 1722; x_wconf 86' lang='lat' dir='ltr'>Lactente</span> <span class='ocrx_word' id='word_1_298' title='bbox 1376 1680 1516 1722; x_wconf 89' lang='lat' dir='ltr'>nutris</span> <span class='ocrx_word' id='word_1_299' title='bbox 1537 1680 1684 1722; x_wconf 84' lang='lat' dir='ltr'>ubere.</span> 
     </span>
     <span class='ocr_line' id='line_1_69' title="bbox 1095 1745 1736 1796; baseline 0.005 -11"><span class='ocrx_word' id='word_1_300' title='bbox 1095 1745 1224 1796; x_wconf 93' lang='lat' dir='ltr'>Quod</span> <span class='ocrx_word' id='word_1_301' title='bbox 1243 1746 1370 1788; x_wconf 86' lang='lat' dir='ltr'>Heva</span> <span class='ocrx_word' id='word_1_302' title='bbox 1388 1746 1525 1788; x_wconf 89' lang='lat' dir='ltr'>tristis</span> <span class='ocrx_word' id='word_1_303' title='bbox 1546 1746 1736 1795; x_wconf 88' lang='lat' dir='ltr'>abstulit,</span> 
     </span>
     <span class='ocr_line' id='line_1_70' title="bbox 1144 1802 1751 1854; baseline 0 -11"><span class='ocrx_word' id='word_1_304' title='bbox 1144 1802 1214 1843; x_wconf 94' lang='lat' dir='ltr'>Tu</span> <span class='ocrx_word' id='word_1_305' title='bbox 1233 1802 1383 1844; x_wconf 89' lang='lat' dir='ltr'>reddis</span> <span class='ocrx_word' id='word_1_306' title='bbox 1403 1803 1519 1845; x_wconf 87' lang='lat' dir='ltr'>almo</span> <span class='ocrx_word' id='word_1_307' title='bbox 1540 1803 1751 1854; x_wconf 86' lang='lat' dir='ltr'>germine:</span> 
     </span>
     <span class='ocr_line' id='line_1_71' title="bbox 1143 1859 1717 1909; baseline 0.002 -10"><span class='ocrx_word' id='word_1_308' title='bbox 1143 1859 1313 1902; x_wconf 88' lang='lat' dir='ltr'>Intrent</span> <span class='ocrx_word' id='word_1_309' title='bbox 1332 1865 1380 1902; x_wconf 90' lang='lat' dir='ltr'>ut</span> <span class='ocrx_word' id='word_1_310' title='bbox 1399 1866 1516 1902; x_wconf 89' lang='lat' dir='ltr'>astra</span> <span class='ocrx_word' id='word_1_311' title='bbox 1536 1859 1717 1909; x_wconf 87' lang='lat' dir='ltr'>flebiles,</span> 
     </span>
     <span class='ocr_line' id='line_1_72' title="bbox 1146 1916 1702 1959; baseline 0 -2"><span class='ocrx_word' id='word_1_312' title='bbox 1146 1916 1257 1958; x_wconf 88' lang='lat' dir='ltr'>Coeli</span> <span class='ocrx_word' id='word_1_313' title='bbox 1276 1916 1468 1959; x_wconf 78' lang='lat' dir='ltr'>recladis</span> <span class='ocrx_word' id='word_1_314' title='bbox 1489 1916 1702 1958; x_wconf 91' lang='lat' dir='ltr'>cardines.</span> 
     </span>
     <span class='ocr_line' id='line_1_73' title="bbox 1096 1980 1568 2034; baseline 0.006 -14"><span class='ocrx_word' id='word_1_315' title='bbox 1096 1980 1162 2022; x_wconf 92' lang='lat' dir='ltr'>Tu</span> <span class='ocrx_word' id='word_1_316' title='bbox 1181 1982 1316 2033; x_wconf 88' lang='lat' dir='ltr'>Regis</span> <span class='ocrx_word' id='word_1_317' title='bbox 1336 1982 1412 2023; x_wconf 89' lang='lat' dir='ltr'>alti</span> <span class='ocrx_word' id='word_1_318' title='bbox 1430 1983 1568 2034; x_wconf 87' lang='lat' dir='ltr'>janua,</span> 
     </span>
     <span class='ocr_line' id='line_1_74' title="bbox 1144 2038 1652 2089; baseline -0.002 -10"><span class='ocrx_word' id='word_1_319' title='bbox 1144 2038 1201 2080; x_wconf 92' lang='lat' dir='ltr'>Et</span> <span class='ocrx_word' id='word_1_320' title='bbox 1222 2038 1322 2080; x_wconf 90' lang='lat' dir='ltr'>aula</span> <span class='ocrx_word' id='word_1_321' title='bbox 1339 2038 1451 2080; x_wconf 92' lang='lat' dir='ltr'>lucis</span> <span class='ocrx_word' id='word_1_322' title='bbox 1470 2038 1652 2089; x_wconf 83' lang='lat' dir='ltr'>fulgida:</span> 
     </span>
     <span class='ocr_line' id='line_1_75' title="bbox 1145 2095 1812 2149; baseline 0 -13"><span class='ocrx_word' id='word_1_323' title='bbox 1145 2095 1296 2136; x_wconf 88' lang='lat' dir='ltr'>Vitam</span> <span class='ocrx_word' id='word_1_324' title='bbox 1317 2096 1465 2138; x_wconf 89' lang='lat' dir='ltr'>datam</span> <span class='ocrx_word' id='word_1_325' title='bbox 1484 2109 1564 2149; x_wconf 92' lang='lat' dir='ltr'>per</span> <span class='ocrx_word' id='word_1_326' title='bbox 1583 2095 1812 2147; x_wconf 85' lang='lat' dir='ltr'>Virginem</span> 
     </span>
     <span class='ocr_line' id='line_1_76' title="bbox 1147 2151 1805 2206; baseline -0.002 -13"><span class='ocrx_word' id='word_1_327' title='bbox 1147 2152 1313 2194; x_wconf 88' lang='lat' dir='ltr'>Gentes</span> <span class='ocrx_word' id='word_1_328' title='bbox 1333 2152 1577 2206; x_wconf 81' lang='lat' dir='ltr'>redemptae</span> <span class='ocrx_word' id='word_1_329' title='bbox 1595 2151 1805 2205; x_wconf 71' lang='lat' dir='ltr'>plaudite.</span> 
     </span>
     <span class='ocr_line' id='line_1_77' title="bbox 1097 2217 1553 2269; baseline 0.004 -12"><span class='ocrx_word' id='word_1_330' title='bbox 1097 2217 1121 2256; x_wconf 89' lang='lat' dir='ltr'>J</span> <span class='ocrx_word' id='word_1_331' title='bbox 1122 2230 1210 2268; x_wconf 88' lang='lat' dir='ltr'>esu,</span> <span class='ocrx_word' id='word_1_332' title='bbox 1229 2218 1309 2260; x_wconf 88' lang='lat' dir='ltr'>tibi</span> <span class='ocrx_word' id='word_1_333' title='bbox 1329 2219 1385 2260; x_wconf 92' lang='lat' dir='ltr'>sit</span> <span class='ocrx_word' id='word_1_334' title='bbox 1403 2218 1553 2269; x_wconf 89' lang='lat' dir='ltr'>gloria,</span> 
     </span>
     <span class='ocr_line' id='line_1_78' title="bbox 1147 2274 1763 2326; baseline -0.002 -10"><span class='ocrx_word' id='word_1_335' title='bbox 1147 2275 1231 2325; x_wconf 92' lang='lat' dir='ltr'>Qui</span> <span class='ocrx_word' id='word_1_336' title='bbox 1248 2281 1377 2317; x_wconf 91' lang='lat' dir='ltr'>natus</span> <span class='ocrx_word' id='word_1_337' title='bbox 1397 2288 1444 2317; x_wconf 90' lang='lat' dir='ltr'>es</span> <span class='ocrx_word' id='word_1_338' title='bbox 1465 2275 1520 2317; x_wconf 92' lang='lat' dir='ltr'>de</span> <span class='ocrx_word' id='word_1_339' title='bbox 1538 2274 1731 2326; x_wconf 84' lang='lat' dir='ltr'>Virgine,</span> <span class='ocrx_word' id='word_1_340' title='bbox 1760 2276 1763 2280; x_wconf 85' lang='lat'>&#39;</span> 
     </span>
     <span class='ocr_line' id='line_1_79' title="bbox 1148 2331 1814 2385; baseline -0.002 -12"><span class='ocrx_word' id='word_1_341' title='bbox 1148 2332 1258 2373; x_wconf 91' lang='lat' dir='ltr'>Cum</span> <span class='ocrx_word' id='word_1_342' title='bbox 1277 2332 1420 2382; x_wconf 89' lang='lat' dir='ltr'>Patre,</span> <span class='ocrx_word' id='word_1_343' title='bbox 1440 2337 1484 2374; x_wconf 92' lang='lat' dir='ltr'>et</span> <span class='ocrx_word' id='word_1_344' title='bbox 1502 2331 1814 2385; x_wconf 82' lang='lat' dir='ltr'>almoSpiritu,</span> 
     </span>
     <span class='ocr_line' id='line_1_80' title="bbox 1147 2387 1874 2441; baseline 0 -13"><span class='ocrx_word' id='word_1_345' title='bbox 1147 2388 1198 2428; x_wconf 89' lang='lat' dir='ltr'>In</span> <span class='ocrx_word' id='word_1_346' title='bbox 1223 2389 1489 2441; x_wconf 89' lang='lat' dir='ltr'>sempiterna</span> <span class='ocrx_word' id='word_1_347' title='bbox 1512 2388 1685 2430; x_wconf 83' lang='lat' dir='ltr'>saecula.</span> <span class='ocrx_word' id='word_1_348' title='bbox 1720 2387 1874 2428; x_wconf 91' lang='lat' dir='ltr'>Amen.</span> 
     </span>
    </p>
   </div>
   <div class='ocr_carea' id='block_1_15' title="bbox 1043 2455 1872 2624">
    <p class='ocr_par' dir='ltr' id='par_1_20' title="bbox 1043 2455 1872 2624">
     <span class='ocr_line' id='line_1_81' title="bbox 1099 2455 1872 2504; baseline -0.009 0"><span class='ocrx_word' id='word_1_349' title='bbox 1099 2455 1151 2504; x_wconf 66' lang='lat' dir='ltr'>V.</span> <span class='ocrx_word' id='word_1_350' title='bbox 1178 2458 1383 2501; x_wconf 83' lang='lat' dir='ltr'>Exaltata</span> <span class='ocrx_word' id='word_1_351' title='bbox 1408 2463 1475 2500; x_wconf 92' lang='lat' dir='ltr'>est</span> <span class='ocrx_word' id='word_1_352' title='bbox 1501 2462 1654 2500; x_wconf 90' lang='lat' dir='ltr'>sancta</span> <span class='ocrx_word' id='word_1_353' title='bbox 1679 2457 1763 2498; x_wconf 90' lang='lat' dir='ltr'>Dei</span> <span class='ocrx_word' id='word_1_354' title='bbox 1790 2457 1872 2498; x_wconf 91' lang='lat' dir='ltr'>Ge-</span> 
     </span>
     <span class='ocr_line' id='line_1_82' title="bbox 1043 2513 1872 2569; baseline -0.004 -13"><span class='ocrx_word' id='word_1_355' title='bbox 1043 2515 1184 2557; x_wconf 81' lang='lat' dir='ltr'>nitrix.</span> <span class='ocrx_word' id='word_1_356' title='bbox 1241 2517 1292 2569; x_wconf 65' lang='lat' dir='ltr'>Rl·</span> <span class='ocrx_word' id='word_1_357' title='bbox 1320 2516 1461 2568; x_wconf 89' lang='lat' dir='ltr'>Super</span> <span class='ocrx_word' id='word_1_358' title='bbox 1494 2515 1655 2566; x_wconf 84' lang='lat' dir='ltr'>choros</span> <span class='ocrx_word' id='word_1_359' title='bbox 1683 2513 1872 2564; x_wconf 90' lang='lat' dir='ltr'>Angelo-</span> 
     </span>
     <span class='ocr_line' id='line_1_83' title="bbox 1043 2570 1600 2624; baseline 0 -12"><span class='ocrx_word' id='word_1_360' title='bbox 1043 2584 1141 2613; x_wconf 89' lang='lat' dir='ltr'>rum</span> <span class='ocrx_word' id='word_1_361' title='bbox 1160 2570 1218 2614; x_wconf 89' lang='lat' dir='ltr'>ad</span> <span class='ocrx_word' id='word_1_362' title='bbox 1239 2571 1437 2614; x_wconf 89' lang='lat' dir='ltr'>coelestia</span> <span class='ocrx_word' id='word_1_363' title='bbox 1456 2584 1600 2624; x_wconf 88' lang='lat' dir='ltr'>regna.</span> 
     </span>
    </p>
   </div>
   <div class='ocr_carea' id='block_1_16' title="bbox 1098 2638 1872 2691">
    <p class='ocr_par' dir='ltr' id='par_1_21' title="bbox 1098 2638 1872 2691">
     <span class='ocr_line' id='line_1_84' title="bbox 1098 2638 1872 2691; baseline -0.006 -8"><span class='ocrx_word' id='word_1_364' title='bbox 1098 2642 1170 2683; x_wconf 92' lang='lat' dir='ltr'>Ad</span> <span class='ocrx_word' id='word_1_365' title='bbox 1190 2642 1351 2683; x_wconf 86' lang='lat' dir='ltr'>Bened.</span> <span class='ocrx_word' id='word_1_366' title='bbox 1380 2644 1479 2683; x_wconf 89' lang='lat' dir='ltr'>Ant.</span> <span class='ocrx_word' id='word_1_367' title='bbox 1508 2643 1618 2691; x_wconf 88' lang='lat' dir='ltr'>Quae</span> <span class='ocrx_word' id='word_1_368' title='bbox 1643 2644 1709 2681; x_wconf 89' lang='lat' dir='ltr'>est</span> <span class='ocrx_word' id='word_1_369' title='bbox 1732 2639 1830 2686; x_wconf 90' lang='lat' dir='ltr'>ista,</span> <span class='ocrx_word' id='word_1_370' title='bbox 1849 2638 1872 2662; x_wconf 91' lang='lat'>*</span> 
     </span>
    </p>
   </div>
   <div class='ocr_carea' id='block_1_17' title="bbox 167 2695 1872 2750">
    <p class='ocr_par' dir='ltr' id='par_1_22' title="bbox 167 2695 1872 2750">
     <span class='ocr_line' id='line_1_85' title="bbox 167 2695 1872 2750; baseline -0.003 -12"><span class='ocrx_word' id='word_1_371' title='bbox 167 2696 340 2738; x_wconf 90' lang='lat' dir='ltr'>coelum:</span> <span class='ocrx_word' id='word_1_372' title='bbox 359 2696 553 2748; x_wconf 88' lang='lat' dir='ltr'>gaudent</span> <span class='ocrx_word' id='word_1_373' title='bbox 570 2696 744 2748; x_wconf 88' lang='lat' dir='ltr'>Angeli,</span> <span class='ocrx_word' id='word_1_374' title='bbox 763 2695 993 2737; x_wconf 87' lang='lat' dir='ltr'>laudantes</span> <span class='ocrx_word' id='word_1_375' title='bbox 1046 2711 1144 2750; x_wconf 89' lang='lat' dir='ltr'>quae</span> <span class='ocrx_word' id='word_1_376' title='bbox 1168 2697 1366 2739; x_wconf 87' lang='lat' dir='ltr'>ascendit</span> <span class='ocrx_word' id='word_1_377' title='bbox 1386 2698 1498 2738; x_wconf 91' lang='lat' dir='ltr'>sicut</span> <span class='ocrx_word' id='word_1_378' title='bbox 1517 2699 1677 2738; x_wconf 90' lang='lat' dir='ltr'>aurora</span> <span class='ocrx_word' id='word_1_379' title='bbox 1695 2697 1872 2736; x_wconf 82' lang='lat' dir='ltr'>consur-</span> 
     </span>
    </p>
   </div>
   <div class='ocr_carea' id='block_1_18' title="bbox 167 2752 698 2795">
    <p class='ocr_par' dir='ltr' id='par_1_23' title="bbox 167 2752 698 2795">
     <span class='ocr_line' id='line_1_86' title="bbox 167 2752 698 2795; baseline 0 -1"><span class='ocrx_word' id='word_1_380' title='bbox 167 2752 433 2795; x_wconf 86' lang='lat' dir='ltr'>benedicunt</span> <span class='ocrx_word' id='word_1_381' title='bbox 451 2754 698 2795; x_wconf 90' lang='lat' dir='ltr'>Dominum.</span> 
     </span>
    </p>
   </div>
   <div class='ocr_carea' id='block_1_19' title="bbox 1044 2751 1874 2806">
    <p class='ocr_par' dir='ltr' id='par_1_24' title="bbox 1044 2751 1874 2806">
     <span class='ocr_line' id='line_1_87' title="bbox 1044 2751 1874 2806; baseline -0.006 -11"><span class='ocrx_word' id='word_1_382' title='bbox 1044 2766 1168 2805; x_wconf 87' lang='lat' dir='ltr'>genS,</span> <span class='ocrx_word' id='word_1_383' title='bbox 1201 2753 1386 2806; x_wconf 86' lang='lat' dir='ltr'>pulchra</span> <span class='ocrx_word' id='word_1_384' title='bbox 1417 2758 1466 2795; x_wconf 94' lang='lat' dir='ltr'>ut</span> <span class='ocrx_word' id='word_1_385' title='bbox 1496 2752 1615 2802; x_wconf 89' lang='lat' dir='ltr'>luna,</span> <span class='ocrx_word' id='word_1_386' title='bbox 1653 2751 1793 2792; x_wconf 89' lang='lat' dir='ltr'>electa</span> <span class='ocrx_word' id='word_1_387' title='bbox 1825 2754 1874 2791; x_wconf 92' lang='lat' dir='ltr'>ut</span> 
     </span>
    </p>
   </div>
  </div>
 </body>
</html>
