2040 2976
875 284 911 305 ..-,·”
937 293 949 303 e

870 304 878 313 ·

160 172 965 185 ······························································
1013 166 1834 180 Α,ιιιοοιασι-ιιι-ιιοιοοοι...οσσοοηιοοι-ιιοο-ιιοσο.-ι..ιιιοιιι
1848 164 1860 177 κ

1052 273 1061 283 ,.
1066 280 1083 291 ἰ.

1260 273 1279 289 Γ)
1299 273 1312 296 ’,,
1530 290 1534 294 .
1593 279 1599 293 ο

1100 296 1107 304 n
1122 311 1129 318 Ι
1241 315 1248 317 V
1272 294 1329 329 'sslf‘
1353 317 1359 326 ἱ
1374 323 1381 328 V
1394 276 1445 337 θίθί-
1517 305 1564 330 χχι-
1589 301 1591 303 .
1624 319 1629 326 ι
1686 301 1691 306 ,
1816 295 1823 306 s

1148 335 1165 353 ,ο
1336 335 1353 358 >2
1461 356 1463 358 q
1481 330 1489 345 c
1549 330 1561 342 x
1580 336 1591 344 υ
1631 329 1640 334 ·
1787 329 1801 336 ·

1165 356 1180 377 ⁶·
1326 363 1337 389 ,⁷¹
1402 357 1429 382 (a.
1525 364 1529 368 ,
1617 359 1650 393 ’,ἱ
1749 350 1767 366 ι,
1826 358 1833 365 .

397 1062 525 1103 Feria
552 1063 685 1103 Sexta
712 1066 815 1114 post
844 1061 1057 1101 Octavam
1085 1061 1148 1101 Ss.
1178 1060 1389 1112 Corporis
1418 1060 1591 1100 Christi,

668 1141 737 1181 Ss.
767 1141 941 1182 Gor-dis

970 1141 1024 1180 D.
1053 1141 1105 1180 N.
1134 1140 1175 1180 J.
1205 1140 1316 1180 Chr.

834 1220 988 1263 Duplex
1013 1221 1146 1263 majus.

186 1297 374 1340 Vespera:
418 1298 597 1332 dicuntur
636 1298 682 1331 de
721 1297 867 1332 Octava
907 1298 963 1332 Ss.

136 1345 323 1388 Corporis
349 1346 495 1380 Christi
520 1346 605 1380 sine
630 1346 709 1379 ulla
735 1355 963 1380 commemo-

134 1393 294 1427 ratione.

190 1440 266 1475 Sed
303 1441 336 1475 si
376 1440 553 1475 Officium
593 1441 649 1476 Ss.
690 1440 831 1475 Cordis
868 1442 963 1476 Jesu

135 1489 399 1532 transferatur,
423 1494 514 1524 tunc
538 1490 604 1524 fiat
627 1493 668 1524 ut
692 1490 875 1533 sequitur.

346 1582 406 1621 In
433 1581 469 1621 Ι.
499 1580 749 1630 vesperis.

169 1636 344 1683 'Antiph.
364 1643 400 1674 et
415 1639 539 1682 Capit.
556 1639 604 1673 de
624 1639 743 1673 Laud.
763 1642 839 1676 319.

184 1692 246 1727 Ps.
268 1696 310 1727 ut
331 1692 370 1726 in
391 1692 418 1726 I.
435 1692 621 1735 Vesperis
639 1692 745 1726 Festi
767 1692 823 1726 Ss.
847 1692 961 1735 Corp.

136 1740 290 1774 Christi.
316 1741 388 1776 144.

446 1797 656 1846 Hymnus.

144 1874 178 1907 ζ..
204 1871 268 1915 3
285 1866 411 1902 uctor
429 1861 561 1903 beate
581 1862 741 1910 saeculi,

140 1925 145 1946 ’ν
337 1918 509 1959 Christe
530 1918 804 1970 Redemptor
826 1919 959 1959 omni-

271 1983 274 1985 ·
432 1987 516 2024 um,

184 2029 352 2071 Lumen
370 2030 512 2071 Patris
533 2030 588 2071 de
606 2030 780 2079 himine,

185 2085 394 2136 Desisque
416 2099 542 2127 verus
563 2086 617 2128 de
638 2087 746 2128 Deo.

138 2150 273 2190 Amor
291 2150 436 2200 coegit
455 2155 498 2191 te
518 2155 618 2192 tuus

186 2205 372 2247 Mortale
391 2219 552 2258 corpus
571 2210 754 2257 sumere,

188 2261 245 2302 Ut
264 2274 402 2302 novus
423 2261 568 2303 Adam
586 2263 805 2312 redderes,

186 2316 316 2367 Quod
335 2323 461 2359 vetus
480 2318 552 2360 ille
572 2319 824 2360 abstulerat.

136 2381 214 2422 Ille
233 2394 356 2422 amor
374 2381 513 2423 almus
533 2383 688 2424 artifex

185 2437 348 2487 Terrae,
368 2440 600 2490 marisque,
620 2444 663 2481 et
683 2439 887 2489 siderum,

185 2493 341 2534 Errata
362 2498 538 2546 patrum
556 2496 779 2542 miserans,

186 2549 242 2590 Et
261 2554 410 2590 nostra
429 2562 641 2602 rumpens.
655 2551 837 2591 vincula.

135 2611 235 2654 Non
255 2613 389 2655 corde
409 2614 607 2655 discedat
626 2619 703 2655 tuo

188 2670 267 2710 Vis
286 2670 360 2711 illa
379 2671 539 2711 amoris
559 2670 723 2723 inclyti:

1071 1299 1170 1340 Hoc
1191 1300 1310 1340 fonte
1331 1305 1483 1347 gentes
1503 1299 1705 1340 hadriant

1072 1356 1359 1396 Remissionis
1379 1356 1576 1405 gratiam.

1023 1421 1283 1460 Percussum
1303 1420 1358 1461 ad
1379 1420 1464 1460 hoc
1485 1424 1551 1460 est
1571 1420 1734 1469 lancea,

1071 1476 1343 1528 Passumque
1363 1476 1420 1517 ad
1439 1476 1525 1516 hoc
1546 1482 1613 1517 est
1634 1477 1824 1525 vulnera,

1069 1532 1127 1573 Ut
1147 1545 1226 1572 nos
1247 1532 1415 1574 lavaret
1436 1532 1641 1573 sordibus

1069 1588 1196 1629 Unda
1218 1589 1390 1638 fluente,
1411 1594 1454 1630 et
1474 1589 1694 1637 sanguine.

1019 1654 1166 1694 Decus
1185 1654 1372 1702 Parenti‚
1394 1659 1436 1694 et
1457 1653 1579 1702 Filio,

1070 1710 1320 1761 Sancthue
1341 1711 1395 1750 sit
1415 1710 1607 1761 Spiritui,

1069 1766 1237 1814 Quibus
1258 1768 1467 1818 potestas,
1487 1766 1636 1814 gloria,

1069 1822 1359 1873 Regmimque
1388 1822 1430 1861 in
1460 1835 1588 1862 omne
1620 1826 1685 1861 est
1712 1824 1845 1862 saecu-

1224 1878 1324 1918 lum.
1378 1879 1530 1918 Amen.

1070 1941 1119 1987 Y.
1138 1939 1287 1987 Ignem
1306 1939 1402 1979 veni
1422 1941 1595 1979 mittere
1617 1939 1658 1978 in
1675 1943 1846 1979 terram.

1018 1998 1067 2048 R.
1094 1994 1150 2035 Et
1177 1994 1280 2045 quid
1310 1994 1424 2043 volo,
1453 1995 1536 2035 nisi
1562 2000 1610 2035 ut
1635 1994 1845 2035 accenda—

1015 2048 1110 2090 tur?

1072 2107 1142 2148 Ad
1177 2108 1348 2157 Magnis.
1389 2108 1486 2147 Ant.
1525 2107 1845 2159 Improperium

1016 2165 1292 2213 exspectavit
1320 2175 1396 2203 cor
1426 2175 1581 2212 meum,
1615 2169 1658 2204 et
1683 2164 1844 2203 miseri-

1016 2230 1100 2257 am:
1116 2223 1159 2259 et
1179 2219 1363 2259 sustinui
1379 2219 1453 2269 qui
1468 2219 1595 2259 simul
1616 2220 1843 2260 contrista-

1016 2275 1145 2322 retur,
1162 2278 1205 2314 et
1223 2287 1310 2315 non
1330 2274 1423 2323 fuit3
1444 2280 1486 2316 et
1507 2276 1578 2327 qui
1600 2275 1843 2316 consolare-

986 2327 992 2404 Ι
1015 2334 1096 2379 tur,
1117 2335 1159 2371 et
1178 2343 1266 2370 non
1289 2331 1443 2371 inveni.

1352 2393 1516 2433 Oratio.

1094 2450 1261 2492 oncede
1289 2453 1538 2502 quaesumus
1566 2454 1843 2503 omnipotens

1119 2507 1255 2547 Deus:
1287 2512 1349 2557 ut,
1385 2508 1458 2559 qui
1491 2508 1532 2547 in
1567 2508 1841 2548 sanctissimo

1016 2560 1163 2603 dile'cti
1192 2563 1288 2603 Filii
1321 2563 1383 2604 tui
1417 2563 1562 2604 Corde
1594 2563 1841 2612 gloriantes,

1015 2621 1238 2670 praecipua
1265 2619 1307 2659 in
1333 2632 1414 2660 nos
1441 2619 1635 2660 caritatis
1661 2620 1750 2669 ejus
1771 2618 1842 2658 be·

1016 2674 1173 2715 neficia
1210 2675 1456 2725 recolimus3
1495 2677 1646 2716 e6rum
1678 2674 1842 2725 pariter
