2040 2976
441 206 515 240 Die
538 205 568 239 5.
593 204 698 239 Julii.
744 203 800 238 Ss.
826 202 964 247 Cyrilli
988 206 1025 237 et
1050 201 1239 236 Methodii
1263 201 1373 236 Pont.
1399 206 1435 236 et
1460 202 1567 237 Conf.

154 296 272 338 clero
308 295 565 348 populoque
602 294 856 344 comitante,
909 295 983 337 o'b-

153 353 269 394 viam
288 353 351 394 eis
369 366 527 404 magna
546 365 644 393 cum
661 351 841 392 honoris
857 351 983 402 signi-

153 409 359 450 ficatiene
382 408 673 462 progreditur.
707 407 879 449 Deinde
905 408 983 460 Cy-

154 465 277 507 rillus
324 471 368 508 et
406 465 658 507 Meth6dius
704 464 759 506 de
804 467 984 506 munere

154 523 401 575 apostolico
442 523 486 563 in
525 534 612 574 quo
651 526 799 563 essent
835 526 985 563 sancte

153 579 464 631 laborioseque
506 578 670 620 versati
711 577 768 618 ad
805 578 984 619 Pontifi-

155 649 250 677 cem
287 636 542 685 Maximum,
588 634 810 675 assidente
848 634 984 683 clero,

154 693 363 742 referunt,
404 705 503 734 cum
540 697 686 733 autem
724 703 776 732 eo
809 691 984 732 nomine

155 749 210 790 ab
230 748 388 791 invidis
409 749 730 797 accusarentur,
756 746 876 798 quod
896 760 982 788 ser-

154 807 331 847 menem
351 804 631 846 Slavenicum
653 804 697 844 in
720 803 984 856 perfunctio-

154 875 209 903 ne
232 865 462 903 mi'merum
485 862 712 902 sacrorum
736 861 985 912 usurpavis-

155 923 269 968 sent,
321 928 499 960 causam
544 916 696 959 dixere
743 916 985 958 rationibus

154 980 245 1017 tam
273 974 403 1016 certis
432 979 611 1026 tamque
637 972 898 1022 illustribus,
939 979 986 1015 ut

154 1031 359 1074 Pentifex
378 1036 422 1072 et
445 1030 589 1072 clerus
610 1034 654 1071 et
672 1028 892 1071 laudarint
910 1030 984 1070 ho-

154 1088 294 1129 mines
331 1092 375 1129 et
411 1085 651 1139 probarint.
706 1085 822 1126 Tum
855 1086 985 1127 ambo

154 1144 282 1196 jurati
302 1156 349 1185 se
368 1144 411 1184 in
431 1142 518 1184 fide
537 1142 656 1184 beati
675 1142 794 1183 Petri
815 1147 858 1183 et
876 1143 986 1184 Pon-

154 1201 321 1242 tificum
340 1201 643 1241 RomanOrum
662 1203 986 1251 permansuros,

156 1257 355 1310 episcopi
400 1256 456 1298 ab
499 1255 697 1297 Adriano
742 1256 987 1297 consecrati

157 1318 269 1354 sunt.
301 1312 388 1354 Sed
409 1317 502 1354 erat
520 1302 748 1364 provisum
770 1311 987 1361 divinitus,

155 1375 204 1411 ut
243 1369 428 1422 Cyrillus
474 1369 576 1410 vitae
619 1381 794 1409 cursum
830 1369 987 1410 Romae

156 1425 386 1475 conderet,
416 1426 579 1467 virtute
606 1425 745 1476 magis
776 1438 906 1477 quam
934 1438 987 1466 ae-

156 1485 248 1524 tate
266 1485 475 1524 matarus.
505 1483 661 1534 Itaque
682 1482 876 1523 defuncti
896 1495 987 1523 cor-

156 1553 240 1593 pus
259 1539 422 1581 elatum
442 1539 593 1580 funere
612 1538 804 1592 publico,
827 1538 870 1578 in
889 1539 988 1590 ipso

158 1595 395 1649 sepulchro
424 1595 544 1647 quod
569 1595 651 1637 sibi
670 1595 892 1636 Adrianus
919 1608 986 1636 ex·

157 1655 377 1694 struxerat
397 1652 691 1704 compositum
710 1651 805 1701 fuit,
824 1657 918 1692 tum
933 1650 989 1692 ad

159 1710 298 1751 sancti
320 1708 557 1750 Clementis
577 1707 826 1757 deductum,
852 1713 896 1749 et
915 1708 988 1749 hu-

158 1766 223 1818 jus
242 1778 382 1818 prope
403 1768 570 1807 cineres
591 1764 828 1807 conditum.
863 1765 988 1806 Cum-

160 1835 245 1874 que
266 1822 498 1864 veheretur
521 1835 601 1875 per
623 1821 778 1864 urbem
801 1822 914 1863 inter
931 1822 989 1863 fe-

159 1883 253 1920 stos
282 1878 554 1931 psalmorum
583 1883 755 1927 cantus,
786 1891 875 1919 non
901 1883 990 1920 tam

159 1935 322 1977 funeris
343 1948 476 1987 quam
494 1935 706 1987 triumphi
723 1947 904 1988 pompa,
931 1935 989 1976 vi-

160 2005 235 2033 sus
278 1997 345 2034 est
386 1992 579 2045 populus
617 1992 844 2033 Romanus
886 1991 991 2033 liba-

160 2050 308 2090 menta
349 2049 567 2091 honerum
609 2048 856 2090 coelestium
897 2049 991 2090 viro

162 2106 440 2147 sanctissimo
473 2105 695 2147 detulisse.
740 2103 992 2146 Methodius

161 2175 268 2203 vero
295 2163 340 2202 in
368 2162 611 2204 Moraviam
640 2162 884 2212 regressus,
918 2160 992 2202 ibi-

164 2230 249 2270 que
273 2218 414 2260 factus
438 2218 578 2260 forma
597 2218 742 2269 gregis
762 2230 817 2259 ex
837 2217 992 2267 animo,

163 2274 225 2315 rei
253 2274 482 2316 catholicae
513 2274 724 2316 inservire
757 2275 922 2326 majere
949 2274 992 2313 in

165 2330 259 2372 dies
296 2330 444 2372 studio
481 2331 648 2373 institit.
709 2331 822 2381 Quin
862 2330 994 2371 etiam

164 2387 426 2436 Parmenios,
450 2386 679 2437 Bulgaros‚
704 2386 931 2427 Dalmatas
949 2386 993 2425 in

163 2442 251 2485 fide
285 2443 510 2484 christiani
545 2443 733 2484 nominis
766 2442 993 2484 confirma·

163 2500 239 2549 vit3
272 2500 316 2540 in
342 2498 578 2541 Carinthiis
607 2504 755 2540 autem
782 2497 839 2539 ad
866 2500 993 2539 unius

162 2556 254 2597 veri
274 2556 358 2597 Dei
378 2555 543 2597 cultum
561 2554 844 2597 traducendis
862 2554 992 2606 pluri-

162 2625 282 2653 mum
301 2611 555 2654 elaboravit.

213 2672 265 2723 R.
300 2669 434 2710 Pesui
462 2668 726 2720 adjutorium
755 2679 886 2719 super
915 2680 990 2719 po-

163 2726 338 2775 tentem,
384 2730 428 2767 et
473 2724 663 2767 exaltavi
708 2723 895 2765 electum
937 2723 991 2765 de

1795 195 1870 231 405

1036 293 1167 347 plebe
1203 306 1317 335 mea:
1360 299 1383 322 *
1415 293 1571 335 Manus
1614 293 1729 334 enim
1770 304 1868 333 mea

1038 350 1317 392 auxiliabitur
1359 351 1408 392 ei.
1453 349 1503 401 V
1532 350 1685 391 Inveni
1723 347 1869 390 David

1038 420 1211 448 servum
1244 420 1406 457 meum,
1442 406 1541 448 eleo
1579 410 1732 447 sancto
1768 418 1868 470 meo

1037 463 1141 504 unxi
1161 476 1270 504 eum.
1313 464 1479 504 Manus

1117 571 1210 625 pud
1255 525 1491 613 Joanggrtriio
1512 539 1743 621 xoletavum‚
1797 571 1871 623 qui

1148 628 1346 669 Adriano
1385 630 1676 678 successerat,
1713 632 1870 670 iterum

1040 687 1094 728 de
1123 687 1328 738 suspecta
1352 685 1440 726 fide
1465 685 1719 738 violamque
1747 697 1870 726 more

1038 744 1251 795 majerum
1267 743 1508 790 accusatus,
1529 754 1580 782 ac
1595 742 1784 783 Romam
1800 754 1869 782 ve-

1038 803 1131 841 nire
1151 801 1311 851 jussus,
1338 811 1488 840 coram
1507 799 1531 839 J
1535 800 1693 848 oanne,
1720 803 1763 840 et
1784 800 1871 850 epi-

1040 856 1187 909 scopis
1231 855 1399 906 aliquot
1437 855 1647 906 cleroque
1683 855 1869 902 urbano,

1039 913 1167 954 facile
1193 912 1298 953 vicit
1328 911 1589 952 catholicam
1618 924 1800 964 prorsus
1826 911 1871 951 fi-

1040 969 1141 1011 dem
1160 973 1203 1010 et
1222 981 1269 1009 se
1289 968 1520 1009 retinuisse
1541 970 1807 1017 constanter,
1828 972 1872 1008 et

1040 1028 1211 1067 ceteros
1233 1024 1465 1075 diligenter
1485 1024 1731 1066 edocuisse:
1752 1022 1872 1075 quod

1040 1095 1145 1123 vero
1183 1080 1240 1122 ad
1282 1081 1474 1131 linguam
1513 1080 1792 1122 Slavonieam
1829 1080 1872 1119 in

1040 1139 1176 1179 sacris
1211 1136 1474 1190 peragendis
1506 1139 1781 1189 usurpatam,
1826 1149 1873 1177 se

1041 1195 1172 1236 certis
1202 1194 1257 1236 de
1286 1194 1430 1235 causis
1457 1207 1511 1235 ex
1536 1194 1663 1234 venia
1689 1192 1874 1234 Adriani

1040 1252 1285 1301 Pontificis,
1319 1264 1401 1292 nec
1429 1251 1573 1292 Sacris
1601 1250 1780 1292 Litteris
1809 1262 1872 1290 re-

1041 1308 1348 1361 pugnantibus,
1369 1309 1460 1359 jure
1481 1308 1648 1349 fecisse.
1677 1308 1873 1359 Quapro-

1041 1371 1140 1418 pter
1159 1366 1202 1406 in
1222 1378 1268 1406 re
1288 1365 1496 1418 praesenti
1512 1364 1769 1416 complexus
1785 1362 1872 1403 Me-

1041 1421 1242 1464 thodium
1260 1422 1474 1470 Pentifex,
1494 1422 1763 1474 potestatem
1784 1420 1873 1470 ejus

1044 1478 1485 1531 archiepiscopalem,
1531 1476 1873 1530 expeditionem-

1044 1549 1129 1588 que
1147 1535 1442 1585 Slavonicam,
1469 1534 1583 1576 datis
1607 1534 1738 1575 etiam
1760 1532 1872 1573 litte-

1043 1593 1118 1642 ris,
1152 1598 1293 1633 ratam
1317 1605 1415 1634 esse
1439 1592 1574 1643 jussit.
1618 1592 1763 1641 Quare
1786 1589 1874 1630 Me-

1043 1648 1221 1691 thodius
1244 1649 1288 1689 in
1308 1649 1551 1690 Moraviam
1574 1649 1778 1689 reversus
1801 1645 1873 1686 ad-

1045 1707 1262 1757 signatum
1287 1706 1371 1747 sibi
1393 1718 1550 1746 munus
1576 1703 1753 1756 explere
1772 1702 1874 1752 vigi-

1044 1763 1205 1804 lantius
1237 1762 1553 1815 perseveravit,
1592 1773 1674 1813 pro
1710 1772 1797 1811 quo
1832 1764 1875 1800 et

1045 1820 1245 1861 exsilium
1272 1819 1459 1861 libenter
1487 1831 1644 1871 passus
1671 1821 1748 1858 est.
1789 1816 1874 1856 Bo-

1043 1876 1273 1918 hemorum
1297 1876 1541 1928 principem
1566 1875 1746 1925 ejusque
1769 1874 1874 1913 uxe-

1045 1946 1137 1974 rem
1165 1933 1221 1974 ad
1254 1932 1388 1974 fidem
1415 1931 1639 1985 perduxit,
1680 1935 1724 1971 et
1751 1930 1795 1970 in
1825 1941 1875 1970 ea

1044 1995 1175 2040 gente
1217 1989 1503 2031 christianum
1543 1999 1704 2028 nomen
1745 1986 1875 2036 longe

1044 2047 1221 2098 lateque
1241 2045 1446 2097 vulgavit.
1478 2043 1707 2094 Evangelii
1730 2043 1874 2084 lumen

1044 2103 1088 2143 in
1103 2102 1330 2143 Poloniam
1346 2102 1520 2152 invexit,
1542 2106 1596 2150 et,
1615 2106 1663 2142 ut
1678 2099 1876 2141 nonnulli

1046 2159 1287 2211 scriptores
1324 2157 1518 2207 tradunt,
1563 2157 1669 2198 sede
1708 2156 1875 2208 episco-

1045 2215 1135 2268 pali
1165 2215 1353 2269 Le6poli
1389 2213 1586 2264 fundata,
1628 2213 1671 2254 in
1704 2213 1876 2253 Mosco-

1046 2272 1161 2313 viam
1195 2271 1365 2323 proprii
1407 2271 1596 2313 neminis
1634 2269 1876 2321 digressuS,

1045 2328 1251 2370 thronum
1275 2327 1577 2380 pontificalem
1594 2327 1877 2368 Kiowensem

1047 2385 1284 2426 constituit.
1338 2385 1526 2426 Demum
1557 2384 1600 2425 in
1633 2382 1875 2424 Moraviam

1046 2443 1249 2482 reversus
1273 2446 1341 2483 est
1365 2440 1421 2483 ad
1441 2453 1559 2492 suos3
1584 2441 1757 2492 jamque
1778 2449 1875 2479 sese

1047 2497 1191 2550 abripi
1222 2497 1279 2539 ad
1311 2497 1550 2539 humanum
1584 2497 1748 2538 exitum
1781 2495 1874 2535 sen-

1045 2554 1170 2604 tiens,
1186 2557 1374 2607 ipsemet
1388 2554 1472 2596 sibi
1487 2555 1790 2595 successerem
1805 2549 1876 2591 de-

1046 2611 1254 2662 signavit,
1296 2611 1550 2675 clerumque
1584 2615 1628 2651 et
1660 2607 1874 2662 pepulum

1047 2668 1264 2720 supremis
1301 2667 1538 2732 praeceptis
1576 2666 1633 2708 ad
1668 2665 1875 2706 virtutem

1046 2724 1321 2774 cohortatus,
1354 2736 1406 2766 ea
1431 2724 1539 2772 vita,
1573 2734 1672 2775 quae
1698 2719 1781 2761 sibi
1805 2719 1876 2761 via
