2040 2976
698 225 905 259 Commune
930 233 1005 257 non
1029 222 1240 265 Virginum.

208 322 294 362 Pro
322 326 400 362 nec
428 321 606 370 Virgine
634 332 714 360 nec
743 319 865 359 Mart.

228 382 484 435 Capitulum.
587 382 713 421 Prov.
729 381 786 420 31.
801 379 840 420 b.

123 430 408 538 Mulierem
430 435 587 477 fortem
612 435 707 488 quis
731 433 942 477 inveniet?

246 492 420 544 procul,
449 497 492 534 et
518 491 573 534 de
597 492 760 534 ultimis
785 491 943 534 finibus

124 548 313 601 pretium
341 549 442 600 ejus.
476 547 683 590 ‘Confidit
712 549 757 589 in
790 560 841 590 ea
869 560 944 590 cor

125 604 207 646 viri
226 604 302 656 sui,
323 609 367 646 et
383 604 535 657 speliis
554 617 640 646 non
659 604 878 656 indigebit.

434 665 643 716 Hymnus.

231 726 372 764 ortem
390 721 503 763 virili
520 723 701 774 pectore

244 778 491 820 Laudemus
511 790 662 820 omnes
682 778 894 828 feminam,

204 835 313 885 Quae
332 834 574 876 sanctitatis
594 835 733 886 gloria

203 891 377 943 Ubique
396 890 532 943 fulget
550 891 722 943 inclyta.

155 960 262 1000 Haec
281 961 431 998 sancto
450 958 598 998 amore
616 957 773 1006 saucia,

203 1013 321 1054 Dum
335 1012 488 1054 mundi*
503 1015 696 1055 amorem
713 1013 892 1054 noxium

204 1069 443 1120 Horrescit,
463 1068 520 1111 ad
539 1069 734 1111 coelestia

205 1126 294 1167 Iter
313 1126 483 1179 peregit
503 1125 697 1168 arduum.

156 1193 340 1234 Carnem
360 1190 542 1232 domans
560 1191 737 1243 jejuniis,

204 1247 420 1300 Dulcique
437 1252 627 1289 mentem
644 1247 806 1300 pabulo

208 1303 428 1345 Orationis
445 1304 650 1354 nutriens,

208 1360 319 1402 Coeli
335 1362 501 1413 potitur
520 1359 699 1412 gaudiis.

158 1429 255 1469 Rex
274 1425 445 1467 Christe
463 1425 599 1467 virtus
618 1425 804 1476 f6rtium,

210 1482 294 1533 Qui
308 1495 464 1533 magna
484 1482 602 1523 solus
622 1481 767 1532 efficis,

209 1539 346 1591 Hujus
365 1540 557 1591 precatu,
576 1540 834 1590 quaesumus,

209 1594 327 1637 Audi
345 1594 557 1646 benignus
576 1594 808 1648 supplices.

159 1662 255 1703 Deo
274 1659 394 1701 Patri
413 1659 468 1701 sit
486 1659 635 1710 gloria,

209 1717 400 1769 Eiusque
418 1715 503 1757 soli
519 1715 642 1766 Fssio,

211 1773 321 1815 Cum
338 1772 503 1825 Spiritu
519 1772 748 1822 Paraclito‚

208 1829 336 1871 Nunc
356 1833 399 1871 et
416 1841 495 1882 per
515 1841 643 1870 omne
662 1828 880 1870 saeculum.

441 1885 594 1926 Amen.

186 1937 237 1989 V.
269 1941 423 1994 Specie
454 1946 529 1983 tua
560 1946 603 1982 et
633 1941 953 1994 pulchritudine

137 2002 222 2039 tua.
263 1999 313 2050 R.
344 1997 544 2047 Intende,
567 1999 779 2050 prespere
804 1999 953 2050 proce-

139 2053 204 2105 de,
224 2058 267 2096 et
285 2066 428 2105 regna.

189 2115 262 2157 Ad
284 2116 456 2167 Magnis.
493 2117 591 2157 Ant.
627 2115 778 2157 Simile
803 2119 870 2157 est
892 2128 955 2157 re-

138 2183 271 2222 gnum
298 2171 508 2212 coelorum
531 2173 555 2199 *
577 2170 741 2212 hemini
766 2172 955 2223 negotia-

139 2228 225 2268 tori
266 2228 477 2280 quaerenti
511 2227 650 2270 bonas
686 2230 957 2279 margaritas:

140 2282 314 2325 inventa
331 2296 417 2325 una
440 2284 648 2337 pretiosa,
675 2283 795 2326 dedit
814 2285 959 2326 omnia

141 2351 229 2390 sua,
249 2344 291 2382 et
310 2341 579 2393 comparavit
597 2353 703 2383 eam.

247 2406 332 2446 Pro
355 2418 438 2446 una
461 2406 651 2457 Martyre
670 2410 848 2447 tantum.

471 2462 632 2503 Oratio.

229 2530 321 2568 eus,
354 2518 427 2570 qui
446 2518 557 2560 inter
581 2520 727 2560 cetera
748 2518 958 2571 potentiae
1022 2556 1023 2575 ἶ
1048 2538 1108 2565 ff

245 2578 333 2615 tuae
360 2574 581 2624 miracula,
619 2575 749 2616 etiam
780 2575 825 2615 in
853 2587 960 2616 sexu
1022 2574 1133 2601 :aasz

143 2630 284 2681 fragili
307 2630 534 2672 victeriam
560 2631 755 2683 martyrii
780 2630 958 2673 contuli-

145 2686 215 2732 sti:
245 2686 436 2728 concede
458 2687 688 2740 propitius;
717 2691 766 2728 ut
790 2687 864 2739 qui
887 2687 959 2729 be-

145 2744 229 2784 atae
245 2742 296 2782 N.
320 2743 524 2795 Martyris
543 2749 631 2785 tuae
648 2743 842 2785 natalitia
860 2744 959 2785 celi-

299 2885 362 2910 Pars
378 2886 484 2910 AEstiva.

994 332 1107 370 mus,
1134 333 1214 373 per
1240 321 1329 373 ejus
1353 320 1409 363 ad
1431 325 1475 362 te
1499 320 1698 373 exempla
1721 333 1813 372 gra-

996 376 1175 418 diamur.
1209 377 1294 419 Per
1312 377 1558 419 Dominum.

1015 446 1100 485 Pro
1121 443 1316 496 pluribus
1338 442 1601 494 Martyribus
1619 447 1798 483 tantum.

1332 504 1493 545 Oratio.

1084 576 1109 605 a
1146 563 1289 614 nobis,
1341 565 1590 615 quaesumus
1628 563 1816 603 Domine

1100 621 1220 662 Deus
1244 624 1411 670 noster,
1440 622 1688 661 sanctarum
1705 619 1817 660 Mar·
1866 619 1867 622 ’

996 682 1141 730 tyrum
1164 679 1338 719 tuarum
1362 679 1412 719 N.
1433 681 1476 718 et
1502 676 1733 729 N.palmas
1757 676 1817 716 in-

998 733 1198 776 cessabili
1241 733 1474 775 devotione
1515 732 1728 774 venerari:
1771 736 1819 773 ut

1001 803 1108 843 quas
1139 789 1268 841 digna
1299 794 1444 831 mente
1472 802 1559 830 non
1586 791 1819 842 possumus

998 846 1237 897 celebrare,
1278 845 1512 888 humilibus
1549 845 1703 887 saltem
1739 845 1819 887 fre-

1000 905 1256 956 quentemus
1276 902 1507 955 obsequiis.
1533 902 1618 944 Per
1636 902 1762 942 Dfim.

1050 964 1136 1005 Pro
1161 977 1240 1004 nec
1260 964 1438 1013 Virgine
1463 975 1542 1003 nec
1568 962 1768 1012 Martyrc.

1329 1024 1491 1065 Oratio.

1000 1080 1214 1186 ExaUdi
1247 1098 1326 1127 nos
1358 1086 1478 1127 Deus
1511 1085 1714 1127 salutaris
1746 1097 1820 1126 no·
1871 1133 1873 1136 .

1096 1149 1201 1185 ster:
1228 1147 1276 1184 ut
1303 1143 1416 1184 sicut
1444 1142 1499 1184 de
1525 1141 1669 1184 beatae
1686 1139 1736 1179 N.
1764 1142 1821 1183 fe-

1001 1200 1194 1242 stivitate
1213 1199 1466 1251 gaudemus3
1495 1199 1555 1240 ita
1579 1198 1666 1252 piae
1692 1198 1821 1240 devo·
1872 1206 1874 1208 ’

1000 1257 1131 1298 tienis
1156 1255 1402 1298 erudiamur
1425 1255 1593 1297 affectu.
1628 1255 1713 1297 Per
1735 1255 1822 1296 Do-

1000 1314 1165 1354 minum
1183 1318 1392 1354 nostrum.

1105 1437 1110 1440 ⁴
1161 1394 1248 1435 Ad
1282 1394 1668 1436 Matutinum.

1056 1456 1227 1498 Invitat.
1272 1456 1520 1498 Laudemus
1563 1457 1706 1498 Deum
1749 1467 1823 1496 no-

1003 1518 1155 1563 strum,
1176 1516 1199 1539 *
1217 1513 1268 1553 In
1288 1513 1561 1555 confessione
1579 1513 1723 1555 beatae
1745 1514 1795 1555 N.

1055 1567 1123 1608 Ps.
1155 1569 1318 1620 Venite,
1339 1570 1616 1611 exsultemus.
1634 1570 1671 1610 2.

1310 1634 1518 1686 Hymnus.

1097 1692 1192 1743 ujus
1211 1693 1339 1732 oratu
1357 1691 1477 1732 Deus
1497 1690 1610 1732 alme
1628 1690 1756 1732 nobis

1118 1747 1307 1846 Debitajlts:t
1334 1761 1488 1801 poenas
1519 1747 1733 1789 scelerum
1761 1760 1824 1789 re-

1209 1818 1268 1845 mi
1311 1817 1348 1846 e:

1055 1860 1115 1902 Ut
1132 1860 1215 1902 tibi
1232 1874 1344 1914 puro
1364 1862 1618 1903 resonemus
1638 1860 1800 1902 almum

1105 1917 1292 1959 Pectore
1311 1931 1495 1959 carmen.

1008 1981 1071 2023 Sit
1091 1981 1225 2024 decus
1242 1983 1373 2033 Patri,
1391 1983 1636 2035 genitaeque
1653 1982 1783 2033 Proli,

1055 2038 1113 2079 Et
1136 2038 1218 2080 tibi
1240 2051 1419 2092 compar
1438 2039 1666 2091 utriusque
1687 2039 1826 2081 virtus

1057 2094 1245 2147 Spiritus
1260 2108 1442 2148 semper,
1456 2096 1576 2138 Deus
1590 2109 1700 2138 unus
1712 2096 1829 2138 omni

1111 2151 1341 2204 Temporis
1361 2165 1470 2194 aevo.
1506 2153 1658 2195 Amen.

1249 2228 1297 2267 In
1317 2228 1346 2267 Ι.
1368 2228 1588 2267 Nocturno.

1062 2290 1161 2330 Ant.
1196 2290 1231 2330 O
1260 2303 1390 2343 quam
1416 2291 1599 2344 pulchra
1622 2292 1646 2319 *
1668 2298 1734 2335 est
1762 2306 1828 2335 ca-

1010 2351 1078 2388 sta
1095 2348 1318 2398 generatio
1336 2360 1434 2390 cum
1453 2348 1667 2391 claritate!

1290 2407 1486 2447 Psalmus
1509 2408 1544 2447 8.

1012 2467 1025 2488 ³⁴·
1042 2465 1283 2525 ‘bisszffgomine
1330 2465 1544 2508 Dominus
1594 2470 1762 2515 noster,
1806 2467 1830 2493 *

1130 2550 1133 2557 .
1157 2533 1287 2573 quam
1310 2522 1567 2565 admirabile
1586 2527 1652 2565 est
1671 2535 1830 2564 nomen

1155 2582 1278 2619 tuum
1296 2578 1341 2619 in
1359 2580 1561 2622 universa
1578 2579 1710 2621 terra!

1063 2633 1278 2683 Queniam
1293 2635 1462 2678 elevata
1479 2641 1546 2678 est
1555 2635 1829 2686 magnificen-

1009 2688 1070 2730 tia
1087 2694 1172 2740 tua,
1191 2691 1215 2717 *
1234 2705 1367 2745 super
1386 2691 1535 2734 coelos.

1061 2746 1128 2787 Ex
1155 2759 1232 2789 ore
1258 2748 1486 2790 infantium
1512 2752 1555 2790 et
1577 2747 1830 2790 lactentium
