2040 2976
591 246 663 280 Die
692 247 738 279 16.
764 245 868 279 Julii.
916 245 1119 289 Triumphi
1145 247 1179 279 S.
1206 246 1350 279 Crucis

420 335 571 375 Lectio
594 336 646 374 ix.

187 397 243 440 ed
264 409 363 438 cum
380 400 448 437 tot
467 395 590 446 signa
603 394 946 448 perturbationis

205 453 324 495 dicta
353 452 455 501 sint,
489 454 684 504 oportet,
718 456 766 492 ut
795 453 947 492 eorum

118 508 516 553 considerationem
541 507 735 549 breviter
759 520 840 560 per
863 509 946 548 sin-

117 567 219 619 gula
242 566 607 620 perstringamus:
637 564 740 616 quia
767 566 948 605 necesse

119 629 196 674 est,
214 628 263 665 ut
281 623 367 664 alia
385 634 409 663 e
429 621 555 671 coelo,
576 620 661 661 alia
677 633 700 662 e
715 625 844 670 terra,
864 620 949 661 alia

118 680 173 723 ab
209 679 454 727 elementis,
489 677 574 719 alia
607 677 662 719 ab
698 676 949 718 hominibus

118 737 348 790 patiamur.
393 735 469 776 Ait
497 734 627 776 enim:
655 734 814 785 Surget
841 746 948 785 gens

119 799 274 836 eontra
307 796 500 844 gentem,
538 803 641 832 ecce
674 789 948 843 perturbatio

118 851 357 892 heminum:
372 853 499 890 erunt
513 849 792 889 terraemotus
804 847 950 897 magni

119 920 199 961 per
217 907 331 956 loca,
359 918 461 947 ecce
481 906 709 957 respectus
727 904 804 944 irae
825 903 948 944 desu-

119 977 216 1018 per:
252 968 378 1005 erunt
404 961 683 1015 pestilentiae,
718 973 821 1002 ecce
849 960 949 1001 inae-

121 1021 309 1074 qualitas
326 1022 578 1073 carporum:
593 1018 676 1060 erit
685 1017 834 1067 fames,
848 1029 950 1059 ecce

121 1078 328 1121 sterilitas
368 1081 518 1118 terrae:
567 1076 851 1127 terroresque
896 1073 951 1115 de

121 1135 235 1178 coelo
256 1139 300 1176 et
318 1134 620 1186 tempestates,
641 1144 743 1173 ecce
760 1131 950 1182 inaequa-

119 1191 220 1236 litas
247 1192 372 1232 aeris.
410 1189 521 1241 Quia
546 1200 651 1239 ergo
678 1188 826 1230 omnia
852 1200 951 1228 con-

122 1247 380 1290 summanda
408 1251 519 1296 sunt,
548 1251 650 1286 ante
680 1256 951 1286 consumma-

121 1306 287 1347 tienem
307 1303 453 1346 omnia
471 1301 800 1356 perturbantur:
819 1305 862 1342 et
880 1300 951 1352 qui

122 1362 166 1402 in
194 1361 364 1403 cunctis
393 1359 675 1412 deliquimus,
712 1358 756 1398 in
785 1357 952 1398 cunctis

123 1418 314 1460 ferimur:
333 1421 381 1459 ut
397 1416 632 1469 impleatur
648 1414 768 1467 quod
784 1413 953 1463 dicitur,

122 1476 180 1518 Et
198 1474 410 1528 pugnabit
428 1486 510 1527 pro
530 1485 583 1514 eo
604 1471 724 1513 orbis
739 1473 954 1512 terrarum

124 1538 278 1574 contra
295 1532 554 1573 insensatos.

182 1590 244 1631 Te
262 1589 407 1630 Deum
424 1586 667 1629 laudamus.
688 1586 746 1626 13.

391 1651 470 1693 Ad
490 1650 689 1692 Laudes

334 1718 352 1741 e
370 1711 384 1741 t
422 1718 447 1750 p
466 1717 484 1741 e
502 1717 520 1740 r
558 1707 593 1740 H
612 1717 634 1741 o
652 1718 670 1740 r
687 1718 707 1740 a
727 1717 754 1740 s.

179 1759 278 1801 Ant.
295 1761 324 1799 1.
349 1760 386 1800 O
406 1770 612 1809 magnum
630 1753 808 1808 pietatis
829 1765 955 1805 opus:

126 1818 149 1844 *
172 1829 293 1858 mors
321 1817 496 1856 mortua
522 1818 627 1855 tunc
656 1816 738 1860 est,
766 1809 954 1865 indigno

127 1872 303 1924 quando
322 1874 496 1914 mortua
514 1870 605 1911 vita
623 1868 714 1909 fuit.

138 1948 147 1952 *
179 1930 248 1970 Ps.
276 1928 490 1970 Deminus
509 1924 718 1976 regnavit.
741 1924 800 1963 14.

180 1987 216 2026 2.
245 1985 375 2027 Salva
399 1997 480 2026 nos
506 1983 530 2009 *
557 1981 728 2024 Christe
754 1978 957 2021 Salvator

126 2055 206 2096 per
233 2043 440 2084 virtutem
469 2039 639 2087 Crucis,
675 2036 749 2090 qui
776 2034 957 2076 salvasti

125 2100 304 2141 Petrum
321 2099 365 2139 in
382 2098 504 2147 mari,
522 2096 731 2138 miserere
749 2091 889 2133 nobis.

178 2158 215 2196 3.
242 2158 428 2198 Crucem
446 2160 567 2196 tuam
581 2155 604 2180 *
620 2151 854 2192 adoramus
870 2147 956 2188 Do-

126 2214 259 2263 mine,
290 2218 333 2254 et
366 2216 563 2253 sanctam
589 2206 957 2249 resurreetienem

126 2275 247 2312 tuam
289 2268 521 2310 laudamus
566 2270 611 2307 et
649 2262 958 2323 glorificamus:

128 2339 231 2368 ecce
263 2326 379 2367 enim
410 2328 596 2378 propter
625 2321 812 2362 Crucem
839 2320 958 2357 vemt

128 2382 335 2434 gaudium
354 2382 399 2422 in
416 2380 623 2422 universo
643 2374 818 2417 mundo.

180 2442 216 2479 4.
238 2441 351 2480 Ecce
372 2438 557 2479 Crucem
571 2430 760 2480 Demini,
779 2431 803 2457 *
822 2428 958 2479 fugite

128 2500 277 2547 partes
296 2494 514 2542 adversae,
541 2490 646 2532 vicit
667 2488 738 2528 leo
764 2485 818 2526 de
841 2483 959 2526 tribu

129 2553 154 2593 J
154 2551 253 2601 uda,
271 2549 397 2593 radix
415 2547 571 2595 David,
594 2544 777 2595 alleluja.

181 2610 218 2648 5.
267 2609 405 2648 Tuam
442 2606 627 2647 Crucem
663 2603 686 2626 *
723 2598 957 2640 adoramus

129 2665 336 2713 Demine,
377 2668 498 2704 tuam
535 2658 774 2711 gloriosam
805 2651 957 2694 recoli-

129 2734 226 2762 mus
263 2719 530 2773 passienem:
568 2713 778 2756 miserere
814 2707 958 2755 nobis,

131 2778 205 2830 qui
223 2788 380 2830 passus
400 2787 447 2816 es
466 2785 547 2826 pro
566 2769 705 2811 nobis.

285 2907 349 2932 Pars
366 2905 473 2930 AEstiva.

1734 245 1824 290 [337]

1057 333 1314 385 Capitulum.
1577 334 1670 373 Gal.
1687 336 1723 373 (13.
1740 333 1778 374 d.

997 394 1164 501 Milli
1197 407 1342 443 autem
1374 402 1489 444 absit
1520 401 1711 454 gloriari,
1743 400 1826 441 nisi

1121 471 1164 497 1n
1193 470 1322 500 cruce
1349 459 1528 500 Demini
1555 457 1694 499 nostri
1722 457 1827 498 Jesu

999 511 1174 554 Christi:
1214 527 1294 567 per
1333 528 1463 567 quem
1496 514 1603 555 mihi
1637 512 1826 554 mundus

999 570 1234 611 crucifixus
1254 577 1332 621 est,
1352 577 1395 613 et
1414 584 1496 623 ego
1515 570 1691 612 mundo.

1316 641 1524 691 Hymnus.

1091 705 1212 742 ustra
1232 714 1309 742 sex
1330 702 1404 754 qui
1423 703 1507 754 jam
1525 701 1707 754 peregit,

1120 757 1316 811 Tempus
1334 758 1521 811 implens
1541 757 1750 810 cerporis,

1080 812 1247 865 Sponte
1266 813 1405 856 libera
1424 814 1708 866 Redemptor,

1078 869 1278 911 Passieni
1298 870 1484 922 deditus,

1080 926 1233 978 Agnus
1252 927 1297 968 in
1317 928 1469 969 Crucis
1488 927 1660 968 levatur

1080 983 1381 1026 Immolandus
1402 984 1561 1037 stipite.

1037 1056 1150 1099 Felle
1168 1063 1300 1111 potus
1320 1070 1423 1099 ecce
1443 1058 1634 1108 languet:

1081 1114 1226 1166 Spina,
1247 1114 1370 1164 clavi,
1388 1114 1542 1155 lancea

1083 1170 1189 1212 Mite
1210 1184 1372 1223 eorpus
1391 1171 1686 1223 perforarunt:

1082 1226 1210 1268 Unda
1228 1233 1387 1277 manat,
1408 1232 1450 1269 et
1470 1239 1614 1268 cruor:

1084 1283 1232 1334 Terra,
1252 1289 1426 1336 pontus,
1447 1289 1576 1333 astra,
1595 1281 1795 1331 mundus,

1086 1340 1183 1390 Quo
1204 1340 1406 1382 lavantur
1426 1339 1618 1381 flumine!

1035 1414 1152 1454 Crux
1170 1414 1325 1463 fidelis,
1345 1415 1457 1456 inter
1477 1425 1628 1455 omnes

1084 1469 1231 1511 Arbor
1250 1483 1335 1512 una
1355 1470 1526 1512 nebilis:

1087 1526 1203 1567 Silva
1222 1527 1354 1569 talem
1376 1527 1495 1568 nulla
1512 1526 1680 1579 profert

1083 1583 1270 1633 Fronde,
1290 1584 1409 1634 flore,
1429 1583 1637 1635 germine:

1084 1639 1225 1681 Dulce
1246 1641 1418 1690 ferrum,
1439 1639 1567 1682 dulce
1585 1639 1761 1689 lignum,

1085 1696 1225 1738 Dulce
1245 1696 1421 1750 pondus
1439 1697 1664 1738 sustinent.

1038 1770 1186 1813 Flecte
1205 1784 1362 1822 ramos,
1382 1770 1513 1812 arbor
1533 1769 1630 1817 alta,

1086 1827 1231 1869 Tensa
1249 1827 1350 1869 laxa
1370 1830 1550 1876 viscera,

1086 1884 1143 1925 Et
1165 1885 1283 1935 rigor
1302 1884 1515 1925 lentescat
1533 1881 1617 1930 ille,

1087 1939 1227 1989 Quem
1246 1939 1368 1981 dedit
1387 1939 1607 1986 nativitas3

1086 1996 1143 2037 Et
1162 1996 1341 2049 superni
1359 1994 1555 2037 membra
1574 1992 1708 2043 Regis

1087 2051 1239 2093 Tende
1261 2052 1356 2093 miti
1376 2051 1535 2104 stipite.

1040 2125 1141 2167 Sola
1161 2125 1291 2177 digna
1308 2130 1357 2167 tu
1376 2125 1496 2166 fuisti

1087 2182 1221 2223 Ferre
1242 2181 1394 2223 mundi
1413 2180 1645 2228 victimam,

1088 2238 1237 2290 Atque
1255 2243 1434 2290 portum
1454 2238 1708 2290 praeparare

1087 2294 1203 2335 Arca
1224 2292 1389 2335 mundo
1408 2292 1632 2343 naufrago,

1088 2351 1229 2400 Quam
1248 2363 1372 2391 sacer
1391 2362 1521 2391 cruor
1542 2346 1757 2401 pertinxit,

1087 2407 1230 2447 Fusus
1250 2406 1364 2457 Agni
1383 2407 1581 2458 cerpore.

1037 2479 1309 2532 Sempiterna
1328 2479 1384 2521 sit
1401 2479 1546 2521 beatae

1087 2536 1292 2578 Trinitati
1309 2536 1461 2587 gloria,

1088 2593 1236 2643 AEqua
1255 2592 1375 2634 Patri
1392 2591 1607 2642 Fili6que3

1089 2649 1175 2689 Par
1195 2647 1330 2689 decus
1349 2645 1580 2688 Paraclito:

1090 2704 1228 2746 Unius
1247 2703 1457 2754 Trinique
1475 2711 1635 2741 nomen

1089 2759 1260 2801 Laudet
1281 2757 1550 2799 universitas
1582 2756 1735 2796 Amen.

1586 2877 1629 2909 W
