2040 2976
595 198 664 232 Dic
688 199 718 231 2.
743 199 860 232 Junii.
907 199 941 233 S.
968 200 1129 242 Eugenii
1155 200 1179 234 Ι.
1205 200 1323 243 Papae
1349 206 1384 235 et
1410 201 1516 235 Conf.

419 296 467 334 In
495 295 544 333 Π.
573 295 795 334 Nocturno.

497 364 647 405 Lectio
668 365 720 404 iv.

213 438 220 474 ς·
238 436 308 489 Γ)
320 421 574 519 Ιῗζιέξιέὲἰμε,
619 422 814 520 ntatffinet
835 423 1028 522 Grfficug,

211 488 220 528 ,³
241 488 308 531 «12:3³³
412 491 470 519 un
503 491 546 519 10
580 491 638 531 pa
660 491 707 519 re
740 492 795 520 na
815 492 868 520 us
943 493 983 521 ic
1015 503 1028 509 -

215 528 287 551 '²
337 535 428 587 poli
456 534 578 587 Epiri
610 534 794 587 Oppido,
826 547 880 576 ex
909 549 1028 588 pres-

200 591 355 643 bytero
381 596 545 632 sanctae
570 591 783 633 Romanae
805 592 1027 642 Ecclesiae,

200 653 303 700 post
331 647 496 689 Soteris
524 652 727 697 mortem,
759 650 895 689 totius
923 649 1028 690 cleri

201 703 435 755 suffragiis,
471 704 698 745 Romanus
729 704 933 745 Pantifex
964 718 1026 746 re-

200 760 422 801 nuntiatus
451 765 533 810 est,
562 760 711 801 Marco
740 760 921 802 Aurelio
951 761 1026 802 im-

200 818 403 869 peratore
440 817 662 867 Augusto,
701 829 814 858 anno
851 817 1028 858 Demini

200 872 438 914 centesimo
449 872 772 925 septuagesimo
783 885 911 914 nono.
929 873 1026 923 Quo

199 931 378 970 munere
415 928 608 980 egregie,
646 933 689 970 et
725 942 894 970 summa
929 942 1027 971 cum

199 984 329 1026 laude
369 985 543 1026 functus
581 989 647 1026 est
678 997 816 1026 annos
849 986 1026 1037 quinde-

200 1041 298 1089 cim,
327 1040 421 1082 dies
445 1040 598 1091 viginti
620 1045 723 1095 tres:
747 1040 889 1082 tribus
914 1041 1027 1083 ordi-

199 1096 446 1138 nationibus
466 1109 615 1138 mense
634 1097 870 1138 Decembri
891 1098 1027 1148 factis,

199 1154 447 1204 creatisque
479 1152 749 1205 presbyteris
783 1152 1027 1203 duodecim,

200 1207 397 1250 diaconis
415 1214 527 1258 octo,
548 1209 769 1261 episcopis
788 1222 868 1262 per
888 1208 1026 1252 diver-

201 1277 249 1305 sa
267 1264 365 1305 loca
386 1264 645 1317 quindecim.

247 1332 297 1382 Rv.
328 1330 575 1370 Honestum
594 1329 696 1371 fecit
714 1329 836 1371 illum
854 1330 959 1381 Dfis,
984 1336 1028 1373 et

200 1385 439 1427 custodivit
454 1398 554 1427 eum
569 1385 624 1427 ab
640 1386 836 1436 inimicis,
858 1392 901 1428 et
922 1400 947 1428 a
962 1400 1026 1429 se-

200 1441 456 1484 ductoribus
470 1442 629 1484 tutavit
643 1442 780 1484 illum:
792 1445 813 1469 *
833 1443 890 1485 Et
905 1442 1027 1486 dedit

198 1498 260 1539 iffi
281 1498 522 1541 claritatem
538 1501 756 1541 aeternam.
770 1495 821 1547 V.
836 1500 1026 1542 Descen-

202 1553 353 1606 ditque
389 1568 488 1596 cum
520 1555 596 1597 illo
632 1555 676 1596 in
709 1556 899 1606 foveam,
921 1557 1026 1598 etin

199 1611 383 1652 vinculis
402 1624 490 1653 non
509 1611 742 1664 dereliquit
761 1625 870 1655 eum.
897 1613 965 1655 Et.

503 1684 654 1726 Lectio
675 1699 712 1725 v.

274 1745 303 1788 b
330 1746 526 1787 Ecclesia
549 1745 831 1797 Lugdunensi
855 1759 936 1799 per
959 1747 1025 1790 lit-

299 1807 431 1852 teras,
457 1801 512 1844 de
534 1802 752 1843 nonnullis
777 1803 1024 1855 quaesti6ni-

196 1857 279 1900 bus
299 1858 536 1908 consultus,
557 1859 772 1899 kenaeum
791 1859 930 1901 virum
949 1859 1023 1902 do-

197 1914 438 1956 ctissimum
465 1914 709 1956 litterarum
735 1914 922 1957 laterem
949 1915 1023 1957 hu-

196 1970 381 2012 maniter
397 1971 579 2024 excepit,
599 1973 726 2023 eique
740 1972 1025 2024 Apostolicas

196 2026 466 2077 traditiones,
487 2041 595 2080 quas
612 2028 813 2070 Romana
826 2028 1025 2071 Ecclesia

197 2082 385 2125 illibatas
415 2083 681 2134 servaverat,
714 2086 895 2137 aperuit.
949 2086 1023 2127 Su-

197 2140 472 2191 perstitiosas
504 2141 869 2187 Montanistarum
899 2155 1023 2184 xero-

197 2195 381 2248 phagias
414 2195 650 2238 damnavit:
684 2198 872 2250 optimas
904 2198 1023 2250 leges

197 2265 279 2304 pro
298 2258 417 2294 recta
435 2253 691 2304 judici6rum
711 2254 1022 2297 ecclesiastice·
1079 2264 1094 2289 J

197 2321 293 2349 rum
308 2308 447 2350 forma
457 2310 740 2362 praescripsit3
757 2311 1023 2353 MarciOnem

199 2369 241 2406 et
256 2364 537 2406 Valentinum
557 2366 718 2418 saepius
737 2366 948 2420 relapsos,
968 2368 1022 2410 ab

198 2421 394 2462 Ecclesia
412 2421 586 2474 penitus
606 2423 739 2474 ejecit.

248 2485 298 2535 K.
331 2486 608 2528 Desiderium
641 2490 795 2530 animae
829 2490 919 2541 ejus
950 2491 1022 2532 tri-

197 2542 331 2584 buisti
359 2544 398 2584 ei
426 2543 628 2594 Domine,
663 2542 686 2565 *
715 2545 772 2586 Et
799 2545 1023 2588 voluntate

197 2598 411 2640 labierum
438 2600 529 2652 eJus
556 2613 643 2642 non
675 2600 886 2643 fraudasti
914 2615 1023 2643 eum.

198 2648 247 2699 Y.
267 2656 483 2705 Quoniam
501 2657 754 2709 praevenisti
771 2670 870 2698 eum
888 2659 931 2698 in
950 2659 1021 2700 be-

197 2711 516 2754 nedicti6nibus
545 2712 805 2755 dulcedinis:
836 2716 1023 2766 posuisti

1082 295 1126 335 in
1154 294 1298 347 capite
1326 296 1418 347 eius
1445 297 1653 337 corenam
1680 294 1735 338 de
1760 294 1908 349 lapide

1082 351 1291 404 pretioso.
1317 351 1385 393 Et.

1376 411 1528 451 Lectio
1548 411 1600 451 vi.

1159 480 1233 508 um
1257 481 1425 509 summa
1446 481 1557 521 pace
1579 467 1777 510 Ecclesia
1798 468 1907 511 frue-

1171 525 1302 573 retur,
1321 524 1483 574 multos
1502 524 1632 566 etiam
1651 537 1706 566 ex
1719 525 1910 578 optima-

1081 578 1198 621 tibus
1222 579 1278 622 ad
1297 580 1457 622 Christi
1479 580 1613 622 fidem
1631 581 1788 622 Romae
1807 594 1906 623 con-

1082 635 1222 677 vertit.
1256 636 1297 677 A
1314 636 1452 678 Lucio
1471 637 1781 678 Britannorum
1803 650 1907 689 rege

1080 691 1248 733 litteras
1266 705 1346 745 per
1370 693 1540 745 legatos
1559 693 1746 746 accepit,
1774 693 1908 736 divini

1081 747 1203 789 verbi
1255 749 1478 791 ministros
1527 749 1797 802 postulante,
1852 749 1908 792 ad

1082 815 1212 855 quem
1230 804 1464 856 Fugatium
1484 810 1528 847 et
1542 805 1805 847 Damianum
1819 806 1906 849 Ro-

1080 862 1222 902 manae
1239 861 1451 903 Ecclesiae
1473 861 1757 914 presbyteros
1779 863 1907 913 misit,

1081 929 1106 957 a
1126 916 1283 967 quibus
1301 930 1379 959 rex
1399 918 1494 970 ipse
1514 930 1614 959 cum
1627 922 1722 960 tota
1735 918 1907 970 familia,

1081 976 1132 1013 et·
1155 972 1319 1015 subditi
1347 973 1438 1015 fere
1463 986 1614 1015 omnes
1639 986 1766 1016 sacro
1790 974 1906 1016 lava·
1941 977 1946 982 '

1081 1040 1156 1069 cro
1179 1029 1424 1080 regenerati
1447 1030 1579 1071 fuere.
1621 1030 1704 1071 His
1731 1030 1907 1073 demum

1080 1083 1264 1136 aliisque
1287 1097 1370 1138 pro
1395 1084 1543 1127 divino
1567 1085 1686 1128 cultu
1703 1086 1906 1139 peractiS,

1080 1145 1232 1182 sancto
1247 1140 1333 1182 fine
1349 1141 1524 1194 quievit,
1543 1141 1624 1184 sub
1642 1142 1906 1195 imperatore

1082 1196 1342 1247 Cemmodo,
1367 1197 1519 1249 quinto
1538 1197 1761 1240 Kalendas
1780 1199 1805 1240 J
1806 1198 1906 1249 sinii,

1081 1252 1278 1305 sepultus
1296 1253 1340 1294 in
1358 1254 1588 1296 Vaticano.

1130 1310 1179 1361 R.
1208 1309 1331 1351 Stola
1357 1310 1648 1362 jucunditatis

1129 1379 1172 1413 In
1196 1379 1259 1413 HI.
1285 1380 1484 1414 Nocturno
1510 1380 1681 1414 Homilia
1703 1380 1742 1414 in
1758 1380 1903 1424 Evang.

1078 1427 1119 1461 Si
1158 1427 1245 1471 quis
1283 1428 1400 1463 venit.
1438 1428 1484 1462 de
1526 1428 1662 1463 eodem
1701 1428 1904 1463 Communi

1080 1476 1106 1509 1.
1131 1476 1228 1509 loco.

1351 1557 1435 1600 Die
1452 1559 1491 1599 2.
1509 1558 1534 1600 J
1536 1572 1636 1600 unu

1149 1626 1192 1668 S.
1212 1626 1425 1677 Eugenii
1443 1628 1479 1668 Ι.
1496 1624 1630 1676 Papae
1651 1628 1694 1665 et
1714 1623 1834 1666 Conf.

1409 1687 1573 1731 Duplex.

1131 1748 1268 1783 Omnia
1302 1750 1348 1783 de
1379 1749 1582 1784 Communi
1612 1749 1721 1784 Conf.
1752 1749 1902 1794 Pontif.‚

1078 1802 1219 1840 praeter
1243 1808 1348 1841 sequ.
1374 1796 1434 1840 (m.
1458 1800 1482 1832 t.
1506 1797 1556 1840 v.)

1134 1853 1276 1888 Oratio.
1302 1854 1370 1897 Da,
1394 1854 1626 1898 quaesumus.

1130 1911 1171 1944 In
1203 1910 1230 1944 I.
1263 1910 1462 1945 Nocturno
1494 1912 1697 1947 Lectiones
1730 1911 1777 1946 de
1806 1911 1903 1947 Scri-

1079 1963 1190 2002 ptura
1215 1963 1447 1993 occurrente.

1301 2024 1350 2063 In
1377 2024 1427 2063 H.
1456 2024 1679 2064 Nocturno.

1376 2088 1528 2129 Lectio
1548 2088 1601 2128 iv.

1088 2157 1151 2203 ς’ῥξῑῑ
1179 2153 1286 2193 eato
1323 2152 1512 2194 Martino
1552 2152 1677 2204 hujus
1716 2153 1903 2195 nominis

1088 2201 1181 2265 ζ(
1201 2208 1355 2260 primo,
1373 2209 1600 2260 tyrannica
1619 2209 1814 2252 haeretici
1827 2209 1903 2252 im-

1180 2265 1421 2317 perateris
1467 2266 1681 2308 sententia
1720 2266 1902 2314 Cherso-

1075 2334 1176 2362 nam
1202 2321 1414 2372 relegato,
1442 2321 1682 2364 Theodoro
1711 2322 1902 2364 exarcho

1075 2377 1280 2428 instante,
1316 2378 1536 2429 Eugenius
1568 2379 1712 2432 patria
1741 2380 1901 2421 Roma-

1075 2448 1167 2485 nus,
1188 2435 1263 2486 qui
1281 2434 1371 2476 fere
1390 2448 1416 2476 a
1435 2435 1661 2478 cunabulis
1677 2437 1803 2478 sac'ro
1818 2436 1901 2478 cle-

1075 2491 1266 2533 ricorum
1299 2491 1441 2533 Ordini
1473 2505 1520 2533 se
1553 2492 1797 2543 addixerat,
1829 2492 1901 2534 ab·

1076 2547 1211 2589 sentis
1246 2548 1472 2590 Pontificis
1508 2549 1625 2590 vices
1661 2549 1810 2599 gessit,
1836 2562 1901 2591 -ne

1076 2604 1290 2645 Romanae
1331 2604 1541 2646 Ecclesiae
1585 2604 1901 2647 administratio

1076 2663 1275 2702 cessasse
1322 2663 1497 2702 omnino
1540 2661 1775 2713 videretur3
1821 2662 1901 2703 sed

1075 2716 1157 2758 hac
1187 2719 1340 2758 revera
1366 2719 1588 2769 potestate
1614 2718 1814 2761 modeste
1838 2718 1902 2760 uti
