2040 2976
648 204 857 239 Commune
884 206 1130 239 Confessoris
1158 215 1231 238 non
1258 204 1466 238 I'ontifieis.

206 295 402 336 natalitia
435 295 636 346 colimus,
673 295 805 337 etiam
837 296 1032 338 actiones

206 351 435 393 imitemur.
467 351 554 393 Per
577 352 824 393 Dominum.

478 425 570 465 Alia
593 426 756 466 Oratio.

281 480 408 523 desto
462 480 650 522 Demine
703 480 1030 532 supplicationi-

315 536 397 577 bus
423 536 604 586 nostris,
634 548 742 588 quas
767 536 811 576 in
837 536 957 578 beati
975 538 1026 578 N.

205 592 480 633 Confessoris
498 592 563 634 tui
582 592 859 633 solemnitate
879 591 1030 633 deferi-

203 661 314 688 mus:
346 652 394 689 ut
425 648 500 700 qui
528 653 693 689 nostrae
719 648 897 700 justitiae
922 647 1030 688 fidu-

204 704 315 745 ciam
339 716 428 745 non
455 703 685 753 habemus,
714 705 821 755 ejus,
851 703 925 756 qui
951 702 1031 744 tibi

202 759 384 812 placuit,
410 759 615 812 precibus
642 759 906 811 adjuvemur.
946 759 1031 800 Per

203 816 439 856 Deminum
458 820 669 857 nostrum.

282 888 323 927 Si
350 888 478 927 fuerit
504 888 666 928 Abbas.
777 890 937 929 Oratio.

253 944 493 986 ntercessio
527 958 626 994 nos,
664 947 914 996 quaesumus
941 944 1029 985 Do-

262 1000 388 1050 mine,
407 999 528 1042 beati
539 1002 589 1042 N.
606 1000 795 1042 Abbatis
814 1001 1029 1042 commen-

203 1056 291 1098 det:
326 1060 374 1098 ut
409 1056 529 1108 quod
555 1057 718 1100 nostris
747 1057 913 1098 meritis
941 1069 1030 1097 non

201 1112 412 1162 valemus,
442 1113 532 1164 eius
555 1113 800 1164 patrocinio
824 1114 1028 1164 assequa-

201 1181 309 1209 mur.
345 1168 429 1210 Per
448 1168 697 1209 Deminum.

379 1253 465 1293 Ad
491 1252 855 1295 matutinum.

252 1320 370 1358 lnvit.
405 1320 569 1368 Regem
602 1318 915 1360 Confesserum
941 1318 1029 1360 De-

200 1374 376 1423 minum,
392 1375 413 1398 *
435 1374 596 1416 Venite
616 1374 862 1415 adoremus.

257 1430 320 1468 l’s.
349 1430 514 1480 Venite,
535 1430 814 1472 exsultemus.
832 1431 869 1471 2.

252 1488 458 1538 Hymnus.
491 1490 579 1528 Iste
602 1486 850 1528 Confessor.
869 1486 951 1538 [67]

441 1567 488 1605 In
508 1567 536 1605 I.
558 1568 780 1608 Nocturno.

255 1634 351 1673 Ant.
392 1633 553 1673 BeAtus
589 1633 674 1682 vir,
702 1633 726 1659 *
753 1633 828 1684 qui
860 1633 904 1674 in
931 1634 1029 1685 lege

200 1688 378 1728 Domini
408 1687 662 1730 meditatur:
701 1688 905 1731 voluntas
938 1691 1029 1742 ejus

200 1745 428 1795 permanet
457 1743 528 1785 die
556 1757 607 1786 ac
634 1749 782 1794 nocte,
812 1749 855 1786 et
884 1746 1029 1787 omnia

201 1803 490 1852 quaecumque
505 1800 647 1851 faciet,
662 1813 835 1853 semper
847 1814 1028 1854 prospe-

199 1855 420 1897 rabuntur.

490 1904 685 1944 Psalmus
706 1907 734 1944 1.

211 2001 215 2019 Α,
239 1989 274 2016 μς
302 1969 435 2008 eatus
450 1967 525 2017 vir,
545 1968 619 2020 qui
637 1981 725 2009 non
743 1969 850 2011 abiit
869 1970 912 2010 in
928 1983 1026 2012 con-

212 2028 215 2067 ]
237 2021 304 2082 12:1⁴*
327 2023 423 2064 silio
443 2023 692 2076 impierum,
713 2029 757 2066 et
776 2025 819 2066 in
839 2026 910 2067 via
927 2039 1026 2079 pec-

214 2081 215 2085 ’
246 2075 303 2101 ²2³
329 2081 527 2120 catorum
555 2092 643 2121 non
683 2082 820 2131 stetit,
852 2082 876 2108 *
909 2088 953 2124 et
983 2083 1026 2123 in

199 2132 407 2175 cathedra
426 2135 691 2186 pestilentiae
710 2149 798 2178 non
819 2137 948 2179 sedit:

250 2189 338 2230 Sed
353 2190 396 2230 in
410 2190 506 2241 lege
516 2191 907 2235 Deminivoluntas
924 2196 1025 2246 ejus,

198 2244 222 2271 *
250 2249 294 2285 et
325 2244 369 2285 in
397 2245 494 2296 lege
523 2248 614 2298 ejus
641 2248 925 2291 meditabitur
954 2250 1025 2292 die

197 2312 249 2341 ac
267 2305 408 2342 nocte.

248 2355 305 2397 Et
332 2356 414 2398 erit
441 2361 663 2408 tamquam
690 2359 874 2410 lignum,
905 2363 1025 2414 quod

196 2407 443 2460 plantatum
456 2413 521 2449 est
532 2421 658 2450 secus
670 2410 882 2454 decursus
893 2417 1023 2465 aqua-

196 2476 303 2513 rum,
314 2465 338 2491 *
350 2463 470 2515 quod
488 2464 677 2506 fructum
695 2479 820 2508 suum
840 2468 962 2511 dabit
981 2471 1023 2511 in

197 2520 398 2572 tempore
418 2532 513 2561 suo:

248 2575 304 2617 Et
329 2575 481 2616 felium
507 2576 598 2626 ejus
623 2589 710 2618 non
737 2577 916 2621 defluet:
935 2582 959 2608 *
979 2587 1023 2623 et

196 2631 341 2672 emnia
361 2634 650 2683 quaecumque
669 2632 815 2683 faciet,
839 2647 1021 2688 prospe-

194 2686 417 2729 rabuntur.

1135 295 1237 336 Non
1256 294 1318 336 sic
1337 293 1470 346 impii,
1488 306 1579 335 non
1593 294 1704 336 sicz*
1715 294 1796 337 sed
1808 299 1915 336 tam-

1087 363 1217 403 quam
1234 350 1398 403 pulvis‚-
1416 362 1547 403 quem
1564 350 1739 402 prejicit
1757 355 1915 393 ventus

1085 420 1110 448 a
1129 407 1238 448 facie
1257 411 1400 447 terrae.

1136 462 1245 504 Ideo
1270 475 1358 504 non
1386 465 1618 513 resurgent
1642 462 1765 515 impii
1787 463 1832 504 in
1857 464 1914 515 ju-

1085 519 1215 560 dicio:
1240 519 1265 546 *
1289 531 1434 570 neque
1458 519 1718 571 peccateres
1743 519 1787 560 in
1813 531 1912 560 con-

1085 575 1185 616 cilio
1204 575 1429 626 justerum.

1137 631 1353 680 Quoniam
1375 631 1499 672 novit
1522 630 1618 671 Dfis
1643 631 1760 672 viam
1783 632 1915 684 iusto-

1084 699 1196 727 rum:
1219 688 1243 714 *
1270 691 1314 727 et
1338 687 1420 727 iter
1443 687 1679 739 impiorum
1701 687 1874 740 peribit.

1134 754 1233 793 Ant.
1267 751 1429 791 Beatus
1449 750 1530 801 vir,
1555 751 1629 803 qui
1648 751 1692 791 in
1710 751 1809 802 lege
1827 752 1914 792 Dfii

1082 804 1336 847 meditatur:
1355 806 1560 848 voluntas
1581 807 1670 859 ejus
1686 809 1915 860 permanet

1083 860 1154 902 die
1175 873 1227 902 ac
1242 866 1383 912 nocte,
1400 867 1443 904 et
1463 863 1607 904 omnia
1623 866 1913 915 quaecumque

1082 916 1224 967 faciet,
1250 930 1427 971 semper
1451 919 1845 972 prosperabuntur.

1131 984 1234 1024 Ant.
1267 984 1431 1024 Beatus
1456 983 1541 1025 iste
1567 988 1763 1034 sanctus,
1789 985 1814 1012 *
1840 985 1914 1036 qui

1083 1037 1277 1079 confisus
1294 1039 1419 1080 estin
1432 1039 1635 1089 Domino,
1656 1039 1915 1092 praedicavit

1081 1095 1357 1146 praeceptum
1367 1095 1554 1145 Domini,
1572 1096 1836 1138 constitutus
1847 1101 1916 1138 est

1082 1149 1126 1189 in
1142 1155 1293 1192 monte
1312 1155 1466 1192 sancto
1486 1152 1588 1203 ejus.

1372 1236 1569 1276 Psalmus
1588 1238 1624 1276 2.

1165 1313 1272 1342 uare
1305 1301 1575 1345 fremuerunt
1605 1302 1791 1355 Gentes,
1818 1305 1843 1332 *
1871 1309 1915 1347 et

1177 1356 1333 1409 populi
1351 1357 1551 1400 meditati
1570 1364 1672 1402 sunt
1688 1360 1854 1402 inamia?

1133 1413 1381 1456 Astiterunt
1407 1426 1534 1465 reges
1557 1419 1705 1466 terrae,
1734 1420 1779 1458 et
1799 1419 1914 1470 prin-

1082 1469 1203 1521 cipes
1233 1471 1532 1512 convenerunt
1556 1471 1601 1512 in
1628 1485 1762 1514 unum
1789 1474 1814 1501 *
1842 1473 1914 1515 ad-

1081 1527 1234 1566 versus
1244 1525 1493 1577 Dominum,
1509 1532 1554 1569 et
1567 1527 1780 1570 adversus
1795 1529 1914 1571 Chri-

1082 1586 1197 1623 stum
1218 1582 1320 1633 ejus.
1827 1616 1829 1618 -

1132 1637 1446 1689 Dirumpamus
1461 1639 1636 1681 vincula
1651 1642 1818 1683 eorum:
1830 1642 1856 1670 *
1871 1646 1916 1684 et

1081 1693 1362 1744 projiciamus
1373 1707 1399 1734 a
1409 1694 1537 1736 nobis
1547 1696 1696 1748 jugum
1704 1697 1913 1749 ipsorum.

1134 1749 1219 1798 Qui
1254 1749 1426 1791 habitat
1459 1750 1504 1791 in
1545 1751 1671 1793 coelis
1712 1753 1915 1796 irridebit

1082 1812 1173 1842 eos:
1188 1802 1212 1827 *
1228 1806 1272 1842 et
1287 1801 1504 1843 Deminus
1520 1802 1810 1846 subsannabit
1826 1818 1914 1847 eos.

1133 1856 1259 1897 Tunc
1278 1857 1484 1908 loquetur
1504 1858 1562 1900 ad
1581 1872 1660 1901 eos
1679 1860 1723 1900 in
1743 1861 1808 1902 ira
1823 1874 1912 1912 sua,

1079 1911 1104 1937 *
1124 1917 1168 1953 et
1187 1912 1232 1952 in
1251 1912 1400 1956 furere
1419 1926 1500 1955 suo
1521 1916 1806 1958 conturbabit
1825 1929 1912 1959 eos.

1131 1968 1228 2020 Ego
1254 1973 1402 2010 autem
1424 1971 1693 2013 constitutus
1717 1985 1815 2014 sum
1833 1986 1912 2016 rex

1080 2023 1135 2065 ab
1155 2037 1208 2066 eo
1229 2038 1362 2077 super
1376 2025 1483 2067 Sion
1500 2032 1697 2070 montem
1711 2034 1913 2071 sanctum

1080 2081 1182 2132 ejus,
1200 2081 1224 2106 *
1243 2081 1491 2133 praedicans
1513 2085 1788 2136 praeceptum
1809 2086 1911 2138 ejus.

1129 2136 1347 2178 Deminus
1380 2137 1492 2179 dixit
1520 2139 1578 2180 ad
1605 2152 1695 2181 me:
1722 2140 1746 2167 *
1773 2141 1910 2182 Filius

1077 2204 1202 2233 meus
1222 2204 1268 2233 es
1286 2197 1349 2243 tu,
1373 2206 1456 2245 ego
1474 2194 1608 2237 hodie
1627 2196 1758 2247 genui
1776 2201 1832 2238 te.

1128 2248 1312 2289 Postula
1332 2262 1357 2290 a
1376 2262 1463 2299 me,
1490 2255 1534 2292 et
1554 2250 1671 2293 dabo
1694 2251 1776 2294 tibi
1797 2253 1910 2295 Gen-

1077 2308 1145 2345 tes
1178 2303 1486 2347 haereditatem
1520 2311 1659 2357 tuam,
1686 2309 1710 2334 *
1738 2313 1782 2350 et
1810 2321 1909 2362 pos-

1077 2359 1321 2401 sessionem
1339 2365 1461 2402 tuam
1481 2363 1694 2405 terminos
1713 2368 1856 2406 terrae.

1130 2416 1277 2467 Reges
1307 2429 1383 2458 eos
1412 2418 1456 2458 in
1484 2419 1609 2470 virga
1634 2419 1790 2470 ferrea,
1815 2421 1839 2447 *
1865 2426 1909 2463 et

1076 2476 1303 2524 tamquam
1317 2486 1396 2514 vas
1411 2474 1535 2524 figuli
1551 2475 1801 2528 confringes
1820 2489 1908 2519 eos.

1127 2528 1183 2568 Et
1208 2541 1323 2569 nunc
1348 2542 1475 2581 reges
1502 2531 1750 2583 intelligite:
1770 2533 1794 2558 *
1814 2545 1907 2584 eru-

1076 2582 1229 2624 dimini
1249 2585 1323 2635 qui
1342 2585 1546 2636 judicatis
1565 2591 1739 2628 terram.

1126 2639 1297 2681 Servite
1322 2641 1516 2683 Demino
1543 2642 1587 2683 in
1614 2643 1789 2686 timore:
1815 2645 1839 2671 *
1864 2649 1908 2686 et

1076 2696 1294 2738 exsultate
1315 2697 1355 2738 ei
1373 2710 1474 2738 cum
1491 2701 1695 2740 tremore.
