2040 2976
768 215 875 248 Fcriu
903 220 1010 248 sexta
1037 215 1085 248 ad
1107 214 1309 257 vesperas.

239 314 350 364 Quia
372 312 546 354 dicitis'
536 326 579 353 1n
599 312 924 363 cogitatione:*
946 323 1013 352 ac-

187 370 348 422 cipient
366 369 409 409 in
429 383 455 410 v
459 369 621 410 anitate
641 369 839 410 civitates
856 372 965 408 tuas.

237 426 393 466 Nonne
427 425 501 477 qui
527 425 715 466 oderunt
741 429 785 466 te
814 423 1014 473 Domine,

187 479 389 523 oderam?
413 482 436 507 *
462 486 506 522 et
529 494 662 534 super
689 481 889 521 inimicos
912 484 1013 521 tuos

185 536 493 579 tabescebam?

235 594 437 634 Perfecto
463 593 567 635 odio
592 594 774 635 oderam
792 593 951 634 illosz*
971 596 1015 633 et

184 650 346 691 inimici
366 649 470 691 facti
490 655 592 691 sunt
610 650 726 691 mihi.

236 705 383 747 Proba
405 719 475 748 me
493 707 616 748 Deus
635 711 678 748 et
697 707 808 748 scito
832 718 910 748 cor
927 718 1013 746 me-

184 776 272 803 um:
300 763 323 788 *
352 763 573 814 interroga
591 776 678 812 me,
715 768 759 804 et
795 763 1014 814 cognosce

185 819 364 860 semitas
382 832 515 861 meas.

235 875 293 916 Et
309 875 425 923 vide,
455 877 492 916 si
520 876 590 917 via
612 875 852 927 iniquitatis
876 875 921 915 in
943 886 1014 915 me

185 936 266 972 est:
285 932 309 957 *
332 936 376 973 et
395 931 538 973 deduc
553 945 622 974 me
641 932 684 972 in
703 932 774 973 via
793 933 968 972 aeterna.

242 998 336 1036 Ant.
388 997 571 1038 Domine
608 993 806 1049 probasti
841 1008 928 1044 me,
970 999 1015 1036 et

186 1053 433 1103 cognovisti
453 1066 532 1094 me.

240 1119 335 1158 Aut.
362 1121 393 1158 Λ
415 1117 511 1159 viro
532 1118 693 1170 iniquo.

451 1196 644 1236 l'salmus
666 1198 750 1235 139.

271 1268 365 1320 ripe
404 1281 474 1309 me
513 1269 700 1310 Domine
743 1268 799 1310 ab
836 1268 1014 1310 homine

291 1324 422 1365 malo:
437 1325 460 1350 *
476 1337 502 1365 a
517 1325 611 1366 viro
629 1325 780 1377 iniquo
797 1325 918 1377 eripe
931 1338 1013 1366 me.

235 1381 320 1430 Qui
349 1381 652 1431 cogitaverunt
686 1381 939 1433 iniquitates
969 1382 1013 1422 in

184 1436 337 1478 corde:
374 1437 398 1462 *
439 1442 534 1478 tota
574 1437 646 1480 die
686 1437 1014 1479 constituebant

183 1493 346 1545 praelia.

235 1549 460 1590 Acuerunt
481 1549 651 1601 linguas
671 1563 774 1591 suas
794 1550 906 1592 sicut
927 1564 1012 1593 ser-

184 1607 341 1658 pentis:
355 1607 379 1632 *
398 1608 614 1648 venenum
632 1606 834 1659 aspidum
853 1606 934 1649 sub
955 1607 1012 1648 la-

184 1662 268 1703 biis
287 1665 449 1704 eorum.

238 1718 421 1760 Custodi
461 1732 531 1760 me
567 1719 756 1760 Domine
791 1719 846 1761 de
882 1733 1014 1762 manu

185 1775 445 1827 peccatoris:
463 1776 487 1801 *
506 1780 550 1817 et
578 1774 632 1816 ab
661 1775 911 1817 hominibus
938 1777 1013 1818 ini-

188 1831 284 1883 quis
303 1832 424 1884 eripe
441 1845 522 1873 me.

239 1888 323 1937 Qui
373 1889 676 1939 cogitaverunt
729 1889 1013 1942 supplantare

186 1956 363 1994 gressus
387 1957 524 1986 meos:
548 1946 571 1971 *
595 1944 922 1987 absconderunt
946 1959 1012 1987 su-

186 1999 311 2051 perbi
329 2000 535 2053 laqueum
556 2001 677 2042 mihi:

236 2057 293 2097 Et
303 2056 427 2098 funes
440 2057 729 2100 extenderunt
739 2059 782 2099 in
793 2058 1013 2111 laqueum:

185 2113 208 2137 *
231 2112 350 2209 jffizta
377 2113 459 2155 iter
485 2114 741 2156 scandalum
770 2117 1014 2168 posuerunt

185 2181 244 2209 mi

237 2225 340 2266 Dixi
359 2226 563 2268 Domino:
591 2227 712 2269 Deus
738 2241 862 2270 meus
885 2241 933 2270 es
951 2233 1013 2270 tu·

185 2281 208 2305 *
233 2281 391 2323 exaudi
415 2283 602 2325 Domine
626 2297 782 2326 vocem
805 2284 1012 2338 depreca-

184 2337 315 2378 tionis
333 2351 454 2380 meae.

235 2394 442 2445 Domine,
475 2396 664 2438 Domine
692 2397 831 2438 virtus
859 2397 1013 2438 salutis

183 2462 312 2491 meae:
339 2452 363 2476 *
397 2451 669 2494 obumbrasti
705 2466 838 2505 super
879 2458 1014 2505 caput

183 2519 328 2547 meum
348 2507 391 2547 in
415 2507 484 2550 die
503 2508 622 2550 belli:

234 2562 302 2604 Ne
321 2563 471 2605 tradas
495 2578 565 2606 me
584 2565 773 2606 Domine
797 2577 823 2605 a
843 2564 1011 2606 deside-

183 2618 248 2658 rio
275 2632 374 2660 meo
398 2621 638 2672 peccatori:
660 2622 684 2647 *
708 2621 1013 2671 cogitaverunt

184 2679 336 2715 contra
357 2689 445 2725 me,
467 2690 522 2717 ne
546 2676 825 2729 derelinquas
843 2689 930 2726 me,
957 2690 1012 2718 ne

185 2729 296 2772 forte
315 2731 571 2773 exaltentur.

1120 311 1264 362 Caput
1291 309 1500 351 circuitus
1528 311 1696 351 eorum:
1719 310 1744 336 *
1773 309 1902 352 labor

1067 366 1282 407 labiorum
1301 366 1500 418 ipsorum
1519 366 1691 418 operiet
1707 379 1796 408 eos.

1120 430 1290 472 Cadent
1318 443 1452 483 super
1479 443 1557 472 eos
1584 429 1821 482 carbones,
1856 432 1901 473 in

1067 489 1212 538 ignem
1245 486 1422 539 dejicies
1458 500 1550 529 eos:
1583 487 1608 513 *
1638 487 1683 528 in
1713 488 1901 530 miseriis

1068 556 1156 585 non
1175 543 1425 585 subsistent.

1118 604 1199 645 Vir
1231 604 1459 656 linguosus
1491 617 1581 646 non
1614 604 1824 656 dirigetur
1856 605 1900 645 in

1066 666 1202 702 terra:
1229 661 1254 686 *
1282 661 1425 702 virum
1451 661 1659 714 injustum
1687 660 1805 702 mala
1831 662 1900 702 ca-

1066 717 1189 769 pient
1203 717 1248 758 in
1266 717 1455 759 interitu.

1118 778 1318 829 Cognovi
1337 778 1440 831 quia
1456 778 1589 820 faciet
1603 778 1821 820 Dominus
1842 778 1901 830 ju·

1067 833 1229 875 dicium
1248 835 1408 887 inopis:
1427 835 1451 861 *
1471 839 1516 877 et
1534 834 1774 877 vindictam
1795 838 1901 887 pau-

1066 900 1232 942 perum.

1118 951 1435 994 Verumtamen
1455 952 1557 1004 justi
1575 951 1903 994 confitebuntur

1066 1009 1232 1049 nomini
1262 1014 1356 1050 tuo:
1375 1010 1399 1035 *
1419 1013 1463 1051 et
1498 1008 1762 1050 habitabunt
1792 1009 1903 1050 recti

1066 1076 1166 1106 cum
1185 1065 1309 1107 vultu
1328 1070 1417 1107 tuo.

1120 1133 1219 1172 Ant.
1263 1133 1300 1171 A
1337 1132 1433 1172 viro
1465 1130 1617 1183 iniquo
1653 1130 1793 1173 libera
1829 1143 1902 1172 me

1065 1187 1267 1229 Domine.

1120 1253 1156 1292 A
1164 1258 1219 1293 nt.
1250 1253 1450 1296 Domine.

1327 1335 1529 1375 Psalmus
1546 1335 1639 1375 140.

1161 1406 1306 1447 omine
1340 1405 1527 1447 clamavi
1554 1404 1612 1447 ad
1638 1410 1704 1456 te,
1743 1404 1904 1447 exaudi

1169 1476 1255 1505 me:
1273 1465 1298 1489 *
1316 1462 1495 1505 intende
1520 1462 1621 1504 voci
1643 1475 1772 1513 meae,
1801 1475 1903 1504 cum

1066 1519 1315 1561 clamavero
1333 1519 1392 1561 ad
1409 1524 1465 1561 te.

1117 1580 1344 1632 Dirigatur
1361 1581 1503 1622 oratio
1517 1593 1618 1622 mea
1631 1580 1745 1622 sicut
1758 1579 1901 1620 incen-

1066 1650 1164 1678 sum
1189 1637 1234 1678 in
1266 1639 1510 1690 conspectu
1537 1641 1630 1678 tuo:
1657 1637 1682 1663 *
1711 1635 1900 1678 elevatio

1065 1695 1275 1735 manuum
1302 1695 1501 1735 mearum
1533 1693 1797 1735 sacrificium
1831 1705 1902 1734 ve-

1066 1752 1320 1803 spertinum.

1117 1811 1239 1853 Pone
1250 1811 1440 1853 Domine
1451 1810 1699 1853 custodiam
1709 1811 1775 1853 ori
1784 1823 1901 1853 meo.

1065 1861 1089 1893 '⁶‘
1122 1872 1166 1909 et
1204 1868 1367 1910 ostium
1398 1868 1740 1932 circumstantiae
1771 1866 1901 1909 labiis

1065 1925 1186 1965 meis.

1116 1985 1219 2026 Non
1239 1985 1433 2027 declines
1453 1998 1531 2027 cor
1544 1998 1692 2027 meum
1706 1985 1750 2026 in
1765 1983 1901 2026 verba

1065 2041 1260 2092 malitiae,
1285 2042 1309 2068 *
1331 2042 1389 2084 ad
1417 2041 1691 2084 excusandas
1721 2054 1899 2083 excusa-

1064 2098 1209 2139 tiones
1229 2098 1274 2139 in
1290 2098 1498 2151 peccatis.

1118 2159 1229 2200 Cum
1246 2158 1497 2201 hominibus
1517 2158 1804 2212 operantibus
1822 2157 1898 2199 ini-

1067 2215 1293 2268 quitatem:
1322 2215 1346 2242 *
1377 2220 1422 2257 et
1445 2228 1535 2257 non
1563 2214 1898 2257 communicabo

1065 2284 1166 2313 cum
1185 2271 1336 2314 electis
1358 2274 1524 2314 eorum.

1118 2332 1338 2385 Corripiet
1374 2346 1445 2375 me
1481 2333 1620 2385 justus
1653 2333 1697 2373 in
1733 2333 1898 2375 miseri-

1065 2389 1232 2439 cordia,
1258 2394 1302 2431 et
1324 2389 1570 2442 increpabit
1593 2402 1679 2431 me:
1703 2390 1727 2416 *
1752 2389 1898 2431 oleum

1065 2450 1211 2487 autem
1246 2447 1495 2498 peccatoris
1527 2459 1616 2488 non
1654 2446 1899 2499 impinguet

1066 2507 1198 2554 caput
1225 2515 1383 2544 meum.

1117 2563 1335 2612 Quoniam
1353 2563 1499 2605 adhuc
1519 2568 1563 2606 et
1583 2563 1725 2605 oratio
1740 2575 1839 2605 mea
1854 2563 1896 2603 in

1065 2616 1352 2671 beneplacitis
1374 2622 1541 2662 eorum:
1551 2620 1575 2647 *
1586 2619 1786 2672 absorpti
1796 2623 1897 2661 sunt

1064 2674 1197 2724 juncti
1215 2681 1354 2728 petrae
1375 2676 1543 2728 judices
1562 2677 1726 2717 eorum.

1116 2735 1312 2778 Audient
1329 2737 1466 2779 verba
1481 2749 1580 2779 mea
1595 2736 1804 2789 quoniam
1818 2749 1895 2789 po-
