2040 2976
509 213 582 248 Die
605 214 635 248 6.
659 212 758 255 Aug.
804 211 849 246 In
872 208 1230 253 Transfiguratione
1254 208 1298 242 D.
1322 207 1368 241 N.
1393 207 1426 241 J.
1454 207 1493 241 C.

195 304 263 347 Ibi
291 303 505 355 confregit
531 303 753 357 potentias
782 305 974 354 arcuum,

144 362 168 388 *
187 365 370 410 scutum,
389 360 594 412 gladium,
614 365 658 402 et
675 360 850 402 bellum.

195 417 451 459 Hluminans
469 422 518 459 tu
535 417 792 458 mirabiliter
810 429 836 458 a
853 418 974 457 mon-

143 474 262 516 tibus
278 474 468 515 aeternis:
487 474 510 500 *
525 473 691 516 turbati
706 478 808 515 sunt
822 486 974 516 omnes

143 531 402 583 insipientes
422 530 568 572 corde.

195 587 482 629 Dormierunt
501 599 703 629 somnum
723 600 865 628 suum:
889 588 913 614 *
932 592 976 629 et
993 635 996 638 ,

145 643 250 684 nihil
266 644 526 686 invenerunt
540 656 693 686 omnes
708 643 790 685 viri
805 642 974 685 divitia-

144 713 241 742 rum
260 700 303 741 in
322 699 522 741 manibus
541 700 643 741 suis.

197 756 269 798 Ab
288 756 587 809 increpatione
606 761 682 799 tua
699 756 821 797 Deus
836 755 975 798 Jacob

145 815 169 841 *
198 813 546 855 dormitaverunt
577 813 651 866 qui
684 811 976 855 ascenderunt

146 882 295 922 equos

197 927 267 968 Tu
290 926 498 969 terribilis
523 940 585 977 es,
612 931 655 969 et
680 927 778 979 quis
802 928 977 968 resistet

145 982 247 1025 tibi?
266 983 290 1009 *
310 996 365 1025 ex
383 988 489 1025 tunc
507 984 574 1025 ira
591 988 676 1025 tua.

197 1040 266 1081 De
295 1039 410 1082 coelo
438 1039 636 1082 auditum
663 1040 805 1083 fecisti
830 1040 975 1093 judici-

146 1109 236 1137 um:
254 1095 279 1122 *
296 1101 415 1138 terra
432 1097 610 1138 tremuit
629 1101 673 1139 et
693 1097 870 1149 quievit,

199 1153 309 1194 Cum
329 1156 586 1205 exsurgeret
605 1153 649 1195 in
668 1153 876 1206 judicium
894 1154 978 1195 De-

147 1222 209 1260 uS,
228 1210 252 1237 *
270 1214 319 1252 ut
337 1209 484 1252 salvos
504 1210 669 1253 faceret
688 1224 842 1253 omnes
860 1224 977 1252 man-

147 1267 297 1308 suetos
316 1271 458 1308 terrae.

199 1323 418 1373 Quoniam
439 1323 648 1375 cogitatio
668 1323 857 1365 hominis
878 1336 978 1365 con-

147 1379 341 1421 fitebitur
365 1379 458 1422 tibi:
481 1380 504 1406 *
527 1385 571 1422 et
594 1380 791 1432 reliquiae
816 1380 978 1431 cogita-

146 1436 280 1477 tionis
301 1436 417 1478 diem
436 1437 597 1479 festum
616 1442 747 1488 agent
765 1436 856 1479 tibi.

198 1493 389 1543 Vovete,
414 1498 457 1535 et
478 1493 650 1535 reddite
668 1493 860 1535 Domino
880 1494 978 1535 Deo

147 1554 312 1592 vestro:
331 1550 355 1576 *
370 1562 524 1592 omnes
540 1551 614 1603 qui
628 1550 673 1591 in
688 1551 872 1593 circuitu
889 1551 978 1602 ejus

147 1605 310 1648 affertis
329 1610 519 1649 munera.

199 1662 405 1705 Terribili
433 1668 478 1706 et
508 1664 547 1705 ei
576 1664 651 1717 qui
683 1663 824 1705 aufert
856 1664 978 1716 spiri-

147 1724 242 1761 tum
277 1720 542 1773 principum,
579 1722 603 1748 *
639 1720 824 1763 terribili
860 1719 979 1773 apud

143 1788 273 1828 reges
296 1781 438 1819 terrae.

202 1838 303 1878 Ant.
330 1833 584 1876 muminans
605 1839 655 1877 tu
677 1833 935 1875 mirabiliter
954 1846 979 1874 a

147 1889 370 1932 montibus
397 1891 586 1936 aeternis:
614 1890 781 1933 turbati
808 1895 909 1932 sunt
934 1902 978 1931 o-

148 1959 272 1988 mnes
290 1946 546 2000 insipientes
565 1947 711 1990 corde.

203 2006 303 2048 Ant.
322 2003 477 2046 Melior
495 2008 563 2046 est
582 2003 676 2046 dies
695 2017 783 2046 una
798 2005 843 2046 in
858 2003 979 2045 atriis

148 2058 236 2100 tuis
254 2071 387 2112 super
405 2060 549 2102 millia.

419 2122 621 2164 Psalmus
649 2123 714 2164 83.

236 2185 338 2214 uam
379 2173 540 2217 dilecta
580 2174 865 2217 tabernacula
904 2180 981 2217 tua

154 2164 238 2290 Q
252 2229 350 2272 Dfie
381 2230 607 2273 virtutum:
638 2231 662 2258 *
697 2232 980 2284 concupiscit,

151 2290 196 2327 et
215 2285 363 2328 deficit
382 2287 526 2329 anima
541 2301 641 2330 mea
658 2288 703 2329 in
723 2288 834 2330 atria
851 2288 949 2329 Dfii.

205 2343 292 2384 Cor
310 2356 471 2394 meum,
491 2348 535 2386 et
555 2357 658 2386 caro
677 2357 778 2386 mea
796 2345 820 2371 *
839 2344 980 2387 exsul-

151 2400 417 2441 taveruntin
435 2400 581 2442 Deum
596 2401 755 2443 vivum.

203 2456 378 2498 Etenim
409 2469 562 2509 passer
593 2457 757 2500 invenit
790 2457 873 2499 sibi
906 2457 980 2499 do-

151 2526 285 2554 mum:
309 2513 333 2539 *
357 2518 401 2556 et
427 2517 572 2556 turtur
598 2514 749 2556 nidum
775 2514 874 2564 sibi,
906 2513 982 2555 ubi

151 2574 290 2621 ponat
307 2569 454 2622 pullos
473 2582 587 2611 suos.

204 2626 374 2668 Altaria
397 2631 474 2668 tua
491 2626 682 2669 Domine
707 2627 933 2670 virtutum:
958 2628 981 2653 *

153 2682 251 2724 Rex
269 2696 404 2733 meus,
423 2688 467 2725 et
485 2683 606 2724 Deus
625 2697 760 2725 meus.

206 2739 348 2790 Beati,
376 2740 451 2792 qui
468 2740 668 2782 habitant
688 2741 731 2781 in
753 2740 887 2783 domo
906 2745 982 2783 tua

1026 303 1230 345 Domine:
1262 303 1286 328 *
1318 302 1362 343 in
1399 302 1562 344 saecula
1596 302 1861 344 saeculorum

1026 359 1269 402 laudabunt
1286 363 1342 401 te.

1079 418 1245 470 Beatus
1278 416 1364 466 vir,
1398 416 1518 467 cujus
1552 420 1619 457 est
1653 416 1862 457 auxilium

1028 474 1108 515 abs
1127 478 1186 515 te:
1205 473 1229 499 *
1249 473 1531 514 ascensiones
1554 472 1598 513 in
1622 473 1758 515 corde
1783 486 1862 514 suo

1030 529 1268 583 disposuit,
1296 529 1341 570 in
1369 528 1482 571 valle
1510 529 1791 572 lacrimarum
1818 531 1862 571 in

1029 587 1141 637 loco,
1162 598 1293 638 quem
1312 585 1472 639 posuit.

1080 643 1256 685 Etenim
1279 641 1633 684 benedictionem
1660 642 1783 685 dabit
1805 643 1862 685 le-

1028 700 1229 751 gislator,
1257 699 1383 741 ibunt
1407 698 1463 740 de
1482 699 1644 741 vittate
1668 699 1713 740 in
1732 700 1863 741 virtu-

1029 762 1133 798 tem:
1157 757 1180 782 *
1206 755 1428 798 videbitur
1455 755 1577 797 Deus
1608 755 1793 797 deorum
1821 757 1863 797 in

1031 814 1146 855 Sion.

1082 869 1272 911 Domine
1304 869 1426 910 Deus
1459 868 1673 910 virtutum
1706 869 1865 911 exaudi

1031 926 1277 968 oraticnem
1301 938 1459 966 meam:
1479 926 1503 951 *
1523 925 1702 967 auribus
1727 926 1864 978 perci-

1030 996 1087 1036 pe
1106 983 1228 1024 Deus
1247 981 1398 1024 Jacob.

1083 1039 1317 1081 Protector
1340 1043 1492 1080 noster
1516 1038 1664 1091 aspice
1687 1039 1823 1080 Deus:
1843 1041 1866 1066 *

1033 1101 1076 1139 et
1094 1095 1265 1148 respice
1283 1095 1328 1136 in
1346 1095 1505 1137 faciem
1525 1094 1687 1137 Christi
1704 1096 1783 1137 tui:

1085 1152 1197 1204 Quia
1215 1152 1372 1194 melior
1389 1156 1457 1194 est
1472 1152 1567 1195 dies
1584 1165 1670 1194 una
1685 1152 1729 1193 in
1745 1153 1867 1194 atriis

1032 1209 1130 1259 tuis,
1150 1209 1173 1234 *
1193 1221 1326 1261 super
1346 1208 1492 1250 millia.

1083 1266 1208 1317 Elegi
1228 1265 1424 1318 abjectus
1444 1278 1541 1308 esse
1564 1266 1608 1306 in
1628 1266 1762 1307 domo
1783 1266 1868 1307 Dei

1032 1323 1133 1365 mei:
1151 1323 1175 1349 *
1195 1323 1333 1374 magis
1359 1335 1491 1375 quam
1514 1322 1714 1364 habitare
1737 1323 1781 1363 in
1805 1328 1866 1365 ta
1916 1356 1918 1359 ,

1032 1379 1282 1434 bernaculis
1301 1381 1599 1432 peccatorum.

1085 1436 1197 1487 Quia
1207 1435 1566 1486 misericordiam,
1581 1442 1624 1478 et
1635 1436 1868 1477 veritatem

1022 1492 1173 1544 diligit
1190 1493 1327 1535 Deus:
1346 1494 1370 1518 *
1388 1492 1590 1544 gratiam,
1615 1498 1659 1535 et
1682 1492 1867 1543 gloriam

1033 1549 1155 1591 dabit
1173 1549 1402 1591 Dominus.

1084 1606 1186 1647 Non
1204 1606 1397 1659 privabit
1416 1606 1546 1648 bonis
1566 1619 1659 1656 eos,
1686 1606 1761 1659 qui
1781 1608 1867 1647 am-

1032 1663 1185 1705 bulant
1194 1664 1238 1704 in
1248 1663 1482 1705 inocentia:
1497 1664 1521 1690 *
1532 1663 1630 1705 Dfie
1645 1663 1868 1712 virtutum,

1032 1720 1190 1762 beatus
1209 1720 1356 1771 hom0,
1375 1721 1451 1772 qui
1471 1725 1622 1773 sperat
1640 1721 1683 1761 in
1704 1725 1758 1762 te.

1088 1779 1188 1820 Ant.
1208 1777 1362 1819 Melior
1382 1782 1449 1819 est
1468 1777 1563 1819 dies
1582 1790 1669 1818 una
1686 1777 1728 1817 in
1746 1777 1868 1819 atriis

1032 1834 1118 1875 tuis
1138 1846 1272 1887 super
1290 1833 1437 1875 millia.

1087 1893 1188 1934 Ant.
1227 1891 1434 1933 Gloriosa
1462 1890 1581 1932 dicta
1610 1896 1710 1932 sunt
1740 1890 1795 1932 de
1823 1895 1867 1932 te

1033 1948 1188 1990 civitas
1207 1948 1302 1989 Dei.

1111 2049 1115 2052 ,
1308 2007 1508 2047 Psalmus
1529 2007 1594 2046 86.

1123 2060 1390 2103 undamenta
1426 2062 1517 2113 ejus
1558 2061 1603 2101 in
1644 2060 1868 2103 montibus

1146 2118 1325 2160 sanctis:
1339 2119 1364 2146 *
1380 2117 1523 2168 diligit
1536 2118 1753 2159 Dominus
1768 2131 1867 2170 por-

1033 2179 1101 2216 tas
1124 2174 1228 2216 Sion
1253 2187 1387 2228 super
1412 2174 1558 2216 omnia
1581 2174 1867 2216 tabernacula

1033 2231 1182 2273 Jacob.

1087 2287 1295 2329 Gloriosa
1313 2287 1431 2330 dicta
1451 2292 1552 2330 sunt
1573 2287 1629 2330 de
1648 2292 1704 2338 te,
1723 2288 1746 2315 *
1767 2288 1867 2330 civi-

1033 2349 1102 2386 tas
1123 2344 1218 2386 Dei.

1085 2401 1256 2443 Memor
1275 2413 1352 2443 ero
1374 2401 1542 2451 Rahab
1565 2405 1609 2444 et
1626 2401 1868 2454 Babylonis

1034 2458 1058 2483 *
1078 2457 1307 2500 scientium
1326 2471 1407 2500 me.

1086 2515 1202 2556 Ecce
1218 2514 1486 2566 alienigenae,
1502 2519 1546 2557 et
1558 2514 1716 2567 Tyrus,
1732 2518 1776 2556 et
1791 2516 1867 2566 po-

1034 2571 1164 2623 pulus
1179 2571 1454 2625 AEthiopum,
1473 2572 1496 2598 *
1515 2571 1560 2613 hi
1575 2571 1751 2612 fuerunt
1768 2570 1867 2611 illic.

1086 2628 1314 2681 Numquid
1337 2629 1443 2670 Sion
1468 2628 1604 2670 dicet:
1631 2628 1796 2676 Homo,
1824 2631 1868 2668 et

1025 2683 1168 2726 homo
1188 2690 1316 2726 natus
1337 2690 1404 2726 est
1423 2685 1467 2725 in
1486 2697 1552 2727 ea:
1567 2685 1591 2711 *
1607 2688 1650 2726 et
1663 2684 1760 2736 ipse
1775 2683 1866 2724 fun-

1035 2740 1157 2783 davit
1176 2754 1274 2783 eam
1292 2739 1567 2783 Altissimus?
