2040 2976
451 198 519 231 Dic
549 198 595 230 14.
623 196 797 238 Augusti.

177 307 275 336 men
303 295 490 346 oportet,
515 291 618 333 inde
642 291 737 332 fieri
759 289 1000 341 generatio-

175 363 284 392 nem.
338 349 526 390 Omnino
555 354 720 397 autem,
753 359 852 388 cum
879 346 1000 387 Deus

175 406 341 459 aliquid
365 406 477 454 facit,
504 405 622 446 nulla
646 417 760 457 opus
786 408 853 444 est
873 402 1000 443 ratio-

174 476 239 505 ne.
273 462 509 513 Quomodo
532 473 614 502 nos
639 473 693 502 ex
716 459 851 500 nihilo
875 455 999 500 fecit?

175 521 274 561 Hoc
306 520 363 561 ad
396 518 667 560 Christifmos
696 516 811 565 dico,
847 515 921 567 qui
954 526 1000 555 se

174 576 324 618 dicunt
351 574 531 617 credere
559 573 808 626 Scripturis.

225 636 274 687 R.
293 633 345 673 In
365 631 585 674 craticula.
603 632 700 671 496.

457 700 607 741 Lectio
628 701 711 740 viii.

171 752 309 857 Ego
331 763 477 800 autem
497 763 540 800 et
559 756 677 798 aliud
695 755 838 798 dicam
855 766 909 795 ex
923 753 998 794 hu-

281 815 420 856 manis
445 813 698 856 rationibus.
735 811 821 853 Alii
845 809 999 852 maliti-

173 885 259 921 am,
297 872 368 913 alii
404 872 613 912 virtutem
649 871 885 910 sectantur:
919 865 1000 908 sed

172 928 351 970 malitiae
377 929 644 970 sectatorum
667 925 791 966 multi
817 923 1000 965 feliciter

172 986 217 1026 in
250 985 446 1027 nltimam
477 984 771 1037 pervenerunt
803 982 999 1022 senectti-

171 1046 275 1091 tem,
303 1041 476 1083 virtutis
504 1045 650 1081 autem
677 1043 839 1080 eontra.
885 1038 999 1087 Quo-

171 1097 307 1140 modo
334 1110 440 1148 ergo
467 1109 550 1150 pro
578 1096 744 1138 meritis
771 1095 999 1145 unusquis-

173 1167 259 1206 que
287 1154 495 1206 accipiet?
525 1152 724 1206 quando?
767 1152 911 1200 Certe,
939 1153 999 1191 in-

173 1211 341 1263 quiunt;
361 1210 440 1252 sed
455 1212 644 1263 cerpora
657 1221 745 1250 non
759 1211 999 1258 resurgent.

171 1267 328 1308 Nonne
352 1266 534 1308 audiunt
558 1266 741 1307 Paulum
765 1264 999 1306 dicentem:

172 1323 360 1376 Oportet
375 1328 521 1365 autem
536 1321 821 1375 corruptibile
840 1321 926 1362 hoc
939 1320 999 1361 in-

173 1379 307 1421 duere
321 1378 718 1432 incorruptienem?
739 1377 896 1429 Neque
912 1377 999 1418 ani-

171 1449 287 1477 mam
320 1436 538 1487 intelligit,
576 1436 740 1489 quippe
779 1447 878 1486 quae
911 1445 1000 1475 non

172 1493 478 1545 corrumpitur:
492 1498 535 1534 et
544 1492 809 1534 resurrectio
821 1491 876 1532 de
887 1492 1000 1531 mer-

171 1555 248 1591 tuo
273 1549 446 1591 dicitur:
470 1549 640 1591 Cecidit
662 1555 808 1590 autem
827 1559 999 1599 corpus.

227 1608 276 1659 Rv.
295 1605 332 1646 O
352 1605 607 1658 Hippolyte.
626 1606 724 1646 496.

303 1676 378 1710 Pro
402 1675 545 1719 Vigilia
570 1676 871 1719 Assumptionis.

229 1728 388 1769 Bened.
412 1729 490 1768 Per
508 1725 774 1777 Evangelica
794 1724 922 1766 dicta.

174 1799 325 1840 Lectio
349 1800 487 1842 sancti
506 1798 732 1850 Evangelii
759 1797 999 1839 secundum

499 1856 674 1898 Lucam.

252 1918 401 1959 Lectio
421 1919 474 1959 ix.
686 1920 789 1971 Cap.
810 1920 859 1959 11.
880 1919 918 1960 d.

172 1971 247 2077 In
279 1976 353 2017 illo
387 1978 602 2028 tempore:
634 1977 863 2029 Loquente
894 1977 918 2018 J
922 1990 999 2018 esu

237 2032 294 2074 ad
307 2032 468 2082 turbas,
484 2033 700 2075 extollens
710 2046 866 2075 vocem
882 2046 997 2086 quae-

173 2087 274 2129 dam
293 2088 446 2130 mulier
464 2089 519 2131 de
537 2089 676 2139 turba,
694 2089 804 2131 dixit
821 2090 897 2131 illi:
917 2091 997 2132 Be-

173 2145 271 2186 atus
305 2150 470 2195 venter,
506 2146 580 2197 qui
610 2151 655 2188 te
686 2147 892 2199 portavit.
942 2147 998 2189 Et

172 2200 350 2252 reliqua.

279 2269 468 2311 Homilia
495 2272 632 2314 sancti
663 2272 896 2324 Augustini

475 2327 696 2381 Episcopi.

273 2386 397 2421 Tract.
418 2387 473 2421 10.
491 2387 528 2420 in
543 2386 692 2427 Jounn..
708 2393 798 2431 post
814 2388 893 2423 init.

171 2443 354 2546 .eata
391 2441 530 2491 Virgo
567 2440 720 2489 Maria,
758 2441 859 2492 quia
897 2441 998 2483 fecit

272 2497 542 2539 voluntatem
567 2497 722 2538 Patris.
755 2497 855 2538 Hoc
878 2498 922 2538 in
947 2510 999 2538 ea

171 2553 466 2605 magnificavit
498 2553 728 2601 Dominus,
765 2554 865 2604 quia
896 2553 999 2594 fecit

172 2610 444 2651 voluntatem
467 2608 624 2658 Patris,
651 2621 740 2650 non
766 2609 867 2660 quia
893 2621 997 2650 caro

846 196 985 235 Quinta
1012 194 1074 228 dic
1100 193 1197 227 infra
1222 192 1302 226 Oct.
1327 192 1363 227 S.
1388 191 1595 226 Laurentii.

1054 286 1203 338 genuit
1239 298 1424 327 carnem.
1481 285 1687 328 Intendat
1724 285 1885 328 caritas

1054 347 1212 384 vestra.
1265 342 1509 394 Propterea
1542 354 1643 383 cum
1669 342 1885 384 Deminus

1054 400 1097 440 in
1119 398 1250 441 turba
1274 397 1543 440 admirabilis
1565 397 1800 449 videretur,
1825 398 1884 440 fa-

1054 456 1173 497 ciens
1202 455 1325 506 signa
1353 459 1397 497 et
1423 453 1640 508 prodigia,
1667 460 1712 497 et
1742 457 1884 497 osten-

1055 512 1163 554 dens
1191 511 1297 564 quid
1321 511 1479 553 lateret
1506 510 1550 552 in
1578 523 1724 562 carne,
1750 511 1884 553 admi-

1053 571 1162 610 ratae
1179 567 1383 621 quaedam
1398 568 1554 610 animae
1570 566 1788 610 dixerunt:
1806 567 1886 610 Fe-

1053 625 1114 666 lix
1133 631 1297 679 venter,
1323 625 1397 678 qui
1420 630 1465 667 te
1483 624 1692 678 portavit.
1722 624 1781 666 Et
1798 623 1886 666 ille:

1053 682 1148 725 Imo
1182 682 1351 732 felices,
1385 682 1460 735 qui
1491 680 1675 723 audiunt
1701 680 1886 724 verbum

1053 740 1153 790 Dei,
1182 744 1226 781 et
1254 738 1508 781 custodiunt
1530 737 1650 780 illud.
1688 738 1790 780 Hoc
1817 742 1887 780 est

1054 795 1217 838 dicere:
1235 797 1292 838 Et
1305 800 1446 838 mater
1460 807 1570 845 mea,
1591 807 1724 847 quam
1739 794 1886 849 appel-

1053 853 1152 895 latis
1180 852 1361 903 felicem,
1389 851 1492 894 inde
1518 852 1632 902 felix,
1664 851 1767 904 quia
1791 864 1884 894 ver-

1053 909 1158 951 bum
1175 909 1260 951 Dei
1283 908 1492 950 custodit:
1514 921 1603 950 non
1627 908 1730 960 quia
1747 908 1792 949 in
1810 907 1885 949 illa

1052 966 1251 1008 Verbum
1274 978 1377 1008 caro
1402 966 1566 1008 factum
1590 970 1669 1015 est,
1697 970 1743 1007 et
1764 964 1884 1006 habi-

1052 1023 1162 1065 tavit
1194 1023 1238 1064 in
1269 1022 1414 1065 nobis:
1445 1022 1526 1064 sed
1559 1022 1662 1074 quia
1691 1019 1886 1063 cust6dit

1051 1079 1198 1132 ipsum
1220 1079 1420 1122 Verbum
1442 1079 1542 1128 Dei,
1568 1092 1649 1132 per
1678 1077 1800 1131 quod
1825 1078 1884 1120 fa-

1053 1141 1124 1178 cta
1143 1141 1221 1187 est,
1241 1141 1285 1179 et
1304 1136 1424 1188 quod
1442 1136 1486 1177 in
1505 1135 1580 1177 illa
1598 1148 1702 1178 caro
1721 1135 1885 1176 factum

1053 1198 1131 1236 est.

1104 1251 1169 1291 Te
1187 1249 1332 1292 Deum
1348 1248 1590 1292 laudamus.
1609 1250 1668 1290 13.

1103 1315 1148 1350 In
1170 1314 1291 1349 Laud.
1315 1313 1356 1348 fit
1380 1323 1577 1348 commem.
1593 1311 1763 1356 Vigiliae.
1793 1312 1882 1348 Ant.

1053 1368 1090 1399 et
1105 1359 1151 1405 V.
1170 1363 1217 1397 de
1234 1362 1347 1396 Feria
1365 1371 1522 1406 occurr.‚
1539 1366 1581 1397 ut
1597 1361 1637 1396 in
1651 1361 1855 1397 Psalterio.

1390 1420 1553 1461 Oratio.

1142 1489 1232 1527 eus,
1253 1476 1327 1528 qui
1343 1475 1602 1527 virginalem
1620 1474 1766 1516 aulam
1782 1474 1884 1516 bea-

1159 1538 1218 1575 tae
1251 1533 1419 1583 Mariae,
1456 1532 1501 1573 in
1535 1544 1622 1584 qua
1653 1531 1886 1582 habitares,

1055 1589 1217 1640 eligere
1233 1589 1437 1640 dignatus
1453 1601 1516 1630 es:
1534 1588 1602 1639 da,
1618 1590 1886 1640 quaesumus;

1051 1651 1100 1687 ut
1120 1659 1199 1687 sua
1221 1659 1303 1688 nos
1327 1645 1582 1688 defensione
1600 1647 1804 1696 munitOS,
1827 1645 1886 1698 ju-

1053 1702 1223 1745 cundos
1251 1703 1387 1745 facias
1412 1715 1505 1744 suae
1530 1702 1744 1744 interesse
1769 1701 1886 1744 festi-

1052 1760 1189 1802 vitati.

1102 1823 1252 1858 Deinde
1270 1823 1311 1858 fit
1327 1833 1523 1858 commem.
1541 1822 1577 1858 S.
1594 1821 1765 1857 Eusebii.

1104 1877 1203 1917 Ant.
1229 1877 1352 1928 Euge
1376 1889 1503 1919 serve
1522 1877 1639 1919 bone
1658 1881 1704 1919 et
1722 1875 1883 1919 fidelis:

1054 1934 1155 1985 quia
1179 1934 1222 1974 in
1247 1947 1389 1986 pauca
1415 1934 1536 1975 fuisti
1562 1933 1722 1983 fidelis,
1751 1946 1885 1986 supra

1051 1990 1189 2032 multa
1209 1996 1254 2032 te
1274 1993 1556 2032 constituam:
1579 1991 1695 2032 intra
1717 1990 1762 2031 in
1779 1993 1883 2042 gau-

1052 2046 1172 2088 dium
1190 2047 1370 2089 Demini
1388 2047 1464 2088 tui.

1105 2101 1155 2152 V·
1172 2108 1197 2149 J
1199 2113 1346 2150 ustum
1365 2107 1549 2150 deduxit
1567 2107 1784 2149 Deminus
1803 2119 1885 2161 per

1051 2165 1145 2206 vias
1169 2170 1324 2206 rectas.
1360 2164 1411 2216 R.
1433 2165 1491 2207 Et
1515 2163 1710 2207 ostendit
1732 2164 1796 2205 illi
1817 2177 1882 2206 re-

1050 2233 1184 2272 gnum
1202 2221 1297 2263 Dei.

1383 2272 1550 2313 Oratio.

1140 2342 1228 2379 eus,
1249 2330 1324 2382 qui
1341 2342 1423 2372 nos
1437 2330 1558 2373 beati
1571 2330 1752 2372 Eusebii
1770 2330 1880 2372 Con-

1155 2386 1337 2427 fesseris
1357 2387 1422 2428 tui
1443 2388 1588 2429 annua
1602 2386 1882 2429 solemnitate

1050 2441 1266 2484 laetificas:
1286 2443 1481 2485 concede
1495 2443 1733 2497 propitius;
1746 2447 1796 2484 ut
1811 2455 1881 2484 cu-

1051 2498 1115 2549 jus
1143 2498 1340 2540 natalitia
1368 2499 1570 2550 colimus,
1597 2513 1678 2553 per
1707 2499 1799 2550 ejus
1824 2498 1882 2540 ad

1050 2560 1094 2596 te
1114 2555 1316 2608 exempla
1334 2556 1598 2607 gradiamur.
1624 2557 1710 2598 Per
1726 2556 1855 2597 Dfim.

1102 2615 1287 2659 Vesperae
1305 2615 1352 2650 de
1370 2626 1475 2660 sequ.
