2040 2976
211 217 275 252 164

265 314 329 352 l’s.
359 310 570 351 Dominus
589 307 797 359 regnavit.
816 307 875 347 14.

260 376 294 412 2.
335 370 603 421 Angelorum
635 381 736 410 esca
763 367 786 392 *
814 364 1033 408 nutrivisti

211 428 421 482 populum
439 433 580 476 tuum,
606 430 648 467 et
667 436 826 477 panem
845 422 900 464 de
919 421 1032 464 coelo

211 484 451 538 praestitisti
471 483 544 532 eis,
563 481 745 532 alleluja.

259 546 294 583 3.
324 544 504 595 Pinguis
524 548 591 585 est
609 542 735 595 panis
753 542 776 568 *
796 538 970 587 Christi,
990 542 1034 579 et

211 599 427 654 praebebit
445 599 626 641 delicias
645 597 831 648 regibus,
853 594 1033 645 alleluja.

263 663 298 700 4.
327 659 589 702 Sacerdotes
611 658 750 700 sancti
769 659 792 685 *
810 657 1033 698 incensum

213 723 255 760 et
274 731 411 771 panes
431 717 619 759 offerunt
638 716 746 764 Deo,
766 713 948 764 alleluja.

263 780 299 818 5.
335 779 538 820 Vincenti
566 777 680 819 dabo
706 777 729 802 *
757 787 915 816 manna
938 772 1033 814 abs-

212 835 453 885 conditum,
479 840 522 876 et
547 846 705 876 nomen
730 843 906 879 novum,
933 829 1032 870 alle-

211 892 308 943 luja.

263 965 520 1017 Capitulum.
692 965 923 1004 .1..J‹)211‘1..‘3.
941 963 978 1003 b.

213 1028 488 1137 Carissimi:
515 1034 664 1075 Nolite
687 1032 850 1081 mirari,
879 1031 916 1072 si
940 1030 1034 1071 odit

290 1103 383 1132 ·vos
401 1090 597 1132 mundus.
629 1090 723 1131 Nos
749 1089 908 1130 scimus
930 1089 1033 1139 quo·

212 1147 327 1189 niam
351 1147 548 1189 translati
572 1159 720 1187 sumus
744 1144 798 1187 de
817 1149 959 1185 morte
977 1143 1034 1184 ad

212 1204 362 1254 vitam,
393 1204 598 1256 quoniam
626 1202 842 1253 diligimus
868 1200 1034 1241 fratres.

518 1281 725 1331 Hymnus.

306 1347 456 1388 erbum
475 1349 711 1400 supernum
728 1345 948 1399 prodiens,

313 1403 407 1444 Nec
422 1404 564 1445 Patris
580 1403 781 1455 linquens
798 1401 1034 1450 dexteram,

264 1459 335 1500 Ad
356 1472 467 1512 opus
487 1473 612 1501 suum
632 1459 791 1508 exiens,

263 1516 396 1557 Venit
416 1514 472 1557 ad
490 1516 592 1557 vitae
613 1517 855 1568 vesperam.

214 1590 262 1629 In
280 1594 465 1630 mortem
487 1602 512 1630 a
531 1589 746 1641 discipulo

266 1645 363 1686 Suis
379 1645 617 1686 tradendus
637 1645 814 1695 aemulis,

264 1701 388 1742 Prius
406 1701 450 1741 in
469 1702 570 1743 vitae
590 1702 755 1743 ferculo

265 1757 320 1798 Se
340 1756 519 1799 tradidit
538 1758 773 1811 discipulis.

215 1830 381 1882 Quibus
401 1831 481 1873 sub
500 1831 601 1874 bina
620 1833 766 1885 specie

267 1887 450 1928 Carnem
470 1887 591 1931 dedit
611 1895 653 1930 et
672 1889 941 1940 sanguinem3

266 1943 324 1984 Ut
343 1943 528 1996 duplicis
549 1945 805 1988 substantiae

265 1999 428 2040 Totum
447 2001 613 2043 cibaret
631 2002 861 2043 hominem.

215 2075 272 2115 Se
290 2085 472 2115 nascens
491 2073 612 2116 dedit
633 2076 810 2127 socium,

268 2128 543 2172 Convescens
562 2132 605 2172 in
626 2133 826 2183 edulium,

266 2185 322 2226 Se
341 2187 530 2228 moriens
548 2188 591 2229 in
610 2190 808 2242 pretium,

266 2241 321 2283 Se
341 2256 523 2294 regnans
543 2245 618 2286 dat
635 2245 679 2286 in
697 2247 935 2299 praemium.

219 2317 255 2359 O
274 2316 474 2358 salutaris
493 2317 646 2368 hostia,

268 2372 376 2422 Quae
397 2373 496 2415 coeli
515 2374 670 2426 pandis
691 2376 859 2427 ostium,

265 2428 388 2470 Bella
406 2436 609 2482 premunt
628 2430 813 2483 hostilia,

268 2484 336 2525 Da
359 2485 503 2535 robur,
523 2486 586 2528 fer
605 2489 822 2530 auxilium.

220 2558 303 2600 Uni
322 2559 523 2611 trinoque
542 2561 742 2611 Domino,

267 2614 331 2655 Sit
351 2615 614 2667 sempiterna
632 2617 782 2667 gloria:

269 2670 353 2719 Qui
372 2671 506 2712 vitam
526 2672 616 2713 sine
636 2674 819 2715 termino

266 2726 407 2768 Nobis
426 2727 560 2769 donet
577 2729 619 2768 in
638 2730 790 2781 patria.
836 2731 987 2773 Amen.

594 213 795 246 Domiuitu
824 213 919 245 iufra
947 215 1128 245 Octavum
1155 211 1339 253 Corporis
1366 210 1519 244 Christi.

1138 301 1187 352 Y.
1224 302 1388 343 Panem
1418 301 1519 343 coeli
1547 301 1669 344 dedit
1696 302 1775 353 εἰς,
1811 302 1911 344 alle-

1084 359 1182 410 luja.
1222 364 1272 415 R.
1302 358 1467 399 Panem
1494 357 1766 409 Angelorum
1795 372 1911 400 man-

1086 415 1263 458 ducavit
1281 415 1428 466 homo,
1447 414 1630 467 alleluja.

1139 486 1207 527 Ad
1229 486 1390 528 Bened.
1428 487 1526 528 Ant.
1566 486 1708 526 Homo
1735 484 1913 537 quidam

1085 540 1108 566 *
1128 540 1230 581 fecit
1250 552 1421 581 coenam
1439 552 1656 591 magnam,
1676 546 1720 584 et
1738 541 1912 584 vocavit

1085 596 1262 637 multos:
1282 600 1325 638 et
1340 596 1460 638 misit
1474 609 1649 638 servum
1664 610 1790 639 suum
1803 597 1913 640 hora

1086 665 1225 694 coenae
1250 651 1395 694 dicere
1418 653 1610 695 invitatis
1633 659 1682 695 ut
1705 656 1912 705 venirent,

1087 709 1189 761 quia
1209 709 1355 751 omnia
1373 712 1528 762 parata
1546 714 1659 760 sunt,
1679 710 1862 763 alleluja.

1421 782 1584 822 Oratio.

1156 840 1273 882 ancti
1290 841 1477 882 nominis
1499 840 1565 882 tui
1582 839 1770 883 Domine
1789 842 1912 884 timo-

1171 909 1264 938 rem
1287 897 1452 949 pariter
1472 901 1516 938 et
1535 898 1728 939 amorem
1744 897 1813 939 fac
1831 911 1913 940 nos

1085 953 1248 996 habere
1263 955 1542 1007 perpetuum:
1562 953 1664 1005 quia
1676 967 1914 1007 numquam

1086 1015 1161 1052 tua
1191 1010 1508 1062 gubernatione
1541 1010 1759 1061 destituis,
1802 1023 1913 1064 quos

1086 1066 1129 1107 in
1157 1065 1378 1109 soliditate
1406 1071 1495 1108 tuae
1523 1066 1769 1109 dilectionis
1795 1067 1913 1110 insti-

1086 1124 1183 1164 tuis.
1210 1124 1295 1165 Per
1311 1123 1560 1165 Dominum.
1811 1129 1814 1131 “

1138 1200 1184 1234 Et
1209 1201 1249 1235 fit
1274 1211 1469 1236 commem.
1495 1201 1542 1235 dc
1567 1200 1723 1236 Octava.

1140 1257 1238 1298 Ant.
1273 1258 1366 1306 Ego
1395 1268 1492 1296 sum
1518 1254 1644 1308 panis
1669 1253 1810 1304 vivuS,
1838 1253 1914 1306 qui

1088 1310 1143 1353 de
1162 1310 1278 1352 coelo
1303 1310 1525 1353 descendi:
1551 1311 1588 1352 si
1613 1310 1711 1363 quis
1733 1309 1911 1352 mandu-

1087 1367 1252 1409 caverit
1270 1380 1325 1408 ex
1342 1367 1428 1409 hoc
1445 1380 1570 1421 pane,
1589 1367 1708 1409 vivet
1726 1367 1771 1408 in
1788 1367 1912 1408 aeter-

1086 1438 1199 1475 num,
1219 1423 1402 1477 alleluia.

1140 1487 1190 1538 Y.
1205 1489 1360 1531 Posuit
1378 1489 1487 1530 fines
1507 1494 1609 1531 tuos
1627 1501 1794 1542 pacem,
1813 1486 1912 1530 alle·

1086 1547 1183 1599 luja.
1234 1548 1284 1598 R.
1311 1546 1369 1587 Et
1397 1545 1527 1598 adipe
1554 1545 1759 1588 frumenti
1783 1545 1914 1587 satiat

1085 1609 1141 1653 te,
1164 1602 1347 1655 alleluja.

1424 1665 1587 1706 Oratio.

1175 1738 1262 1775 eus,
1290 1725 1365 1777 qui
1383 1724 1512 1767 nobis
1531 1723 1612 1766 sub
1631 1724 1912 1766 Sacramento

1192 1781 1380 1823 mirabili
1402 1781 1622 1834 passionis
1644 1786 1734 1823 tuae
1751 1782 1913 1822 memo-

1088 1838 1197 1879 riam
1224 1837 1454 1890 reliquisti:
1480 1837 1624 1880 tribue
1653 1839 1914 1889 quaesumus,

1087 1895 1148 1936 ita
1178 1907 1259 1936 nos
1293 1894 1491 1947 corporis
1524 1898 1568 1935 et
1598 1893 1820 1945 sanguinis
1851 1893 1916 1935 tui

1088 1963 1214 1993 sacra
1245 1951 1452 2003 mysteria
1482 1950 1698 2001 venerari3
1738 1955 1787 1992 ut
1818 1949 1913 1992 red-

1089 2007 1323 2061 emptionis
1357 2012 1446 2048 tuae
1483 2006 1671 2048 fructum
1705 2006 1750 2047 in
1785 2005 1914 2048 nobis

1087 2065 1244 2116 jugiter
1271 2063 1523 2105 sentiAmus:
1569 2063 1653 2114 Qui
1678 2062 1800 2105 vivis.

1354 2145 1421 2182 Ad
1445 2145 1646 2182 Tertiam.

1119 2210 1242 2250 ·Ant.
1287 2207 1556 2259 Angelorum
1585 2219 1696 2249 esca.

1144 2274 1282 2326 Cupit.
1313 2273 1545 2315 Carissimi.
1562 2276 1609 2312 ut
1630 2283 1772 2322 supra.

1145 2340 1194 2391 Rg.
1219 2339 1280 2380 br.
1312 2338 1475 2378 Panem
1506 2337 1606 2378 coeli
1636 2336 1758 2378 dedit
1786 2336 1865 2386 eis,
1891 2332 1914 2357 *

1090 2393 1290 2445 Alleluja,
1323 2393 1504 2444 alleluja.
1544 2393 1718 2434 Panem.
1762 2384 1812 2437 V.
1836 2392 1914 2433 Pa-

1089 2463 1189 2491 nem
1221 2449 1492 2500 Angelorum
1526 2448 1820 2495 manducavit.
1839 2447 1915 2490 ho-

1090 2518 1173 2547 mo.
1198 2505 1396 2558 Alleluja,
1415 2505 1596 2558 alleluja.
1617 2505 1769 2546 Gloria
1783 2505 1914 2546 Patri.

1089 2562 1263 2603 Panem.

1144 2617 1194 2668 V.
1234 2621 1406 2663 Cibavit
1443 2621 1543 2663 illos
1580 2633 1635 2663 ex
1669 2620 1798 2674 adipe
1830 2620 1914 2662 fru—

1089 2678 1240 2727 menti,
1277 2677 1459 2730 alleluja.
1514 2682 1564 2732 R·.
1596 2678 1652 2719 Et
1684 2677 1740 2719 de
1773 2681 1914 2729 petra,

1089 2733 1217 2775 melle
1243 2735 1456 2776 saturavit
1479 2746 1571 2783 eos,
1596 2733 1778 2786 alleluja.
