2040 2976
520 232 592 266 Die
619 232 668 267 11.
691 233 789 276 Aug.
836 232 871 268 S.
895 232 1134 268 Philumena)
1158 234 1262 277 Virg.
1288 239 1323 268 et
1348 234 1453 268 Mart.

1750 232 1840 277 [343]

192 330 275 372 Tui
292 329 499 383 precatus
517 330 698 368 munere

240 386 453 428 Nostrum
471 386 642 425 reatum
661 383 777 425 dilue

241 444 410 486 Arcens
428 440 532 482 mali
553 441 816 490 contagium,

240 500 357 543 Vitae
377 497 595 550 repellens
613 496 806 538 taedium.

193 566 342 608 Soluta
363 568 464 606 sunt
482 564 566 615 jam
584 561 759 603 vincula

240 622 325 664 Tui
344 620 504 663 sacrati
523 618 741 672 corporis:

238 679 334 721 Nos
353 677 476 719 solve
495 675 649 718 vinclis
668 675 818 716 saeculi

239 736 368 777 Dono
388 733 566 787 superni
583 732 798 773 Numinis.

193 802 286 844 Deo
305 799 426 842 Patri
445 799 501 840 sit
520 797 670 850 gloria,

239 858 434 910 Eiusque
457 855 541 897 soli
558 854 681 905 Filio,

242 914 353 956 Cum
372 913 538 966 Spiritu
556 911 789 961 Paraclito‚

241 971 369 1012 Nunc
388 975 432 1012 et
449 981 530 1022 per
551 981 679 1010 omne
700 968 919 1010 saeculum.

447 1026 601 1068 Amen.

172 1089 223 1141 V.
251 1093 276 1133 J
277 1097 400 1134 ustus
411 1096 459 1133 ut
469 1091 616 1144 palma
626 1090 810 1132 florebit.
826 1095 876 1146 R.
886 1092 966 1133 Sic-

137 1154 186 1191 ut
205 1147 363 1191 cedrus
381 1147 536 1191 Libani
553 1146 923 1200 multiplicabitur.

194 1214 265 1256 Ad
283 1215 445 1257 Bened.
474 1215 574 1256 Ant.
602 1213 723 1255 Dixit
742 1214 963 1255 Maximia-

136 1285 219 1314 nus
237 1271 510 1313 Pantaleoni:
530 1272 554 1298 *
579 1271 791 1321 Quaenam
806 1275 874 1311 est
893 1283 965 1311 ars

137 1328 479 1382 praestigiarum,
513 1340 613 1379 quae
645 1327 725 1369 tibi
758 1327 965 1369 exstinxit

137 1385 367 1438 lampades
387 1390 431 1426 et
451 1384 712 1427 satellitibus
731 1384 847 1425 vires
867 1383 963 1425 abs-

137 1441 259 1484 tulit?
312 1441 386 1484 Ad
428 1454 527 1494 quae
568 1439 812 1493 respondit:
852 1440 964 1481 Meae

136 1499 375 1552 praestigiae
396 1498 594 1540 Christus
614 1502 691 1539 est.

473 1561 637 1603 Oratio.

226 1638 319 1676 eus,
348 1625 422 1678 qui
447 1624 626 1667 beatum
652 1623 964 1666 Pantaleonem

231 1682 473 1735 Martyrem
481 1687 606 1724 tuum
615 1681 736 1722 varia
745 1683 964 1723 tormenta

136 1741 346 1793 superare
365 1739 519 1790 fecisti,
545 1743 589 1781 et
607 1751 690 1791 pro
709 1741 962 1805 persecuto-

135 1795 256 1838 ribus
282 1798 481 1838 exorare·
509 1795 703 1837 concede
727 1791 964 1848 propitius3

135 1857 185 1895 ut
213 1853 288 1905 qui
315 1853 406 1906 ejus
429 1852 718 1906 imploramus
745 1852 964 1902 auxilium,

135 1908 452 1951 misericordiae
478 1913 568 1950 tuae
596 1908 836 1951 sentiamus
864 1908 962 1950 effe-

137 1970 265 2007 ctum.
291 1965 377 2007 Per
393 1965 641 2007 Dominum.

406 2046 474 2083 Ad
497 2045 700 2083 Tertiam.

190 2106 291 2149 Ant.
318 2106 411 2158 Ego
432 2107 557 2150 enim.

190 2167 449 2221 Capitulum.
476 2168 639 2210 Beatus
662 2168 738 2210 vir.
763 2167 873 2220 [342]

191 2228 243 2281 R.
263 2227 326 2270 br.
349 2229 502 2272 Gloria
528 2234 572 2271 et
594 2229 762 2270 honore
782 2229 805 2253 *
830 2228 961 2278 Coro-

135 2285 249 2327 nasti
265 2299 364 2328 eum
377 2286 579 2329 Domine.
600 2285 752 2328 Gloria
767 2289 822 2326 et.
846 2279 896 2331 V.
907 2285 964 2325 Et

136 2342 402 2385 constituisti
429 2356 529 2384 eum
557 2355 689 2395 super
716 2343 852 2394 opera
875 2342 961 2381 ma-

135 2411 269 2440 nuum
295 2401 479 2441 tuarum.
526 2398 768 2441 Coronasti.
811 2396 963 2438 Gloria

134 2454 264 2496 Patri.
298 2455 451 2498 Gloria
469 2461 523 2498 et.

190 2509 242 2563 V.
262 2517 453 2559 Posuisti
471 2517 659 2558 Domine
680 2527 811 2568 super
831 2518 962 2566 caput

137 2573 238 2623 ejus.
279 2573 332 2624 R.
360 2573 579 2615 Coronam
607 2572 662 2614 de
691 2570 839 2623 lapide
866 2582 961 2622 pre-

135 2628 262 2670 tioso.

414 2697 479 2734 Ad
505 2697 691 2733 Sextam.

190 2752 289 2794 Ant.
318 2756 425 2796 Cum
445 2767 526 2807 pro
546 2751 784 2795 lictoribus.

1075 330 1332 384 Capitulum.
1591 331 1720 372 Eccli.
1738 332 1793 370 15.

1019 382 1227 491 cibavit
1249 389 1371 431 illum
1394 404 1508 443 pane
1526 392 1629 433 vitae
1653 396 1697 433 et
1719 391 1841 433 intel—

1108 444 1263 496 lectus,
1290 451 1334 488 et
1353 459 1466 498 aqua
1485 448 1711 500 sapientiae
1732 448 1841 489 salu-

1017 501 1124 542 taris
1147 503 1319 554 potavit
1342 503 1464 544 illum
1486 504 1702 546 Dominus
1721 505 1842 546 Deus

1017 562 1178 599 noster.

1073 621 1123 674 R.
1143 621 1207 663 br.
1228 619 1422 661 Posuisti
1447 621 1634 663 Domine
1665 623 1686 646 *
1701 621 1842 674 Super

1018 679 1151 728 caput
1176 676 1277 728 ejus.
1309 677 1513 718 Posuisti.
1551 674 1600 725 V.
1624 678 1843 719 Coronam

1018 731 1073 773 de
1092 732 1240 785 lapide
1259 734 1467 785 pretioso.
1502 734 1652 786 Super.
1692 733 1842 775 Gloria

1016 789 1145 830 Patri.
1172 790 1375 831 Posuisti.

1074 842 1124 894 V.
1137 845 1297 896 Magna
1317 851 1384 887 est
1403 846 1543 896 gloria
1563 848 1653 898 ejus
1673 847 1717 887 in
1732 846 1842 887 salu-

1017 902 1101 942 tari
1128 906 1216 943 tuo.
1267 903 1318 954 R.
1344 902 1540 943 Gloriam
1569 908 1611 944 et
1638 916 1843 954 magnum

1019 957 1225 1000 decorem
1243 959 1442 1011 impones
1462 972 1594 1011 super
1614 972 1722 1001 eum.

1293 1033 1360 1068 Ad
1384 1033 1567 1069 Nonam.

1074 1090 1174 1131 Ant.
1202 1089 1448 1131 Pantaleon.

1077 1150 1337 1203 Capitulum.
1586 1152 1716 1193 Eccli.
1732 1154 1796 1192 39.

1086 1216 1209 1252 ustus
1229 1223 1306 1253 cor
1325 1224 1451 1252 suum
1469 1209 1650 1252 tradidit
1669 1209 1726 1252 ad
1740 1211 1842 1262 vigi-

1100 1267 1281 1310 landum
1304 1267 1496 1309 diluculo
1521 1266 1578 1308 ad
1595 1267 1843 1316 Dominum,

1019 1325 1094 1377 qui
1129 1325 1231 1366 fecit
1267 1324 1404 1374 illum,
1446 1329 1489 1365 et
1524 1324 1567 1364 in
1602 1325 1843 1376 conspectu

1018 1381 1232 1422 Altissimi
1251 1379 1571 1433 deprecabitur.

1074 1439 1125 1497 R
1154 1444 1216 1485 br.
1252 1441 1412 1492 Magna
1440 1445 1507 1482 est
1533 1440 1672 1492 gloria
1701 1441 1791 1491 ejus
1826 1444 1846 1465 *

1017 1500 1068 1540 In
1090 1498 1272 1540 salutari
1289 1502 1378 1539 tuo.
1423 1497 1591 1549 Magna
1637 1493 1687 1545 V.
1703 1496 1842 1538 Glori—

1018 1569 1088 1597 am
1114 1560 1158 1597 et
1180 1567 1385 1605 magnum
1412 1553 1619 1595 decorem
1644 1553 1843 1605 impones

1018 1625 1069 1653 su
1103 1625 1150 1654 er
1175 1625 1285 1653 eum.
1329 1611 1392 1651 In.
1442 1610 1600 1652 Gloria.
1644 1610 1812 1660 Magna.

1064 1626 1114 1715 θ
1129 1668 1153 1709 J
1156 1673 1279 1709 ustus
1290 1672 1338 1709 ut
1348 1666 1494 1719 palma
1507 1666 1692 1708 florebit.
1710 1668 1758 1718 R.
1763 1666 1844 1707 Sic-

1017 1730 1065 1767 ut
1085 1724 1243 1767 cedrus
1262 1722 1418 1765 Libani
1437 1722 1808 1775 multiplicabitur.

1222 1803 1283 1843 In
1304 1802 1365 1843 11.
1386 1800 1635 1851 vesperis.

1072 1865 1160 1899 Ant.
1180 1864 1226 1898 de
1238 1864 1356 1898 Laud.
1369 1863 1474 1906 [342];
1495 1863 1555 1896 Ps.
1573 1868 1611 1896 ut
1626 1862 1663 1895 in
1678 1861 1845 1904 II.Vesp.

1020 1913 1135 1948 unius
1151 1912 1259 1959 Mart.
1274 1911 1343 1955 [31]

1071 1964 1221 1999 Deinde
1240 1974 1261 1998 a
1279 1963 1401 2007 Capit.
1421 1963 1468 1997 de
1486 1972 1591 2005 sequ.
1610 1972 1694 1995 cum
1711 1971 1845 1995 comm.

1020 2013 1185 2058 praeced.

1074 2064 1173 2105 Ant.
1210 2060 1483 2104 Recordatus
1515 2060 1595 2102 fuit
1622 2060 1646 2086 *
1679 2059 1842 2101 miseri-

1017 2119 1180 2162 cordiae
1215 2117 1406 2168 Domini,
1443 2122 1487 2159 et
1522 2117 1565 2158 in
1602 2118 1842 2169 conspectu

1016 2176 1250 2218 astantium
1268 2175 1409 2216 factus
1429 2178 1496 2215 est
1517 2172 1579 2214 illi
1599 2172 1781 2225 adjutor.

1043 2229 1094 2280 V.
1127 2232 1151 2273 J
1153 2236 1276 2273 ustus
1286 2235 1334 2271 ut
1345 2229 1493 2283 palma
1503 2229 1688 2271 florebit.
1706 2232 1755 2283 R.
1762 2229 1842 2270 Sic-

1015 2295 1063 2332 ut
1082 2288 1241 2331 cedrus
1258 2286 1414 2328 Libani
1431 2285 1802 2338 multiplicabitur.

1272 2358 1584 2387 ——w——-
1641 2358 1651 2366 ’

1133 2415 1363 2478 FESTA
1397 2414 1729 2477 AUGUSTI.

1241 2532 1325 2574 Die
1344 2498 1612 2582 musti.

1067 2597 1109 2638 S.
1129 2595 1439 2637 Philumenae
1465 2594 1584 2645 Virg.
1605 2599 1648 2635 et
1666 2594 1791 2634 Mart.

1349 2655 1512 2699 Duplex.

1071 2715 1207 2750 Omnia
1229 2714 1277 2748 de
1299 2714 1441 2748 Comm.
1459 2711 1563 2753 virg.
1586 2713 1621 2745 et
1638 2709 1745 2743 Mart.
1765 2709 1838 2753 [83]

1016 2767 1159 2807 praeter
1182 2772 1287 2805 sequ.
