2040 2976
546 239 722 273 Officium
746 238 919 273 votivum
944 236 990 270 de
1014 235 1201 270 Pussione
1226 235 1269 269 D.
1290 235 1334 269 N.
1356 235 1388 268 .I.
1411 235 1448 268 C.

214 331 367 372 Lectio
388 332 469 370 viii.
578 329 700 371 Idem
717 329 819 380 Cap.
834 330 899 368 36.

220 403 295 432 um
321 402 426 442 ergo
455 390 698 443 accepisset
722 387 848 429 Jesus
876 387 968 429 ace-

244 451 348 497 tum,
368 445 490 488 dixit:
512 446 870 487 Consummatum
889 448 970 485 est:

146 508 189 545 et
219 502 424 544 inclinato
458 502 601 556 capite
634 499 816 543 tradidit
848 500 969 553 spiri-

144 565 247 602 tum.
286 560 642 601 Consummatum
662 558 746 610 jam
767 569 863 598 esse
883 556 971 598 Sal-

145 618 271 658 vator
295 615 414 666 dicit,
442 615 543 667 quia
568 612 776 656 saeviendi
798 612 969 655 Judaeo-

145 685 241 714 rum
258 673 456 725 potestas
475 671 519 712 in
534 670 677 724 ipsum
691 682 771 723 per
785 674 971 711 mortem

145 741 268 770 suam
284 728 516 770 terminum
534 726 697 769 habuit.
725 724 839 782 Quid
859 725 971 767 enim

145 798 233 827 non
256 785 572 836 excogitarunt,
597 788 671 825 aut
696 781 801 836 quid
823 783 970 835 supre-

144 854 229 883 mae
240 840 564 883 inhumanitatis
576 839 775 881 relictum
788 838 870 880 sibi
884 838 971 880 est?

147 897 253 948 Quis
277 896 490 948 caedendi,
515 897 611 949 quis
633 894 973 938 contumeliandi

146 953 304 996 modus
327 966 415 996 non
440 952 680 995 adhibitus?
716 952 874 993 Merito
898 952 971 1003 igi-

146 1015 218 1052 tur
239 1012 587 1053 consummatum
608 1021 716 1060 esse,
740 1009 810 1050 ait.
847 1008 972 1049 Cum-

148 1079 234 1119 que
268 1072 442 1119 tempus
473 1067 558 1118 jam
592 1070 727 1116 esset,
763 1070 812 1106 ut
844 1064 974 1106 etiam

148 1122 371 1176 spiritibus
394 1121 512 1176 apud
530 1122 692 1164 inferos
711 1120 974 1175 praedicaret

147 1179 280 1231 (venit
301 1180 424 1230 enim,
447 1184 495 1221 ut
515 1184 606 1220 tam
624 1179 824 1220 vivorum
844 1190 975 1229 quam

147 1238 420 1278 mortuorum
450 1235 761 1286 dominaretur)
788 1239 975 1276 mortem

147 1305 228 1345 pro
247 1291 374 1334 nobis
393 1291 599 1345 suscepit:
619 1296 663 1333 et
675 1291 789 1332 hanc
806 1293 974 1332 naturae

148 1354 311 1391 nostrae
321 1348 546 1402 propriam
556 1348 805 1402 passionem
817 1351 974 1400 sponte

149 1405 283 1447 subiit
303 1404 542 1447 secundum
562 1417 746 1455 carnem,
767 1403 974 1456 quamvis,

148 1466 197 1503 ut
231 1461 351 1503 Deus
387 1461 477 1503 vita
516 1460 770 1503 naturaliter
811 1460 884 1510 sit,
928 1465 976 1501 ut

149 1517 348 1570 spoliatis
364 1517 523 1569 inferis,
541 1517 744 1571 primitiae
761 1515 974 1558 dormien-

149 1574 271 1624 tium,
297 1579 340 1616 et
361 1574 676 1627 primogenitus
699 1575 761 1625 (ut
783 1573 974 1625 Scriptu-

149 1643 212 1672 rae
240 1629 402 1682 dicunt)
429 1633 701 1673 mortuorum
728 1630 885 1680 factuS,
912 1641 975 1670 re-

151 1690 326 1728 cursum
357 1686 415 1729 ad
445 1688 580 1730 vitam
615 1690 783 1729 naturae
813 1690 977 1728 nostrae

149 1741 390 1795 largiretur.

200 1799 252 1850 Rz.
285 1801 380 1852 Ego
409 1805 508 1842 ante
534 1806 579 1842 te
607 1800 760 1853 aperui
786 1811 924 1841 mare:
952 1791 973 1814 *

150 1856 208 1898 Et
229 1861 278 1898 tu
300 1857 510 1910 aperuiSti
529 1857 683 1898 lancea
700 1856 819 1898 latus
832 1855 976 1897 Salva-

149 1912 236 1954 tori
252 1917 341 1963 tuo,
363 1914 386 1938 *
402 1913 486 1963 Qui
504 1912 689 1955 redemit
707 1911 918 1953 mundum
934 1912 978 1952 in

151 1968 360 2020 sanguine
371 1981 464 2011 suo.
480 1961 531 2014 V.
543 1968 713 2022 Popule
728 1981 861 2018 meus,
874 1966 978 2019 quid

151 2024 235 2066 feci
270 2024 366 2075 tibi,
408 2029 483 2066 aut
517 2024 561 2066 in
598 2037 685 2076 quo
723 2023 979 2066 contristavi

151 2079 217 2123 te?
235 2081 454 2134 responde
468 2081 583 2122 mihi.
605 2081 673 2123 Et.
700 2080 864 2122 Gloria.
884 2079 978 2130 Qui.

452 2140 603 2181 Lectio
622 2139 676 2180 ix.

152 2191 407 2297 Inclinavit
441 2193 571 2246 igitur
607 2198 750 2247 caput.
807 2191 980 2234 Accidit

223 2251 337 2292 enim
355 2250 650 2300 morientibus,
669 2250 819 2301 vigore
838 2248 979 2290 carnis

153 2308 238 2360 jam
257 2310 518 2360 consumpto
539 2312 582 2349 et
598 2306 750 2357 anima,
771 2318 869 2357 quae
887 2317 978 2346 cor-

153 2376 237 2417 pus
256 2363 423 2414 retinet,
447 2363 646 2414 abeunte,
669 2362 891 2404 inclinatio
911 2363 979 2403 ca-

153 2419 268 2472 pitis.
305 2419 600 2470 Quamobrem
622 2418 768 2461 verbis
785 2417 872 2459 hoc
890 2430 979 2458 mo-

155 2475 214 2517 do
250 2488 355 2516 usus
387 2475 666 2526 Evangelista
702 2479 780 2516 est.
833 2473 904 2515 Sic
938 2478 982 2515 et

153 2530 389 2574 tradidisse
427 2532 645 2584 spiritum,
689 2543 715 2572 a
751 2533 979 2572 consuetu-

157 2587 256 2630 dine
281 2592 432 2629 nostra
457 2588 541 2629 sibi
564 2587 729 2629 dictum
751 2591 833 2637 est:
857 2586 982 2628 multi

157 2644 271 2685 enim
293 2644 356 2685 sic
379 2643 609 2695 exstingui,
635 2648 679 2685 et
701 2643 812 2684 mori
835 2642 981 2684 dicun-

155 2705 237 2742 tur.
288 2700 494 2750 Quamvis
521 2699 626 2740 mihi
651 2698 853 2740 videatur
880 2698 980 2740 ideo

156 2769 245 2798 non
264 2755 518 2809 simpliciter
536 2757 757 2797 mortuum
775 2767 884 2805 esse,
904 2753 982 2796 sed

1021 329 1253 372 tradidisse
1273 331 1473 384 spiritum
1487 331 1765 382 Evangelista
1785 328 1845 371 di-

1023 388 1159 437 xisse3
1197 388 1296 439 quia
1327 387 1371 428 in
1407 401 1559 429 manus
1590 387 1673 428 Dei
1705 386 1847 428 Patris

1024 443 1211 485 animam
1232 457 1355 485 suam
1376 443 1663 494 comendavit,
1686 448 1734 485 ut
1752 442 1847 495 ipse

1024 499 1149 541 dixit:
1180 500 1327 542 Pater!
1357 500 1401 541 in
1427 513 1580 542 manus
1607 505 1705 542 tuas
1733 512 1847 540 com-

1023 555 1182 598 mendo
1206 557 1407 609 spiritum
1430 569 1585 599 meum.
1622 554 1752 606 Quod
1773 568 1847 596 no-

1023 612 1090 655 bis
1114 626 1284 664 magnae
1307 613 1402 666 spei
1426 613 1762 661 fundamentum,
1788 616 1847 652 at-

1026 682 1110 723 que
1129 670 1341 721 originem
1359 670 1540 723 praebet.

1079 728 1141 769 Te
1158 727 1302 769 Deum
1322 726 1562 768 laudamus.
1582 728 1640 768 13.

1292 799 1371 840 Ad
1390 799 1586 841 Laudes

1241 858 1288 888 et
1322 863 1416 896 per
1450 851 1634 885 Horas

1080 912 1178 952 Ant.
1201 912 1230 951 1.
1254 909 1332 950 Fui
1352 909 1595 960 flagellatus
1614 910 1637 935 *
1656 914 1751 951 tota
1769 908 1851 959 die,

1026 971 1070 1009 et
1090 966 1318 1018 castigatio
1338 979 1435 1008 mea
1455 966 1498 1006 in
1516 966 1750 1008 matutinis.

1076 1024 1143 1063 Ps.
1172 1023 1387 1065 Dominus
1407 1023 1615 1074 regnavit.
1636 1024 1694 1063 14.

1076 1081 1111 1120 2.
1141 1079 1250 1121 Veni
1269 1079 1325 1121 ad
1345 1084 1540 1121 montem
1558 1077 1747 1132 myrrhae
1765 1079 1789 1105 *
1809 1082 1852 1119 et

1026 1134 1083 1177 ad
1107 1135 1264 1178 collem
1289 1135 1443 1186 thuris;
1470 1141 1693 1187 tamquam
1717 1147 1853 1185 agnus

1027 1191 1084 1234 ad
1103 1193 1367 1234 occisionem
1386 1191 1554 1242 ductus,
1580 1191 1788 1240 obmutui,
1811 1195 1854 1231 et

1027 1261 1114 1290 non
1134 1248 1284 1302 aperui
1305 1261 1355 1290 os
1374 1261 1530 1289 meum.

1077 1305 1113 1344 3.
1139 1305 1356 1347 Foderunt
1371 1317 1524 1345 manus
1539 1316 1659 1345 meas
1678 1303 1701 1329 *
1721 1307 1764 1344 et
1779 1314 1851 1355 pe-

1028 1361 1106 1404 des
1133 1375 1272 1404 meos:
1302 1361 1683 1403 dinumeraverunt
1711 1359 1855 1401 omnia

1029 1432 1130 1461 ossa
1147 1433 1254 1461 mea.

1078 1474 1451 1518 4.’Consolantem
1468 1487 1538 1516 me
1557 1475 1580 1502 *
1601 1473 1793 1526 quaesivi,
1813 1478 1856 1515 et

1028 1546 1115 1575 non
1133 1533 1291 1574 inveni:
1311 1532 1524 1574 dederunt
1542 1531 1586 1572 in
1606 1543 1751 1572 escam
1768 1542 1854 1571 me-

1029 1603 1099 1631 am
1126 1589 1200 1639 fel,
1230 1593 1273 1631 et
1299 1589 1342 1629 in
1370 1587 1440 1630 siti
1467 1600 1564 1629 mea
1591 1588 1855 1640 potaverunt

1029 1659 1098 1687 me
1118 1646 1255 1687 aceto.

1080 1700 1118 1739 5.
1148 1702 1257 1743 Cum
1285 1702 1527 1753 accepisset
1555 1699 1682 1741 Jesus
1710 1700 1734 1726 *
1762 1699 1854 1740 ace-

1028 1763 1137 1809 tum,
1166 1757 1289 1800 dixit:
1319 1758 1678 1799 Consummatum
1703 1760 1785 1805 est,
1814 1759 1857 1796 et

1029 1815 1235 1857 inclinato
1256 1814 1410 1867 capite,
1432 1813 1573 1855 emisit
1593 1811 1803 1864 spiritum.

1110 1870 1367 1922 Capitulum.
1541 1868 1721 1919 Philipp.
1742 1868 1777 1906 2.

1109 1935 1260 1972 ratres:
1283 1931 1383 1972 Hoc
1405 1929 1519 1971 enim
1542 1930 1699 1969 sentite
1722 1926 1765 1967 in
1784 1939 1857 1968 vo-

1132 1986 1217 2037 bis,
1246 1986 1366 2039 quod
1394 1991 1438 2028 et
1463 1985 1507 2026 in
1536 1984 1709 2026 Christo
1738 1983 1858 2024 Jesu:

1032 2043 1107 2095 qui
1134 2056 1233 2084 cum
1259 2043 1302 2084 in
1330 2043 1470 2084 forma
1494 2041 1579 2083 Dei
1606 2045 1740 2090 esset,
1770 2052 1858 2081 non

1031 2101 1228 2152 rapinam
1253 2099 1487 2141 arbitratus
1515 2102 1581 2140 est
1607 2109 1703 2139 esse
1729 2109 1777 2138 se
1803 2109 1857 2137 ae-

1033 2155 1207 2207 qualem
1225 2156 1338 2197 Deo:
1366 2154 1445 2197 sed
1466 2156 1750 2207 semetipsum
1772 2152 1858 2194 exi-

1030 2211 1204 2262 nanivit,
1228 2211 1413 2253 formam
1433 2211 1547 2253 servi
1566 2209 1795 2263 accipiens,
1815 2209 1857 2250 in

1032 2267 1357 2321 similitudinem
1381 2268 1606 2309 hominum
1631 2266 1786 2316 factuS,
1815 2269 1859 2306 et

1031 2324 1183 2367 habitu
1213 2325 1413 2367 inventus
1441 2329 1489 2366 ut
1515 2323 1660 2365 homo.
1710 2321 1857 2363 Humi-

1031 2380 1154 2423 liavit
1173 2383 1466 2434 semetipsum,
1488 2381 1628 2422 factus
1649 2377 1858 2421 obediens

1033 2449 1172 2489 usque
1196 2437 1253 2479 ad
1274 2442 1476 2488 mortem,
1503 2442 1690 2478 mortem
1713 2438 1859 2475 autem

1034 2506 1185 2535 cruels'
1343 2517 1552 2567 Hymnus.

1128 2597 1224 2627 aevo
1245 2584 1448 2627 dolorum
1466 2583 1638 2626 turbine

1152 2642 1176 2682 J
1178 2644 1358 2693 actatur,
1377 2642 1482 2683 atris
1501 2640 1683 2682 obrutus

1110 2698 1268 2749 Poenis,
1287 2697 1446 2740 acerba
1465 2696 1680 2738 sustinens

1110 2753 1383 2807 Redemptor
1402 2753 1556 2795 affixus
1576 2750 1703 2793 cruci.
