2040 2976
576 243 780 277 Dominiea
805 243 869 277 111.
894 243 999 277 Julii.
1046 243 1101 277 Ss.
1125 243 1406 286 Redemptoris.

188 342 260 384 Ad
296 342 469 393 Magnis.
515 342 614 384 Ant.
656 336 783 380 Salus
821 342 969 379 autem

137 407 236 437 mea
259 395 305 436 in
329 393 646 446 sempiternum
665 393 758 443 erit,
785 399 828 436 et
853 395 969 446 iusti-

137 452 198 494 tia
215 464 315 493 mea
336 451 381 492 in
398 450 706 501 generationes
726 451 969 501 generatio-

138 521 252 558 num,
271 507 454 559 alleluja.

475 579 638 620 Oratio.

227 656 315 694 eus,
332 642 407 695 qui
416 641 697 692 Unigenitum
710 646 834 683 tuum
848 655 969 683 mun-

255 699 299 742 di
322 698 671 750 Redemptorem
695 698 970 748 constituisti,

139 762 183 800 et
200 770 281 810 per
300 769 410 806 eum,
429 754 603 797 devicta
622 759 776 804 morte,
795 767 877 796 nos
895 756 970 796 mi-

138 812 420 856 sericorditer
465 811 522 854 ad
566 812 702 853 vitam
738 812 970 863 reparasti:

139 869 352 921 concede;
372 875 420 912 ut
437 868 535 910 haec
548 868 764 911 beneficia
778 868 970 910 recolen—

137 933 224 978 tes,
254 926 336 969 tibi
367 927 584 979 perpetua
612 924 794 967 caritate
827 924 970 966 adhae-

138 986 246 1034 rere,
270 988 315 1026 et
334 982 530 1036 ejusdem
550 981 868 1034 redemptionis
886 981 970 1023 fru-

139 1046 258 1083 ctum
302 1042 532 1093 percipere
576 1040 834 1080 mereamur.
887 1038 972 1080 Per

140 1096 344 1139 eumdem
371 1096 620 1137 Dominum.

192 1167 239 1201 Et
264 1166 305 1200 fit
328 1175 525 1201 commem.
550 1166 703 1200 Domin.
730 1175 874 1200 occurr.

301 1239 389 1281 Ad
421 1238 808 1280 matutinum.

189 1307 316 1350 Invit.
336 1304 684 1359 Redemptorem
698 1304 972 1354 saeculorum,

141 1364 287 1417 ipsum
315 1363 484 1414 Regem
512 1362 803 1413 Angelorum,
831 1366 852 1389 *
884 1360 972 1403 Ad-

142 1422 317 1462 oremus
345 1420 594 1462 Dominum.

192 1485 261 1526 Ps.
288 1486 452 1535 Venite,
474 1484 753 1527 exsultemus.
772 1486 809 1531 2,

420 1600 423 1606 ,
447 1565 659 1617 Hymnus.

275 1646 398 1676 erum
418 1633 602 1676 Creator
621 1632 799 1686 optime,

296 1692 551 1744 Rectorque
571 1695 722 1732 noster
741 1690 906 1743 aspice:

242 1749 338 1791 Nos
357 1761 383 1790 a
403 1748 548 1802 quiete
567 1747 699 1789 noxia

243 1806 414 1848 Mersos
434 1805 597 1858 sopore
617 1803 766 1846 libera.

192 1878 372 1926 Mentes‚
390 1877 636 1927 manusque
655 1872 862 1923 tollimus,

242 1931 466 1985 Propheta
484 1931 597 1972 sicut
616 1930 822 1972 nectibus

243 1988 386 2030 Nobis
404 1987 645 2039 gerendum
662 1987 877 2041 praecipit,

245 2044 497 2098 Paulusque
516 2045 651 2097 gestis
670 2044 850 2087 censuit.

191 2117 252 2158 Te
278 2119 428 2158 sancte
449 2114 624 2158 Christe
642 2115 878 2168 poscimus,

243 2173 430 2224 Ignosce
450 2171 591 2224 culpis
610 2171 830 2214 omnibus:

245 2229 317 2271 Ad
337 2228 635 2271 confitendum
655 2227 885 2279 surgimus,

244 2286 482 2337 Morasque
501 2285 643 2328 noctis
663 2284 916 2337 rumpimus.

195 2357 306 2406 Jesu,
325 2354 406 2397 tibi
425 2354 480 2397 sit
498 2354 648 2407 gloria,

245 2411 330 2464 Qui
347 2416 476 2453 natus
496 2423 543 2453 es
562 2410 617 2453 de
635 2410 828 2462 Virgine,

247 2469 357 2511 Cum
375 2468 518 2518 Patre,
538 2472 581 2510 et
601 2467 717 2509 almo
736 2466 911 2519 Spiritu,

245 2526 297 2566 In
316 2525 584 2578 sempiterna
603 2523 775 2565 saecula.
805 2522 958 2563 Amen.

378 2602 428 2640 In
452 2601 483 2640 1.
506 2601 729 2640 Nocturno.

193 2664 292 2705 Ant.
351 2665 467 2706 Voce
508 2676 607 2705 mea
643 2662 699 2704 ad
735 2660 972 2702 Dominum

143 2720 337 2770 clamavi,
357 2726 401 2763 et
420 2719 644 2762 exaudivit
662 2731 732 2759 me
750 2717 805 2759 de
823 2721 972 2758 monte

143 2781 295 2819 sancto
324 2790 415 2818 suo.

1751 239 1850 283 [307]

1306 339 1506 379 Psalmus
1530 339 1565 377 3.

1026 417 1040 454 „2
1056 408 1143 448 VN
1156 398 1299 440 omine
1323 399 1430 451 quid
1450 399 1728 452 multiplicati
1751 404 1852 441 sunt

1031 454 1040 488 *¹
1057 443 1127 505 le)
1148 508 1149 516 ἵ
1174 455 1247 506 qui
1261 455 1473 499 tribulant
1492 456 1584 498 me?
1604 457 1627 482 *
1646 456 1773 497 multi
1791 457 1850 497 in-

1057 506 1105 532 ²⁷
1173 514 1356 563 surgunt
1375 512 1609 555 adversum
1629 526 1710 554 me.

1074 566 1202 608 Multi
1222 567 1373 611 dicunt
1392 570 1549 611 animae
1563 583 1690 611 meae:
1709 571 1733 597 *
1749 570 1851 611 Non

1024 627 1092 664 est
1111 623 1228 665 salus
1246 625 1332 677 ipsi
1350 626 1394 666 in
1412 626 1509 668 Deo
1530 627 1632 678 ejus.

1074 679 1144 720 Tu
1192 685 1340 723 autem
1383 683 1574 724 Domine
1619 684 1852 735 susceptor

1022 748 1148 777 meus
1168 749 1230 787 es,
1250 738 1274 763 *
1292 738 1432 789 gloria
1450 752 1565 790 mea,
1589 744 1632 781 et
1651 739 1850 780 exaltans

1024 798 1158 845 caput
1176 807 1333 839 meum.

1075 850 1201 892 Voce
1226 863 1324 892 mea
1349 852 1406 893 ad
1432 853 1668 893 Dominum
1697 852 1852 893 clama-

1024 906 1087 947 vi:
1118 907 1142 932 *
1175 912 1219 949 et
1250 908 1474 950 exaudivit
1510 921 1580 950 me
1611 909 1666 950 de
1703 913 1853 950 monte

1024 969 1177 1006 sancto
1205 977 1296 1006 suo.

1075 1020 1171 1072 Ego
1196 1021 1394 1072 dormivi,
1419 1027 1464 1064 et
1487 1024 1721 1074 soporatus
1744 1034 1852 1062 sum:

1024 1078 1048 1103 *
1068 1082 1113 1118 et
1136 1079 1376 1129 exsurrexi,
1404 1079 1506 1130 quia
1526 1079 1739 1120 Dominus
1763 1091 1852 1119 sus-

1025 1133 1143 1186 cepit
1163 1147 1244 1176 me.

1075 1190 1178 1232 Non
1216 1191 1382 1234 timebo
1414 1191 1551 1233 millia
1586 1191 1742 1244 populi
1776 1190 1854 1233 cir-

1026 1247 1273 1290 cumdantis
1298 1261 1382 1290 me:
1401 1251 1425 1276 *
1445 1252 1631 1299 exsurge
1655 1248 1854 1297 Domine,

1026 1303 1195 1345 salvum
1216 1318 1287 1347 me
1307 1305 1376 1347 fac
1398 1306 1519 1347 Deus
1538 1317 1673 1346 meus.

1078 1360 1295 1411 Quoniam
1329 1366 1377 1403 tu
1413 1361 1671 1414 percussisti
1702 1372 1853 1402 omnes

1026 1417 1312 1460 adversantes
1331 1418 1438 1459 mihi
1454 1418 1546 1460 sine
1562 1418 1741 1459 causa:*
1754 1417 1854 1458 den-

1025 1479 1093 1516 tes
1112 1477 1399 1527 peccatorun]
1418 1474 1676 1516 contrivisti.

1078 1531 1257 1572 Domini
1277 1536 1344 1574 est
1369 1532 1503 1573 salus:
1519 1533 1543 1559 *
1563 1535 1607 1573 et
1627 1543 1759 1583 super
1777 1531 1853 1582 po-

1025 1588 1177 1640 pulum
1196 1593 1319 1630 tuum
1337 1588 1588 1630 benedictio
1607 1592 1693 1629 tua.

1082 1648 1180 1688 Ant.
1226 1648 1347 1688 Voce
1392 1658 1489 1687 mea
1526 1643 1582 1686 ad
1618 1643 1855 1685 Dominum

1025 1702 1221 1752 clamavi,
1240 1708 1284 1744 et
1301 1701 1523 1744 exaudivit
1541 1714 1611 1743 me
1631 1699 1686 1742 de
1705 1704 1854 1741 monte

1026 1765 1179 1801 sancto
1201 1772 1293 1800 suo.

1080 1818 1179 1858 Ant.
1222 1816 1407 1858 Domine
1443 1815 1658 1855 Dominus
1693 1817 1854 1861 noster,

1027 1886 1158 1926 quam
1181 1871 1437 1914 admirabile
1463 1876 1530 1912 est
1553 1883 1712 1911 nomen
1731 1875 1853 1910 tuum

1025 1930 1068 1970 in
1085 1930 1289 1970 universa
1307 1927 1441 1970 terra!

1082 1990 1245 2031 Quando
1273 1988 1500 2031 Antiphonti
1531 1987 1670 2020 dicitur
1696 1987 1855 2027 integra,

1027 2039 1205 2073 Psalmus
1230 2036 1414 2079 incipitur
1439 2046 1460 2070 a
1486 2035 1656 2069 secundo
1681 2045 1811 2069 versu:

1309 2093 1507 2134 Psalmus
1536 2093 1573 2132 8.

1114 2140 1258 2182 omine
1272 2139 1487 2182 Dominus
1507 2143 1668 2188 noster,
1683 2140 1707 2166 *
1723 2151 1853 2190 quam

1142 2196 1398 2239 admirabile
1436 2201 1502 2237 est
1538 2208 1698 2237 nomen
1729 2201 1852 2237 tuum

1024 2256 1068 2296 in
1087 2254 1292 2296 universa
1310 2252 1446 2294 terra!

1110 2319 1287 2360 uoniam
1303 2318 1474 2360 elevata
1489 2322 1556 2360 est
1575 2317 1851 2368 magnificen-

1136 2377 1198 2418 tia
1215 2381 1301 2425 tua,
1319 2375 1343 2401 *
1364 2387 1496 2427 super
1516 2374 1665 2416 coelos

1076 2434 1144 2474 Ex
1172 2445 1249 2474 ore
1276 2431 1506 2473 infantium
1531 2435 1575 2473 et
1597 2430 1851 2472 lactentium

1025 2489 1249 2543 perfecisti
1262 2487 1438 2530 laudem
1455 2492 1637 2541 propter
1651 2487 1850 2527 inimicos

1025 2551 1136 2595 tuos,
1155 2546 1178 2571 *
1198 2550 1246 2587 ut
1266 2544 1467 2587 destruas
1486 2544 1707 2585 inimicum
1728 2547 1772 2584 et
1790 2542 1850 2583 ul-

1025 2605 1178 2644 torem.

1077 2658 1294 2709 Quoniam
1312 2657 1472 2699 videbo
1499 2655 1636 2698 coelos
1660 2659 1776 2703 tuos,
1805 2655 1849 2694 o—

1025 2728 1132 2768 pera
1160 2715 1397 2766 digitorum
1424 2714 1614 2755 tuorum:
1647 2710 1670 2736 *
1702 2710 1850 2751 lunam

1026 2777 1069 2814 et
1087 2771 1247 2821 stellas,
1268 2783 1366 2823 quae
1384 2774 1432 2811 tu
1450 2767 1652 2810 fundasti.
