2040 2976
434 224 505 258 Die
530 225 583 259 29.
609 224 706 266 Aug.

138 316 183 357 in
215 318 408 366 carcere,
445 319 630 369 propter
657 313 971 363 Herodiadem,

138 375 324 414 uxorem
348 372 543 424 Philippi
573 371 721 412 fratris
754 370 837 420 sui,
871 370 972 422 quia

139 428 327 471 dlixerat
355 441 462 470 eam.
498 428 556 469 Et
582 427 763 479 reliqua.

253 527 447 572 Homilia
466 528 607 569 sancti
625 526 860 578 Augustini

444 585 670 637 Episcopi.

280 662 396 710 Serm.
419 662 475 696 10.
500 662 539 694 in
564 661 688 695 novis.
715 660 831 695 Serm.

179 723 331 768 ’Ἓξιιῐη
346 723 544 761 sanctum
557 718 844 769 Evangelium
858 718 971 769 lege-

144 778 146 798 ³
189 768 238 785 ’
274 778 411 826 retur,
456 775 634 817 crudele
671 775 972 827 spectaculum

186 855 190 857 -
230 831 251 857 Ᾰ
275 837 375 874 ante
395 832 551 874 oculos
569 836 748 873 nostros
764 831 972 873 constitu-

137 886 233 931 'tum
262 894 346 931 est:
379 893 512 941 caput
544 888 685 930 sancti
715 888 741 929 J
743 888 897 929 oannis
928 888 973 928 in

139 945 282 996 disco,
318 945 465 987 feralis
501 945 661 986 missus
698 944 973 986 crudelitatis

138 1007 324 1055 propter
367 1000 519 1043 odium
558 1001 767 1043 veritatis.
820 1001 973 1042 Puella

138 1059 280 1108 saltat,
296 1063 340 1100 et
354 1058 480 1100 saevit
493 1062 648 1100 mater:
664 1063 707 1099 et
721 1058 835 1099 inter
849 1057 973 1099 lasci-

137 1116 231 1158 vias
264 1120 308 1157 et
340 1114 520 1157 delicias
553 1114 880 1156 convivantium
912 1116 972 1155 te-

138 1185 258 1214 mere
283 1173 460 1224 juratur,
485 1175 529 1213 et
554 1171 689 1224 impie
716 1170 838 1223 quod
863 1172 973 1223 jura-

139 1234 221 1280 tur,
246 1229 464 1282 impletur.
499 1228 686 1270 Factum
711 1232 780 1269 est
804 1228 830 1269 J
833 1228 974 1277 oanni,

141 1285 263 1338 quod
278 1286 375 1338 ipse
389 1284 668 1338 praedixerat.
696 1285 765 1326 De
779 1285 973 1326 Domino

141 1342 257 1383 enim
281 1342 306 1382 J
309 1355 387 1383 esu
415 1341 591 1383 Christo
626 1341 813 1383 dixerat:
845 1340 975 1382 Illum

142 1400 322 1451 oportet
341 1400 550 1448 crescere,
575 1411 645 1439 me
665 1403 812 1440 autem
829 1397 975 1438 minui.

140 1454 232 1496 Iste
267 1455 460 1496 minutus
498 1459 565 1496 est
606 1454 651 1495 in
692 1454 856 1507 capite,
901 1453 975 1495 ille

142 1512 280 1553 crevit
315 1511 360 1552 in
395 1524 536 1553 cruce.
604 1510 767 1552 Odium
803 1510 976 1563 peperit

141 1568 316 1609 veritas.
357 1568 460 1610 Non
490 1568 636 1620 potuit
668 1579 799 1619 aequo
829 1567 975 1608 animo

141 1624 341 1674 tolerari,
374 1625 496 1677 quod
523 1624 657 1666 homo
683 1624 768 1665 Dei
796 1628 975 1665 sanctus

141 1680 372 1723 monebat:
436 1681 510 1733 qui
572 1681 725 1733 utique
788 1679 977 1721 salutem

142 1739 296 1779 eorum
322 1737 566 1790 quaerebat,
597 1750 708 1790 quos
737 1737 801 1778 sic
828 1738 975 1778 mone-

141 1793 229 1835 bat.
276 1793 623 1847 Responderunt
654 1793 718 1834 illi
749 1793 865 1834 mala
891 1805 975 1846 pro

142 1849 282 1891 bonis.

196 1927 247 1978 R.
275 1924 557 1967 Desiderium
589 1925 747 1966 animae
780 1925 872 1977 ejus
903 1924 975 1966 tri-

143 1980 278 2022 buisti
309 1981 350 2023 ei
376 1982 584 2031 Domine,
615 1982 638 2007 *
663 1981 722 2024 Et
750 1981 976 2023 voluntate

143 2036 362 2079 labiorum
390 2039 482 2090 ejus
508 2051 596 2079 non
623 2037 836 2079 fraudasti
866 2051 977 2080 eum.

146 2091 197 2143 V.
215 2093 433 2143 Quoniam
448 2095 706 2147 praevenisti
725 2106 826 2136 eum
841 2095 886 2135 in
903 2094 977 2136 be-

144 2148 469 2192 nedictionibus
499 2149 755 2193 dulcedinis:
791 2151 979 2203 posuisti

145 2205 188 2245 in
217 2206 362 2258 capite
391 2207 482 2259 ejus
511 2209 721 2249 coronam
750 2206 805 2249 de
830 2206 978 2260 lapide

145 2262 356 2313 pretioso.
391 2263 459 2305 Et.

434 2338 587 2378 Lectio
608 2337 692 2378 viii.

149 2388 312 2511 Quid
338 2410 453 2450 enim
477 2410 551 2451 ille
577 2410 754 2459 diceret,
780 2411 866 2451 nisi
891 2423 979 2462 quo

258 2466 416 2518 plenus
445 2465 563 2507 erat?
603 2466 661 2508 Et
690 2466 796 2519 quid
823 2466 887 2507 illi
914 2479 978 2508 re-

149 2521 430 2574 sponderent,
456 2522 541 2563 nisi
569 2534 658 2574 quo
683 2522 805 2575 pleni
834 2521 980 2563 erant?

148 2578 230 2619 Ille
254 2579 447 2619 triticum
467 2578 709 2628 seminavit,
733 2578 813 2620 sed
832 2579 981 2631 spinas

148 2634 324 2676 invenit.
374 2634 564 2676 Dicebat
598 2635 706 2685 regi:
741 2634 844 2676 Non
879 2635 983 2677 licet

149 2690 231 2732 tibi
260 2690 423 2733 habere
455 2693 640 2732 uxorem
670 2690 817 2732 fratris
853 2691 927 2731 tui.
956 2686 981 2736 Ξ

149 2746 369 2789 Vincebat
387 2747 502 2788 enim
519 2759 670 2798 regem
687 2746 842 2789 libido:
865 2749 982 2789 tene-

754 222 795 256 ln
823 220 1090 255 Deeollatione
1117 220 1151 254 S.
1178 219 1343 253 Joannis
1369 220 1568 261 Baptistae.

1797 219 1862 254 551

1024 312 1102 354 bat
1134 312 1254 365 apud
1289 326 1337 354 se
1371 313 1644 366 prohibitam
1678 316 1863 355 uxorem

1024 369 1171 410 fratris
1198 369 1276 409 sui.
1312 369 1400 410 Sed
1427 382 1527 410 eum
1552 374 1701 411 tamen
1727 371 1790 412 sic
1814 370 1862 411 li-

1024 425 1169 475 bebat,
1193 429 1241 467 ut
1263 438 1352 467 non
1377 427 1564 467 saeviret.
1599 427 1864 468 Honorabat

1025 494 1126 523 eum
1159 495 1185 523 a
1214 495 1302 534 quo
1335 495 1489 524 verum
1523 482 1749 525 audiebat:
1783 483 1863 525 sed

1025 538 1182 580 mulier
1219 538 1495 581 detestabilis
1534 538 1686 581 odium
1719 540 1861 582 conci-

1025 595 1186 647 piebat,
1213 595 1334 648 quod
1359 595 1599 647 aliquando
1625 596 1731 638 dato
1756 599 1862 639 tem-

1025 664 1134 704 pore
1158 654 1347 704 pareret.
1380 652 1568 702 Quando
1593 657 1742 694 autem
1765 666 1862 705 par-

1025 708 1229 758 turiebat,
1254 709 1429 762 peperit
1452 709 1599 759 filiam,
1624 709 1761 750 filiam
1783 710 1863 751 sal-

1025 767 1205 807 tantem.
1911 806 1917 896 1

1080 835 1131 889 Ην.
1152 834 1276 876 Stola
1295 835 1580 887 jucunditatis
1599 835 1743 877 induit
1764 849 1864 877 eum

1026 891 1260 932 Dominus:
1295 894 1318 917 *
1349 892 1407 933 Et
1436 894 1647 933 coronam
1674 892 1864 945 pulchri-

1026 947 1193 989 tudinis
1228 949 1380 1001 posuit
1417 962 1552 1001 super
1591 954 1725 1001 caput
1762 951 1865 1002 ejus.

1028 1003 1079 1054 V.
1114 1005 1288 1046 Cibavit
1330 1005 1455 1046 illum
1491 1006 1709 1047 Dominus
1750 1020 1865 1059 pane

1027 1061 1130 1103 vitae
1150 1066 1194 1103 et
1212 1061 1477 1103 intellectus:
1497 1067 1542 1104 et
1561 1075 1676 1114 aqua
1695 1064 1864 1116 sapien-

1027 1118 1102 1159 tiae
1144 1118 1350 1160 salutaris
1391 1120 1566 1172 potavit
1606 1119 1740 1161 illum.
1799 1121 1866 1162 Et.

1033 1174 1183 1217 Gloria
1209 1175 1342 1217 Patri.
1378 1176 1446 1219 Et.

1193 1253 1265 1287 Pro
1292 1256 1326 1287 ὃ.
1353 1254 1494 1287 Sabina
1522 1254 1700 1297 Martyre.

1334 1316 1367 1355 L
1372 1316 1485 1356 ectio
1507 1316 1561 1354 ix.

1034 1379 1237 1422 suabsna
1269 1380 1427 1422 mulier
1459 1381 1679 1431 Romana,
1707 1380 1866 1422 Valen-

1033 1423 1100 1475 'Q'
1124 1437 1204 1478 tini
1230 1437 1311 1478 viri
1337 1437 1570 1478 clarissimi
1594 1451 1718 1485 uxor,
1746 1451 1772 1478 a
1794 1438 1867 1479 Se-

1030 1493 1185 1559 raphia
1195 1494 1365 1545 virgine
1378 1493 1630 1535 christianae
1641 1493 1746 1535 fidei
1757 1507 1868 1546 prae-

1031 1550 1172 1603 ceptis
1199 1550 1416 1600 instituta,
1445 1555 1551 1603 post
1580 1555 1745 1592 sanctae
1770 1551 1868 1592 Vir-

1030 1607 1142 1658 ginis
1161 1607 1419 1660 martyrium
1434 1606 1645 1649 collectas
1666 1608 1757 1658 ejus
1772 1607 1868 1648 reli-

1032 1663 1157 1715 quias
1171 1664 1257 1716 piis
1272 1664 1495 1716 exsequiis
1511 1664 1729 1716 sepelivit.
1759 1665 1868 1714 Quae

1030 1725 1218 1773 propter
1251 1733 1349 1762 eam
1386 1733 1566 1762 causam
1598 1721 1732 1773 paulo
1765 1726 1870 1773 post

1032 1776 1232 1819 Adriano
1252 1777 1521 1830 imperatore
1537 1778 1869 1830 comprehensa,

1035 1832 1214 1886 Elpidio
1242 1833 1376 1885 judici
1397 1834 1576 1875 sistitur.
1613 1834 1694 1875 Cui
1719 1835 1772 1875 is:
1800 1835 1870 1875 Tu

1034 1903 1089 1932 ne
1114 1890 1190 1931 illa
1212 1890 1374 1931 Sabina
1400 1894 1444 1931 et
1467 1892 1628 1942 genere
1655 1895 1699 1932 et
1723 1891 1870 1932 matri-

1030 1948 1181 1988 monio
1209 1946 1510 1988 nobilissima?
1553 1949 1615 1988 At
1642 1946 1728 1997 illa,
1753 1947 1870 1995 Sum,

1032 2004 1188 2056 inquit:
1207 2002 1289 2045 sed
1302 2003 1494 2045 Domino
1512 2016 1613 2045 meo
1628 2004 1653 2044 J
1655 2016 1734 2045 esu
1750 2004 1870 2045 Chri-

1032 2065 1102 2101 sto
1127 2060 1292 2111 gratias
1319 2072 1421 2110 ago,
1448 2060 1523 2112 qui
1546 2073 1633 2110 me,
1661 2061 1869 2102 interces-

1034 2117 1157 2158 sione
1172 2116 1399 2168 Seraphiae
1419 2117 1594 2158 famulae
1615 2129 1719 2167 suae,
1739 2130 1764 2159 e
1784 2117 1870 2159 da'e-

1032 2185 1213 2214 monum
1236 2175 1461 2225 potestate
1482 2173 1696 2216 liberavit.
1729 2175 1871 2225 Quam

1033 2229 1154 2270 varie
1173 2231 1398 2279 tentatam,
1417 2234 1465 2271 ut
1483 2231 1764 2283 propositum
1779 2245 1870 2272 mu-

1033 2287 1160 2335 taret,
1187 2298 1288 2327 cum
1315 2299 1342 2327 a
1367 2285 1474 2328 fidei
1502 2287 1754 2329 constantia
1779 2300 1870 2329 mo-

1034 2343 1138 2382 vere
1165 2354 1255 2383 non
1282 2347 1453 2394 posset,
1485 2344 1738 2396 praefectus,
1770 2356 1870 2396 pro-

1034 2397 1234 2439 nuntiata
1257 2399 1475 2440 sententia
1497 2400 1618 2451 quod
1639 2400 1749 2442 deos
1769 2413 1870 2441 con-

1034 2454 1266 2503 temneret,
1300 2455 1458 2507 capitis
1489 2456 1726 2498 damnavit.
1767 2457 1870 2508 Ejus

1036 2523 1198 2563 corpus
1221 2523 1247 2551 a
1272 2510 1532 2554 Christianis
1556 2513 1601 2554 in
1624 2513 1782 2554 eodem
1806 2525 1870 2553 se-

1034 2567 1223 2619 pulchro
1249 2567 1476 2610 conditum
1500 2574 1578 2619 est,
1601 2569 1645 2610 in
1666 2582 1755 2620 quo
1774 2569 1871 2620 ipsa

1034 2625 1290 2675 magistram
1333 2625 1440 2667 fidei
1484 2638 1577 2667 suae
1613 2625 1871 2677 Seraphiam

1035 2683 1258 2732 posuerat.

1090 2750 1152 2791 Te
1171 2750 1317 2791 Deum
1334 2749 1578 2791 laudamus.
1596 2750 1655 2790 13.

1914 1310 1921 1500 -f-uss-d-r-‚n-wv
1914 1289 1919 1300 ἱ
1914 1258 1919 1281 ῳ..
1914 1237 1916 1240 «
1913 1168 1918 1204 ηψ.
1912 1089 1919 1152 mma-

1916 2038 1923 2278 ”afa-m
1915 1874 1922 2035 mm
1915 1581 1921 1871 mvjm-s-«n
1915 1559 1921 1576 u.
1915 1517 1920 1556 ..cm
