2040 2976
574 224 646 258 Die
670 224 722 257 23.
749 224 846 264 Aug.

893 222 929 256 s.
953 221 1129 264 Philippi
1154 220 1296 254 Benitn·
1323 220 1431 254 Conf.

1810 212 1877 249 537

151 318 215 360 rie
233 322 377 360 tortus
392 321 470 358 est.
491 316 577 366 Qui
592 315 698 358 dum
712 315 770 356 ad
784 314 986 357 ultimum

153 373 419 427 supplicium
440 373 693 423 duceretur,
719 376 906 413 matrem
924 372 986 413 ita

152 430 416 472 clamantem
455 427 655 470 audiens:
697 427 831 478 Nate,
866 433 986 478 nate,

151 488 373 530 memento
394 487 573 528 aeternae
592 485 712 535 vitae,
735 485 897 527 coelum
917 488 986 526 su-

152 545 286 598 spice,
301 547 345 585 et
354 543 417 584 ibi
428 543 687 594 regnantem
701 542 886 583 intuere:
904 541 986 582 tibi

153 601 268 642 enim
293 600 384 642 vita
407 612 496 641 non
522 599 720 652 eripitur,
749 598 830 640 sed
847 600 986 639 mute·
1048 592 1055 613 ²
1092 618 1103 619 ψ
1118 617 1126 623 2

150 662 222 699 tur
240 658 285 698 in
307 656 479 708 melius:
504 655 679 697 fortiter
696 655 722 696 J
725 667 804 696 esu
823 654 987 696 Christi

153 727 286 756 causa
305 712 499 755 carnifici
518 711 682 754 collum
700 711 902 764 praebuit.

206 774 268 813 Te
285 771 431 812 Deum
449 768 692 811 laudamus.
710 768 769 809 13.

204 843 248 878 In
271 843 434 877 Laudib.
460 842 501 876 fit
525 851 722 876 commem.
749 839 806 874 Ss.
831 839 940 873 Mart.

208 902 309 941 Ant.
328 897 476 941 Vestri
491 896 642 950 capilli
658 895 815 949 capitis
832 906 986 935 omnes

151 953 369 995 numerati
389 958 504 995 sunt:
527 953 664 995 nolite
682 952 854 994 timeret
878 950 984 991 mul-

151 1010 208 1051 tis
227 1010 481 1063 passeribus
501 1009 707 1051 meliores
728 1008 835 1050 estis
854 1020 946 1048 vos.

204 1068 255 1120 V.
282 1071 580 1114 Exsultabunt
601 1070 743 1112 sancti
767 1069 811 1110 in
836 1068 987 1120 gloria.

151 1131 203 1182 R.
229 1128 518 1171 Laetabuntur
538 1128 583 1168 in
605 1126 823 1168 cubilibus
844 1125 945 1166 suis.

492 1193 655 1234 Oratio.

231 1255 414 1297 uxilium
438 1259 563 1296 tuum
588 1253 717 1296 nobis
744 1253 844 1294 Dfie
872 1253 987 1304 quae-

271 1325 433 1363 sumus,
460 1311 664 1365 placatus
691 1308 916 1362 impende:
945 1313 989 1350 et

153 1368 529 1414 intercedentibus
551 1367 695 1410 beatis
718 1364 988 1418 Martyribus

153 1426 242 1467 tuis
261 1425 515 1475 Timotheo,
534 1423 781 1478 Hippolyto
803 1427 847 1464 et
866 1423 987 1474 Sym-

153 1481 381 1535 phoriano‚
397 1482 627 1524 dexteram
646 1492 780 1533 super
798 1491 880 1520 nos
899 1483 988 1520 tuae

153 1539 481 1591 propitiationis
501 1538 703 1580 extende.
730 1538 816 1578 Per
834 1536 962 1577 Dnm.

205 1603 249 1637 In
273 1603 319 1637 Π.
344 1602 461 1645 Vesp.
486 1602 529 1635 fit
553 1611 750 1636 commem.
777 1610 883 1643 sequ.

374 1696 459 1737 Die
478 1697 544 1737 23.
564 1695 765 1746 Augusti.

250 1767 294 1809 S.
313 1768 538 1819 Philippi
559 1768 746 1810 Benitii
770 1769 891 1810 Conf.

416 1861 418 1863 -
487 1842 654 1885 Duplex.

207 1898 345 1933 Omnia
379 1899 426 1933 de
456 1898 601 1933 Comm.
632 1897 741 1932 Conf.
770 1907 846 1931 non
876 1896 986 1929 Pont.

155 1948 227 1992 [67]
247 1951 390 1991 praetcr
413 1957 519 1990 sequ.

208 2009 308 2049 Ant.
333 2007 544 2049 Similabo
562 2020 662 2049 eum
677 2008 773 2050 viro
789 2008 989 2061 sapienti,

158 2064 233 2116 qui
250 2063 488 2106 aedificavit
511 2063 693 2106 domum
712 2077 838 2106 suam
855 2078 990 2118 supra

155 2125 339 2172 petram.

208 2176 260 2227 V.
277 2180 456 2222 Amavit
480 2193 580 2222 eum
603 2182 832 2231 Dominus,
856 2186 900 2223 et
923 2194 990 2223 or-

156 2237 278 2279 navit
306 2249 416 2278 eum.
468 2237 518 2287 Rz.
552 2237 721 2280 Stolam
747 2238 902 2289 gloriae
928 2240 989 2278 in-

157 2292 252 2336 duit
279 2306 389 2335 eum.

490 2348 656 2389 Oratio.

245 2422 335 2460 eus,
351 2410 426 2462 qui
440 2423 521 2463 per
533 2410 714 2454 beatum
724 2411 990 2464 Philippum,

260 2466 572 2508 Confessorem
606 2471 746 2517 tuum,
783 2467 992 2509 eximium

157 2522 285 2564 nobis
325 2521 585 2564 humilitatis
625 2524 877 2576 exemplum
916 2524 990 2565 tri-

156 2578 305 2622 buisti:
347 2578 404 2620 da
440 2579 614 2620 famulis
650 2580 739 2621 tuis
775 2582 992 2632 prospera

156 2635 308 2677 mundi
345 2648 400 2676 ex
437 2636 528 2687 ejus
564 2635 809 2677 imitatione
846 2635 989 2688 despi-

157 2704 268 2741 cere,
287 2697 332 2733 et
351 2692 550 2733 coelestia
569 2704 744 2744 semper
758 2692 991 2743 inquirere.

156 2748 242 2789 Per
259 2748 509 2789 Dominum.

311 2890 376 2914 Pars
391 2890 501 2915 AEstiva.

1089 317 1133 351 In
1167 317 1194 351 Ι.
1224 317 1425 351 Nocturno
1458 316 1663 350 Lectiones
1696 315 1743 348 de
1776 314 1874 349 Scri-

1038 369 1149 408 ptura
1177 370 1411 399 occurrente.

1273 428 1323 466 In
1342 427 1392 466 II.
1413 426 1639 465 Nocturno.

1341 487 1495 527 Lectio
1518 486 1572 526 iv.

1048 563 1058 592 31
1078 544 1350 596 hilippus
1371 555 1426 584 ex
1444 541 1583 584 nobili
1603 541 1879 583 Benitiorum

1047 592 1150 668 QX*
1173 600 1339 642 familia
1369 599 1608 640 Florentiae
1640 603 1784 647 natus,
1817 597 1878 638 fu-

1047 642 1150 681 2242]
1172 660 1286 699 turae
1312 655 1559 697 sanctitatis
1584 656 1670 707 iam
1694 654 1797 696 inde
1823 654 1879 696 ab

1039 713 1316 756 incunabulis
1336 712 1547 754 indicium
1564 711 1767 764 praebuit.
1789 711 1880 752 Vix

1041 771 1158 813 enim
1186 770 1386 823 quintum
1415 768 1560 811 aetatis
1594 780 1792 810 mensem
1818 768 1879 808 in-

1040 829 1237 879 gressus,
1262 826 1459 878 linguam
1476 826 1521 866 in
1540 837 1675 867 voces
1694 824 1879 866 mirifice

1041 884 1184 934 solvit,
1202 883 1497 934 hortatusque
1516 882 1599 923 fuit
1615 886 1812 931 matrem,
1832 885 1881 922 ut

1040 942 1249 993 Deiparae
1274 940 1423 982 Servis
1450 939 1779 991 eleemosynam
1805 938 1880 978 im-

1040 999 1237 1050 pertiret.
1266 997 1554 1047 Adolescens,
1575 995 1681 1037 dum
1699 995 1880 1036 Parisiis

1040 1055 1284 1097 litterarum
1310 1053 1458 1096 studia
1484 1067 1585 1095 cum
1609 1052 1789 1106 pietatis
1815 1065 1880 1093 ar-

1042 1111 1151 1153 dore
1169 1112 1468 1163 conjungeret,
1487 1110 1704 1163 plurimos
1721 1108 1778 1150 ad
1794 1122 1880 1150 coe-

1040 1168 1164 1210 lestis
1179 1169 1337 1222 patriae
1354 1167 1623 1210 desiderium
1639 1167 1881 1207 inflamma—

1040 1226 1115 1266 vit.
1143 1226 1369 1267 Reversus
1388 1224 1433 1265 in
1450 1225 1652 1277 patriam,
1673 1228 1717 1265 et
1738 1223 1881 1274 singu-

1041 1281 1124 1322 lari
1155 1282 1326 1323 visione
1357 1294 1383 1323 a
1410 1281 1670 1323 beatissima
1697 1279 1881 1330 Virgine

1040 1338 1085 1379 in
1104 1339 1343 1381 Servorum
1367 1340 1549 1379 suorum
1571 1337 1781 1378 familiam
1806 1350 1881 1377 nu-

1041 1408 1122 1448 per
1146 1396 1391 1437 institutam
1415 1397 1623 1444 vocatus,
1643 1394 1688 1434 in
1711 1393 1882 1435 Senarii

1040 1452 1205 1494 montis
1223 1456 1400 1493 antrum
1414 1451 1645 1500 concessit,
1664 1450 1740 1492 ubi
1756 1451 1880 1502 aspe-

1041 1522 1135 1550 ram
1161 1508 1340 1560 quidem
1363 1508 1451 1560 jugi
1470 1507 1672 1561 corporis
1697 1507 1881 1558 castiga-

1040 1566 1177 1616 tione,
1206 1565 1287 1607 sed
1319 1564 1482 1606 Christi
1506 1564 1686 1605 Domini
1718 1564 1881 1605 crucia-

1040 1627 1165 1664 tuum
1200 1621 1489 1663 meditatione
1528 1623 1709 1662 suavem
1745 1620 1882 1662 vitam

1045 1678 1186 1721 duxit:
1210 1678 1402 1730 indeque
1426 1691 1508 1731 per
1532 1678 1784 1719 universam
1808 1690 1881 1730 pe-

1041 1749 1097 1777 ne
1137 1736 1381 1788 Europam,
1426 1737 1722 1787 magnamque
1759 1734 1881 1775 Asiae

1041 1797 1232 1845 partem,
1266 1805 1399 1845 quam
1428 1791 1694 1842 evangelicis
1720 1790 1881 1843 praedi·

1042 1849 1291 1891 cationibus
1311 1848 1462 1898 obivit,
1478 1847 1686 1889 sodalitia
1700 1848 1881 1900 Septem

1041 1905 1260 1947 Dolorum
1285 1905 1370 1946 Dei
1393 1904 1548 1946 Matris
1575 1904 1780 1953 instituit,
1813 1916 1881 1944 su-

1042 1965 1205 2014 umque
1239 1961 1442 2003 ordinem
1474 1961 1635 2002 eximio
1668 1960 1882 2002 virtutum

1043 2018 1249 2071 exemplo
1268 2018 1547 2071 propagavit.

1037 2115 1042 2119 ,
1098 2077 1149 2127 Ru
1178 2076 1430 2116 Honestum
1455 2075 1559 2116 fecit
1582 2073 1706 2115 illum
1730 2074 1881 2116 Domi-

1042 2144 1140 2181 nus,
1166 2137 1210 2173 et
1229 2130 1469 2173 custodivit
1489 2143 1589 2172 eum
1608 2130 1663 2173 ab
1683 2131 1881 2180 inimicis,

1044 2192 1088 2229 et
1115 2200 1140 2228 a
1171 2187 1481 2230 seductoribus
1507 2187 1668 2229 tutavit
1694 2187 1830 2228 illum:
1858 2190 1880 2213 *

1042 2245 1100 2286 Et
1134 2243 1257 2286 dedit
1287 2244 1350 2285 illi
1383 2244 1630 2286 claritetem
1659 2245 1882 2285 aeternam.

1047 2295 1097 2347 V.
1126 2301 1302 2342 Justum
1336 2299 1522 2342 deduxit
1549 2300 1768 2342 Dominus
1800 2312 1881 2352 per

1042 2357 1137 2398 vias
1156 2361 1313 2407 rectas,
1336 2361 1380 2398 et
1400 2356 1598 2398 ostendit
1615 2347 1678 2397 issi
1696 2369 1881 2407 regnum

1042 2413 1138 2454 Dei.
1165 2413 1223 2454 Et
1243 2412 1378 2455 dedit.

1356 2471 1509 2512 Lectio
1530 2486 1567 2511 v.

1139 2525 1270 2566 ivinae
1291 2525 1487 2567 caritatis
1509 2530 1553 2566 et
1576 2525 1808 2566 catholicae
1832 2525 1879 2566 fi-

1139 2580 1211 2622 dei
1226 2580 1467 2623 dilatandae
1482 2580 1643 2623 ardore
1657 2581 1881 2623 vehemen-

1042 2642 1110 2679 ter
1129 2639 1352 2687 accensus‚
1375 2637 1443 2679 sui
1462 2637 1630 2679 ordinis
1650 2636 1880 2678 Generalis

1042 2693 1266 2735 reluctans
1300 2698 1434 2746 atque
1465 2693 1628 2734 invitus
1662 2692 1880 2734 renuntia-

1041 2754 1129 2799 tus,
1148 2750 1308 2792 fratres
1326 2749 1384 2791 ad
1401 2747 1738 2802 praedicandum
1759 2747 1880 2789 Chri-

1627 2880 1672 2913 35
