2040 2976
198 207 264 242 256

711 207 796 240 Inti‘
790 219 809 241 ι
841 208 893 240 ll
889 207 1030 241 *belom
1033 208 1082 241 id
1086 218 1132 240 im
1160 207 1207 240 ιι.
1233 206 1410 247 &nausti

200 302 515 368 multipliciter,
544 306 588 342 et
606 300 650 341 in
668 298 868 353 pluribus
889 299 1029 352 operi·
1083 299 1171 340 Cor
1189 298 1334 351 inopis
1350 310 1405 339 ne
1419 297 1639 347 afflixeris,
1659 304 1703 341 et
1718 312 1807 342 non
1820 301 1914 352 pre·

201 359 282 402 bus
309 359 400 423 ejus
423 370 512 399 non
538 357 623 399 eris
648 356 859 398 curiosus.
893 355 1029 397 Pluri-

200 429 271 457 ma
298 415 412 457 enim
439 427 572 467 super
600 426 778 455 sensum
806 412 1031 454 hominum

202 474 380 514 ostensa
404 476 504 513 sunt
528 470 620 512 tibi.
662 469 826 511 Multos
854 481 1030 522 quoque

201 528 500 581 supplantavit
533 527 727 580 suspicio
758 525 948 575 illerum,
987 530 1031 567 et

199 586 242 626 in
260 584 453 626 vanitate
473 583 659 626 detinuit
678 595 832 624 sensus
846 582 1030 623 illerum.

255 645 304 695 R.
329 641 380 682 In
399 640 628 694 principio.
647 640 740 680 252.

512 712 631 752 Lecti
639 726 663 749 ι)
686 711 723 750 ii.

203 772 329 900 Cor
354 776 511 818 durum
536 775 717 819 habebit
743 775 856 817 male
884 775 927 816 in
955 787 1030 817 no-

284 834 477 875 vissimo:
497 839 541 875 et
556 834 631 886 qui
646 837 763 874 amat
777 831 1030 885 periculum,

201 891 245 932 in
262 890 338 932 illo
357 889 528 943 peribit.
558 891 644 932 Cor
658 888 906 941 ingrediens
922 887 1031 930 duas

201 948 306 997 vias,
325 960 413 989 non
429 946 608 988 habebit
623 948 864 996 successus,
885 952 928 988 et
942 959 1032 999 pra-

202 1017 282 1046 vus
311 1003 445 1046 corde
471 1004 514 1044 in
539 1003 624 1044 illis
651 997 1031 1046 scandalizabitur.

204 1061 291 1102 Cor
314 1073 503 1113 nequam
526 1060 815 1111 gravabitur
803 1074 848 1101 ιιι
869 1059 1029 1102 doleri-

202 1117 302 1167 bus,
335 1123 379 1159 et
406 1119 616 1170 peccator
644 1116 819 1169 adjiciet
846 1116 903 1159 ad
930 1130 1029 1170 pec-

202 1173 402 1215 candum.
456 1174 701 1226 Synagegae
738 1173 1031 1227 superbarum

201 1243 290 1272 non
309 1230 391 1272 erit
415 1230 595 1272 sanitas:
623 1230 767 1272 frutex
792 1230 907 1272 enim
930 1243 1031 1283 pec-

202 1288 290 1329 cati
309 1287 577 1329 radicabitur
599 1288 643 1328 in
662 1287 763 1338 illis,
792 1292 836 1330 et
858 1300 948 1329 non
971 1288 1031 1329 in-

199 1344 430 1396 telligetur.

254 1404 303 1455 R.
332 1401 500 1454 Gyrum
520 1402 632 1443 coeli.
651 1402 744 1443 252.

500 1474 534 1513 L
540 1474 653 1514 ectio
675 1474 729 1513 iii.

280 1549 330 1578 or
363 1537 573 1590 sapientis
604 1537 859 1590 intelligitur
890 1539 934 1580 in
967 1552 1030 1581 sa-

297 1594 478 1646 pientia,
512 1593 556 1636 et
588 1595 705 1636 auris
736 1594 854 1637 bona
882 1595 1032 1638 audiet

203 1662 302 1691 cum
329 1650 446 1691 omni
474 1651 831 1704 concupiscentia
863 1653 1031 1706 sapien-

201 1706 317 1748 tiam.
359 1707 543 1760 sapiens
571 1721 664 1759 cor,
692 1714 735 1751 et
759 1709 1032 1761 intelligibile

203 1762 440 1806 abstinebit
459 1778 507 1806 se
526 1778 551 1806 a
567 1766 778 1818 peccatis,
803 1772 846 1808 et
864 1767 908 1807 in
928 1769 1031 1820 ope-

202 1819 324 1862 ribus
361 1821 536 1873 justitiae
573 1824 805 1864 successus
841 1823 1032 1866 habebit.

202 1877 355 1928 Ignem
382 1877 610 1921 ardentem
638 1881 876 1932 exstinguit
903 1894 1032 1934 aqua,

204 1938 248 1975 et
271 1933 548 1988 eleemosyna
570 1937 734 1979 resistit
756 1939 966 1991 peccatis:
990 1944 1033 1981 et

204 1990 325 2031 Deus
346 1994 608 2045 prospector
628 1999 695 2036 est
715 1995 823 2060 ejus,
845 1995 919 2060 qui
936 1995 1032 2038 red-

204 2047 268 2090 dit
286 2049 487 2114 gratiam:
514 2051 709 2093 meminit
733 2052 824 2104 ejus
849 2052 893 2093 in
911 2055 1031 2105 post-

205 2116 345 2155 erum,
374 2110 417 2146 et
440 2106 485 2146 in
509 2108 711 2160 tempore
736 2120 864 2150 casus
885 2109 951 2150 sui
970 2109 1031 2150 in-

204 2161 349 2203 veniet
368 2161 699 2206 firmamentum.

258 2219 307 2270 Ιγ.
334 2219 498 2262 Emitte
517 2221 716 2263 Domine.
734 2222 828 2264 252.

444 2333 600 2370 Feria
623 2334 792 2373 Sexta.

347 2392 414 2432 De
442 2390 557 2433 libro
585 2393 894 2437 Ecclesiastici.

282 2456 432 2497 Lectio
455 2457 477 2496 i.
740 2451 749 2463 ’
794 2460 896 2509 (lap.
917 2460 954 2497 4.

206 2517 338 2624 ΙίΙί
375 2517 700 2571 eleemesynam
736 2521 945 2573 pauperis
978 2535 1032 2564 ne

317 2573 567 2624 defraudes,
597 2580 640 2616 et
669 2576 822 2618 eculos
849 2582 950 2619 tuos
979 2591 1033 2620 ne

204 2633 473 2674 transvertas
510 2645 535 2674 a
569 2635 776 2686 paupere.
830 2634 1034 2676 Animam

206 2689 470 2730 esurientem
494 2702 548 2731 ne
576 2689 846 2743 despexeris:
875 2695 919 2733 et
946 2704 1034 2733 non

206 2748 443 2799 exasperes
462 2750 705 2800 pauperem
722 2747 766 2787 in
780 2747 929 2800 inopia
944 2761 1034 2790 sua.

1082 355 1231 396 trahas
1263 354 1414 396 datum
1446 355 1722 405 angustianti.
1771 356 1912 407 Roga-

1081 412 1247 454 tienem
1270 410 1554 453 contribulati
1575 424 1631 453 ne
1650 411 1844 463 abjicias:
1870 418 1914 456 et

1081 481 1170 510 non
1189 470 1363 510 avertas
1382 467 1541 510 faciem
1555 473 1676 510 tuam
1691 468 1746 510 ab
1763 471 1912 521 egeno.

1142 531 1189 580 lev.
1211 525 1281 566 Da
1299 525 1405 566 mihi
1423 525 1624 567 Demine.
1642 526 1737 567 253.

1395 598 1547 639 Lectio
1569 598 1607 638 ii.

1159 660 1188 702 b
1210 663 1343 713 inope
1366 672 1421 702 ne
1445 661 1620 702 avertas
1640 660 1794 703 oculos
1811 665 1914 703 tuos

1185 723 1369 771 propter
1386 717 1511 759 iram:
1530 722 1574 759 et
1589 730 1677 759 non
1692 717 1914 771 relinquas

1084 774 1380 829 quaerentibus
1399 774 1480 816 tibi
1496 779 1615 817 retro
1637 774 1913 820 maledicere:

1082 832 1385 874 maledicentis
1410 832 1526 873 enim
1548 831 1629 874 tibi
1647 833 1692 873 in
1711 833 1914 876 amaritu-

1084 889 1186 932 dine
1205 889 1363 931 animae
1384 887 1642 931 exaudietur
1659 888 1914 943 deprecatio

1082 946 1212 987 illius:
1232 945 1439 988 exaudiet
1457 951 1605 988 autem
1625 958 1740 996 eum,
1761 947 1836 999 qui
1855 947 1912 990 fe—

1083 1003 1142 1045 cit
1155 1003 1288 1044 illum.
1315 1003 1653 1054 Congregationi
1668 1006 1915 1057 pauperum

1084 1059 1305 1103 affabilem
1331 1065 1375 1102 te
1403 1059 1554 1109 facito,
1584 1065 1628 1102 et
1652 1060 1915 1114 presbytero

1083 1117 1262 1159 humilia
1281 1117 1470 1158 animam
1488 1122 1623 1166 tuam,
1645 1122 1689 1159 et
1708 1120 1915 1169 magnato

1083 1174 1263 1216 humilia
1283 1178 1415 1227 caput
1433 1179 1567 1215 tuum.

1141 1234 1191 1286 R.
1213 1231 1392 1273 Initium
1411 1230 1653 1284 sapientiae.
1671 1232 1766 1273 253.

1390 1302 1544 1342 Lectio
1566 1301 1620 1341 iii.

1087 1361 1315 1467 Declina
1333 1367 1519 1421 pauperi
1538 1367 1632 1409 sine
1650 1367 1827 1409 tristitia
1844 1380 1916 1410 au-

1186 1438 1280 1468 rem
1311 1429 1448 1476 tuam,
1482 1429 1526 1467 et
1553 1423 1691 1466 redde
1719 1423 1917 1467 debitum

1083 1490 1224 1534 tuum,
1260 1487 1304 1524 et
1330 1481 1552 1534 respende
1576 1481 1639 1522 illi
1661 1481 1848 1534 pacifica
1872 1482 1916 1524 in

1083 1538 1432 1583 mansuetudine.
1490 1537 1652 1580 Libera
1688 1551 1804 1589 eum,
1841 1539 1917 1591 qui

1083 1597 1282 1651 injuriam
1306 1596 1471 1649 patitur
1491 1595 1546 1637 de
1569 1608 1702 1637 manu
1722 1595 1916 1648 superbi:

1085 1660 1129 1698 et
1158 1667 1248 1696 non
1281 1652 1406 1695 acide
1438 1652 1554 1694 feras
1587 1652 1631 1693 in
1659 1652 1803 1694 anima
1830 1656 1916 1694 tua.

1084 1713 1135 1754 In
1160 1709 1396 1764 judicando
1423 1714 1518 1752 esto
1543 1709 1725 1763 pupillis
1749 1709 1916 1751 miseri-

1085 1782 1186 1812 cors
1218 1773 1267 1810 ut
1300 1772 1442 1820 pater,
1475 1772 1519 1809 et
1550 1779 1635 1820 pro
1663 1767 1760 1808 viro
1787 1767 1917 1810 matri

1084 1826 1275 1868 illorum:
1303 1830 1347 1867 et
1373 1825 1458 1866 eris
1484 1829 1533 1866 tu
1558 1823 1678 1866 velut
1702 1823 1818 1866 filius
1843 1824 1916 1866 Al-

1084 1883 1241 1926 tissimi
1261 1880 1483 1932 obedienS‚
1504 1886 1547 1923 et
1560 1880 1840 1923 miserebitur
1852 1881 1917 1923 tui

1084 1940 1224 1992 magis
1245 1951 1377 1992 quam
1395 1943 1546 1980 mater.

1139 1997 1190 2048 Ra,
1214 1995 1443 2038 Verbum
1431 1996 1641 2074 iniquum.
1658 1994 1754 2035 254.

1359 2108 1387 2146 S
1408 2120 1434 2145 a
1449 2109 1476 2144 b
1493 2108 1520 2144 b
1539 2119 1565 2144 a
1579 2112 1595 2144 t
1613 2118 1650 2145 ο.

1229 2170 1296 2210 De
1323 2167 1437 2209 libro
1465 2165 1778 2208 Ecclesiastici.

1167 2234 1317 2275 Lectio
1338 2234 1361 2273 i.
1632 2231 1735 2283 Cap.
1751 2232 1788 2270 4.
1805 2244 1839 2271 c.

1170 2294 1215 2335 ili
1241 2295 1455 2336 conserva
1479 2298 1670 2346 tempus,
1700 2298 1744 2335 et
1771 2292 1919 2335 devita

1083 2298 1168 2402 fl
1187 2364 1212 2392 a
1231 2350 1360 2392 malo.
1387 2350 1474 2391 Pro
1496 2350 1639 2391 anima
1657 2354 1733 2392 tua
1747 2362 1802 2392 ne
1818 2362 1917 2392 con-

1085 2407 1282 2450 fundaris
1311 2406 1458 2449 dicere
1486 2420 1651 2449 verum.
1691 2407 1772 2448 Est
1801 2407 1916 2448 enim

1086 2465 1285 2506 confusio
1323 2463 1549 2506 adducens
1586 2466 1832 2517 peccatum,
1874 2467 1918 2504 et

1086 2527 1153 2563 est
1183 2521 1383 2563 confusio
1413 2519 1639 2562 adducens
1666 2520 1851 2572 gloriam
1873 2524 1918 2561 et

1086 2579 1282 2629 gratiam.
1335 2578 1404 2619 Ne
1437 2578 1629 2630 accipias
1658 2577 1815 2618 faciem
1843 2575 1916 2618 ad-

1086 2637 1239 2677 versus
1259 2635 1416 2677 faciem
1434 2640 1572 2683 tuam,
1600 2647 1682 2676 nec
1706 2633 1917 2675 adversus

1087 2692 1276 2734 animam
1301 2698 1421 2734 tuam
1444 2689 1734 2733 mendacium.
1765 2690 1834 2731 Ne
1853 2702 1917 2731 re-

1086 2749 1279 2791 verearis
1305 2749 1559 2803 proximum
1586 2753 1712 2789 tuum
1738 2747 1782 2788 in
1811 2759 1917 2788 casu
