2040 2976
722 197 833 231 Feria
860 198 993 240 quinta
1019 198 1068 231 ad
1092 198 1298 240 Vesperas.

200 290 242 330 A
275 289 479 331 cust6dia
509 292 725 330 matutina
753 302 894 341 usque
922 289 979 330 ad

149 350 342 387 noctem:
356 346 379 371 *
395 350 543 398 speret
562 345 700 386 Israel
716 346 761 385 in
776 346 978 386 Demino.

201 402 314 452 Quia
335 401 453 453 apud
475 401 712 442 Dominum
734 402 978 443 misericor-

149 457 237 499 dia:
265 458 288 483 *
319 462 363 499 et
390 457 572 510 copiesa
603 457 722 509 apud
755 470 855 498 eum
883 457 978 498 red-

148 514 324 566 emptio.

199 570 257 610 Et
285 570 382 622 ipse
409 569 598 611 redimet
625 570 778 619 Israel,
804 570 827 595 *
852 582 906 610 ex
935 571 978 610 ό-

146 625 323 666 mnibus
342 625 648 677 iniquitatibus
672 627 773 678 ejus.
908 677 911 678 ⁷

201 693 302 733 Ant.
322 691 390 732 De
408 690 640 743 profundis
658 691 844 731 clamavi
862 690 919 731 ad
934 695 978 731 te

146 747 350 788 Domine.

200 813 301 853 Ant.
329 813 496 864 Speret.

406 881 605 935 Psalmus
626 882 717 921 130.

234 939 380 981 emine
410 953 499 982 non
531 945 598 982 est
632 940 873 982 exaltatum
901 953 978 981 cor

242 1009 404 1037 meum:
419 997 443 1022 *
458 1010 601 1049 neque
621 997 724 1038 elati
745 1002 846 1037 sunt
862 996 979 1037 oculi

146 1064 244 1093 mel.

197 1108 355 1160 Neque
371 1108 593 1150 ambulavi
609 1109 653 1150 in
667 1110 854 1161 magnis:
869 1110 892 1135 *
907 1122 978 1150 ne-

150 1176 235 1216 que
254 1164 298 1204 in
317 1164 592 1206 mirabilibus
613 1178 746 1218 super
767 1179 849 1207 me.

200 1220 246 1262 Si
277 1233 366 1261 non
403 1220 625 1262 humiliter
662 1222 923 1263 sentiebam:
955 1221 978 1246 *

148 1275 229 1317 sed
249 1276 440 1318 exaltavi
458 1277 646 1318 animam
665 1291 824 1319 meam:

201 1332 323 1374 Sicut
344 1332 590 1381 ablactatus
606 1338 822 1386 estsuper
839 1338 979 1374 matre

150 1401 239 1438 sua,
258 1389 281 1414 *
301 1388 363 1429 ita
381 1388 615 1430 retributio
639 1390 684 1430 in
708 1390 851 1430 anima
871 1402 979 1431 mea.

1799 196 1864 232 115

1086 289 1272 341 Expelle
1291 295 1467 332 noctem
1489 292 1706 333 cordium:

1135 345 1355 397 Absterge
1376 347 1530 388 sordes
1550 349 1777 389 mentium:

1135 401 1328 442 Reselve
1349 402 1490 454 culpae
1510 404 1745 445 vinculum:

1134 457 1298 498 Everte
1318 458 1458 499 moles
1481 460 1717 500 criminum.

1084 527 1263 575 Praesta,
1282 526 1414 567 Pater
1435 527 1640 579 piissime,

1134 582 1342 633 Patrique
1365 595 1546 634 compar
1565 584 1712 633 Unice,

1135 638 1244 678 Cum
1263 639 1426 690 Spiritu
1445 639 1662 681 Paraclito

1135 694 1342 745 Regnans
1362 708 1442 747 per
1462 707 1590 736 omne
1610 697 1828 737 saeculum.

1343 751 1496 792 Amen.

1088 807 1138 858 V.
1152 811 1379 861 Dirigatur
1394 812 1581 852 Domine
1598 813 1738 853 oratio
1753 826 1860 854 mea.

1035 869 1084 920 Rg.
1095 867 1216 908 Sicut
1231 867 1456 908 incensum
1467 868 1511 907 in
1523 871 1763 920 conspectu
1773 874 1860 910 tuo.

1088 930 1159 970 Ad
1180 931 1352 979 Magnis.
1382 931 1482 970 Ant.
1511 929 1757 980 Respexit*
1774 930 1860 970 De-

1031 983 1175 1023 minus
1194 982 1484 1025 humilitatem
1504 997 1663 1034 meam,
1693 990 1736 1026 et
1760 985 1862 1026 fecit

1031 1039 1074 1078 in
1093 1051 1164 1079 me
1182 1052 1351 1090 magna,
1373 1041 1446 1091 qui
1465 1045 1624 1092 potens
1644 1046 1721 1082 est.

1087 1101 1242 1137 Preces.
1276 1102 1309 1135 si
1335 1101 1510 1135 diccndae
1544 1101 1637 1135 sint.
1674 1101 1863 1133 habentur

1035 1160 1153 1192 supra
1177 1149 1217 1182 in
1241 1150 1357 1192 Vesp.
1383 1149 1465 1182 Fer.
1493 1148 1536 1181 II.
1560 1149 1639 1183 110.

1240 1225 1266 1227 c.
1292 1225 1378 1226 γη
1395 1212 1518 1239 φφ

1091 1279 1242 1320 Feria
1261 1280 1440 1329 quinta
1459 1281 1524 1321 ad.
1544 1281 1809 1331 vesperas.

1086 1350 1184 1389 Ant.
1213 1350 1272 1390 Et
1292 1350 1443 1390 omnis.

1301 1413 1499 1453 Psalmus
1520 1415 1598 1453 131.

202 1445 360 1497 Speret
391 1445 530 1486 Israel
561 1446 605 1485 in
632 1446 844 1495 D6mino,
872 1446 895 1471 *
926 1458 980 1487 ex

150 1499 236 1541 hoc
254 1513 370 1541 nunc
391 1505 435 1541 et
453 1514 595 1553 usque
615 1502 660 1542 in
680 1502 901 1543 saeculum.

200 1567 302 1608 Ant.
334 1567 490 1618 Speret
508 1566 645 1607 Israel
664 1566 708 1606 in
724 1567 928 1607 Domino.

200 1636 461 1688 Capitulum.
706 1637 760 1676 II.
782 1636 877 1677 Cor.
898 1638 927 1676 1.

234 1695 461 1737 enedictus
489 1697 626 1747 Deus,
662 1701 705 1738 et
731 1698 864 1738 Pater
891 1697 979 1737 Do-

249 1751 356 1792 mini
373 1753 513 1793 nostri
530 1753 555 1793 J
557 1766 635 1794 esu
653 1753 829 1802 Christi,
848 1753 979 1793 Pater

149 1805 572 1858 misericordiarum,
611 1814 654 1850 et
686 1810 808 1850 Deus
840 1811 979 1849 totius

150 1863 484 1912 consolationis,
513 1865 587 1916 qui
616 1865 870 1906 consolatur
898 1877 979 1905 nos

149 1917 195 1957 in
215 1919 334 1960 omni
351 1919 636 1963 tribulat-iene
656 1926 818 1962 nostra.

460 1992 671 2043 Hymnus.

275 2048 350 2089 oeli
369 2049 490 2090 Deus
512 2051 798 2100 sanctissime,

292 2104 377 2154 Qui
396 2105 564 2147 hicidas
582 2106 736 2147 mundi
755 2106 909 2158 plagas

255 2160 457 2202 Candere
475 2162 618 2213 pingis
637 2165 777 2214 igneo,

254 2215 436 2266 Augens
456 2216 620 2258 decoro
639 2218 818 2259 lumine:

204 2291 372 2339 Quarto
392 2289 462 2331 die
484 2291 558 2342 qui
580 2291 827 2332 flammeam

254 2345 372 2386 Dum
392 2345 498 2386 solis
518 2347 723 2388 accendis
744 2351 897 2395 rotam,

254 2401 391 2441 Lunae
413 2402 635 2443 ministras
657 2402 867 2451 o'rdinem,

254 2457 494 2508 Vagosque
514 2470 668 2499 cursus
689 2458 896 2499 siderum:

204 2530 264 2571 Ut
281 2530 497 2578 nectibuS,
516 2530 587 2571 vel
606 2530 758 2571 lamini

254 2586 573 2638 Diremptionis
593 2587 838 2636 terminum,

253 2641 512 2682 Primordiis
533 2646 576 2682 et
595 2642 810 2682 mensium

254 2697 435 2748 Signum
455 2697 583 2738 dares
603 2697 894 2748 notissimum;

1036 1483 1044 1515 1·
1179 1471 1369 1511 emento
1389 1470 1577 1511 Demine
1597 1469 1756 1518 David,
1776 1470 1799 1493 *
1820 1473 1863 1509 et

1040 1517 1156 1543 Μ
1212 1526 1352 1566 omnis
1384 1525 1730 1567 mansuetudinis
1759 1525 1863 1576 ejus:

1056 1591 1068 1599 “
1085 1582 1087 1584 ’
1131 1578 1156 1596 ’”
1178 1580 1188 1604 ’”
1245 1582 1366 1623 Sicut
1403 1582 1558 1633 juravit
1592 1582 1799 1630 Domino,
1840 1581 1862 1605 *

1033 1643 1184 1679 votum
1203 1638 1326 1679 vovit
1345 1639 1442 1679 Deo
1462 1638 1617 1679 Jacob:

1085 1695 1129 1735 Si
1150 1695 1359 1735 introiero
1379 1695 1422 1734 in
1441 1694 1771 1735 tabernaculum
1790 1693 1863 1734 do-

1032 1764 1130 1791 mus
1151 1763 1273 1798 meae,
1290 1751 1312 1775 *
1329 1751 1365 1790 si
1383 1750 1624 1791 ascendero
1644 1751 1688 1790 in
1703 1750 1864 1790 lectum

1034 1807 1160 1847 strati
1177 1806 1282 1847 mei:

1085 1862 1130 1903 Si
1156 1862 1323 1904 dedero
1350 1875 1551 1903 somnum
1581 1861 1720 1902 oculis
1744 1861 1863 1910 meis,

1033 1919 1056 1943 *
1074 1923 1118 1959 et
1131 1918 1355 1971 palpebris
1369 1918 1478 1959 meis
1495 1917 1863 1958 dormitati6nem:

1085 1975 1141 2015 Et
1185 1975 1382 2026 requiem
1423 1973 1696 2025 temperibus
1739 1973 1863 2014 meis:

1034 2029 1175 2071 donec
1201 2030 1419 2071 inveniam
1442 2030 1588 2071 locum
1613 2029 1815 2077 Demino,
1839 2029 1862 2054 *

1032 2085 1364 2127 tabernaculum
1382 2086 1479 2126 Deo
1500 2085 1650 2126 Jacob.

1085 2142 1201 2182 Ecce
1221 2141 1466 2182 audivimus
1484 2154 1580 2182 eam
1595 2142 1638 2181 in
1653 2140 1862 2193 Ephrata:

1033 2197 1057 2223 *
1076 2198 1321 2238 invenimus
1341 2210 1437 2238 eam
1456 2198 1499 2237 in
1518 2197 1685 2249 campis
1705 2196 1837 2237 silvae.

1086 2253 1370 2294 Introibimus
1430 2253 1473 2293 in
1533 2252 1862 2294 tabernaculum

1035 2310 1140 2360 ejus:
1174 2310 1197 2334 *
1233 2308 1515 2350 adorabimus
1554 2309 1597 2348 in
1632 2308 1748 2357 loco,
1789 2307 1863 2348 ubi

1034 2366 1248 2405 steterunt
1267 2365 1405 2416 pedes
1425 2365 1526 2415 ejus.

1086 2421 1224 2470 Surge
1243 2421 1432 2461 Demine
1452 2421 1495 2460 in
1517 2420 1713 2471 requiem
1732 2423 1861 2466 tuam,

1034 2477 1057 2501 *
1074 2481 1122 2517 tu
1142 2481 1185 2517 et
1204 2489 1306 2517 arca
1323 2476 1679 2517 sanctificatienis
1699 2479 1796 2515 tuae.

1085 2531 1348 2573 Sacerd6tes
1384 2532 1447 2572 tui
1483 2531 1716 2572 induantur
1746 2530 1860 2580 justi-

1033 2588 1154 2628 tiam:
1175 2588 1198 2613 *
1219 2592 1263 2628 et
1280 2588 1419 2628 sancti
1439 2587 1501 2627 tui
1521 2586 1749 2627 exsultent.

1086 2644 1274 2695 Propter
1303 2642 1447 2683 David
1477 2654 1652 2683 servum
1674 2646 1811 2688 tuum,
1837 2639 1859 2663 *

1033 2711 1121 2739 non
1141 2700 1314 2739 avertas
1333 2699 1490 2738 faciem
1505 2696 1665 2737 Christi
1684 2695 1756 2735 tui.
