2040 2976
183 194 251 228 274

673 194 876 229 Dominica
902 195 1008 230 XIII.
1032 202 1122 239 post
1145 196 1411 231 Pentecosten.

187 289 389 330 monibus
409 289 606 341 sumpsit,
627 290 701 331 ubi
720 291 794 331 ait:
815 290 1016 333 Gaudete
1068 305 1167 333 cum
1186 291 1488 342 ingrederetur
1503 292 1729 344 quoddam
1744 294 1897 336 castel-

186 351 331 386 autem
352 343 473 396 quod
492 346 667 387 nomina
686 352 835 388 vestra
855 348 1017 400 scripta
1067 348 1172 397 lum,
1198 350 1486 390 occurrerunt
1510 349 1549 390 ei
1569 348 1722 391 decem
1741 350 1823 391 viri
1841 350 1898 392 le-

186 401 347 441 suntin
369 401 504 442 coelis.
542 401 629 443 Sed
656 403 752 455 ipsa
779 416 857 444 sua
881 409 1016 445 tenta·
1068 405 1201 456 prosi.
1230 404 1286 445 Et
1305 404 1484 456 reliqua.

185 457 305 498 tione
331 457 545 506 declarat,
576 471 708 510 quam
734 471 838 500 vera
863 459 919 501 sit
945 460 1018 501 illa

185 513 361 553 Domini
382 514 613 563 confessio,
637 527 723 566 qua
742 515 862 557 Patri
879 516 1017 568 loqui·

184 574 271 610 tur:
305 569 435 619 Quod
467 569 740 612 abscondisti
772 571 868 613 haec
899 585 924 613 a
953 585 1017 613 sa·

184 625 406 677 pientibus
432 631 476 667 et
494 625 804 678 prudentibus,
834 633 878 669 et
897 641 1017 669 reve·

184 680 285 722 lasti
306 694 358 722 ea
376 682 582 734 parvulis.

236 739 304 778 Te
323 738 466 779 Deum
484 737 725 779 laudamus.
743 739 801 779 13.

236 799 307 840 Ad
323 800 486 841 Bened.
507 801 607 841 Ant.
627 799 847 850 Magister,
867 800 890 825 *
911 800 1017 851 quid

184 853 386 895 faciendo
413 854 549 896 vitam
583 857 791 896 aeternam
819 855 1016 909 posside·

183 908 265 951 bo?
303 915 348 951 at
376 910 448 951 ille
477 910 589 952 dixit
616 910 674 952 ad
698 924 813 952 eum:
845 913 895 952 In
919 912 1016 963 lege

186 965 292 1017 quid
325 967 538 1019 scriptum
572 965 661 1008 est?
700 968 926 1019 quomodo
959 969 1016 1010 le-

182 1021 270 1072 gis?
289 1022 457 1073 Diliges
477 1023 715 1064 Dominum
730 1024 874 1065 Deum
892 1029 1017 1066 tuum

185 1090 240 1119 ex
259 1083 357 1120 toto
378 1078 514 1119 corde
534 1083 623 1128 tuo,
644 1078 827 1130 alleluja.

235 1127 286 1179 V.
319 1134 534 1175 Dominus
563 1134 778 1185 regnavit,
808 1135 1016 1177 decorem

184 1188 334 1230 induit.
381 1191 431 1241 Ru
471 1189 620 1231 Induit
648 1190 864 1232 Dominus
897 1191 1014 1233 forti-

182 1244 395 1295 tudinem,
421 1250 464 1287 et
482 1246 718 1298 praecinxit·
732 1259 779 1287 se
798 1247 971 1289 virtute.

234 1303 307 1344 Ad
330 1305 502 1356 Magnis.
531 1306 630 1347 Ant.
660 1306 810 1348 Homo
836 1307 1016 1359 quidam

182 1362 205 1386 *
227 1360 524 1403 descendebat
544 1361 599 1403 ab
619 1362 866 1404 Jerusalem
884 1364 928 1404 in
947 1365 972 1405 J
975 1366 1014 1406 e-

181 1417 321 1466 richo,
354 1423 397 1459 et
429 1417 582 1459 incidit
614 1419 658 1458 in
690 1418 902 1470 latrones;
941 1421 1015 1472 qui

182 1474 313 1514 etiam
333 1474 691 1527 despoliaverunt
711 1488 825 1526 eum,
855 1481 899 1518 et
924 1477 1014 1530 pla-

181 1530 248 1579 gis
286 1530 505 1582 impositis
541 1531 760 1581 abierunt,
799 1534 1013 1575 semivivo

182 1586 349 1627 relicto.

233 1646 283 1697 V,
303 1647 528 1697 Dirigatur
543 1648 732 1690 Domine
747 1649 889 1691 oratio
903 1663 1013 1691 mea.

180 1709 230 1759 R.
268 1702 389 1744 Sicut
426 1704 652 1746 incensum
689 1706 732 1746 in
770 1708 1011 1758 conspectu

182 1763 270 1799 tuo.

499 1829 728 1856 *Qj

377 1898 653 1948 Dominica
674 1900 817 1949 XIII.

288 1978 431 2021 post
471 1973 905 2016 Pentecosten.

512 2042 675 2084 Oratio.

180 2102 517 2208 Omnipotens
564 2111 827 2163 sempiterne
873 2113 1010 2164 Deus,

277 2163 334 2205 da
360 2165 488 2206 nobis
516 2165 639 2216 fidei,
677 2168 788 2219 spei,
827 2174 871 2210 et
906 2170 1011 2211 cari-

180 2220 283 2261 tatis
307 2223 601 2272 augmentum:
630 2228 673 2264 et
698 2229 747 2265 ut
764 2228 1010 2267 mereamur

181 2276 357 2327 assequi
391 2277 509 2329 quod
543 2280 781 2330 promittis,
822 2281 890 2322 fac
929 2295 1010 2323 nos

180 2333 328 2373 amare
349 2332 469 2384 quod
488 2334 706 2387 praecipis.
734 2336 818 2377 Per
836 2337 963 2378 Dfim.

177 2404 334 2447 Lectio
359 2407 498 2448 sancti
517 2408 744 2460 Evangelii
769 2412 1010 2453 secundum

506 2463 683 2505 Lucam.

255 2526 408 2568 Lectio
429 2527 498 2567 vii.
703 2529 807 2581 Cap.
822 2531 878 2570 17.
894 2543 928 2572 c.

126 2574 129 2576 ’
177 2581 254 2687 In
280 2586 356 2629 illo
384 2588 601 2639 tempore:
629 2589 746 2630 Dum
774 2590 856 2632 iret
881 2591 1009 2632 Jesus

244 2642 287 2683 in
307 2643 567 2693 Jerusalem,
591 2645 808 2687 transibat
827 2659 906 2698 per
923 2650 1009 2689 me-

179 2698 296 2740 diam
322 2699 579 2750 Samariam,
607 2706 651 2743 et
677 2701 917 2744 Galilaeam.
955 2704 1010 2746 Et

1172 477 1363 518 Homilia
1391 477 1532 519 sancti
1560 478 1794 529 Augustini

1372 533 1597 586 Episcopi.

1158 599 1239 633 Lib.
1262 600 1291 634 2.
1318 604 1453 643 quaest.
1476 600 1623 644 Evang.
1649 611 1731 645 cap.
1753 602 1813 636 40.

1081 674 1166 714 ,Γῇ
1202 671 1225 699 e
1255 658 1409 700 decem
1436 658 1643 712 leprosis,
1672 671 1784 712 quos
1811 660 1899 701 Do-

1080 710 1170 769 '¹2³1’
1219 715 1362 755 minus
1407 715 1467 756 ita
1511 714 1755 765 mundavit,
1800 729 1901 757 cum

1127 768 1131 770 ’
1170 777 1186 791 ’“
1218 771 1295 812 ait:
1314 771 1399 820 Ite,
1421 770 1640 813 ostendite
1659 784 1740 812 vos
1759 784 1899 814 sacer-

1069 825 1264 876 dotibus;
1290 827 1427 879 quaeri
1452 833 1618 880 potest,
1645 840 1723 869 cur
1746 840 1824 870 eos
1843 827 1901 870 ad

1070 882 1325 924 sacerdotes
1354 883 1538 933 miserit,
1571 888 1620 925 ut
1648 896 1749 925 cum
1776 884 1900 935 irent,

1068 938 1394 980 mundarentur.
1414 939 1595 980 Nullum
1610 940 1724 981 enim
1738 942 1900 990 eorum,

1069 994 1228 1045 quibus
1266 995 1363 1036 haec
1400 996 1650 1048 corporalia
1685 995 1901 1038 beneficia

1068 1051 1292 1102 praestitit,
1319 1051 1538 1093 invenitur
1562 1052 1735 1093 misisse
1754 1052 1812 1094 ad
1835 1065 1901 1093 sa-

1068 1105 1290 1156 cerdotes,
1322 1107 1406 1148 nisi
1439 1107 1654 1160 leprosos.
1708 1108 1824 1149 Nam
1858 1113 1903 1150 et

1066 1161 1190 1202 illum
1215 1175 1240 1203 a
1264 1162 1390 1215 lepra
1407 1163 1715 1214 mundaverat,
1744 1164 1815 1206 cui
1840 1163 1900 1206 di-

1067 1218 1147 1260 xit:
1166 1217 1306 1269 Vade,
1324 1219 1508 1261 ostende
1523 1224 1567 1261 te
1582 1219 1901 1270 sacerdotibus,
1974 1247 1979 1255 ι

1068 1278 1112 1315 et
1141 1274 1251 1316 offer
1277 1286 1361 1327 pro
1388 1279 1433 1316 te
1461 1275 1742 1326 sacrificium,
1780 1276 1902 1328 quod

1069 1330 1284 1382 praecepit
1307 1330 1503 1383 Moyses,
1529 1331 1574 1372 in
1601 1332 1902 1374 testimonium

1068 1385 1163 1427 illis.
1201 1386 1498 1437 Quaerendum
1524 1387 1656 1439 igitur
1684 1393 1767 1439 est,
1795 1387 1902 1441 quid

1066 1441 1163 1494 ipsa
1181 1442 1305 1495 lepra
1324 1443 1557 1494 significet:
1582 1456 1672 1485 non
1695 1444 1811 1486 enim
1835 1458 1899 1486 sa-

1067 1498 1173 1548 nati,
1194 1498 1274 1540 sed
1293 1500 1492 1541 mundati
1511 1499 1730 1551 dicuntur,
1755 1501 1830 1553 qui
1849 1514 1901 1543 ea

1068 1557 1311 1596 caruerunt.
1351 1556 1524 1598 Coloris
1555 1557 1719 1609 quippe
1747 1558 1900 1599 vitium

1067 1615 1148 1660 est,
1172 1623 1261 1652 non
1280 1611 1559 1662 valetudinis,
1585 1618 1660 1654 aut
1678 1613 1899 1664 integrita-

1065 1666 1123 1708 tis
1143 1663 1350 1709 sen'suum
1369 1674 1502 1721 atque
1520 1668 1831 1711 membrorum.

1355 1750 1509 1792 Lectio
1529 1751 1612 1791 viii.

1065 1809 1281 1914 Leprosi
1312 1822 1418 1861 ergo
1444 1823 1534 1852 non
1559 1811 1751 1854 absurde
1775 1812 1898 1854 intel-

1160 1866 1235 1916 ligi
1254 1871 1457 1919 possunt,
1483 1867 1558 1919 qui
1582 1867 1810 1910 scientiam
1827 1881 1898 1910 ve—

1066 1935 1128 1963 rae
1154 1921 1259 1964 fidei
1282 1935 1371 1964 non
1396 1923 1628 1974 habentes,
1655 1924 1800 1966 varias
1821 1924 1897 1966 do-

1066 1980 1228 2020 ctrinas
1263 1979 1528 2031 profitentur
1564 1980 1735 2021 erroris.
1794 1980 1897 2022 Non

1065 2034 1180 2076 enim
1194 2034 1473 2077 abscondunt
1484 2035 1748 2088 imperitiam
1759 2049 1898 2078 suam:

1065 2090 1145 2132 sed
1172 2103 1254 2143 pro
1283 2104 1453 2132 summa
1481 2092 1641 2145 peritia
1669 2093 1899 2144 proferunt

1064 2147 1108 2187 in
1128 2146 1282 2197 lucem,
1305 2152 1349 2190 et
1368 2148 1576 2199 jactantia
1595 2149 1810 2190 sermonis
1829 2162 1896 2191 os-

1064 2205 1246 2245 tentant.
1273 2203 1406 2245 Nulla
1423 2216 1558 2256 porro
1574 2204 1684 2245 falsa
1699 2204 1898 2247 doctrina

1065 2263 1148 2309 est,
1178 2272 1277 2311 quae
1302 2272 1390 2301 non
1414 2259 1560 2312 aliqua
1579 2273 1683 2302 vera
1706 2261 1896 2303 intermi-

1064 2320 1196 2357 sceat.
1232 2315 1351 2357 Vera
1375 2328 1481 2366 ergo
1506 2316 1626 2357 falsis
1648 2316 1897 2360 inordinAte

1063 2373 1298 2422 permixta,
1325 2371 1370 2412 in
1396 2384 1483 2413 una
1507 2371 1807 2424 disputatione
1825 2373 1896 2415 vel

1063 2427 1313 2469 narratione
1349 2427 1555 2478 hominis,
1591 2433 1817 2480 tamquam
1852 2428 1895 2470 in

1064 2484 1192 2523 unius
1221 2483 1421 2535 corporis
1450 2483 1600 2525 colore
1625 2485 1895 2537 apparentia,

1065 2538 1311 2589 significant
1328 2540 1513 2592 lepram,
1537 2546 1763 2592 tamquam
1781 2541 1894 2582 veris

1063 2594 1275 2648 falsisque
1317 2596 1517 2638 colorum
1557 2597 1668 2638 fucis
1704 2596 1894 2638 humana

1064 2653 1254 2703 corpora
1290 2652 1534 2694 variantem
1576 2657 1709 2704 atque
1749 2665 1893 2694 macu-

1063 2705 1238 2748 lantem.
