2040 2976
417 236 593 270 Officium
617 236 790 270 votivum
815 235 861 270 de
886 235 1134 270 Immaculata
1160 236 1341 280 Concept.
1368 238 1407 271 B.
1434 238 1479 271 M.
1504 238 1547 271 V.

181 328 232 380 V.
263 333 366 385 Ipse
398 332 649 375 vulneratus
678 337 745 374 est
770 336 954 385 propter

129 388 380 440 iniquitates
403 394 587 430 nostras.
628 390 677 440 RI-
700 388 757 430 Et
782 390 953 430 attritus

130 450 198 487 est
214 450 399 498 propter
420 445 587 487 scelera
604 450 765 487 nostra.

329 522 390 563 In
416 522 477 563 11.
506 521 753 571 vesperis.

183 587 317 622 Omnia
343 592 382 621 ut
407 588 444 620 in
470 587 495 620 I.
516 586 621 631 [218],
650 591 789 629 practer
813 597 917 629 sequ.

184 643 233 695 W.
262 648 364 700 Ipse
396 647 646 689 vulneratus
676 652 742 689 est
770 651 955 700 propter

129 704 379 756 iniquitates
404 708 588 745 nostras.
622 705 673 756 R.
700 704 757 746 Et
782 705 954 746 attritus

130 764 197 802 est
215 765 398 814 propter
418 759 583 802 scelera
602 764 762 802 nostra.

181 830 254 871 Ad
281 831 451 879 Magnis.
484 831 580 870 Ant.
619 830 856 882 Deponens
883 829 954 870 Jo-

129 884 239 938 seph
274 886 298 912 *
332 898 493 938 corpus
521 885 546 926 J
549 898 625 926 esu
657 885 840 927 involvit
872 887 952 926 sin-

130 938 256 991 done,
276 947 319 984 et
332 941 480 994 posuit
496 954 596 983 eum
613 941 656 982 in
671 943 952 983 monumento

130 1000 289 1040 exciso.
342 998 441 1039 Fuit
469 997 670 1051 planctus
701 1011 883 1049 magnus
910 999 954 1039 in

128 1053 202 1095 illa
229 1053 316 1106 die3
345 1053 548 1095 mulieres
576 1059 722 1096 autem
750 1053 953 1096 sedentes

130 1115 282 1152 contra
302 1109 582 1163 sepulchrum
600 1109 818 1163 dolebant,
843 1111 954 1152 sicut

130 1165 269 1208 doleri
287 1166 400 1208 solet
417 1167 461 1207 in
479 1171 620 1208 morte
639 1167 927 1219 primogeniti.

319 1281 355 1322 P
369 1294 390 1321 r
405 1294 432 1322 o
477 1281 506 1323 S
521 1293 546 1322 a
559 1279 589 1322 b
603 1280 632 1322 b
647 1293 673 1322 a
686 1286 704 1322 t
720 1293 758 1322 o.

168 1392 171 1397 ,
251 1393 253 1395 μ
356 1350 531 1384 Officium
548 1349 721 1383 votivum

129 1404 190 1445 de
213 1405 470 1447 Immacul.
491 1404 718 1455 concept.
741 1406 792 1446 B.
814 1406 876 1447 M.
896 1406 952 1447 V.

412 1470 669 1513 Semiduplcx.

342 1541 403 1584 In
426 1543 462 1584 1.
486 1543 737 1594 vesperis.

180 1610 278 1651 Ant.
314 1610 422 1651 Tota
440 1609 622 1662 pulchra
641 1622 699 1651 es.

384 1678 582 1718 Psalmus
602 1679 695 1717 109.

355 1740 568 1781 Dominus
587 1740 776 1782 Domino
795 1754 911 1783 meo·
930 1742 953 1768 *

167 1795 208 1851 εξζ
250 1795 253 1834 λ
286 1795 398 1838 Sede
419 1809 444 1837 a
463 1796 630 1838 dextris
649 1798 772 1839 meis:

337 1853 492 1895 Donec
542 1866 705 1906 ponam
755 1854 953 1896 inimicos

127 1876 238 1958 tuos,
257 1911 281 1936 *
301 1909 540 1951 scabellum
558 1909 723 1963 pedum
740 1913 927 1952 tuorum.

179 1941 362 2017 Virgam
379 1966 552 2008 virtutis
572 1972 660 2010 tuae
680 1970 849 2010 emittet
867 1969 953 2011 Do-

129 2021 271 2063 minus
291 2035 346 2064 ex
370 2022 490 2064 Sion:
507 2024 531 2049 *
551 2023 811 2066 dominare
800 2038 843 2065 1n
866 2027 951 2067 me-

131 2077 205 2120 dio
223 2078 495 2120 inimicorum
513 2082 699 2122 tuorum.

181 2135 347 2177 Tecum
361 2135 623 2188 principium
637 2137 681 2177 in
696 2136 766 2179 die
781 2138 953 2180 virtutis

129 2195 217 2232 tuae
242 2192 287 2232 in
308 2192 615 2245 splendoribus
639 2196 904 2236 sanctorum:
930 2196 953 2222 *

132 2260 186 2289 ex
203 2250 330 2290 utero
350 2254 450 2290 ante
468 2248 694 2291 luciferum
712 2251 841 2301 genui
858 2256 913 2293 te.

182 2305 207 2345 J
207 2305 350 2347 uravit
364 2305 588 2356 Dominus,
605 2311 648 2348 et
667 2319 754 2348 non
772 2308 954 2360 poenite-

130 2360 195 2403 bit
214 2374 328 2403 eum:
348 2363 372 2388 *
389 2362 457 2404 Tu
477 2374 523 2404 es
543 2362 750 2405 sacerdos
768 2364 812 2405 in
833 2367 954 2407 aeter-

131 2430 235 2458 num
262 2417 501 2461 secundum
546 2419 744 2462 ordinem
778 2421 953 2463 Melchi-

133 2473 306 2516 sedech.

183 2530 398 2573 Dominus
417 2545 442 2573 a
461 2532 625 2574 dextris
639 2533 736 2584 tuis,
751 2533 774 2559 *
790 2533 954 2575 confre-

132 2585 195 2636 git
212 2586 256 2627 in
274 2586 345 2629 die
363 2588 440 2629 irae
459 2601 551 2630 suae
569 2601 706 2640 reges.

1738 235 1830 280 [231]

1055 330 1125 372 De
1149 333 1343 373 torrente
1366 331 1410 371 in
1435 331 1506 373 via
1528 331 1664 373 bibet:
1689 332 1713 358 *
1732 344 1830 384 pro-

1005 388 1157 439 pterea
1177 386 1387 429 exaltabit
1405 393 1547 440 caput.
1769 428 1771 431 .

1063 451 1159 489 Ant.
1192 450 1303 489 Tota
1328 448 1512 501 pulchra
1538 461 1584 489 es
1610 449 1762 499 Maria,
1787 454 1832 491 et

1005 504 1175 545 macula
1195 505 1418 555 originalis
1437 517 1525 546 non
1545 510 1612 546 est
1630 505 1673 545 in
1691 510 1746 547 te.

1064 567 1161 606 Ant.
1190 565 1505 607 Vestimentum
1523 570 1656 607 tuum.

1276 638 1472 678 Psalmus
1495 640 1569 677 112.

1072 695 1230 737 audate
1262 695 1388 748 pueri
1416 695 1665 737 Dominum:
1691 697 1714 722 *
1742 696 1829 738 lau-

1117 751 1218 793 date
1237 764 1395 792 nomen
1411 752 1598 793 Domini.

1056 808 1121 849 Sit
1138 820 1296 849 nomen
1313 807 1491 848 Domini
1505 807 1793 858 benedictum,
1806 810 1830 835 *

1006 877 1059 905 ex
1078 864 1164 906 hoe
1183 877 1307 914 nune,
1328 869 1371 905 et
1390 876 1530 916 usque
1549 864 1592 904 in
1612 865 1830 906 saeculum.

1058 920 1098 961 A
1113 920 1218 962 solis
1235 925 1334 962 ortu
1350 932 1490 972 usque
1505 919 1562 961 ad
1577 923 1792 971 oceasum,
1806 923 1831 949 *

1004 976 1223 1026 laudabile
1244 989 1403 1017 nomen
1421 976 1608 1017 Domini.

1057 1032 1270 1073 Excelsus
1307 1045 1439 1084 super
1477 1044 1628 1073 omnes
1666 1033 1831 1074 Gentes

1005 1089 1230 1139 Dominus,
1253 1089 1277 1114 *
1305 1093 1349 1130 et
1374 1101 1506 1141 super
1531 1089 1668 1130 coelos
1693 1089 1832 1140 gloria

1006 1158 1107 1198 ejus.

1058 1201 1164 1252 Quis
1180 1201 1291 1243 sicut
1306 1201 1521 1242 Dominus
1536 1201 1656 1242 Deus
1672 1206 1832 1252 noster,

1006 1258 1079 1309 qui
1097 1258 1141 1298 in
1161 1257 1259 1299 altis
1278 1257 1457 1307 habitat,
1471 1258 1494 1282 *
1511 1262 1554 1298 et
1572 1257 1749 1298 humilia
1768 1259 1831 1299 re—

1005 1314 1134 1366 spicit
1154 1314 1197 1354 in
1217 1313 1331 1355 coelo
1352 1319 1395 1355 et
1414 1314 1458 1354 in
1476 1312 1615 1355 terra?

1056 1370 1280 1412 Suscitans
1313 1383 1338 1411 a
1368 1375 1486 1411 terra
1518 1372 1709 1422 inopem,
1736 1371 1760 1396 *
1788 1374 1831 1412 et

1006 1426 1060 1468 de
1081 1429 1275 1468 stercore
1295 1427 1464 1477 erigens
1483 1429 1740 1479 pauperem:

1055 1483 1115 1525 Ut
1148 1483 1336 1525 collocet
1370 1495 1468 1524 eum
1500 1495 1598 1524 cum
1629 1483 1830 1535 principi-

927 1546 931 1549 ’
1004 1538 1097 1590 bus,
1121 1541 1145 1566 *
1169 1552 1268 1581 cum
1288 1538 1558 1592 principibus
1580 1538 1734 1591 populi
1754 1539 1831 1593 sui.

1057 1596 1141 1646 Qui
1154 1595 1354 1638 habitare
1370 1596 1471 1637 facit
1488 1595 1679 1637 sterilem
1695 1596 1739 1636 in
1757 1595 1830 1637 do-

1004 1665 1089 1703 mo,
1108 1653 1132 1679 *
1151 1658 1336 1695 matrem
1354 1652 1543 1694 filiorum
1562 1652 1795 1693 laetantem.

1061 1717 1160 1755 Ant.
1189 1714 1509 1756 Vestimentum
1536 1718 1658 1754 tuum
1686 1713 1831 1754 eandi-

1006 1771 1110 1813 dum
1135 1771 1260 1823 quasi
1284 1771 1369 1820 nix,
1395 1775 1438 1812 et
1463 1770 1597 1812 facies
1623 1774 1697 1811 tua
1720 1771 1832 1811 sieut
1887 1823 1890 1825 Β

1006 1828 1083 1870 sol.

1059 1891 1157 1931 Ant.
1186 1892 1253 1931 Tu
1272 1887 1411 1939 gloria
1428 1887 1680 1929 Jerusalem.

1276 1958 1470 1997 l'salmus
1492 1958 1567 1996 121.

1071 2026 1227 2065 aetatus
1259 2036 1356 2064 sum
1389 2022 1432 2063 in
1464 2022 1548 2072 his,
1582 2035 1681 2074 quae
1715 2022 1831 2065 dicta

1101 2084 1201 2121 sunt
1219 2079 1340 2120 mihi:
1356 2079 1436 2119 *in
1456 2077 1635 2120 domum
1653 2080 1832 2120 Domini

1006 2138 1175 2180 ibimus.

1058 2195 1230 2236 Stantes
1257 2196 1380 2233 erant
1405 2191 1543 2244 pedes
1568 2193 1717 2242 nostri,
1740 2194 1763 2219 *
1787 2192 1832 2233 in

1007 2250 1127 2292 atriis
1146 2248 1233 2290 tuis
1252 2248 1507 2289 Jerusalem.

1058 2304 1311 2354 Jerusalem,
1327 2317 1427 2356 quae
1447 2304 1690 2346 aedificatur
1708 2310 1756 2346 ut
1775 2307 1830 2346 ci-

1006 2363 1135 2404 vitas:
1162 2362 1186 2387 *
1214 2361 1334 2413 cujus
1362 2355 1647 2414 participatio
1672 2362 1761 2413 ejus
1788 2361 1831 2401 in

1006 2419 1205 2471 idipsum.

1058 2474 1168 2515 Illuc
1203 2474 1319 2516 enim
1356 2473 1644 2516 ascenderunt
1679 2473 1829 2522 tribus,

1006 2531 1146 2574 tribus
1206 2531 1404 2572 Domini:
1457 2531 1481 2557 *
1534 2530 1830 2572 testimonium

1006 2588 1143 2629 Israel
1163 2587 1220 2630 ad
1245 2587 1542 2630 confitendum
1560 2586 1724 2627 nomini
1742 2586 1829 2627 Do-

185 2642 210 2683 J
210 2642 405 2686 udicabit
422 2645 466 2685 in
485 2645 744 2695 nationibus,
757 2644 955 2697 implebit
1006 2645 1120 2686 mini.

133 2701 294 2740 ruinas:
325 2701 348 2726 *
383 2701 694 2753 conquassabit
730 2701 876 2753 capita
912 2701 955 2741 in

133 2761 250 2798 terra
277 2756 522 2799 multorum.

1059 2701 1169 2751 Quia
1196 2700 1283 2742 illic
1312 2699 1518 2741 sederunt
1547 2697 1674 2740 sedes
1700 2697 1743 2737 in
1770 2697 1828 2748 ju-

1008 2756 1135 2808 d1‘cio,
1149 2758 1173 2783 *
1189 2756 1318 2799 sedes
1332 2768 1463 2808 super
1478 2754 1657 2796 domum
1675 2751 1830 2798 David,
