2040 2976
590 227 693 261 Infra
718 226 903 261 Octavam
926 225 1192 260 Dcdicationis
1218 226 1412 261 Ecclesia).

213 326 284 367 Ad
312 326 483 378 Magnis.
525 327 623 367 Ant.
665 326 702 366 O
737 336 867 376 quam
897 335 982 363 me-

160 380 346 422 tuendus
366 385 433 422 est
451 381 474 406 *
494 380 615 421 locus
641 380 738 422 iste:
766 392 868 420 vere
895 391 983 419 non

161 441 228 478 est
253 436 324 478 hic
352 436 486 487 aliud,
513 436 596 477 nisi
625 436 779 478 domus
806 435 907 485 Dei,
941 439 984 476 et

158 498 289 546 porta
307 493 418 535 coeli.

415 563 725 589 ῂο-ᾷὲ-ο--.

323 631 400 679 Se
420 641 445 672 c
463 642 498 672 u
514 642 550 672 n
567 631 600 672 d
618 642 650 673 a
693 631 735 672 D
754 631 772 671 i
792 641 818 672 e

398 687 507 727 infra
529 686 750 727 Octavam.

212 757 255 790 In
286 757 314 791 I.
347 757 544 791 Nocturno
576 756 779 790 Lectiones
810 754 856 788 de
885 754 981 788 Scri-

160 808 272 848 ptura
296 810 526 839 occurrente.

380 867 430 906 In
457 867 507 905 ΙΙ.
535 866 758 905 Nocturno.

159 927 227 980 Ex
241 928 451 970 Tractatu
469 929 508 970 S.
524 929 755 980 Augustini
772 928 982 981 Episcopi

219 998 350 1038 super
368 985 578 1027 Psalmos.
630 988 675 1022 In
691 987 830 1021 Psalm.
850 986 920 1019 121.

458 1051 610 1093 Lectio
630 1051 683 1090 iv.

169 1129 199 1160 222«
233 1107 502 1159 gerusalem,
537 1120 634 1160 quae
663 1107 906 1149 aedificatur
934 1112 982 1149 ut

228 1166 263 1214 Γᾶ,
287 1164 449 1206 civitas.
491 1164 682 1213 Fratres,
717 1163 891 1216 quando
920 1163 980 1205 di-

221 1230 230 1237 ’
287 1220 414 1262 cebat
458 1221 541 1262 ista
582 1220 743 1270 David,
787 1221 982 1274 perfecta

158 1282 251 1319 erat
268 1277 342 1319 illa
361 1277 531 1328 civitas,
558 1291 646 1319 non
671 1277 982 1319 aedificabatur.

157 1334 318 1375 Nescio
344 1347 474 1387 quam
497 1347 600 1386 ergo
625 1335 846 1376 civitatem
866 1334 981 1384 dicit,

159 1403 257 1442 quae
292 1391 425 1432 modo
462 1391 721 1441 aedificatur,
759 1391 815 1433 ad
852 1405 982 1444 quam

158 1452 337 1489 currunt
371 1448 415 1488 in
450 1448 538 1490 fide
573 1448 743 1500 lapides
780 1448 884 1498 vivi3
928 1448 982 1490 de

159 1503 315 1556 quibus
342 1503 447 1546 dicit
474 1505 645 1546 Petrus:
685 1505 741 1546 Et
768 1518 848 1546 vos
875 1510 981 1546 tam-

159 1573 289 1613 quam
324 1560 495 1613 lapides
531 1562 619 1603 vivi
651 1561 982 1603 coaedificamini

156 1616 199 1657 in
220 1616 398 1659 domum
417 1618 672 1670 spiritalem,
699 1617 746 1659 id
766 1622 848 1667 est,
876 1623 981 1660 tem-

156 1673 278 1725 plum
295 1674 379 1715 Dei
402 1679 611 1716 sanctum.
656 1674 771 1725 Quid
794 1679 876 1724 est,
901 1675 981 1716 La-

156 1729 282 1781 pides
301 1730 388 1772 vivi
407 1729 756 1773 coaedificamini?
785 1731 926 1781 Vivis,
946 1733 982 1773 si

158 1786 313 1828 credis:
346 1787 382 1827 si
413 1792 558 1829 autem
590 1787 747 1838 credis,
779 1787 981 1829 efficieris

156 1842 367 1896 templum
398 1844 496 1894 Dei,
529 1845 629 1896 quia
661 1843 766 1886 dicit
792 1844 981 1897 Apesto-

155 1897 223 1940 lus
259 1900 435 1941 Paulus:
476 1900 710 1953 Templum
748 1901 861 1942 enim
898 1901 982 1943 Dei

158 1959 355 1997 sanctum
374 1962 450 2006 est,
471 1957 591 2010 quod
610 1957 716 1998 estis
735 1970 826 1998 vos.

214 2011 264 2063 Κ.
285 2012 524 2055 Orantibus
542 2013 586 2054 in
604 2013 715 2054 loco.
734 2013 830 2066 [118]

468 2077 619 2118 Lectio
638 2091 675 2117 V.

208 2147 288 2186 psa
316 2147 419 2185 ergo
447 2135 580 2177 modo
610 2135 764 2178 civitas
793 2136 978 2178 aedifica-

220 2195 300 2232 tur.
343 2191 647 2233 Praeciduntur
679 2192 734 2234 de
760 2193 981 2235 montibus

157 2246 326 2298 lapides
357 2260 438 2300 per
468 2261 621 2290 manus
649 2249 981 2302 praedicantium

158 2303 406 2353 veritatem,
438 2304 809 2357 conquadrantur,
842 2311 891 2348 ut
921 2306 981 2347 in-

157 2364 273 2400 trent
298 2360 342 2400 in
370 2364 633 2402 structuram
663 2362 980 2414 sempiternam.

158 2415 315 2457 Adhuc
346 2416 471 2457 multi
505 2417 674 2470 lapides
707 2418 750 2458 in
782 2419 981 2460 manibus

158 2472 333 2513 artificis
354 2477 467 2514 sunt:
490 2485 578 2514 non
598 2473 756 2515 cadant
775 2474 829 2516 de
848 2475 980 2515 mani·
1038 2466 1051 2501 -”·
1074 2464 1117 2502 ἓ*
1143 2478 1145 2488 ²

157 2527 239 2569 bus
258 2528 444 2578 artificis,
463 2534 512 2570 ut
529 2530 699 2581 possint
713 2531 895 2583 perfecti
912 2543 980 2572 co-

158 2584 367 2625 aedificari
384 2585 427 2625 in
443 2589 707 2627 structuram
721 2587 882 2639 templi.
903 2588 982 2629 Est

159 2653 262 2691 ergo
287 2641 370 2681 ista
387 2641 646 2691 Jerusalem,
673 2655 770 2694 quae
795 2643 980 2685 aedifica-

159 2701 228 2737 tur
247 2702 295 2738 ut
315 2697 480 2738 civitas:
499 2697 825 2740 fundamentum
844 2699 980 2752 ipsi-us

159 2752 354 2794 Christus
375 2758 451 2795 est.
478 2754 596 2795 Dicit
609 2755 854 2807 Apostolus
872 2756 979 2798 Pau-

1034 321 1116 363 lus:
1130 322 1480 364 Fundamentum
1495 321 1613 363 aliud
1627 334 1756 363 nemo
1767 325 1862 374 pot-

1037 383 1103 420 est
1125 382 1291 432 penere
1314 385 1477 433 praeter
1504 378 1566 429 id,
1601 379 1720 431 quod
1747 378 1862 430 pesi-

1035 440 1128 477 tum
1148 440 1224 485 est,
1246 436 1365 489 quod
1383 441 1450 478 est
1469 435 1667 477 Christus
1685 436 1710 476 J
1713 448 1824 477 esus.

1089 496 1139 548 R.
1169 493 1206 534 O
1228 506 1359 545 quam
1376 491 1649 535 metuendus.
1677 492 1774 545 [118]

1337 560 1489 601 Lectio
1510 560 1562 600 vi.

1038 616 1429 722 Fundamentum
1471 620 1646 673 quando
1686 619 1863 672 ponitur

1130 679 1172 719 in
1203 682 1335 727 terra,
1367 676 1557 729 desuper
1590 676 1864 718 aedificantur

1035 737 1244 788 parietes,
1277 739 1320 776 et
1351 733 1525 787 pondus
1559 735 1777 786 parietum
1807 731 1863 773 ad

1035 793 1122 833 ima
1140 791 1289 841 tendit,
1310 791 1411 843 quia
1425 790 1469 831 in
1485 791 1573 831 imo
1588 790 1782 842 positum
1797 794 1864 830 est

1034 848 1374 890 fundamentum.
1393 847 1438 888 Si
1452 852 1598 888 autem
1609 846 1861 887 fundamen-

1034 910 1127 946 tum
1152 910 1351 947 nostrum
1376 905 1420 945 in
1445 903 1558 945 coelo
1583 907 1665 952 est,
1695 902 1752 944 ad
1778 915 1861 944 coe-

1034 962 1124 1003 lum
1144 962 1422 1004 aedificemur.
1456 961 1654 1013 Cerpora
1675 958 1862 1000 aedifica-

1034 1021 1190 1061 verunt
1207 1020 1335 1061 istam
1354 1020 1632 1067 structuram,
1655 1029 1786 1068 quam
1805 1016 1863 1056 vi-

1035 1075 1147 1117 detis
1168 1076 1358 1129 amplam
1383 1076 1627 1117 surrexisse
1646 1072 1772 1124 hujus
1792 1072 1864 1114 ba-

1036 1133 1184 1174 silicae:
1211 1138 1254 1174 et
1279 1133 1381 1186 quia
1407 1134 1596 1184 cerpora
1621 1129 1863 1171 aedificave-

1035 1194 1151 1239 runt,
1182 1189 1511 1231 fundamentum
1542 1188 1585 1228 in
1617 1187 1705 1227 imo
1734 1199 1863 1239 posu-

1035 1248 1171 1287 erunt.
1204 1246 1315 1296 Quia
1333 1258 1438 1288 vero
1460 1243 1712 1298 spiritaliter
1731 1242 1864 1284 aedifi-

1036 1304 1204 1352 camur,
1237 1302 1568 1344 fundamentum
1595 1305 1795 1341 nostrum
1820 1299 1864 1339 in

1036 1372 1205 1400 summo
1242 1360 1437 1412 positum
1475 1362 1552 1401 est.
1609 1356 1720 1397 Illuc
1758 1368 1863 1407 ergo

1036 1418 1277 1466 curramuS,
1300 1416 1360 1458 ibi
1380 1415 1662 1463 aedificemur,
1688 1413 1789 1464 quia
1809 1412 1864 1454 de

1035 1473 1130 1525 ipsa
1144 1473 1387 1515 Jerusalem
1407 1472 1573 1514 dictum
1589 1475 1669 1512 est:
1688 1470 1863 1511 Stantes

1036 1534 1159 1570 erant
1178 1529 1314 1582 pedes
1333 1529 1473 1570 nostri
1488 1529 1533 1568 in
1554 1526 1674 1568 atriis
1693 1526 1778 1567 tuis
1797 1526 1821 1566 J
1824 1539 1864 1567 e-

1035 1586 1235 1627 rusalem.
1287 1585 1338 1637 Ra,
1362 1586 1490 1627 Mane
1511 1596 1705 1634 surgens,
1724 1582 1820 1635 [118]

1254 1664 1303 1702 In
1330 1663 1400 1702 ΙΙΙ.
1429 1663 1652 1702 Nocturno.

1037 1723 1188 1767 Lectio
1215 1726 1354 1767 sancti
1372 1724 1598 1776 Evangelii
1623 1722 1864 1765 secundum

1356 1782 1532 1823 Lucam.

1142 1843 1292 1883 Lectio
1315 1843 1383 1882 vii.
1587 1840 1762 1891 Cap.19.

1033 1893 1110 2000 In
1135 1898 1209 1940 illo
1237 1901 1450 1951 tempore:
1482 1900 1711 1950 Ingressus
1735 1898 1759 1938 J
1763 1910 1862 1939 esus

1099 1955 1433 2008 perambulabat
1456 1955 1480 1996 J
1483 1955 1642 1996 ericho.
1677 1954 1734 1995 Et
1758 1967 1862 1996 ecce

1034 2012 1099 2052 vir
1124 2012 1299 2054 nomine
1325 2012 1552 2053 Zachaeus:
1585 2016 1628 2053 et
1654 2010 1724 2052 hic
1747 2011 1862 2063 prin-

1035 2081 1140 2120 ceps
1171 2073 1265 2110 erat
1295 2069 1646 2121 publicanorum,
1689 2072 1732 2109 et
1765 2067 1861 2120 ipse

1035 2123 1169 2166 dives.
1210 2125 1267 2166 Et
1290 2125 1469 2178 reliqua.

1098 2194 1166 2235 De
1193 2195 1384 2236 Homilia
1413 2195 1553 2236 sancti
1579 2193 1802 2236 Ambrosii

1340 2252 1562 2304 Episcopi.

1186 2311 1245 2346 Ex
1260 2310 1342 2346 Lib.
1359 2311 1393 2346 8.
1410 2310 1450 2344 in
1466 2310 1566 2349 Luc..
1584 2311 1625 2345 in
1640 2311 1724 2345 fine.

1040 2369 1170 2431 '3‘'-gi;>‘t
1194 2364 1438 2414 confestim,
1470 2356 1784 2418 inquit,'vidit‚
1818 2370 1862 2406 et

1043 2433 1052 2467 ’,
1074 2415 1140 2470 '⁴
1171 2420 1438 2472 sequebatur
1482 2421 1623 2471 illum,
1667 2421 1859 2472 magnifi-

1170 2490 1274 2518 cans
1292 2477 1539 2519 Dominum.
1579 2478 1719 2519 Aliter
1746 2477 1860 2518 enim

1032 2545 1120 2574 non
1144 2532 1328 2584 videret,
1356 2534 1440 2575 nisi
1465 2536 1722 2587 sequeretur
1741 2533 1858 2574 Chri-

1033 2593 1163 2639 stum,
1199 2590 1282 2631 nisi
1312 2590 1550 2632 Dominum
1584 2589 1858 2643 praedicaret,

1033 2645 1114 2686 nisi
1138 2646 1347 2688 saeculum
1371 2648 1626 2699 praeteriret.
1664 2646 1773 2687 Cum
1797 2644 1857 2685 di-

1032 2701 1193 2743 vitibus
1214 2715 1389 2755 quoque
1407 2703 1451 2743 in
1469 2703 1653 2753 gratiam
1667 2703 1856 2742 reverta-

1031 2771 1136 2799 mur.
1173 2758 1390 2800 Nolumus
1413 2759 1527 2800 enim
1551 2757 1772 2799 offendere
1798 2757 1857 2798 di-
