2040 2976
505 196 607 230 Infra
632 196 927 231 Hebdomadam
951 197 987 231 ii.
1011 202 1101 241 post
1123 198 1201 233 Oct.
1227 199 1485 236 Pentecostes.

145 292 250 334 beat
285 292 393 335 deos
430 294 837 347 appropinquantes
870 294 970 345 sibi,

146 349 258 390 sicut
276 349 398 391 Deus
421 355 572 391 noster
595 349 720 392 adest
739 351 877 393 nobis.
909 351 971 392 In.

426 428 577 470 Lectio
598 430 681 470 viii.

142 488 290 595 Nos
309 510 425 547 vero,
444 498 482 538 si
496 498 630 540 vitam
645 500 855 540 aeternam
871 501 970 541 con-

265 554 390 606 sequi
414 554 632 604 volumus,
659 554 696 595 si
720 555 971 606 largitorem

144 609 484 652 immortalitatis
505 610 666 652 habere
685 611 728 651 in
751 611 878 653 nobis
899 612 970 654 de-

145 665 405 716 sideramus,
435 666 491 709 ad
518 667 816 720 recipiendam
843 668 970 710 bene-

146 721 382 765 dictionem
419 723 606 765 libenter
643 727 970 767 concurramus:

145 782 466 832 caveamusque
497 793 552 822 ne
588 780 688 822 loco
720 781 866 833 laquei
898 782 969 823 da-

144 837 343 876 mnosam
373 836 629 887 religionem
662 837 864 879 diabolus
895 852 969 880 no-

144 891 211 932 bis
225 891 482 944 praetendat.
508 893 646 935 Recte
661 894 830 946 (inquit)
846 894 969 936 dicis:

144 948 355 1000 scriptum
383 954 528 991 tamen
559 963 655 992 esse
684 963 772 992 non
800 951 968 1002 ignora-

143 1017 250 1053 mus,
269 1004 475 1057 judicium
490 1006 573 1048 sibi
589 1007 821 1049 comedere
837 1015 969 1061 atque

143 1059 294 1102 bibere
313 1061 449 1111 illum,
477 1063 551 1115 qui
570 1063 624 1105 de
643 1077 756 1116 pane
777 1065 970 1107 comedit

144 1122 187 1158 et
205 1117 260 1158 de
280 1118 416 1160 calice
434 1118 546 1161 bibit
563 1119 750 1172 indigne.
780 1121 875 1173 Ego
894 1122 968 1173 igi-

143 1177 212 1214 tur
239 1173 381 1226 probo
410 1178 643 1228 meipsum,
674 1183 717 1219 et
744 1178 969 1229 indignum

142 1229 326 1272 invenio.
347 1231 531 1282 Quando
548 1233 689 1284 igitur,
705 1234 969 1288 quicumque

141 1290 189 1327 tu
217 1299 264 1327 es
293 1287 367 1339 qui
397 1288 483 1329 ista
516 1289 641 1339 dicis,
676 1290 831 1341 dignus
861 1290 967 1333 eris?

143 1342 318 1394 quando
354 1344 526 1387 Christo
562 1348 752 1399 teipsum
785 1347 967 1389 offeres?

141 1398 256 1440 Nam
283 1400 320 1441 si
346 1401 573 1453 peccando
601 1402 803 1455 indignus
830 1417 896 1453 eS,
925 1410 969 1447 et

141 1458 329 1508 peccare
364 1470 454 1499 non
488 1458 670 1509 desinis,
708 1461 822 1512 (quis
855 1461 968 1502 enim

142 1511 302 1554 delicta
329 1513 551 1565 intelligit?
584 1516 826 1558 secundum
849 1517 967 1558 Psal-

140 1570 330 1621 mistam)
357 1582 516 1623 expers
544 1574 720 1614 omnino
749 1573 835 1614 eris
863 1574 967 1615 vivi-

140 1624 237 1666 fieae
256 1625 382 1678 hujus
401 1627 768 1670 sanctificationis.

190 1693 241 1746 R.
260 1691 380 1734 Misit
397 1706 467 1735 me
487 1693 638 1735 vivens
660 1694 799 1745 Pater,
819 1700 863 1737 et
883 1709 965 1747 ego

140 1747 240 1789 vivo
276 1754 460 1802 propter
498 1750 692 1793 Patrem:
734 1752 758 1777 *
796 1752 854 1794 Et
891 1753 965 1804 qui

138 1804 374 1847 manducat
401 1819 488 1857 me,
522 1807 640 1850 vivet
671 1814 853 1861 propter
884 1822 964 1851 me.

138 1860 190 1911 V.
229 1861 403 1904 Cibavit
438 1863 560 1904 illum
597 1865 810 1907 Dominus
851 1878 964 1918 pane

138 1917 241 1959 vitae
264 1924 307 1960 et
329 1918 588 1962 intellectus.
615 1921 672 1964 Et
697 1922 781 1974 qui.
813 1922 965 1964 Gloria

138 1974 267 2017 Patri.
312 1976 368 2017 Et
394 1977 478 2028 qui.

438 2041 590 2084 Lectio
611 2043 664 2083 ix.

142 2083 326 2208 Quare
357 2103 453 2156 pias
489 2116 639 2156 quaeso
677 2105 963 2157 cogitationes

247 2159 476 2212 suscipias,
505 2160 700 2202 studiose
726 2163 963 2214 sancteque

137 2214 269 2265 vivas,
288 2220 332 2256 et
345 2215 697 2259 benedictionem
712 2218 963 2270 participes:

139 2283 237 2322 quae
261 2271 380 2322 (mihi
404 2273 548 2324 crede)
573 2286 661 2315 non
685 2279 871 2316 mortem
895 2287 961 2315 so-

136 2326 243 2377 lum,
270 2340 422 2369 verum
450 2330 580 2371 etiam
604 2330 785 2372 morbos
812 2343 962 2372 omnes

137 2382 326 2435 depellit.
360 2384 494 2427 Sedat
513 2386 638 2436 enim,
657 2399 755 2428 cum
774 2387 817 2427 in
835 2386 962 2428 nobis

135 2442 310 2481 maneat
329 2440 537 2491 Christus,
558 2443 811 2484 saevientem
830 2455 961 2484 mem-

135 2495 314 2537 brorum
347 2500 598 2540 nostrorum
629 2499 788 2549 legem:
826 2499 960 2551 pieta-

135 2557 223 2594 tem
271 2554 557 2604 corroborat,
608 2555 960 2607 perturbationes

136 2608 267 2650 animi
303 2611 556 2662 exstinguit,
599 2613 790 2662 aegrotos
827 2617 960 2662 curat,

135 2664 313 2707 collisos
343 2666 631 2718 redintegrat:
668 2674 712 2708 et
743 2667 855 2709 sicut
886 2669 959 2721 pa-

135 2726 228 2763 stor
248 2721 400 2772 bonus,
426 2724 500 2776 qui
523 2724 710 2764 animam
735 2736 858 2764 suam
876 2737 957 2777 pro

1786 202 1849 238 175

1025 296 1179 338 ovibus
1204 299 1366 349 posuit,
1394 299 1448 341 ab
1475 301 1592 342 omni
1616 314 1697 343 nos
1722 303 1848 354 erigit

1024 365 1138 394 casu.
1196 356 1259 396 Te
1278 355 1420 396 Deum
1438 356 1675 399 laudamus.
1689 359 1753 400 13.

1228 458 1411 494 Feria
1446 460 1644 498 Sexta.

1077 514 1214 550 Omnia
1231 520 1271 551 ut
1288 516 1326 550 in
1342 516 1544 561 Psalterio,
1565 529 1648 554 cum
1667 519 1847 555 Oratione

1022 562 1238 598 Dominicae
1270 566 1534 608 praecedentis.
1571 566 1701 602 Sancti
1727 568 1846 603 nomi-

1022 613 1094 647 nis.
1119 613 1191 648 164.

1159 675 1226 715 De
1245 673 1357 715 libro
1376 674 1517 726 primo
1538 675 1718 726 Regum.

1127 735 1280 778 Lectio
1302 738 1325 777 i.
1586 740 1687 792 Cap.
1708 742 1743 781 8.

1109 792 1335 844 ongregati
1367 805 1471 843 ergo
1501 792 1691 833 universi
1718 794 1846 845 majo-

1025 842 1089 893 Κ]
1133 862 1203 890 res
1230 854 1334 890 natu
1362 849 1515 898 Israel,
1548 851 1758 891 venerunt
1791 850 1846 892 ad

1022 906 1269 957 Samuelem
1289 906 1333 946 in
1356 905 1583 947 Ramatha.
1617 906 1845 948 Dixerunt-

1023 976 1107 1015 que
1128 963 1180 1004 ei:
1207 963 1321 1004 Ecce
1340 968 1388 1004 tu
1407 962 1601 1011 senuisti,
1628 968 1671 1003 et
1691 963 1767 1002 filii
1785 964 1847 1004 tui

1021 1033 1110 1061 non
1135 1019 1359 1061 ambulant
1384 1019 1427 1059 in
1453 1019 1534 1060 viis
1559 1019 1662 1060 tuis:
1690 1022 1845 1060 consti-

1021 1082 1095 1117 tue
1127 1076 1255 1117 nobis
1283 1088 1448 1126 regem,
1483 1081 1531 1116 ut
1563 1075 1723 1128 judicet
1755 1089 1846 1125 nos,

1022 1133 1135 1174 sicut
1158 1138 1202 1174 et
1221 1133 1437 1174 universae
1457 1132 1619 1174 habent
1638 1132 1845 1174 nationes.

1022 1189 1257 1242 Displicuit
1288 1202 1432 1231 sermo
1465 1190 1508 1230 in
1536 1189 1844 1238 oculis-Samu-

1023 1246 1117 1298 elis,
1149 1259 1201 1288 eo
1230 1245 1350 1298 quod
1375 1245 1600 1288 dixissent:
1628 1246 1696 1287 Da
1720 1244 1845 1286 nobis

1021 1315 1184 1354 regem,
1216 1308 1264 1343 ut
1296 1302 1457 1353 judicet
1489 1316 1580 1344 nos.
1622 1304 1677 1343 Et
1706 1302 1846 1343 oravit

1021 1359 1196 1401 Samuel
1216 1359 1272 1400 ad
1291 1359 1536 1401 Dominum.

1073 1418 1124 1470 R.
1149 1416 1382 1458 Percussit.
1401 1417 1486 1457 178.

1331 1478 1482 1520 Lectio
1503 1480 1541 1520 ii.

1021 1531 1188 1637 Dixit
1213 1539 1358 1575 autem
1382 1533 1595 1574 Dominus
1623 1532 1678 1573 ad
1697 1533 1843 1573 Samu-

1125 1590 1251 1631 elem:
1288 1588 1406 1631 Audi
1433 1602 1588 1640 vocem
1621 1588 1773 1641 populi
1801 1588 1844 1628 in

1020 1646 1221 1689 omnibus
1242 1659 1340 1699 quae
1361 1647 1598 1698 loquuntur
1618 1645 1708 1687 tibi.
1744 1645 1846 1685 Non

1019 1704 1134 1745 enim
1153 1709 1196 1745 te
1216 1703 1480 1755 abjecerunt,
1501 1701 1580 1744 sed
1599 1715 1683 1752 me,
1710 1715 1762 1742 ne
1781 1714 1843 1742 re-

1017 1773 1146 1811 gnem
1166 1773 1298 1813 super
1318 1773 1405 1802 eos.
1434 1760 1564 1801 Juxta
1584 1759 1727 1800 omnia
1743 1760 1844 1811 ope-

1017 1830 1065 1858 ra
1098 1830 1193 1868 sua,
1233 1830 1332 1869 quae
1366 1817 1560 1858 fecerunt
1597 1829 1622 1856 a
1656 1814 1724 1856 die
1759 1827 1844 1866 qua

1018 1873 1151 1915 eduxi
1187 1887 1263 1915 eos
1300 1873 1355 1915 de
1386 1875 1582 1926 AEgypto
1615 1884 1754 1924 usque
1787 1870 1843 1913 ad

1018 1929 1133 1972 diem
1150 1929 1276 1972 hane:
1296 1931 1408 1971 sicut
1424 1929 1749 1981 dereliquerunt
1762 1941 1841 1978 me,

1017 1991 1060 2028 et
1093 1988 1336 2029 servierunt
1369 1986 1451 2028 diis
1485 1986 1650 2036 alienis,
1690 1986 1752 2027 sic
1783 1986 1841 2026 fa—

1017 2043 1135 2085 ciunt
1154 2044 1286 2084 etiam
1303 2043 1392 2085 tibi.
1420 2043 1548 2084 Nunc
1568 2055 1672 2093 ergo
1687 2054 1842 2083 vocem

1016 2102 1168 2141 eorum
1205 2099 1321 2141 audi:
1358 2103 1659 2141 verumtamen
1696 2103 1840 2140 conte-

1016 2159 1133 2198 stare
1157 2169 1251 2205 eOS,
1280 2162 1323 2198 et
1346 2156 1514 2209 praedic
1538 2157 1600 2197 eis
1627 2157 1691 2208 jus
1715 2154 1839 2206 regis,

1017 2212 1091 2264 qui
1109 2216 1367 2263 regnaturus
1387 2218 1454 2254 est
1473 2225 1605 2265 super
1625 2211 1713 2253 eos.

1071 2269 1122 2321 Rz.
1143 2269 1315 2311 Montes
1335 2269 1516 2311 Gelbo‘e.
1536 2269 1621 2309 178.

1317 2330 1470 2371 Lectio
1489 2330 1545 2370 iii.

1103 2387 1182 2428 ixit
1206 2389 1353 2439 itaque
1377 2386 1551 2428 Samuel
1578 2385 1721 2427 omnia
1745 2396 1837 2426 ver-

1116 2443 1172 2485 ba
1205 2444 1383 2485 Domini
1413 2443 1470 2485 ad
1501 2442 1729 2496 populum,
1764 2440 1837 2492 qui

1012 2502 1200 2552 petierat
1227 2513 1253 2541 a
1281 2513 1328 2541 se
1355 2513 1519 2550 regem,
1554 2504 1597 2540 et
1625 2498 1698 2539 ait:
1737 2498 1835 2538 Hoc

1013 2557 1095 2598 erit
1113 2557 1178 2608 jus
1198 2557 1330 2607 regis,
1359 2557 1434 2608 qui
1453 2557 1742 2608 imperaturus
1767 2557 1835 2594 est

1011 2612 1153 2654 vobis:
1179 2613 1315 2663 Filios
1335 2619 1506 2654 vestros
1528 2611 1670 2660 tollet,
1696 2615 1739 2651 et
1756 2621 1832 2662 po-

1011 2675 1086 2710 net
1103 2669 1147 2709 in
1167 2668 1364 2711 curribus
1384 2669 1490 2717 suis,
1516 2668 1729 2717 facietque
1750 2664 1834 2706 sibi

1012 2725 1180 2776 equites
1208 2731 1252 2767 et
1278 2727 1574 2777 praecursores
1602 2721 1829 2774 quadriga-
