2034 3002
873 208 1163 243 Kalendarium.

695 304 805 330 Mensis.

435 373 480 420 1]
491 391 518 420 S.
532 392 670 427 Josaphat
683 393 707 420 E
727 393 775 420 ise.
789 397 818 421 et
830 394 912 421 Mart.
926 394 1001 427 dupl.

349 428 409 469 xvii
435 428 467 490 ἐξ
490 426 517 454 S.
532 427 682 455 Gertrudis
722 428 854 463 irg.dupl.

435 499 467 526 17
490 495 517 524 8.
537 496 667 532 Gregorii
686 497 888 532 Thaumaturgi
907 498 958 532 Ep.
981 501 1009 524 et

525 531 605 559 Conf.
617 534 725 560 semidu
747 534 763 559 l.

371 567 377 574 ⁴
434 568 467 595 18
490 566 636 594 Dedicatio
658 567 725 594 Basi
738 567 843 594 'carum
865 566 908 595 Ss.
930 567 1009 594 Petri

525 605 552 628 et
566 602 647 629 Pauli
661 602 760 636 Apost.
772 606 847 640 dupl.

434 637 466 664 19
489 635 516 664 S.
532 636 677 664 Elisabeth
686 637 795 671 Viduae,
805 641 842 667 du
864 641 889 674 1,y
903 648 1001 666 comm.

525 671 552 699 S.
565 671 697 698 Pontiani
711 672 798 707 Papae
812 675 840 699 et
883 674 934 698 art.

370 706 387 712 ''
433 707 467 733 20
489 705 516 734 S.
531 706 631 733 Felicis
645 707 681 734 de
694 707 792 734 Valois
807 707 971 743 Conf.dupL

371 741 376 747 ’
433 741 466 768 21
486 745 670 772 Praesentatio
685 746 715 771 B.
727 745 762 771 M.
774 745 805 771 V.
826 742 902 776 dupl.
917 741 980 775 maj.

434 776 467 802 22
490 775 517 803 S.
531 775 651 803 Caeeiliae
665 777 740 810 Virg.
756 780 784 803 et
796 777 877 803 Mart.
888 780 963 813 dupl.

434 811 467 837 23
490 810 517 838 S.
525 810 676 838 Clementis
683 811 704 838 I.
715 812 783 845 Pap.
794 815 822 838 et
832 812 1002 847 Mart-dupl.‚

518 856 617 875 comm.
636 845 664 873 S.
678 846 830 873 Felicitatis
844 847 925 873 Mart.

434 881 468 907 24
490 881 517 909 S.
532 880 650 908 Joannis
666 889 682 908 a
697 881 787 908 Cruce
801 881 881 908 Conf.
891 883 1002 917 duplex.

518 926 617 944 comni.
637 915 665 943 S.
680 916 854 950 Chrysogoni
869 916 950 942 Mart.

434 951 467 977 25
490 950 517 978 S.
532 951 692 978 Catharinae
705 951 780 984 Virg.
794 954 823 977 et
836 951 918 978 Mart.
927 952 1002 986 dupl.

433 986 467 1047 ἐξ
490 985 517 1013 S.
532 986 610 1013 Petri
623 985 809 1013 Alexandrini
824 986 874 1020 Ep.
890 989 918 1012 et
927 986 1007 1012 Mart.

174 746 182 771 ι-ι-
173 711 181 736 ...

184 711 192 736 ι-ι.

173 780 191 798 ⁴}

173 814 240 841 xxix

304 707 323 837 ‘bn-00⁶
297 640 323 666 h>
304 575 321 602 m
305 428 324 524 meon·

173 884 260 910 xxviii
309 880 322 907 f
336 898 338 921 1'

173 953 250 979 xxvii
304 949 338 991 g}
371 951 388 957 ””

150 987 192 1014 25.
203 987 269 1014 xxvi
298 989 338 1014 Αζ
372 986 377 992 ’

147 1034 207 1050 xxv.
222 1026 283 1049 xxiv
304 1020 324 1046 b

173 1057 241 1084 xxiii
307 1062 323 1081 c
352 1055 358 1061 '

174 1092 231 1118 xxii
305 1089 324 1116 d

523 1125 657 1159 Martyris

174 1161 220 1204 xxi
304 1167 320 1187 e

335 1284 336 1293 ἶ
626 1240 858 1280 December.

307 1298 321 1325 f
335 1313 336 1320 κ
346 1299 408 1339 Kal.

302 1341 320 1367 s
334 1341 336 1367 ς
349 1340 378 1359 1v

299 1370 324 1396 A
334 1379 336 1389 ψ
348 1367 378 1394 iii

304 1403 322 1429 b
338 1404 414 1430 Prid.

173 1308 211 1326 xx

172 1335 220 1361 xix

174 1369 241 1396 xviii

173 1404 231 1430 xvii

489 1331 516 1359 S.
530 1332 657 1359 Bibianae
671 1333 746 1366 Virg.
762 1337 790 1359 et
803 1334 883 1360 Mart.
894 1335 990 1361 semid.

489 1366 516 1394 S.
530 1367 670 1394 Francisci
683 1367 799 1394 Xaverii
814 1368 894 1395 Conf.
903 1370 940 1395 du
963 1371 978 1395 l.

489 1400 515 1428 S.
530 1402 608 1429 Petri
623 1402 787 1436 Chrysologi
805 1403 906 1437 Episc.,
948 1403 1006 1429 onf.

334 1436 336 1478 ς
523 1440 551 1463 et
564 1437 637 1464 Eccl.
655 1437 837 1478 Doct3dupl„
857 1447 1002 1467 commem.

334 1479 336 1520 ι
523 1471 550 1499 S.
564 1472 700 1499 Barbarae
714 1472 789 1506 Virg.
803 1475 831 1499 et
845 1472 927 1499 Mart.

334 1525 335 1541 l

334 1555 335 1580 l

333 1581 336 1594 l

343 1508 405 1535 Non
487 1505 514 1533 S.
531 1505 634 1533 Sabbae
647 1506 768 1533 Abbatis
780 1516 924 1535 commem.

350 1549 399 1571 vul

369 1575 386 1582 .-

347 1583 387 1603 vu

174 1515 222 1534 XVI
306 1514 321 1533 C

172 1551 222 1603 {iv
302 1541 321 1603 ἓ
487 1575 514 1603 8.
524 1576 668 1604 Ambrosii
681 1576 782 1611 Epise.,
795 1576 876 1603 conf.
891 1579 919 1603 et

522 1611 698 1647 Doct.dupl.‚
716 1611 826 1645 vigilia.

486 1647 667 1674 Immaculata
694 1647 846 1682 Conceptio
873 1649 903 1675 B.
918 1649 954 1675 M.
970 1649 1001 1675 V.

521 1680 597 1715 dupl.
612 1681 636 1707 1.
649 1680 731 1708 class.

447 1506 464 1532 5

447 1541 464 1568 6

448 1576 464 1603 7

447 1645 464 1672 8

174 1645 223 1672 xiii
305 1645 320 1672 f
347 1645 377 1672 vi

1011 277 1036 369 l

485 1160 511 1186 S.
526 1160 649 1187 Andreae
659 1145 761 1195 'Apost
784 1159 860 1194 dupl.
874 1160 898 1186 2.
913 1159 994 1186 class.
1038 1160 1078 1187 25.
1100 1168 1155 1184 xxx·

473 1549 474 1552 ¹
486 1540 514 1568 S.
529 1541 637 1570 Nicolai
651 1541 743 1576 Episc.
758 1543 786 1568 et
799 1541 880 1568 Conf.
893 1543 998 1603 duffii:el
1051 1541 1091 1567 19.
1111 1550 1146 1567 xx

1314 277 1374 311 *UT

1331 314 1356 355 ’Ξ

1196 289 1221 313 Ἶ

1064 290 1166 324 Cyclus

1070 326 1165 358 Epact.

1583 307 1693 334 Mensis.

1196 328 1221 353 (Ι

1224 372 1259 419 Γ

1340 394 1356 420 9

1240 428 1269 454 iv
1325 429 1357 455 10

1240 497 1355 525 iiill

1232 570 1307 597 Prid.

1239 605 1307 631 ldib.

1378 393 1422 419 De
1436 392 1550 426 Octava,
1564 394 1745 427 semiduplex.

1378 427 1422 453 De
1436 427 1551 461 Octava,
1573 437 1670 454 comm.
1687 426 1714 455 S.
1732 427 1894 454 Melchiadis

1412 462 1498 496 Papae
1513 465 1540 488 et
1554 462 1693 496 Martyris.

1378 496 1405 524 S.
1421 497 1537 523 Damasi
1552 497 1572 524 Ι.
1587 497 1673 531 Papae
1692 501 1720 524 et
1735 497 1778 524 Cf.
1799 498 1895 524 semid.

1413 540 1556 559 commem.
1572 531 1692 558 Octavae.

1378 566 1422 593 De
1437 566 1550 593 Octava.

1378 600 1405 628 S.
1419 601 1515 627 Luciae
1533 601 1609 635 Virg.
1633 605 1660 628 et
1680 602 1761 629 Mart.
1785 602 1895 635 duplex,

1413 645 1556 664 comunem.
1572 636 1692 663 Oetavae.

1066 395 1103 421 xii

1068 430 1095 456 xi

1068 508 1084 525 Χ

1324 568 1356 594 12

1324 603 1356 629 13

1325 673 1368 734 {gs
1378 670 1422 696 De
1437 670 1551 697 Octava.

1367 705 1484 732 *Octava
1499 706 1611 732 Immac.
1627 705 1758 740 Concept.
1773 706 1804 732 B.
1815 705 1851 732 M.
1861 705 1895 732 V.

1414 741 1451 766 du
1473 741 1525 767 lex.

1325 773 1405 805 162S.
1426 750 1540 802 Effsebii
1559 775 1649 809 Episc.
1670 779 1697 802 et
1716 775 1798 801 Mart.
1819 776 1897 801 semi-

1415 811 1525 844 duplex.

1325 849 1357 875 17

1325 883 1357 909 18

1325 919 1356 944 19

1313 951 1314 954 ’
1324 953 1357 979 20

1324 988 1356 1014 21

1324 1023 1357 1048 22

1324 1057 1356 1083 23

1323 1091 1357 1118 24

1323 1126 1356 1152 25

1323 1162 1356 1188 26

1322 1230 1355 1258 27

1322 1300 1355 1326 28

1321 1368 1354 1394 29

1320 1438 1354 1464 30

1068 569 1095 594 ix

1069 604 1115 629 viii

1239 671 1287 698 xix

1070 673 1108 712 vii

1240 714 1309 733 xviu

1069 715 1094 733 vi

1071 786 1085 802 v
1240 775 1298 802 xvii

1240 845 1287 872 xvi

1239 888 1277 907 xv

1240 915 1288 942 xiv

1241 950 1290 976 xiii

1242 984 1281 1011 xii

1240 1020 1269 1046 xi

1239 1063 1258 1081 x

1240 1089 1269 1116 ix

1239 1123 1287 1150 viii

1239 1159 1277 1185 vii

1068 847 1095 872 iv

1069 882 1096 907 iii

1069 917 1086 941 ii

1070 952 1077 976 i

1069 987 1086 1003 ᾖ

1546 947 1654 982 Vigilia.

1381 985 1406 1012 S.
1425 986 1540 1011 Thomae
1556 986 1653 1019 Apost,
1668 984 1744 1018 dupl.
1758 984 1782 1011 2.
1797 985 1877 1011 class.

1070 1029 1135 1046 XXlX

1068 1055 1154 1081 xxviii

1069 1090 1144 1116 xxvii
1549 1087 1658 1121 Vigilia.
1926 1111 1927 1114 ,

1379 1125 1517 1151 Nativitas
1533 1126 1565 1151 l).
1578 1126 1609 1152 N.
1621 1126 1646 1151 J.
1658 1125 1721 1151 Chr.
1732 1122 1807 1157 dupl.
1824 1123 1846 1149 1.
1861 1123 1894 1149 cl.

1378 1159 1404 1185 S.
1421 1160 1553 1193 Stephani
1573 1161 1739 1185 l'rotoniart.
1752 1157 1856 1191 duplex
1870 1158 1894 1184 2.

1412 1191 1492 1218 class.
1507 1203 1650 1220 commem.
1666 1191 1788 1218 Octavae.

1378 1228 1404 1255 S.
1425 1229 1543 1255 Joanuis
1566 1229 1692 1263 Apostoli
1718 1232 1743 1254 ct
1766 1228 1895 1259 Evangel.

1412 1261 1487 1295 dupl.
1502 1261 1525 1287 2.
1541 1261 1572 1287 cl.
1591 1272 1688 1290 ωῃιηι,
1698 1261 1876 1289 Octavarum.

1379 1298 1420 1324 Ss.
1439 1299 1627 1325 Innocentium
1646 1300 1723 1324 Mart.
1739 1297 1815 1331 dupl.
1827 1298 1850 1324 2.
1861 1298 1894 1324 cl.

1413 1341 1559 1359 commem.
1570 1331 1748 1358 Octavarum.

1376 1365 1403 1392 8.
1418 1366 1535 1392 Thomae
1559 1366 1769 1393 Cantuariensis
1793 1368 1843 1401 Ep.
1867 1371 1895 1394 et

1410 1400 1490 1427 Mart.
1507 1403 1603 1428 seniid.
1612 1401 1891 1429 commOctavarum.

1376 1434 1420 1461 De
1430 1435 1578 1462 Dominica
1591 1435 1666 1463 infra
1676 1436 1735 1463 Oct.
1746 1437 1837 1464 Nativ.
1854 1438 1896 1463 vel

1411 1470 1446 1496 de
1457 1470 1572 1504 Octava,
1587 1470 1808 1498 commaliamm
1818 1472 1896 1499 Octa-

1410 1512 1518 1531 varum.

1376 1538 1403 1567 S.
1417 1538 1546 1566 Silvestri
1560 1541 1581 1567 Ι,
1597 1541 1683 1575 Papae
1702 1544 1730 1567 et
1748 1541 1791 1568 Cf.
1815 1542 1898 1574 dupl.v

1415 1585 1560 1603 commem.
1570 1575 1750 1603 Oetavarum.

1427 1623 1487 1646 Hice
1506 1624 1599 1654 lipacta
1616 1623 1653 1647 19.
1674 1624 1744 1653 nigra
1762 1631 1897 1655 numquam

1380 1658 1416 1676 est
1433 1654 1456 1676 in
1476 1662 1529 1681 usu,
1546 1655 1591 1676 nisi
1610 1655 1710 1684 quando
1726 1655 1812 1677 codem
1830 1663 1895 1677 armo

1379 1686 1505 1708 concurrit
1517 1692 1573 1708 cuin
1586 1686 1672 1707 Aureo
1684 1692 1787 1708 numero
1795 1684 1847 1708 xix.

1070 1124 1134 1150 xxvi

1068 1232 1133 1255 xxiv
1240 1230 1268 1256 vi

1065 1299 1134 1324 xxiii
1238 1308 1257 1325 v

1068 1368 1124 1393 xxii
1224 1373 1225 1388 1
1238 1368 1266 1395 iv

1068 1438 1114 1463 xxi
1237 1437 1266 1464 iii

1191 1447 1209 1473 σο
1195 1368 1209 1394 »m
1193 1306 1208 1325 ο
1193 1229 1211 1255 Ω.
1192 847 1217 1186 οσφσῡν-ηωαοσρ
1194 784 1210 810 σο
1194 679 1211 732 »mo
1194 574 1213 628 cao
1194 497 1213 523 0¹·
1192 401 1218 457 >⁰0

1192 1540 1217 1566 tx>

1320 1538 1356 1568 31

706 1759 1340 1797 -—-.=52>⁴zsr;²⁸ese†—

757 1858 916 1908 DUAE
949 1858 1285 1908 TABELLAE

557 1941 619 1972 EX
642 1941 860 1974 RUBRICIS
884 1941 1202 1974 GENERALIBUS
1227 1941 1495 1976 EXCERPTAE.

169 1989 197 2015 in
211 1997 330 2023 quarum
345 1990 435 2024 prima
449 1991 542 2018 statim
557 1992 646 2018 videri
660 1993 762 2026 poterit
776 1992 810 2018 de
825 2000 880 2026 quo
895 1993 1091 2019 celebrandum
1107 1994 1158 2019 erit
1173 1993 1312 2026 Officium,
1327 1994 1349 2019 si
1365 1994 1444 2027 plura
1459 1994 1555 2020 eodem
1572 1993 1616 2018 die
1627 1993 1707 2018 Festa
1723 1996 1877 2018 occurrant.

271 2029 303 2055 In
322 2030 444 2057 secunda
462 2038 538 2063 vero,
557 2032 699 2065 quomodo
719 2031 850 2058 Officium
868 2033 1029 2066 praecedens
1047 2036 1195 2059 concurrat
1214 2033 1241 2058 in
1261 2033 1391 2066 vesperis
1409 2041 1473 2059 eum
1493 2032 1592 2059 Officio
1611 2031 1753 2064 sequentis
1773 2031 1834 2057 diei.

560 2071 602 2097 Ex
620 2073 739 2104 utraque
758 2071 873 2098 Tabella
892 2072 944 2098 hoc
962 2072 1060 2098 ordine
1079 2072 1233 2106 reperietur
1251 2071 1327 2105 quod
1346 2072 1487 2105 quaeritur.

174 2124 317 2185 Primum
340 2126 500 2154 inveniatur
522 2133 657 2154 numerus
678 2125 788 2161 positus
811 2125 841 2153 in
858 2125 997 2160 quadran-

225 2166 289 2201 gulo
313 2165 375 2200 illo,
399 2166 428 2193 in
450 2173 507 2200 quo
526 2166 623 2199 Festa,
646 2165 682 2192 de
705 2166 809 2200 quibus
827 2170 869 2192 est
887 2169 997 2192 contro-

166 2206 268 2239 versia,
285 2205 339 2232 sibi
353 2205 472 2232 invicem
486 2207 650 2233 occurrunt:
668 2205 770 2231 deinde
782 2205 890 2238 legatur
902 2205 997 2238 regula

165 2245 243 2279 juxta
257 2245 361 2272 dietum
375 2253 524 2272 numerum
537 2243 686 2278 descripta,
699 2247 727 2270 et
742 2251 776 2270 ex
789 2251 822 2270 ea
835 2244 909 2270 clare
921 2243 997 2270 vide-

165 2284 243 2311 bitur
256 2284 325 2318 quid
338 2284 375 2311 sit
387 2284 533 2318 agendum.

219 2323 348 2357 Exempli
365 2323 466 2357 gratia:
485 2322 714 2357 Quadrangulus,
732 2321 762 2348 in
780 2329 837 2356 quo
855 2321 909 2348 sibi
927 2322 998 2349 invi-

165 2369 226 2388 cem
250 2365 402 2389 occurrunt
424 2362 537 2396 Duplex
560 2362 660 2396 primae
683 2361 780 2388 classis
803 2364 831 2387 et
848 2361 998 2388 Dominiea

165 2401 264 2435 primae
278 2401 382 2434 classis,
401 2401 454 2428 erit
471 2401 519 2436 qui
534 2405 576 2428 est
589 2401 618 2427 in
632 2400 732 2434 angulo
746 2400 884 2434 superiori
897 2400 996 2434 primae

166 2440 299 2473 Tabenne,
317 2439 346 2466 in
364 2448 422 2474 quo
435 2440 560 2474 signatus
574 2443 616 2467 est
630 2446 764 2466 numerus
783 2440 816 2472 1.,
833 2439 900 2473 quia
918 2439 942 2466 si
960 2439 996 2466 ad

166 2480 230 2505 euin
244 2482 302 2505 tam
316 2478 428 2513 Duplex
441 2487 526 2513 quam
540 2478 688 2506 Dominica
702 2478 838 2512 praedicta
851 2486 885 2504 ex
899 2486 996 2505 eorum

165 2517 234 2545 locis
243 2521 320 2545 recto
331 2518 442 2545 tramite
453 2521 608 2552 pergerent,
621 2518 650 2545 in
664 2525 697 2544 eo
711 2517 764 2544 sibi
774 2517 892 2544 invicem
902 2525 997 2544 oecur-

166 2560 268 2584 rerent.
299 2558 407 2591 Regula
425 2560 518 2584 autem
537 2557 614 2591 juxta
632 2557 737 2584 dictum
751 2563 899 2582 numerum
912 2564 997 2591 appo-

167 2595 221 2622 sita
239 2596 279 2623 sic
295 2597 393 2624 habet:

221 2635 244 2661 1.
268 2634 428 2661 Translatio
447 2635 482 2660 de
496 2635 595 2668 primo,
614 2633 744 2660 Officium
761 2632 794 2658 de
809 2634 938 2662 seeundo.
962 2633 997 2660 Id

166 2676 216 2707 est,
235 2674 347 2708 Duplex
369 2674 468 2708 primae
491 2673 588 2700 classis
610 2674 777 2708 praedictum
801 2672 997 2705 transferatur,

166 2715 194 2739 et
213 2712 345 2740 Officium
369 2713 419 2740 fiat
443 2713 478 2739 de
502 2713 650 2740 Dominica
674 2713 773 2746 primae
796 2711 906 2738 elassis:
931 2711 998 2745 quia

165 2758 230 2778 eum
247 2751 277 2778 in
294 2751 338 2778 his
355 2752 458 2786 regulis
476 2752 578 2779 dieitur
591 2752 635 2779 De
647 2751 739 2786 primo
753 2758 803 2778 seu
819 2749 998 2785 praeeedenti‚

1049 2125 1211 2161 intelligitur
1227 2127 1262 2154 de
1281 2127 1364 2155 Festo
1386 2127 1415 2155 in
1434 2128 1571 2163 superiori
1590 2131 1671 2163 parte
1689 2128 1812 2155 Tabellae
1830 2137 1877 2163 ap-

1049 2166 1155 2200 posito,
1173 2169 1204 2192 ut
1222 2167 1335 2201 Duplex
1353 2167 1532 2202 praedietum3
1556 2176 1621 2195 cum
1639 2169 1674 2194 de
1692 2168 1815 2195 secundo
1833 2168 1877 2195 vel

1048 2205 1190 2239 sequenti,
1214 2206 1249 2232 de
1267 2207 1350 2233 Festo
1374 2206 1402 2233 in
1427 2206 1554 2234 inferiori
1577 2210 1657 2242 parte
1682 2208 1735 2234 sub
1753 2207 1876 2234 numeris

1048 2244 1187 2279 apposito;
1203 2249 1235 2272 ut
1253 2245 1401 2272 Dominica
1418 2246 1562 2280 praedicta.

1101 2284 1134 2310 In
1148 2284 1289 2319 aliquibus
1302 2288 1396 2312 autem
1410 2285 1611 2319 quadrangulis
1623 2285 1717 2312 nullus
1731 2285 1875 2319 appositus

1049 2326 1092 2350 est
1109 2331 1257 2358 numerus,
1275 2324 1320 2351 vel
1338 2325 1404 2358 quia
1421 2325 1515 2351 nullus
1533 2332 1678 2358 occursus,
1700 2332 1791 2358 neque
1813 2331 1876 2351 con-

1050 2370 1149 2389 cursus
1168 2370 1229 2389 esse
1244 2366 1349 2397 potest,
1373 2363 1416 2390 vel
1434 2364 1500 2397 quia
1519 2364 1548 2390 in
1566 2363 1687 2398 propriis
1706 2363 1774 2390 locis
1791 2363 1876 2390 adno-

1051 2404 1127 2428 tatur
1144 2402 1173 2428 in
1191 2402 1336 2429 Breviario
1355 2402 1424 2436 quid
1442 2403 1479 2429 sit
1496 2403 1642 2436 agendum.

1103 2440 1180 2468 Scire
1197 2444 1291 2468 tamen
1309 2445 1420 2475 oportet
1438 2449 1502 2475 quae
1520 2442 1576 2468 sint
1590 2441 1720 2475 Duplieia
1734 2441 1831 2475 primae
1849 2443 1877 2467 et

1051 2479 1181 2506 secundae
1195 2480 1299 2514 classis⁷
1313 2484 1341 2507 et
1354 2481 1459 2514 majora
1473 2488 1524 2514 per
1536 2488 1648 2514 annum,
1663 2483 1691 2507 et
1704 2488 1767 2514 quae
1781 2479 1876 2506 Domi-

1049 2519 1128 2552 nicae,
1146 2522 1174 2545 et
1192 2519 1280 2546 Feriae
1298 2519 1416 2553 majores
1435 2519 1571 2546 dicantur.

1223 2577 1388 2621 Duplieia.
1409 2577 1534 2621 primae
1558 2577 1708 2617 classis,

1052 2630 1080 2656 in
1104 2631 1207 2664 quibus
1229 2630 1303 2657 nulla
1328 2631 1358 2656 fit
1378 2629 1612 2656 Commemoratio
1637 2633 1875 2661 quorumcumque

1052 2670 1198 2696 Festoruni
1209 2669 1422 2697 occurrentium.
1435 2669 1488 2694 nisi
1504 2671 1586 2701 prout
1600 2674 1683 2700 supra
1698 2666 1725 2691 in
1738 2664 1874 2690 Rubricis.

1049 2711 1075 2739 N
1076 2711 1189 2748 ativitas
1206 2711 1329 2738 Domini.

1049 2749 1207 2784 Epiphania
1225 2749 1347 2776 Domini.
