<?xml version="1.0" encoding="UTF-8"?>
<!DOCTYPE html PUBLIC "-//W3C//DTD XHTML 1.0 Transitional//EN"
    "http://www.w3.org/TR/xhtml1/DTD/xhtml1-transitional.dtd">
<html xmlns="http://www.w3.org/1999/xhtml" xml:lang="en" lang="en">
 <head>
  <title>
</title>
<meta http-equiv="Content-Type" content="text/html;charset=utf-8" />
  <meta name='ocr-system' content='tesseract 3.04.00' />
  <meta name='ocr-capabilities' content='ocr_page ocr_carea ocr_par ocr_line ocrx_word'/>
</head>
<body>
  <div class='ocr_page' id='page_1' title='image "./p3breviariumroma00cathuoft_0077.png"; bbox 0 0 2040 2976; ppageno 0'>
   <div class='ocr_carea' id='block_1_1' title="bbox 692 191 1858 232">
    <p class='ocr_par' dir='ltr' id='par_1_1' title="bbox 692 191 1858 232">
     <span class='ocr_line' id='line_1_1' title="bbox 692 191 1858 232; baseline 0.012 -8"><span class='ocrx_word' id='word_1_1' title='bbox 692 191 802 226; x_wconf 81' lang='lat' dir='ltr'><strong>Feria</strong></span> <span class='ocrx_word' id='word_1_2' title='bbox 823 194 992 228; x_wconf 80' lang='lat' dir='ltr'><strong>secunda</strong></span> <span class='ocrx_word' id='word_1_3' title='bbox 1010 195 1058 228; x_wconf 81' lang='lat' dir='ltr'><strong>ad</strong></span> <span class='ocrx_word' id='word_1_4' title='bbox 1076 196 1314 231; x_wconf 83' lang='lat' dir='ltr'><strong>Matutinum.</strong></span> <span class='ocrx_word' id='word_1_5' title='bbox 1815 197 1858 232; x_wconf 87' lang='grc'><strong>47</strong></span> 
     </span>
    </p>
   </div>
   <div class='ocr_carea' id='block_1_2' title="bbox 124 288 974 2744">
    <p class='ocr_par' dir='ltr' id='par_1_2' title="bbox 143 288 973 387">
     <span class='ocr_line' id='line_1_2' title="bbox 194 288 973 338; baseline -0.003 -8"><span class='ocrx_word' id='word_1_6' title='bbox 194 289 378 330; x_wconf 91' lang='lat' dir='ltr'><strong>Declina</strong></span> <span class='ocrx_word' id='word_1_7' title='bbox 397 302 422 330; x_wconf 93' lang='lat' dir='ltr'><strong>a</strong></span> <span class='ocrx_word' id='word_1_8' title='bbox 441 288 572 338; x_wconf 88' lang='lat' dir='ltr'><strong>malo,</strong></span> <span class='ocrx_word' id='word_1_9' title='bbox 599 294 642 330; x_wconf 93' lang='lat' dir='ltr'><strong>et</strong></span> <span class='ocrx_word' id='word_1_10' title='bbox 661 288 729 330; x_wconf 85' lang='lat' dir='ltr'><strong>fac</strong></span> <span class='ocrx_word' id='word_1_11' title='bbox 748 288 931 330; x_wconf 87' lang='lat' dir='ltr'><strong>bonum:</strong></span> <span class='ocrx_word' id='word_1_12' title='bbox 950 288 973 312; x_wconf 89' lang='lat'>*</span> 
     </span>
     <span class='ocr_line' id='line_1_3' title="bbox 143 343 870 387; baseline -0.004 0"><span class='ocrx_word' id='word_1_13' title='bbox 143 350 187 387; x_wconf 92' lang='lat' dir='ltr'><strong>et</strong></span> <span class='ocrx_word' id='word_1_14' title='bbox 205 345 400 387; x_wconf 85' lang='lat' dir='ltr'><strong>inhabita</strong></span> <span class='ocrx_word' id='word_1_15' title='bbox 418 345 462 385; x_wconf 92' lang='lat' dir='ltr'><strong>in</strong></span> <span class='ocrx_word' id='word_1_16' title='bbox 481 344 690 386; x_wconf 85' lang='lat' dir='ltr'><strong>saeculum</strong></span> <span class='ocrx_word' id='word_1_17' title='bbox 709 343 870 386; x_wconf 83' lang='lat' dir='ltr'><strong>saeculi.</strong></span> 
     </span>
    </p>

    <p class='ocr_par' dir='ltr' id='par_1_3' title="bbox 141 400 974 555">
     <span class='ocr_line' id='line_1_4' title="bbox 195 400 974 451; baseline -0.001 -9"><span class='ocrx_word' id='word_1_18' title='bbox 195 401 306 451; x_wconf 86' lang='lat' dir='ltr'>Quia</span> <span class='ocrx_word' id='word_1_19' title='bbox 324 401 539 442; x_wconf 79' lang='lat' dir='ltr'><strong>Deminus</strong></span> <span class='ocrx_word' id='word_1_20' title='bbox 559 406 675 442; x_wconf 88' lang='lat' dir='ltr'><strong>amat</strong></span> <span class='ocrx_word' id='word_1_21' title='bbox 695 400 910 451; x_wconf 86' lang='lat' dir='ltr'><strong>judicium,</strong></span> <span class='ocrx_word' id='word_1_22' title='bbox 930 404 974 441; x_wconf 90' lang='lat' dir='ltr'><strong>et</strong></span> 
     </span>
     <span class='ocr_line' id='line_1_5' title="bbox 141 456 973 509; baseline -0.002 -11"><span class='ocrx_word' id='word_1_23' title='bbox 141 470 230 499; x_wconf 93' lang='lat' dir='ltr'><strong>non</strong></span> <span class='ocrx_word' id='word_1_24' title='bbox 250 457 526 509; x_wconf 84' lang='lat' dir='ltr'><strong>derelinquet</strong></span> <span class='ocrx_word' id='word_1_25' title='bbox 544 462 720 498; x_wconf 91' lang='lat' dir='ltr'><strong>sanctos</strong></span> <span class='ocrx_word' id='word_1_26' title='bbox 740 469 860 498; x_wconf 91' lang='lat' dir='ltr'><strong>suos:</strong></span> <span class='ocrx_word' id='word_1_27' title='bbox 884 457 907 481; x_wconf 90' lang='lat'>*</span> <span class='ocrx_word' id='word_1_28' title='bbox 929 456 973 496; x_wconf 93' lang='lat' dir='ltr'><strong>in</strong></span> 
     </span>
     <span class='ocr_line' id='line_1_6' title="bbox 141 512 759 555; baseline -0.002 -1"><span class='ocrx_word' id='word_1_29' title='bbox 141 515 354 555; x_wconf 79' lang='lat' dir='ltr'><strong>aeternum</strong></span> <span class='ocrx_word' id='word_1_30' title='bbox 373 512 759 555; x_wconf 80' lang='lat' dir='ltr'><strong>conservabuntur.</strong></span> 
     </span>
    </p>

    <p class='ocr_par' dir='ltr' id='par_1_4' title="bbox 139 569 972 678">
     <span class='ocr_line' id='line_1_7' title="bbox 193 569 972 622; baseline 0 -13"><span class='ocrx_word' id='word_1_31' title='bbox 193 570 346 621; x_wconf 84' lang='lat' dir='ltr'><strong>Injusti</strong></span> <span class='ocrx_word' id='word_1_32' title='bbox 360 570 612 622; x_wconf 74' lang='lat' dir='ltr'><strong>punientur:</strong></span> <span class='ocrx_word' id='word_1_33' title='bbox 627 569 650 594; x_wconf 89' lang='lat'>*</span> <span class='ocrx_word' id='word_1_34' title='bbox 666 574 710 610; x_wconf 89' lang='lat' dir='ltr'><strong>et</strong></span> <span class='ocrx_word' id='word_1_35' title='bbox 729 581 879 610; x_wconf 91' lang='lat' dir='ltr'><strong>semen</strong></span> <span class='ocrx_word' id='word_1_36' title='bbox 896 569 972 609; x_wconf 90' lang='lat' dir='ltr'><strong>im-</strong></span> 
     </span>
     <span class='ocr_line' id='line_1_8' title="bbox 139 625 503 678; baseline -0.003 -12"><span class='ocrx_word' id='word_1_37' title='bbox 139 626 313 678; x_wconf 84' lang='lat' dir='ltr'><strong>piorum</strong></span> <span class='ocrx_word' id='word_1_38' title='bbox 332 625 503 678; x_wconf 86' lang='lat' dir='ltr'><strong>peribit.</strong></span> 
     </span>
    </p>

    <p class='ocr_par' dir='ltr' id='par_1_5' title="bbox 139 681 973 845">
     <span class='ocr_line' id='line_1_9' title="bbox 191 681 971 723; baseline -0.001 -1"><span class='ocrx_word' id='word_1_39' title='bbox 191 682 216 722; x_wconf 90' lang='lat' dir='ltr'>J</span> <span class='ocrx_word' id='word_1_40' title='bbox 218 682 305 723; x_wconf 92' lang='lat' dir='ltr'><strong>usti</strong></span> <span class='ocrx_word' id='word_1_41' title='bbox 340 686 487 723; x_wconf 91' lang='lat' dir='ltr'><strong>autem</strong></span> <span class='ocrx_word' id='word_1_42' title='bbox 529 681 853 723; x_wconf 87' lang='lat' dir='ltr'><strong>haereditabunt</strong></span> <span class='ocrx_word' id='word_1_43' title='bbox 887 687 971 723; x_wconf 90' lang='lat' dir='ltr'><strong>ter-</strong></span> 
     </span>
     <span class='ocr_line' id='line_1_10' title="bbox 140 737 973 779; baseline 0.001 -2"><span class='ocrx_word' id='word_1_44' title='bbox 140 750 251 778; x_wconf 87' lang='lat' dir='ltr'><strong>ram:</strong></span> <span class='ocrx_word' id='word_1_45' title='bbox 270 738 293 763; x_wconf 90' lang='lat'>*</span> <span class='ocrx_word' id='word_1_46' title='bbox 314 743 358 779; x_wconf 88' lang='lat' dir='ltr'><strong>et</strong></span> <span class='ocrx_word' id='word_1_47' title='bbox 375 737 680 779; x_wconf 90' lang='lat' dir='ltr'><strong>inhabitabunt</strong></span> <span class='ocrx_word' id='word_1_48' title='bbox 698 738 742 778; x_wconf 93' lang='lat' dir='ltr'><strong>in</strong></span> <span class='ocrx_word' id='word_1_49' title='bbox 762 737 973 779; x_wconf 83' lang='lat' dir='ltr'><strong>saeculum</strong></span> 
     </span>
     <span class='ocr_line' id='line_1_11' title="bbox 139 793 568 845; baseline 0 -11"><span class='ocrx_word' id='word_1_50' title='bbox 139 793 290 834; x_wconf 83' lang='lat' dir='ltr'><strong>saeculi</strong></span> <span class='ocrx_word' id='word_1_51' title='bbox 309 806 441 845; x_wconf 90' lang='lat' dir='ltr'><strong>super</strong></span> <span class='ocrx_word' id='word_1_52' title='bbox 461 806 568 834; x_wconf 90' lang='lat' dir='ltr'><strong>eam.</strong></span> 
     </span>
    </p>

    <p class='ocr_par' dir='ltr' id='par_1_6' title="bbox 138 849 971 958">
     <span class='ocr_line' id='line_1_12' title="bbox 192 849 971 902; baseline 0.001 -12"><span class='ocrx_word' id='word_1_53' title='bbox 192 849 253 890; x_wconf 94' lang='lat' dir='ltr'><strong>Os</strong></span> <span class='ocrx_word' id='word_1_54' title='bbox 273 849 373 900; x_wconf 88' lang='lat' dir='ltr'><strong>justi</strong></span> <span class='ocrx_word' id='word_1_55' title='bbox 393 849 677 891; x_wconf 88' lang='lat' dir='ltr'><strong>meditabitur</strong></span> <span class='ocrx_word' id='word_1_56' title='bbox 702 850 971 902; x_wconf 78' lang='lat' dir='ltr'><strong>sapientiam,</strong></span> 
     </span>
     <span class='ocr_line' id='line_1_13' title="bbox 138 905 971 958; baseline 0.002 -13"><span class='ocrx_word' id='word_1_57' title='bbox 138 905 162 930; x_wconf 89' lang='lat'>*</span> <span class='ocrx_word' id='word_1_58' title='bbox 182 910 226 946; x_wconf 89' lang='lat' dir='ltr'><strong>et</strong></span> <span class='ocrx_word' id='word_1_59' title='bbox 246 905 393 956; x_wconf 92' lang='lat' dir='ltr'><strong>lingua</strong></span> <span class='ocrx_word' id='word_1_60' title='bbox 418 906 508 957; x_wconf 89' lang='lat' dir='ltr'><strong>ejus</strong></span> <span class='ocrx_word' id='word_1_61' title='bbox 530 905 735 957; x_wconf 82' lang='lat' dir='ltr'><strong>loquetur</strong></span> <span class='ocrx_word' id='word_1_62' title='bbox 754 905 971 958; x_wconf 87' lang='lat' dir='ltr'><strong>judicium.</strong></span> 
     </span>
    </p>

    <p class='ocr_par' dir='ltr' id='par_1_7' title="bbox 137 961 970 1070">
     <span class='ocr_line' id='line_1_14' title="bbox 190 961 970 1014; baseline 0.003 -13"><span class='ocrx_word' id='word_1_63' title='bbox 190 961 283 1002; x_wconf 84' lang='lat' dir='ltr'><strong>Lex</strong></span> <span class='ocrx_word' id='word_1_64' title='bbox 297 961 381 1002; x_wconf 89' lang='lat' dir='ltr'><strong>Dei</strong></span> <span class='ocrx_word' id='word_1_65' title='bbox 397 962 487 1013; x_wconf 90' lang='lat' dir='ltr'><strong>ejus</strong></span> <span class='ocrx_word' id='word_1_66' title='bbox 500 961 544 1002; x_wconf 91' lang='lat' dir='ltr'><strong>in</strong></span> <span class='ocrx_word' id='word_1_67' title='bbox 563 961 698 1003; x_wconf 90' lang='lat' dir='ltr'><strong>corde</strong></span> <span class='ocrx_word' id='word_1_68' title='bbox 717 962 873 1014; x_wconf 88' lang='lat' dir='ltr'><strong>ipsius:</strong></span> <span class='ocrx_word' id='word_1_69' title='bbox 887 963 910 988; x_wconf 91' lang='lat'>*</span> <span class='ocrx_word' id='word_1_70' title='bbox 927 968 970 1004; x_wconf 91' lang='lat' dir='ltr'><strong>et</strong></span> 
     </span>
     <span class='ocr_line' id='line_1_15' title="bbox 137 1017 969 1070; baseline 0.002 -13"><span class='ocrx_word' id='word_1_71' title='bbox 137 1029 225 1058; x_wconf 93' lang='lat' dir='ltr'><strong>non</strong></span> <span class='ocrx_word' id='word_1_72' title='bbox 253 1017 649 1070; x_wconf 84' lang='lat' dir='ltr'><strong>supplantabuntur</strong></span> <span class='ocrx_word' id='word_1_73' title='bbox 672 1031 849 1068; x_wconf 84' lang='lat' dir='ltr'><strong>gressus</strong></span> <span class='ocrx_word' id='word_1_74' title='bbox 868 1019 969 1069; x_wconf 88' lang='lat' dir='ltr'><strong>ejus.</strong></span> 
     </span>
    </p>

    <p class='ocr_par' dir='ltr' id='par_1_8' title="bbox 124 1073 971 1181">
     <span class='ocr_line' id='line_1_16' title="bbox 190 1073 971 1126; baseline 0.004 -12"><span class='ocrx_word' id='word_1_75' title='bbox 190 1073 450 1115; x_wconf 90' lang='lat' dir='ltr'><strong>Considerat</strong></span> <span class='ocrx_word' id='word_1_76' title='bbox 465 1076 674 1126; x_wconf 88' lang='lat' dir='ltr'><strong>peccator</strong></span> <span class='ocrx_word' id='word_1_77' title='bbox 689 1075 866 1126; x_wconf 88' lang='lat' dir='ltr'><strong>justum:</strong></span> <span class='ocrx_word' id='word_1_78' title='bbox 886 1076 909 1100; x_wconf 93' lang='lat'>*</span> <span class='ocrx_word' id='word_1_79' title='bbox 927 1080 971 1117; x_wconf 89' lang='lat' dir='ltr'><strong>et</strong></span> 
     </span>
     <span class='ocr_line' id='line_1_17' title="bbox 124 1129 712 1181; baseline 0 -11"><span class='ocrx_word' id='word_1_80' title='bbox 124 1129 297 1181; x_wconf 83' lang='lat' dir='ltr'><strong>quaerit</strong></span> <span class='ocrx_word' id='word_1_81' title='bbox 315 1129 582 1171; x_wconf 88' lang='lat' dir='ltr'><strong>mortificare</strong></span> <span class='ocrx_word' id='word_1_82' title='bbox 602 1143 712 1171; x_wconf 93' lang='lat' dir='ltr'><strong>eum.</strong></span> 
     </span>
    </p>

    <p class='ocr_par' dir='ltr' id='par_1_9' title="bbox 135 1185 969 1348">
     <span class='ocr_line' id='line_1_18' title="bbox 188 1185 969 1238; baseline 0.004 -13"><span class='ocrx_word' id='word_1_83' title='bbox 188 1185 403 1226; x_wconf 83' lang='lat' dir='ltr'><strong>Dominus</strong></span> <span class='ocrx_word' id='word_1_84' title='bbox 424 1190 570 1227; x_wconf 91' lang='lat' dir='ltr'><strong>autem</strong></span> <span class='ocrx_word' id='word_1_85' title='bbox 588 1199 676 1227; x_wconf 93' lang='lat' dir='ltr'><strong>non</strong></span> <span class='ocrx_word' id='word_1_86' title='bbox 695 1185 969 1238; x_wconf 89' lang='lat' dir='ltr'><strong>derelinquet</strong></span> 
     </span>
     <span class='ocr_line' id='line_1_19' title="bbox 137 1241 968 1293; baseline 0.001 -12"><span class='ocrx_word' id='word_1_87' title='bbox 137 1253 238 1282; x_wconf 92' lang='lat' dir='ltr'><strong>eum</strong></span> <span class='ocrx_word' id='word_1_88' title='bbox 255 1241 300 1282; x_wconf 91' lang='lat' dir='ltr'><strong>in</strong></span> <span class='ocrx_word' id='word_1_89' title='bbox 312 1241 513 1282; x_wconf 86' lang='lat' dir='ltr'><strong>manibus</strong></span> <span class='ocrx_word' id='word_1_90' title='bbox 530 1242 638 1293; x_wconf 91' lang='lat' dir='ltr'><strong>ejus:</strong></span> <span class='ocrx_word' id='word_1_91' title='bbox 657 1243 680 1267; x_wconf 86' lang='grc'>*</span> <span class='ocrx_word' id='word_1_92' title='bbox 695 1255 777 1283; x_wconf 90' lang='lat' dir='ltr'><strong>nec</strong></span> <span class='ocrx_word' id='word_1_93' title='bbox 793 1241 968 1283; x_wconf 91' lang='lat' dir='ltr'><strong>damna-</strong></span> 
     </span>
     <span class='ocr_line' id='line_1_20' title="bbox 135 1296 815 1348; baseline 0 -11"><span class='ocrx_word' id='word_1_94' title='bbox 135 1296 200 1338; x_wconf 93' lang='lat' dir='ltr'><strong>bit</strong></span> <span class='ocrx_word' id='word_1_95' title='bbox 220 1309 330 1346; x_wconf 91' lang='lat' dir='ltr'><strong>eum,</strong></span> <span class='ocrx_word' id='word_1_96' title='bbox 349 1310 449 1338; x_wconf 91' lang='lat' dir='ltr'><strong>cum</strong></span> <span class='ocrx_word' id='word_1_97' title='bbox 463 1297 724 1348; x_wconf 88' lang='lat' dir='ltr'><strong>judicabitur</strong></span> <span class='ocrx_word' id='word_1_98' title='bbox 744 1297 815 1338; x_wconf 92' lang='lat' dir='ltr'><strong>illi.</strong></span> 
     </span>
    </p>

    <p class='ocr_par' dir='ltr' id='par_1_10' title="bbox 133 1352 968 1572">
     <span class='ocr_line' id='line_1_21' title="bbox 188 1352 968 1405; baseline 0.003 -12"><span class='ocrx_word' id='word_1_99' title='bbox 188 1353 410 1405; x_wconf 84' lang='lat' dir='ltr'><strong>Exspecta</strong></span> <span class='ocrx_word' id='word_1_100' title='bbox 436 1352 689 1403; x_wconf 77' lang='lat' dir='ltr'><strong>Deminum‚</strong></span> <span class='ocrx_word' id='word_1_101' title='bbox 724 1359 767 1395; x_wconf 91' lang='lat' dir='ltr'><strong>et</strong></span> <span class='ocrx_word' id='word_1_102' title='bbox 795 1353 968 1395; x_wconf 85' lang='lat' dir='ltr'><strong>custodi</strong></span> 
     </span>
     <span class='ocr_line' id='line_1_22' title="bbox 136 1408 967 1460; baseline 0.004 -12"><span class='ocrx_word' id='word_1_103' title='bbox 136 1408 250 1449; x_wconf 90' lang='lat' dir='ltr'><strong>viam</strong></span> <span class='ocrx_word' id='word_1_104' title='bbox 272 1410 383 1460; x_wconf 89' lang='lat' dir='ltr'><strong>ejus:</strong></span> <span class='ocrx_word' id='word_1_105' title='bbox 408 1414 452 1450; x_wconf 91' lang='lat' dir='ltr'><strong>et</strong></span> <span class='ocrx_word' id='word_1_106' title='bbox 471 1408 682 1450; x_wconf 85' lang='lat' dir='ltr'><strong>exaltabit</strong></span> <span class='ocrx_word' id='word_1_107' title='bbox 701 1415 746 1451; x_wconf 89' lang='lat' dir='ltr'><strong>te</strong></span> <span class='ocrx_word' id='word_1_108' title='bbox 765 1415 813 1451; x_wconf 95' lang='lat' dir='ltr'><strong>ut</strong></span> <span class='ocrx_word' id='word_1_109' title='bbox 831 1409 967 1451; x_wconf 87' lang='lat' dir='ltr'><strong>haere-</strong></span> 
     </span>
     <span class='ocr_line' id='line_1_23' title="bbox 136 1463 966 1518; baseline 0.001 -14"><span class='ocrx_word' id='word_1_110' title='bbox 136 1463 273 1505; x_wconf 89' lang='lat' dir='ltr'><strong>ditate</strong></span> <span class='ocrx_word' id='word_1_111' title='bbox 299 1464 447 1516; x_wconf 87' lang='lat' dir='ltr'><strong>capias</strong></span> <span class='ocrx_word' id='word_1_112' title='bbox 475 1469 656 1506; x_wconf 89' lang='lat' dir='ltr'><strong>terram:</strong></span> <span class='ocrx_word' id='word_1_113' title='bbox 687 1466 711 1490; x_wconf 80' lang='grc'>*</span> <span class='ocrx_word' id='word_1_114' title='bbox 744 1478 844 1506; x_wconf 90' lang='lat' dir='ltr'><strong>cum</strong></span> <span class='ocrx_word' id='word_1_115' title='bbox 870 1479 966 1518; x_wconf 92' lang='lat' dir='ltr'><strong>per-</strong></span> 
     </span>
     <span class='ocr_line' id='line_1_24' title="bbox 133 1519 742 1572; baseline 0.003 -13"><span class='ocrx_word' id='word_1_116' title='bbox 133 1519 263 1561; x_wconf 84' lang='lat' dir='ltr'><strong>ierint</strong></span> <span class='ocrx_word' id='word_1_117' title='bbox 282 1522 540 1572; x_wconf 84' lang='lat' dir='ltr'><strong>peccatores</strong></span> <span class='ocrx_word' id='word_1_118' title='bbox 562 1519 742 1562; x_wconf 90' lang='lat' dir='ltr'><strong>videbis.</strong></span> 
     </span>
    </p>

    <p class='ocr_par' dir='ltr' id='par_1_11' title="bbox 134 1575 966 1675">
     <span class='ocr_line' id='line_1_25' title="bbox 185 1575 966 1628; baseline 0.004 -12"><span class='ocrx_word' id='word_1_119' title='bbox 185 1575 291 1616; x_wconf 92' lang='lat' dir='ltr'><strong>Vidi</strong></span> <span class='ocrx_word' id='word_1_120' title='bbox 314 1576 495 1628; x_wconf 92' lang='lat' dir='ltr'><strong>impium</strong></span> <span class='ocrx_word' id='word_1_121' title='bbox 523 1576 913 1628; x_wconf 85' lang='lat' dir='ltr'><strong>superexaltatum,</strong></span> <span class='ocrx_word' id='word_1_122' title='bbox 942 1578 966 1603; x_wconf 87' lang='lat'>*</span> 
     </span>
     <span class='ocr_line' id='line_1_26' title="bbox 134 1631 907 1675; baseline 0.004 -3"><span class='ocrx_word' id='word_1_123' title='bbox 134 1636 178 1672; x_wconf 89' lang='lat' dir='ltr'><strong>et</strong></span> <span class='ocrx_word' id='word_1_124' title='bbox 197 1631 415 1673; x_wconf 88' lang='lat' dir='ltr'><strong>elevatum</strong></span> <span class='ocrx_word' id='word_1_125' title='bbox 434 1632 546 1674; x_wconf 91' lang='lat' dir='ltr'><strong>sicut</strong></span> <span class='ocrx_word' id='word_1_126' title='bbox 565 1631 723 1674; x_wconf 85' lang='lat' dir='ltr'><strong>cedros</strong></span> <span class='ocrx_word' id='word_1_127' title='bbox 742 1633 907 1675; x_wconf 89' lang='lat' dir='ltr'><strong>Libani.</strong></span> 
     </span>
    </p>

    <p class='ocr_par' dir='ltr' id='par_1_12' title="bbox 131 1688 965 1852">
     <span class='ocr_line' id='line_1_27' title="bbox 184 1688 965 1732; baseline 0.005 -4"><span class='ocrx_word' id='word_1_128' title='bbox 184 1688 242 1729; x_wconf 88' lang='lat' dir='ltr'><strong>Et</strong></span> <span class='ocrx_word' id='word_1_129' title='bbox 259 1688 441 1729; x_wconf 89' lang='lat' dir='ltr'><strong>transivi</strong></span> <span class='ocrx_word' id='word_1_130' title='bbox 458 1693 501 1729; x_wconf 92' lang='lat' dir='ltr'><strong>et</strong></span> <span class='ocrx_word' id='word_1_131' title='bbox 521 1701 624 1730; x_wconf 90' lang='lat' dir='ltr'><strong>ecce</strong></span> <span class='ocrx_word' id='word_1_132' title='bbox 639 1701 727 1730; x_wconf 93' lang='lat' dir='ltr'><strong>non</strong></span> <span class='ocrx_word' id='word_1_133' title='bbox 746 1695 858 1731; x_wconf 91' lang='lat' dir='ltr'><strong>erat:</strong></span> <span class='ocrx_word' id='word_1_134' title='bbox 877 1691 901 1715; x_wconf 86' lang='lat'>*</span> <span class='ocrx_word' id='word_1_135' title='bbox 921 1696 965 1732; x_wconf 92' lang='lat' dir='ltr'><strong>et</strong></span> 
     </span>
     <span class='ocr_line' id='line_1_28' title="bbox 133 1744 964 1795; baseline 0.004 -11"><span class='ocrx_word' id='word_1_136' title='bbox 133 1744 315 1795; x_wconf 87' lang='lat' dir='ltr'><strong>quaesivi</strong></span> <span class='ocrx_word' id='word_1_137' title='bbox 340 1756 455 1794; x_wconf 91' lang='lat' dir='ltr'><strong>eum,</strong></span> <span class='ocrx_word' id='word_1_138' title='bbox 482 1749 526 1786; x_wconf 88' lang='lat' dir='ltr'><strong>et</strong></span> <span class='ocrx_word' id='word_1_139' title='bbox 553 1757 641 1786; x_wconf 91' lang='lat' dir='ltr'><strong>non</strong></span> <span class='ocrx_word' id='word_1_140' title='bbox 670 1750 738 1786; x_wconf 91' lang='lat' dir='ltr'><strong>est</strong></span> <span class='ocrx_word' id='word_1_141' title='bbox 763 1745 964 1788; x_wconf 90' lang='lat' dir='ltr'><strong>inventus</strong></span> 
     </span>
     <span class='ocr_line' id='line_1_29' title="bbox 131 1798 379 1852; baseline 0.004 -13"><span class='ocrx_word' id='word_1_142' title='bbox 131 1798 255 1840; x_wconf 93' lang='lat' dir='ltr'><strong>locus</strong></span> <span class='ocrx_word' id='word_1_143' title='bbox 277 1801 379 1852; x_wconf 91' lang='lat' dir='ltr'><strong>ejus.</strong></span> 
     </span>
    </p>

    <p class='ocr_par' dir='ltr' id='par_1_13' title="bbox 131 1855 963 2021">
     <span class='ocr_line' id='line_1_30' title="bbox 185 1855 963 1908; baseline 0.005 -12"><span class='ocrx_word' id='word_1_144' title='bbox 185 1855 367 1897; x_wconf 79' lang='lat' dir='ltr'><strong>Custodi</strong></span> <span class='ocrx_word' id='word_1_145' title='bbox 411 1857 722 1908; x_wconf 78' lang='lat' dir='ltr'><strong>innocentiam,</strong></span> <span class='ocrx_word' id='word_1_146' title='bbox 774 1863 818 1900; x_wconf 90' lang='lat' dir='ltr'><strong>et</strong></span> <span class='ocrx_word' id='word_1_147' title='bbox 862 1858 963 1900; x_wconf 88' lang='lat' dir='ltr'><strong>vide</strong></span> 
     </span>
     <span class='ocr_line' id='line_1_31' title="bbox 132 1911 963 1967; baseline 0.005 -15"><span class='ocrx_word' id='word_1_148' title='bbox 132 1911 386 1963; x_wconf 86' lang='lat' dir='ltr'><strong>aequitatem</strong></span> <span class='ocrx_word' id='word_1_149' title='bbox 394 1929 401 1952; x_wconf 93' lang='lat'><strong>:</strong></span> <span class='ocrx_word' id='word_1_150' title='bbox 410 1913 434 1938; x_wconf 89' lang='lat'>*</span> <span class='ocrx_word' id='word_1_151' title='bbox 443 1915 649 1965; x_wconf 78' lang='lat' dir='ltr'><strong>queniam</strong></span> <span class='ocrx_word' id='word_1_152' title='bbox 657 1920 758 1956; x_wconf 90' lang='lat' dir='ltr'><strong>sunt</strong></span> <span class='ocrx_word' id='word_1_153' title='bbox 766 1915 963 1967; x_wconf 86' lang='lat' dir='ltr'><strong>reliquiae</strong></span> 
     </span>
     <span class='ocr_line' id='line_1_32' title="bbox 131 1967 514 2021; baseline 0.01 -14"><span class='ocrx_word' id='word_1_154' title='bbox 131 1967 296 2008; x_wconf 78' lang='lat' dir='ltr'><strong>hemini</strong></span> <span class='ocrx_word' id='word_1_155' title='bbox 317 1969 514 2021; x_wconf 89' lang='lat' dir='ltr'><strong>pacifico.</strong></span> 
     </span>
    </p>

    <p class='ocr_par' dir='ltr' id='par_1_14' title="bbox 131 2024 962 2134">
     <span class='ocr_line' id='line_1_33' title="bbox 183 2024 962 2079; baseline 0.005 -15"><span class='ocrx_word' id='word_1_156' title='bbox 183 2024 337 2075; x_wconf 79' lang='lat' dir='ltr'><strong>Iniusti</strong></span> <span class='ocrx_word' id='word_1_157' title='bbox 356 2030 502 2067; x_wconf 88' lang='lat' dir='ltr'><strong>autem</strong></span> <span class='ocrx_word' id='word_1_158' title='bbox 523 2025 798 2079; x_wconf 89' lang='lat' dir='ltr'><strong>disperibunt</strong></span> <span class='ocrx_word' id='word_1_159' title='bbox 820 2028 962 2068; x_wconf 92' lang='lat' dir='ltr'><strong>simul:</strong></span> 
     </span>
     <span class='ocr_line' id='line_1_34' title="bbox 131 2079 892 2134; baseline 0.005 -15"><span class='ocrx_word' id='word_1_160' title='bbox 131 2079 154 2104; x_wconf 93' lang='lat'>*</span> <span class='ocrx_word' id='word_1_161' title='bbox 174 2079 372 2132; x_wconf 88' lang='lat' dir='ltr'><strong>reliquiae</strong></span> <span class='ocrx_word' id='word_1_162' title='bbox 391 2080 625 2134; x_wconf 85' lang='lat' dir='ltr'><strong>impiorum</strong></span> <span class='ocrx_word' id='word_1_163' title='bbox 644 2083 892 2125; x_wconf 91' lang='lat' dir='ltr'><strong>interibunt.</strong></span> 
     </span>
    </p>

    <p class='ocr_par' dir='ltr' id='par_1_15' title="bbox 129 2135 962 2288">
     <span class='ocr_line' id='line_1_35' title="bbox 182 2135 962 2189; baseline 0.004 -13"><span class='ocrx_word' id='word_1_164' title='bbox 182 2135 306 2176; x_wconf 90' lang='lat' dir='ltr'><strong>Salus</strong></span> <span class='ocrx_word' id='word_1_165' title='bbox 322 2141 468 2178; x_wconf 91' lang='lat' dir='ltr'><strong>autem</strong></span> <span class='ocrx_word' id='word_1_166' title='bbox 483 2138 696 2189; x_wconf 85' lang='lat' dir='ltr'><strong>justorum</strong></span> <span class='ocrx_word' id='word_1_167' title='bbox 715 2152 741 2180; x_wconf 90' lang='lat' dir='ltr'><strong>a</strong></span> <span class='ocrx_word' id='word_1_168' title='bbox 754 2139 962 2181; x_wconf 85' lang='lat' dir='ltr'><strong>Domino:</strong></span> 
     </span>
     <span class='ocr_line' id='line_1_36' title="bbox 130 2190 960 2247; baseline 0.007 -16"><span class='ocrx_word' id='word_1_169' title='bbox 130 2190 153 2216; x_wconf 88' lang='lat'>*</span> <span class='ocrx_word' id='word_1_170' title='bbox 184 2195 228 2232; x_wconf 91' lang='lat' dir='ltr'><strong>et</strong></span> <span class='ocrx_word' id='word_1_171' title='bbox 251 2194 476 2243; x_wconf 88' lang='lat' dir='ltr'><strong>protector</strong></span> <span class='ocrx_word' id='word_1_172' title='bbox 509 2196 662 2235; x_wconf 76' lang='lat' dir='ltr'><strong>eerum</strong></span> <span class='ocrx_word' id='word_1_173' title='bbox 689 2195 733 2235; x_wconf 92' lang='lat' dir='ltr'><strong>in</strong></span> <span class='ocrx_word' id='word_1_174' title='bbox 760 2197 960 2247; x_wconf 86' lang='lat' dir='ltr'><strong>tempore</strong></span> 
     </span>
     <span class='ocr_line' id='line_1_37' title="bbox 129 2246 433 2288; baseline 0.007 -2"><span class='ocrx_word' id='word_1_175' title='bbox 129 2246 433 2288; x_wconf 81' lang='lat' dir='ltr'><strong>tribulati6nis.</strong></span> 
     </span>
    </p>

    <p class='ocr_par' dir='ltr' id='par_1_16' title="bbox 128 2302 959 2511">
     <span class='ocr_line' id='line_1_38' title="bbox 181 2302 958 2354; baseline 0.008 -12"><span class='ocrx_word' id='word_1_176' title='bbox 181 2303 238 2343; x_wconf 87' lang='lat' dir='ltr'><strong>Et</strong></span> <span class='ocrx_word' id='word_1_177' title='bbox 261 2302 484 2354; x_wconf 88' lang='lat' dir='ltr'><strong>adjuvabit</strong></span> <span class='ocrx_word' id='word_1_178' title='bbox 511 2317 588 2346; x_wconf 91' lang='lat' dir='ltr'><strong>eos</strong></span> <span class='ocrx_word' id='word_1_179' title='bbox 607 2306 822 2347; x_wconf 76' lang='lat' dir='ltr'><strong>Deminus</strong></span> <span class='ocrx_word' id='word_1_180' title='bbox 844 2312 887 2348; x_wconf 93' lang='lat' dir='ltr'><strong>et</strong></span> <span class='ocrx_word' id='word_1_181' title='bbox 912 2307 958 2348; x_wconf 92' lang='lat' dir='ltr'><strong>li-</strong></span> 
     </span>
     <span class='ocr_line' id='line_1_39' title="bbox 128 2357 959 2414; baseline 0.008 -17"><span class='ocrx_word' id='word_1_182' title='bbox 128 2357 302 2399; x_wconf 91' lang='lat' dir='ltr'><strong>berabit</strong></span> <span class='ocrx_word' id='word_1_183' title='bbox 319 2371 414 2399; x_wconf 87' lang='lat' dir='ltr'><strong>eos:</strong></span> <span class='ocrx_word' id='word_1_184' title='bbox 433 2360 456 2384; x_wconf 87' lang='lat'>*</span> <span class='ocrx_word' id='word_1_185' title='bbox 477 2365 521 2401; x_wconf 91' lang='lat' dir='ltr'><strong>et</strong></span> <span class='ocrx_word' id='word_1_186' title='bbox 537 2363 660 2403; x_wconf 89' lang='lat' dir='ltr'><strong>eruet</strong></span> <span class='ocrx_word' id='word_1_187' title='bbox 675 2374 751 2403; x_wconf 90' lang='lat' dir='ltr'><strong>eos</strong></span> <span class='ocrx_word' id='word_1_188' title='bbox 767 2375 792 2403; x_wconf 93' lang='lat' dir='ltr'><strong>a</strong></span> <span class='ocrx_word' id='word_1_189' title='bbox 807 2375 959 2414; x_wconf 87' lang='lat' dir='ltr'><strong>pecca-</strong></span> 
     </span>
     <span class='ocr_line' id='line_1_40' title="bbox 128 2413 958 2471; baseline 0.007 -17"><span class='ocrx_word' id='word_1_190' title='bbox 128 2413 308 2463; x_wconf 85' lang='lat' dir='ltr'><strong>toribus,</strong></span> <span class='ocrx_word' id='word_1_191' title='bbox 326 2419 369 2456; x_wconf 90' lang='lat' dir='ltr'><strong>et</strong></span> <span class='ocrx_word' id='word_1_192' title='bbox 383 2414 570 2458; x_wconf 87' lang='lat' dir='ltr'><strong>salvabit</strong></span> <span class='ocrx_word' id='word_1_193' title='bbox 585 2430 678 2458; x_wconf 92' lang='lat' dir='ltr'><strong>eos:</strong></span> <span class='ocrx_word' id='word_1_194' title='bbox 695 2418 797 2469; x_wconf 94' lang='lat' dir='ltr'><strong>quia</strong></span> <span class='ocrx_word' id='word_1_195' title='bbox 812 2431 958 2471; x_wconf 88' lang='lat' dir='ltr'><strong>spera-</strong></span> 
     </span>
     <span class='ocr_line' id='line_1_41' title="bbox 129 2470 432 2511; baseline 0.003 -1"><span class='ocrx_word' id='word_1_196' title='bbox 129 2471 286 2511; x_wconf 88' lang='lat' dir='ltr'><strong>verunt</strong></span> <span class='ocrx_word' id='word_1_197' title='bbox 304 2470 347 2510; x_wconf 92' lang='lat' dir='ltr'><strong>in</strong></span> <span class='ocrx_word' id='word_1_198' title='bbox 368 2483 432 2511; x_wconf 90' lang='lat' dir='ltr'><strong>eo.</strong></span> 
     </span>
    </p>

    <p class='ocr_par' dir='ltr' id='par_1_17' title="bbox 127 2530 957 2744">
     <span class='ocr_line' id='line_1_42' title="bbox 404 2530 686 2574; baseline 0.014 -4"><span class='ocrx_word' id='word_1_199' title='bbox 404 2530 602 2573; x_wconf 90' lang='lat' dir='ltr'><strong>Psalmus</strong></span> <span class='ocrx_word' id='word_1_200' title='bbox 622 2534 686 2574; x_wconf 88' lang='lat'><strong>37.</strong></span> 
     </span>
     <span class='ocr_line' id='line_1_43' title="bbox 218 2582 957 2637; baseline 0.008 -16"><span class='ocrx_word' id='word_1_201' title='bbox 218 2582 362 2623; x_wconf 80' lang='lat' dir='ltr'><strong>emine</strong></span> <span class='ocrx_word' id='word_1_202' title='bbox 387 2595 440 2623; x_wconf 90' lang='lat' dir='ltr'><strong>ne</strong></span> <span class='ocrx_word' id='word_1_203' title='bbox 466 2583 509 2623; x_wconf 90' lang='lat' dir='ltr'><strong>in</strong></span> <span class='ocrx_word' id='word_1_204' title='bbox 528 2584 674 2625; x_wconf 85' lang='lat' dir='ltr'><strong>furore</strong></span> <span class='ocrx_word' id='word_1_205' title='bbox 698 2590 775 2626; x_wconf 91' lang='lat' dir='ltr'><strong>tuo</strong></span> <span class='ocrx_word' id='word_1_206' title='bbox 800 2588 957 2637; x_wconf 88' lang='lat' dir='ltr'><strong>arguas</strong></span> 
     </span>
     <span class='ocr_line' id='line_1_44' title="bbox 222 2639 956 2691; baseline 0.008 -14"><span class='ocrx_word' id='word_1_207' title='bbox 222 2650 303 2687; x_wconf 87' lang='lat' dir='ltr'><strong>me,</strong></span> <span class='ocrx_word' id='word_1_208' title='bbox 332 2639 355 2663; x_wconf 89' lang='lat'>*</span> <span class='ocrx_word' id='word_1_209' title='bbox 386 2652 528 2691; x_wconf 90' lang='lat' dir='ltr'><strong>neque</strong></span> <span class='ocrx_word' id='word_1_210' title='bbox 556 2639 600 2680; x_wconf 93' lang='lat' dir='ltr'><strong>in</strong></span> <span class='ocrx_word' id='word_1_211' title='bbox 630 2641 695 2681; x_wconf 90' lang='lat' dir='ltr'><strong>ira</strong></span> <span class='ocrx_word' id='word_1_212' title='bbox 721 2646 796 2682; x_wconf 92' lang='lat' dir='ltr'><strong>tua</strong></span> <span class='ocrx_word' id='word_1_213' title='bbox 825 2646 956 2684; x_wconf 91' lang='lat' dir='ltr'><strong>corri-</strong></span> 
     </span>
     <span class='ocr_line' id='line_1_45' title="bbox 127 2692 321 2744; baseline 0.005 -12"><span class='ocrx_word' id='word_1_214' title='bbox 127 2692 222 2744; x_wconf 87' lang='lat' dir='ltr'><strong>pias</strong></span> <span class='ocrx_word' id='word_1_215' title='bbox 240 2706 321 2734; x_wconf 89' lang='lat' dir='ltr'><strong>me.</strong></span> 
     </span>
    </p>
   </div>
   <div class='ocr_carea' id='block_1_3' title="bbox 1010 288 1859 2748">
    <p class='ocr_par' dir='ltr' id='par_1_18' title="bbox 1025 288 1859 441">
     <span class='ocr_line' id='line_1_46' title="bbox 1080 288 1859 340; baseline 0.01 -13"><span class='ocrx_word' id='word_1_216' title='bbox 1080 288 1296 337; x_wconf 84' lang='lat' dir='ltr'><strong>Quoniam</strong></span> <span class='ocrx_word' id='word_1_217' title='bbox 1307 293 1478 340; x_wconf 87' lang='lat' dir='ltr'><strong>sagittae</strong></span> <span class='ocrx_word' id='word_1_218' title='bbox 1492 297 1580 333; x_wconf 87' lang='lat' dir='ltr'><strong>tuae</strong></span> <span class='ocrx_word' id='word_1_219' title='bbox 1595 293 1742 334; x_wconf 84' lang='lat' dir='ltr'><strong>infixae</strong></span> <span class='ocrx_word' id='word_1_220' title='bbox 1758 300 1859 336; x_wconf 89' lang='lat' dir='ltr'><strong>sunt</strong></span> 
     </span>
     <span class='ocr_line' id='line_1_47' title="bbox 1026 343 1857 402; baseline 0.011 -19"><span class='ocrx_word' id='word_1_221' title='bbox 1026 343 1150 384; x_wconf 88' lang='lat' dir='ltr'><strong>mihi:</strong></span> <span class='ocrx_word' id='word_1_222' title='bbox 1183 344 1206 369; x_wconf 86' lang='lat'>*</span> <span class='ocrx_word' id='word_1_223' title='bbox 1239 350 1283 386; x_wconf 91' lang='lat' dir='ltr'><strong>et</strong></span> <span class='ocrx_word' id='word_1_224' title='bbox 1321 346 1590 390; x_wconf 87' lang='lat' dir='ltr'><strong>confirmasti</strong></span> <span class='ocrx_word' id='word_1_225' title='bbox 1623 362 1755 402; x_wconf 91' lang='lat' dir='ltr'><strong>super</strong></span> <span class='ocrx_word' id='word_1_226' title='bbox 1787 363 1857 392; x_wconf 89' lang='lat' dir='ltr'><strong>me</strong></span> 
     </span>
     <span class='ocr_line' id='line_1_48' title="bbox 1025 405 1352 441; baseline 0.006 -2"><span class='ocrx_word' id='word_1_227' title='bbox 1025 412 1202 440; x_wconf 90' lang='lat' dir='ltr'><strong>manum</strong></span> <span class='ocrx_word' id='word_1_228' title='bbox 1221 405 1352 441; x_wconf 89' lang='lat' dir='ltr'><strong>tuam.</strong></span> 
     </span>
    </p>

    <p class='ocr_par' dir='ltr' id='par_1_19' title="bbox 1025 460 1858 626">
     <span class='ocr_line' id='line_1_49' title="bbox 1077 460 1858 507; baseline 0.01 -7"><span class='ocrx_word' id='word_1_229' title='bbox 1077 460 1179 501; x_wconf 92' lang='lat' dir='ltr'><strong>Non</strong></span> <span class='ocrx_word' id='word_1_230' title='bbox 1206 466 1272 502; x_wconf 89' lang='lat' dir='ltr'><strong>est</strong></span> <span class='ocrx_word' id='word_1_231' title='bbox 1299 462 1462 503; x_wconf 78' lang='lat' dir='ltr'><strong>sanitas</strong></span> <span class='ocrx_word' id='word_1_232' title='bbox 1487 463 1531 503; x_wconf 93' lang='lat' dir='ltr'><strong>in</strong></span> <span class='ocrx_word' id='word_1_233' title='bbox 1556 478 1685 506; x_wconf 87' lang='lat' dir='ltr'><strong>carne</strong></span> <span class='ocrx_word' id='word_1_234' title='bbox 1710 479 1809 507; x_wconf 89' lang='lat' dir='ltr'><strong>mea</strong></span> <span class='ocrx_word' id='word_1_235' title='bbox 1833 480 1858 507; x_wconf 92' lang='lat' dir='ltr'><strong>a</strong></span> 
     </span>
     <span class='ocr_line' id='line_1_50' title="bbox 1025 516 1857 572; baseline 0.008 -16"><span class='ocrx_word' id='word_1_236' title='bbox 1025 516 1137 557; x_wconf 88' lang='lat' dir='ltr'><strong>facie</strong></span> <span class='ocrx_word' id='word_1_237' title='bbox 1152 516 1229 557; x_wconf 91' lang='lat' dir='ltr'><strong>irae</strong></span> <span class='ocrx_word' id='word_1_238' title='bbox 1245 522 1348 558; x_wconf 84' lang='lat' dir='ltr'><strong>tuae:</strong></span> <span class='ocrx_word' id='word_1_239' title='bbox 1360 519 1383 543; x_wconf 88' lang='lat'>*</span> <span class='ocrx_word' id='word_1_240' title='bbox 1395 531 1482 559; x_wconf 93' lang='lat' dir='ltr'><strong>non</strong></span> <span class='ocrx_word' id='word_1_241' title='bbox 1499 525 1565 561; x_wconf 91' lang='lat' dir='ltr'><strong>est</strong></span> <span class='ocrx_word' id='word_1_242' title='bbox 1580 534 1667 572; x_wconf 85' lang='lat' dir='ltr'><strong>pax</strong></span> <span class='ocrx_word' id='word_1_243' title='bbox 1684 522 1857 563; x_wconf 77' lang='lat' dir='ltr'><strong>essibus</strong></span> 
     </span>
     <span class='ocr_line' id='line_1_51' title="bbox 1025 572 1857 626; baseline 0.01 -15"><span class='ocrx_word' id='word_1_244' title='bbox 1025 572 1134 613; x_wconf 92' lang='lat' dir='ltr'><strong>meis</strong></span> <span class='ocrx_word' id='word_1_245' title='bbox 1159 585 1183 613; x_wconf 88' lang='lat' dir='ltr'><strong>a</strong></span> <span class='ocrx_word' id='word_1_246' title='bbox 1204 573 1314 614; x_wconf 87' lang='lat' dir='ltr'><strong>facie</strong></span> <span class='ocrx_word' id='word_1_247' title='bbox 1339 578 1623 626; x_wconf 85' lang='lat' dir='ltr'><strong>peccatorum</strong></span> <span class='ocrx_word' id='word_1_248' title='bbox 1647 580 1857 619; x_wconf 78' lang='lat' dir='ltr'><strong>meerum.</strong></span> 
     </span>
    </p>

    <p class='ocr_par' dir='ltr' id='par_1_20' title="bbox 1024 630 1857 801">
     <span class='ocr_line' id='line_1_52' title="bbox 1078 630 1856 690; baseline 0.009 -18"><span class='ocrx_word' id='word_1_249' title='bbox 1078 630 1295 683; x_wconf 82' lang='lat' dir='ltr'><strong>Quoniam</strong></span> <span class='ocrx_word' id='word_1_250' title='bbox 1315 634 1567 686; x_wconf 78' lang='lat' dir='ltr'><strong>iniquitates</strong></span> <span class='ocrx_word' id='word_1_251' title='bbox 1582 650 1693 678; x_wconf 88' lang='lat' dir='ltr'><strong>meae</strong></span> <span class='ocrx_word' id='word_1_252' title='bbox 1709 651 1856 690; x_wconf 92' lang='lat' dir='ltr'><strong>super-</strong></span> 
     </span>
     <span class='ocr_line' id='line_1_53' title="bbox 1024 691 1857 742; baseline 0.008 -13"><span class='ocrx_word' id='word_1_253' title='bbox 1024 691 1190 739; x_wconf 87' lang='lat' dir='ltr'><strong>gressae</strong></span> <span class='ocrx_word' id='word_1_254' title='bbox 1206 695 1307 731; x_wconf 92' lang='lat' dir='ltr'><strong>sunt</strong></span> <span class='ocrx_word' id='word_1_255' title='bbox 1322 696 1454 742; x_wconf 90' lang='lat' dir='ltr'><strong>caput</strong></span> <span class='ocrx_word' id='word_1_256' title='bbox 1468 705 1632 732; x_wconf 89' lang='lat' dir='ltr'><strong>meum:</strong></span> <span class='ocrx_word' id='word_1_257' title='bbox 1649 694 1671 718; x_wconf 94' lang='lat'>*</span> <span class='ocrx_word' id='word_1_258' title='bbox 1688 699 1730 735; x_wconf 92' lang='lat' dir='ltr'><strong>et</strong></span> <span class='ocrx_word' id='word_1_259' title='bbox 1746 695 1857 736; x_wconf 91' lang='lat' dir='ltr'><strong>sicut</strong></span> 
     </span>
     <span class='ocr_line' id='line_1_54' title="bbox 1027 749 1855 801; baseline 0.007 -16"><span class='ocrx_word' id='word_1_260' title='bbox 1027 757 1137 786; x_wconf 92' lang='lat' dir='ltr'><strong>onus</strong></span> <span class='ocrx_word' id='word_1_261' title='bbox 1153 758 1287 795; x_wconf 83' lang='lat' dir='ltr'><strong>grave</strong></span> <span class='ocrx_word' id='word_1_262' title='bbox 1303 749 1497 797; x_wconf 86' lang='lat' dir='ltr'><strong>gravatae</strong></span> <span class='ocrx_word' id='word_1_263' title='bbox 1513 754 1613 790; x_wconf 93' lang='lat' dir='ltr'><strong>sunt</strong></span> <span class='ocrx_word' id='word_1_264' title='bbox 1629 762 1760 801; x_wconf 92' lang='lat' dir='ltr'><strong>super</strong></span> <span class='ocrx_word' id='word_1_265' title='bbox 1775 764 1855 791; x_wconf 93' lang='lat' dir='ltr'><strong>me.</strong></span> 
     </span>
    </p>

    <p class='ocr_par' dir='ltr' id='par_1_21' title="bbox 1023 805 1856 959">
     <span class='ocr_line' id='line_1_55' title="bbox 1078 805 1855 861; baseline 0.008 -16"><span class='ocrx_word' id='word_1_266' title='bbox 1078 805 1346 848; x_wconf 89' lang='lat' dir='ltr'><strong>Putruerunt</strong></span> <span class='ocrx_word' id='word_1_267' title='bbox 1370 812 1413 848; x_wconf 93' lang='lat' dir='ltr'><strong>et</strong></span> <span class='ocrx_word' id='word_1_268' title='bbox 1439 812 1661 861; x_wconf 80' lang='lat' dir='ltr'><strong>corruptae</strong></span> <span class='ocrx_word' id='word_1_269' title='bbox 1682 815 1781 851; x_wconf 89' lang='lat' dir='ltr'><strong>sunt</strong></span> <span class='ocrx_word' id='word_1_270' title='bbox 1801 811 1855 851; x_wconf 93' lang='lat' dir='ltr'><strong>ci-</strong></span> 
     </span>
     <span class='ocr_line' id='line_1_56' title="bbox 1025 864 1856 918; baseline 0.006 -16"><span class='ocrx_word' id='word_1_271' title='bbox 1025 864 1210 903; x_wconf 91' lang='lat' dir='ltr'><strong>catrices</strong></span> <span class='ocrx_word' id='word_1_272' title='bbox 1231 876 1358 912; x_wconf 86' lang='lat' dir='ltr'><strong>meae,</strong></span> <span class='ocrx_word' id='word_1_273' title='bbox 1379 864 1402 888; x_wconf 88' lang='lat'>*</span> <span class='ocrx_word' id='word_1_274' title='bbox 1424 877 1449 904; x_wconf 92' lang='lat' dir='ltr'><strong>a</strong></span> <span class='ocrx_word' id='word_1_275' title='bbox 1468 864 1578 906; x_wconf 84' lang='lat' dir='ltr'><strong>facie</strong></span> <span class='ocrx_word' id='word_1_276' title='bbox 1597 866 1856 918; x_wconf 80' lang='lat' dir='ltr'><strong>insipientiae</strong></span> 
     </span>
     <span class='ocr_line' id='line_1_57' title="bbox 1023 930 1145 959; baseline 0 -1"><span class='ocrx_word' id='word_1_277' title='bbox 1023 930 1145 959; x_wconf 86' lang='lat' dir='ltr'><strong>meae.</strong></span> 
     </span>
    </p>

    <p class='ocr_par' dir='ltr' id='par_1_22' title="bbox 1023 978 1856 1141">
     <span class='ocr_line' id='line_1_58' title="bbox 1076 978 1856 1029; baseline 0.006 -11"><span class='ocrx_word' id='word_1_278' title='bbox 1076 978 1210 1019; x_wconf 90' lang='lat' dir='ltr'><strong>Miser</strong></span> <span class='ocrx_word' id='word_1_279' title='bbox 1220 979 1361 1020; x_wconf 88' lang='lat' dir='ltr'><strong>factus</strong></span> <span class='ocrx_word' id='word_1_280' title='bbox 1373 992 1478 1029; x_wconf 89' lang='lat' dir='ltr'><strong>sum,</strong></span> <span class='ocrx_word' id='word_1_281' title='bbox 1488 985 1531 1021; x_wconf 92' lang='lat' dir='ltr'><strong>et</strong></span> <span class='ocrx_word' id='word_1_282' title='bbox 1542 984 1749 1023; x_wconf 90' lang='lat' dir='ltr'><strong>curvatus</strong></span> <span class='ocrx_word' id='word_1_283' title='bbox 1761 995 1856 1023; x_wconf 92' lang='lat' dir='ltr'><strong>sum</strong></span> 
     </span>
     <span class='ocr_line' id='line_1_59' title="bbox 1023 1035 1856 1086; baseline 0.007 -12"><span class='ocrx_word' id='word_1_284' title='bbox 1023 1047 1163 1086; x_wconf 92' lang='lat' dir='ltr'><strong>usque</strong></span> <span class='ocrx_word' id='word_1_285' title='bbox 1192 1035 1234 1075; x_wconf 94' lang='lat' dir='ltr'><strong>in</strong></span> <span class='ocrx_word' id='word_1_286' title='bbox 1264 1035 1414 1076; x_wconf 88' lang='lat' dir='ltr'><strong>finem:</strong></span> <span class='ocrx_word' id='word_1_287' title='bbox 1442 1037 1465 1062; x_wconf 87' lang='lat'>*</span> <span class='ocrx_word' id='word_1_288' title='bbox 1493 1041 1588 1078; x_wconf 86' lang='lat' dir='ltr'><strong>tota</strong></span> <span class='ocrx_word' id='word_1_289' title='bbox 1608 1037 1677 1079; x_wconf 91' lang='lat' dir='ltr'><strong>die</strong></span> <span class='ocrx_word' id='word_1_290' title='bbox 1699 1040 1856 1080; x_wconf 91' lang='lat' dir='ltr'><strong>contri-</strong></span> 
     </span>
     <span class='ocr_line' id='line_1_60' title="bbox 1023 1091 1467 1141; baseline 0.007 -11"><span class='ocrx_word' id='word_1_291' title='bbox 1023 1092 1163 1131; x_wconf 92' lang='lat' dir='ltr'><strong>status</strong></span> <span class='ocrx_word' id='word_1_292' title='bbox 1179 1091 1467 1141; x_wconf 85' lang='lat' dir='ltr'><strong>ingrediebar.</strong></span> 
     </span>
    </p>

    <p class='ocr_par' dir='ltr' id='par_1_23' title="bbox 1021 1151 1856 1304">
     <span class='ocr_line' id='line_1_61' title="bbox 1076 1151 1856 1206; baseline 0.008 -15"><span class='ocrx_word' id='word_1_293' title='bbox 1076 1151 1292 1200; x_wconf 79' lang='lat' dir='ltr'><strong>Queniam</strong></span> <span class='ocrx_word' id='word_1_294' title='bbox 1310 1151 1447 1193; x_wconf 92' lang='lat' dir='ltr'><strong>lumbi</strong></span> <span class='ocrx_word' id='word_1_295' title='bbox 1466 1153 1552 1194; x_wconf 90' lang='lat' dir='ltr'><strong>mei</strong></span> <span class='ocrx_word' id='word_1_296' title='bbox 1568 1154 1735 1206; x_wconf 90' lang='lat' dir='ltr'><strong>impleti</strong></span> <span class='ocrx_word' id='word_1_297' title='bbox 1756 1161 1856 1197; x_wconf 91' lang='lat' dir='ltr'><strong>sunt</strong></span> 
     </span>
     <span class='ocr_line' id='line_1_62' title="bbox 1021 1206 1855 1253; baseline 0.008 -7"><span class='ocrx_word' id='word_1_298' title='bbox 1021 1206 1314 1248; x_wconf 85' lang='lat' dir='ltr'><strong>illusionibus:</strong></span> <span class='ocrx_word' id='word_1_299' title='bbox 1334 1209 1357 1234; x_wconf 86' lang='lat'>*</span> <span class='ocrx_word' id='word_1_300' title='bbox 1373 1214 1416 1250; x_wconf 90' lang='lat' dir='ltr'><strong>et</strong></span> <span class='ocrx_word' id='word_1_301' title='bbox 1435 1222 1523 1250; x_wconf 94' lang='lat' dir='ltr'><strong>non</strong></span> <span class='ocrx_word' id='word_1_302' title='bbox 1543 1215 1610 1251; x_wconf 87' lang='lat' dir='ltr'><strong>est</strong></span> <span class='ocrx_word' id='word_1_303' title='bbox 1631 1211 1792 1253; x_wconf 76' lang='lat' dir='ltr'><strong>sanitas</strong></span> <span class='ocrx_word' id='word_1_304' title='bbox 1812 1212 1855 1252; x_wconf 88' lang='lat' dir='ltr'><strong>in</strong></span> 
     </span>
     <span class='ocr_line' id='line_1_63' title="bbox 1023 1276 1280 1304; baseline 0.004 -1"><span class='ocrx_word' id='word_1_305' title='bbox 1023 1276 1153 1304; x_wconf 87' lang='lat' dir='ltr'><strong>carne</strong></span> <span class='ocrx_word' id='word_1_306' title='bbox 1172 1277 1280 1304; x_wconf 88' lang='lat' dir='ltr'><strong>mea.</strong></span> 
     </span>
    </p>

    <p class='ocr_par' dir='ltr' id='par_1_24' title="bbox 1020 1323 1854 1476">
     <span class='ocr_line' id='line_1_64' title="bbox 1074 1323 1854 1374; baseline 0.008 -11"><span class='ocrx_word' id='word_1_307' title='bbox 1074 1323 1277 1365; x_wconf 85' lang='lat' dir='ltr'><strong>Afflictus</strong></span> <span class='ocrx_word' id='word_1_308' title='bbox 1298 1337 1404 1374; x_wconf 84' lang='lat' dir='ltr'><strong>sum,</strong></span> <span class='ocrx_word' id='word_1_309' title='bbox 1425 1330 1468 1366; x_wconf 90' lang='lat' dir='ltr'><strong>et</strong></span> <span class='ocrx_word' id='word_1_310' title='bbox 1485 1325 1738 1368; x_wconf 85' lang='lat' dir='ltr'><strong>humiliatus</strong></span> <span class='ocrx_word' id='word_1_311' title='bbox 1758 1341 1854 1368; x_wconf 93' lang='lat' dir='ltr'><strong>sum</strong></span> 
     </span>
     <span class='ocr_line' id='line_1_65' title="bbox 1020 1379 1853 1432; baseline 0.007 -13"><span class='ocrx_word' id='word_1_312' title='bbox 1020 1379 1166 1420; x_wconf 92' lang='lat' dir='ltr'><strong>nimis:</strong></span> <span class='ocrx_word' id='word_1_313' title='bbox 1186 1380 1209 1405; x_wconf 90' lang='lat'>*</span> <span class='ocrx_word' id='word_1_314' title='bbox 1230 1380 1456 1430; x_wconf 82' lang='lat' dir='ltr'><strong>rugiebam</strong></span> <span class='ocrx_word' id='word_1_315' title='bbox 1476 1394 1501 1422; x_wconf 90' lang='lat' dir='ltr'><strong>a</strong></span> <span class='ocrx_word' id='word_1_316' title='bbox 1519 1382 1684 1432; x_wconf 88' lang='lat' dir='ltr'><strong>gemitu</strong></span> <span class='ocrx_word' id='word_1_317' title='bbox 1707 1384 1853 1425; x_wconf 90' lang='lat' dir='ltr'><strong>cordis</strong></span> 
     </span>
     <span class='ocr_line' id='line_1_66' title="bbox 1020 1436 1116 1476; baseline -0.01 0"><span class='ocrx_word' id='word_1_318' title='bbox 1020 1436 1116 1476; x_wconf 91' lang='lat' dir='ltr'><strong>mei.</strong></span> 
     </span>
    </p>

    <p class='ocr_par' dir='ltr' id='par_1_25' title="bbox 1018 1496 1852 1650">
     <span class='ocr_line' id='line_1_67' title="bbox 1071 1496 1852 1546; baseline 0.008 -11"><span class='ocrx_word' id='word_1_319' title='bbox 1071 1496 1271 1546; x_wconf 82' lang='lat' dir='ltr'><strong>Domine,</strong></span> <span class='ocrx_word' id='word_1_320' title='bbox 1280 1502 1380 1538; x_wconf 90' lang='lat' dir='ltr'><strong>ante</strong></span> <span class='ocrx_word' id='word_1_321' title='bbox 1390 1502 1434 1539; x_wconf 91' lang='lat' dir='ltr'><strong>te</strong></span> <span class='ocrx_word' id='word_1_322' title='bbox 1445 1511 1573 1539; x_wconf 91' lang='lat' dir='ltr'><strong>omne</strong></span> <span class='ocrx_word' id='word_1_323' title='bbox 1586 1498 1852 1541; x_wconf 91' lang='lat' dir='ltr'><strong>desiderium</strong></span> 
     </span>
     <span class='ocr_line' id='line_1_68' title="bbox 1018 1553 1852 1603; baseline 0.007 -12"><span class='ocrx_word' id='word_1_324' title='bbox 1018 1564 1181 1593; x_wconf 91' lang='lat' dir='ltr'><strong>meum:</strong></span> <span class='ocrx_word' id='word_1_325' title='bbox 1200 1553 1223 1577; x_wconf 88' lang='lat'>*</span> <span class='ocrx_word' id='word_1_326' title='bbox 1244 1558 1287 1594; x_wconf 90' lang='lat' dir='ltr'><strong>et</strong></span> <span class='ocrx_word' id='word_1_327' title='bbox 1305 1554 1492 1603; x_wconf 85' lang='lat' dir='ltr'><strong>gemitus</strong></span> <span class='ocrx_word' id='word_1_328' title='bbox 1512 1567 1636 1595; x_wconf 91' lang='lat' dir='ltr'><strong>meus</strong></span> <span class='ocrx_word' id='word_1_329' title='bbox 1656 1569 1681 1596; x_wconf 92' lang='lat' dir='ltr'><strong>a</strong></span> <span class='ocrx_word' id='word_1_330' title='bbox 1700 1561 1743 1597; x_wconf 91' lang='lat' dir='ltr'><strong>te</strong></span> <span class='ocrx_word' id='word_1_331' title='bbox 1765 1570 1852 1597; x_wconf 93' lang='lat' dir='ltr'><strong>non</strong></span> 
     </span>
     <span class='ocr_line' id='line_1_69' title="bbox 1019 1607 1402 1650; baseline 0.005 -2"><span class='ocrx_word' id='word_1_332' title='bbox 1019 1613 1087 1649; x_wconf 90' lang='lat' dir='ltr'><strong>est</strong></span> <span class='ocrx_word' id='word_1_333' title='bbox 1106 1607 1402 1650; x_wconf 82' lang='lat' dir='ltr'><strong>absconditus.</strong></span> 
     </span>
    </p>

    <p class='ocr_par' dir='ltr' id='par_1_26' title="bbox 1016 1668 1851 1878">
     <span class='ocr_line' id='line_1_70' title="bbox 1071 1668 1850 1722; baseline 0.006 -13"><span class='ocrx_word' id='word_1_334' title='bbox 1071 1668 1158 1710; x_wconf 91' lang='lat' dir='ltr'><strong>Cor</strong></span> <span class='ocrx_word' id='word_1_335' title='bbox 1175 1682 1322 1710; x_wconf 91' lang='lat' dir='ltr'><strong>meum</strong></span> <span class='ocrx_word' id='word_1_336' title='bbox 1343 1672 1653 1713; x_wconf 87' lang='lat' dir='ltr'><strong>conturbatum</strong></span> <span class='ocrx_word' id='word_1_337' title='bbox 1674 1677 1756 1722; x_wconf 88' lang='lat' dir='ltr'><strong>est,</strong></span> <span class='ocrx_word' id='word_1_338' title='bbox 1780 1672 1850 1714; x_wconf 92' lang='lat' dir='ltr'><strong>de-</strong></span> 
     </span>
     <span class='ocr_line' id='line_1_71' title="bbox 1018 1724 1850 1776; baseline 0.006 -12"><span class='ocrx_word' id='word_1_339' title='bbox 1018 1724 1194 1776; x_wconf 88' lang='lat' dir='ltr'><strong>reliquit</strong></span> <span class='ocrx_word' id='word_1_340' title='bbox 1214 1738 1283 1766; x_wconf 88' lang='lat' dir='ltr'><strong>rne</strong></span> <span class='ocrx_word' id='word_1_341' title='bbox 1304 1726 1443 1768; x_wconf 90' lang='lat' dir='ltr'><strong>virtus</strong></span> <span class='ocrx_word' id='word_1_342' title='bbox 1462 1741 1578 1768; x_wconf 92' lang='lat' dir='ltr'><strong>mea:</strong></span> <span class='ocrx_word' id='word_1_343' title='bbox 1598 1729 1621 1753; x_wconf 91' lang='lat'>*</span> <span class='ocrx_word' id='word_1_344' title='bbox 1642 1734 1685 1769; x_wconf 93' lang='lat' dir='ltr'><strong>et</strong></span> <span class='ocrx_word' id='word_1_345' title='bbox 1704 1728 1850 1770; x_wconf 92' lang='lat' dir='ltr'><strong>lumen</strong></span> 
     </span>
     <span class='ocr_line' id='line_1_72' title="bbox 1019 1780 1851 1836; baseline 0.007 -16"><span class='ocrx_word' id='word_1_346' title='bbox 1019 1780 1247 1821; x_wconf 81' lang='lat' dir='ltr'><strong>oculorum</strong></span> <span class='ocrx_word' id='word_1_347' title='bbox 1257 1784 1467 1833; x_wconf 83' lang='lat' dir='ltr'><strong>meorum,</strong></span> <span class='ocrx_word' id='word_1_348' title='bbox 1477 1788 1520 1825; x_wconf 92' lang='lat' dir='ltr'><strong>et</strong></span> <span class='ocrx_word' id='word_1_349' title='bbox 1530 1784 1674 1836; x_wconf 90' lang='lat' dir='ltr'><strong>ipsum</strong></span> <span class='ocrx_word' id='word_1_350' title='bbox 1685 1797 1772 1825; x_wconf 94' lang='lat' dir='ltr'><strong>non</strong></span> <span class='ocrx_word' id='word_1_351' title='bbox 1784 1790 1851 1826; x_wconf 90' lang='lat' dir='ltr'><strong>est</strong></span> 
     </span>
     <span class='ocr_line' id='line_1_73' title="bbox 1016 1849 1200 1878; baseline 0.005 -2"><span class='ocrx_word' id='word_1_352' title='bbox 1016 1849 1200 1878; x_wconf 91' lang='lat' dir='ltr'><strong>mecum.</strong></span> 
     </span>
    </p>

    <p class='ocr_par' dir='ltr' id='par_1_27' title="bbox 1016 1898 1848 2052">
     <span class='ocr_line' id='line_1_74' title="bbox 1069 1898 1848 1952; baseline 0.006 -15"><span class='ocrx_word' id='word_1_353' title='bbox 1069 1898 1213 1939; x_wconf 87' lang='lat' dir='ltr'><strong>Amici</strong></span> <span class='ocrx_word' id='word_1_354' title='bbox 1231 1899 1336 1947; x_wconf 91' lang='lat' dir='ltr'><strong>mei,</strong></span> <span class='ocrx_word' id='word_1_355' title='bbox 1357 1904 1401 1940; x_wconf 90' lang='lat' dir='ltr'><strong>et</strong></span> <span class='ocrx_word' id='word_1_356' title='bbox 1418 1900 1608 1952; x_wconf 82' lang='lat' dir='ltr'><strong>proximi</strong></span> <span class='ocrx_word' id='word_1_357' title='bbox 1627 1902 1714 1942; x_wconf 91' lang='lat' dir='ltr'><strong>mei</strong></span> <span class='ocrx_word' id='word_1_358' title='bbox 1732 1902 1755 1926; x_wconf 88' lang='grc'><em>*</em></span> <span class='ocrx_word' id='word_1_359' title='bbox 1776 1901 1848 1942; x_wconf 89' lang='lat' dir='ltr'><strong>ad-</strong></span> 
     </span>
     <span class='ocr_line' id='line_1_75' title="bbox 1016 1955 1848 2008; baseline 0.006 -14"><span class='ocrx_word' id='word_1_360' title='bbox 1016 1955 1192 1995; x_wconf 89' lang='lat' dir='ltr'><strong>versum</strong></span> <span class='ocrx_word' id='word_1_361' title='bbox 1211 1967 1281 1995; x_wconf 91' lang='lat' dir='ltr'><strong>me</strong></span> <span class='ocrx_word' id='word_1_362' title='bbox 1301 1957 1784 2008; x_wconf 80' lang='lat' dir='ltr'><strong>appropinquaverunt,</strong></span> <span class='ocrx_word' id='word_1_363' title='bbox 1805 1963 1848 1999; x_wconf 88' lang='lat' dir='ltr'><strong>et</strong></span> 
     </span>
     <span class='ocr_line' id='line_1_76' title="bbox 1017 2012 1242 2052; baseline 0 -2"><span class='ocrx_word' id='word_1_364' title='bbox 1017 2012 1242 2052; x_wconf 89' lang='lat' dir='ltr'><strong>steterunt.</strong></span> 
     </span>
    </p>

    <p class='ocr_par' dir='ltr' id='par_1_28' title="bbox 1016 2071 1847 2234">
     <span class='ocr_line' id='line_1_77' title="bbox 1067 2071 1846 2123; baseline 0.004 -12"><span class='ocrx_word' id='word_1_365' title='bbox 1067 2071 1124 2111; x_wconf 89' lang='lat' dir='ltr'><strong>Et</strong></span> <span class='ocrx_word' id='word_1_366' title='bbox 1145 2071 1218 2122; x_wconf 92' lang='lat' dir='ltr'><strong>qui</strong></span> <span class='ocrx_word' id='word_1_367' title='bbox 1247 2071 1366 2122; x_wconf 86' lang='lat' dir='ltr'><strong>juxta</strong></span> <span class='ocrx_word' id='word_1_368' title='bbox 1389 2085 1459 2112; x_wconf 88' lang='lat' dir='ltr'><strong>me</strong></span> <span class='ocrx_word' id='word_1_369' title='bbox 1481 2077 1614 2122; x_wconf 88' lang='lat' dir='ltr'><strong>erant,</strong></span> <span class='ocrx_word' id='word_1_370' title='bbox 1642 2073 1697 2114; x_wconf 90' lang='lat' dir='ltr'><strong>de</strong></span> <span class='ocrx_word' id='word_1_371' title='bbox 1717 2073 1846 2123; x_wconf 92' lang='lat' dir='ltr'><strong>longe</strong></span> 
     </span>
     <span class='ocr_line' id='line_1_78' title="bbox 1016 2128 1847 2181; baseline 0.005 -15"><span class='ocrx_word' id='word_1_372' title='bbox 1016 2129 1249 2168; x_wconf 85' lang='lat' dir='ltr'><strong>steterunt:</strong></span> <span class='ocrx_word' id='word_1_373' title='bbox 1283 2128 1306 2152; x_wconf 90' lang='lat'>*</span> <span class='ocrx_word' id='word_1_374' title='bbox 1339 2132 1383 2168; x_wconf 92' lang='lat' dir='ltr'><strong>et</strong></span> <span class='ocrx_word' id='word_1_375' title='bbox 1412 2128 1499 2169; x_wconf 85' lang='lat' dir='ltr'><strong>vim</strong></span> <span class='ocrx_word' id='word_1_376' title='bbox 1528 2128 1746 2170; x_wconf 89' lang='lat' dir='ltr'><strong>faciebant</strong></span> <span class='ocrx_word' id='word_1_377' title='bbox 1774 2130 1847 2181; x_wconf 93' lang='lat' dir='ltr'><strong>qui</strong></span> 
     </span>
     <span class='ocr_line' id='line_1_79' title="bbox 1016 2182 1652 2234; baseline 0.003 -11"><span class='ocrx_word' id='word_1_378' title='bbox 1016 2182 1272 2234; x_wconf 85' lang='lat' dir='ltr'><strong>quaerebant</strong></span> <span class='ocrx_word' id='word_1_379' title='bbox 1291 2183 1479 2224; x_wconf 87' lang='lat' dir='ltr'><strong>animam</strong></span> <span class='ocrx_word' id='word_1_380' title='bbox 1498 2197 1652 2225; x_wconf 87' lang='lat' dir='ltr'><strong>meam.</strong></span> 
     </span>
    </p>

    <p class='ocr_par' dir='ltr' id='par_1_29' title="bbox 1014 2243 1844 2397">
     <span class='ocr_line' id='line_1_80' title="bbox 1066 2243 1844 2295; baseline 0.003 -12"><span class='ocrx_word' id='word_1_381' title='bbox 1066 2244 1122 2284; x_wconf 90' lang='lat' dir='ltr'><strong>Et</strong></span> <span class='ocrx_word' id='word_1_382' title='bbox 1138 2243 1211 2295; x_wconf 94' lang='lat' dir='ltr'><strong>qui</strong></span> <span class='ocrx_word' id='word_1_383' title='bbox 1226 2243 1503 2295; x_wconf 91' lang='lat' dir='ltr'><strong>inquirebant</strong></span> <span class='ocrx_word' id='word_1_384' title='bbox 1518 2244 1632 2286; x_wconf 91' lang='lat' dir='ltr'><strong>mala</strong></span> <span class='ocrx_word' id='word_1_385' title='bbox 1650 2245 1764 2294; x_wconf 82' lang='lat' dir='ltr'><strong>mihi,</strong></span> <span class='ocrx_word' id='word_1_386' title='bbox 1784 2245 1844 2285; x_wconf 95' lang='lat' dir='ltr'><strong>lo-</strong></span> 
     </span>
     <span class='ocr_line' id='line_1_81' title="bbox 1014 2299 1844 2342; baseline 0.004 -3"><span class='ocrx_word' id='word_1_387' title='bbox 1014 2299 1103 2340; x_wconf 86' lang='lat' dir='ltr'><strong>cuti</strong></span> <span class='ocrx_word' id='word_1_388' title='bbox 1123 2304 1223 2340; x_wconf 89' lang='lat' dir='ltr'><strong>sunt</strong></span> <span class='ocrx_word' id='word_1_389' title='bbox 1242 2300 1477 2341; x_wconf 80' lang='lat' dir='ltr'><strong>vanitates:</strong></span> <span class='ocrx_word' id='word_1_390' title='bbox 1496 2302 1519 2326; x_wconf 91' lang='lat'>*</span> <span class='ocrx_word' id='word_1_391' title='bbox 1540 2306 1584 2342; x_wconf 92' lang='lat' dir='ltr'><strong>et</strong></span> <span class='ocrx_word' id='word_1_392' title='bbox 1603 2300 1730 2342; x_wconf 89' lang='lat' dir='ltr'><strong>dolos</strong></span> <span class='ocrx_word' id='word_1_393' title='bbox 1750 2306 1844 2342; x_wconf 85' lang='lat' dir='ltr'><strong>tota</strong></span> 
     </span>
     <span class='ocr_line' id='line_1_82' title="bbox 1014 2354 1438 2397; baseline 0.002 -3"><span class='ocrx_word' id='word_1_394' title='bbox 1014 2354 1438 2397; x_wconf 88' lang='lat' dir='ltr'><strong>die-meditabantur.</strong></span> 
     </span>
    </p>

    <p class='ocr_par' dir='ltr' id='par_1_30' title="bbox 1011 2415 1841 2578">
     <span class='ocr_line' id='line_1_83' title="bbox 1066 2415 1841 2468; baseline 0 -13"><span class='ocrx_word' id='word_1_395' title='bbox 1066 2415 1160 2464; x_wconf 89' lang='lat' dir='ltr'><strong>Ego</strong></span> <span class='ocrx_word' id='word_1_396' title='bbox 1176 2420 1322 2456; x_wconf 89' lang='lat' dir='ltr'><strong>autem</strong></span> <span class='ocrx_word' id='word_1_397' title='bbox 1337 2421 1562 2468; x_wconf 89' lang='lat' dir='ltr'><strong>tamquam</strong></span> <span class='ocrx_word' id='word_1_398' title='bbox 1583 2416 1740 2457; x_wconf 90' lang='lat' dir='ltr'><strong>surdus</strong></span> <span class='ocrx_word' id='word_1_399' title='bbox 1755 2429 1841 2456; x_wconf 92' lang='lat' dir='ltr'><strong>non</strong></span> 
     </span>
     <span class='ocr_line' id='line_1_84' title="bbox 1012 2470 1839 2514; baseline 0.001 -4"><span class='ocrx_word' id='word_1_400' title='bbox 1012 2470 1262 2511; x_wconf 91' lang='lat' dir='ltr'><strong>audiebam:</strong></span> <span class='ocrx_word' id='word_1_401' title='bbox 1298 2471 1321 2496; x_wconf 93' lang='lat'>*</span> <span class='ocrx_word' id='word_1_402' title='bbox 1355 2476 1398 2512; x_wconf 90' lang='lat' dir='ltr'><strong>et</strong></span> <span class='ocrx_word' id='word_1_403' title='bbox 1430 2472 1543 2513; x_wconf 90' lang='lat' dir='ltr'><strong>sicut</strong></span> <span class='ocrx_word' id='word_1_404' title='bbox 1575 2477 1721 2514; x_wconf 90' lang='lat' dir='ltr'><strong>mutus</strong></span> <span class='ocrx_word' id='word_1_405' title='bbox 1753 2484 1839 2512; x_wconf 95' lang='lat' dir='ltr'><strong>non</strong></span> 
     </span>
     <span class='ocr_line' id='line_1_85' title="bbox 1011 2527 1440 2578; baseline 0.002 -12"><span class='ocrx_word' id='word_1_406' title='bbox 1011 2527 1212 2578; x_wconf 89' lang='lat' dir='ltr'><strong>aperiens</strong></span> <span class='ocrx_word' id='word_1_407' title='bbox 1233 2539 1283 2568; x_wconf 94' lang='lat' dir='ltr'><strong>os</strong></span> <span class='ocrx_word' id='word_1_408' title='bbox 1303 2540 1440 2568; x_wconf 93' lang='lat' dir='ltr'><strong>suum.</strong></span> 
     </span>
    </p>

    <p class='ocr_par' dir='ltr' id='par_1_31' title="bbox 1010 2587 1838 2748">
     <span class='ocr_line' id='line_1_86' title="bbox 1064 2587 1838 2628; baseline -0.001 -2"><span class='ocrx_word' id='word_1_409' title='bbox 1064 2587 1120 2627; x_wconf 88' lang='lat' dir='ltr'><strong>Et</strong></span> <span class='ocrx_word' id='word_1_410' title='bbox 1153 2587 1293 2627; x_wconf 89' lang='lat' dir='ltr'><strong>factus</strong></span> <span class='ocrx_word' id='word_1_411' title='bbox 1326 2600 1421 2628; x_wconf 90' lang='lat' dir='ltr'><strong>sum</strong></span> <span class='ocrx_word' id='word_1_412' title='bbox 1450 2588 1562 2628; x_wconf 90' lang='lat' dir='ltr'><strong>sicut</strong></span> <span class='ocrx_word' id='word_1_413' title='bbox 1590 2587 1722 2628; x_wconf 93' lang='lat' dir='ltr'><strong>homo</strong></span> <span class='ocrx_word' id='word_1_414' title='bbox 1751 2598 1838 2626; x_wconf 92' lang='lat' dir='ltr'><strong>non</strong></span> 
     </span>
     <span class='ocr_line' id='line_1_87' title="bbox 1010 2641 1836 2684; baseline -0.001 -2"><span class='ocrx_word' id='word_1_415' title='bbox 1010 2641 1210 2682; x_wconf 83' lang='lat' dir='ltr'><strong>audiens:</strong></span> <span class='ocrx_word' id='word_1_416' title='bbox 1243 2643 1267 2667; x_wconf 86' lang='lat'>*</span> <span class='ocrx_word' id='word_1_417' title='bbox 1300 2647 1344 2683; x_wconf 90' lang='lat' dir='ltr'><strong>et</strong></span> <span class='ocrx_word' id='word_1_418' title='bbox 1375 2656 1463 2684; x_wconf 94' lang='lat' dir='ltr'><strong>non</strong></span> <span class='ocrx_word' id='word_1_419' title='bbox 1496 2643 1660 2684; x_wconf 87' lang='lat' dir='ltr'><strong>habens</strong></span> <span class='ocrx_word' id='word_1_420' title='bbox 1688 2642 1731 2681; x_wconf 91' lang='lat' dir='ltr'><strong>in</strong></span> <span class='ocrx_word' id='word_1_421' title='bbox 1760 2653 1836 2682; x_wconf 91' lang='lat' dir='ltr'><strong>ore</strong></span> 
     </span>
     <span class='ocr_line' id='line_1_88' title="bbox 1011 2697 1453 2748; baseline 0.002 -11"><span class='ocrx_word' id='word_1_422' title='bbox 1011 2710 1090 2739; x_wconf 96' lang='lat' dir='ltr'><strong>suo</strong></span> <span class='ocrx_word' id='word_1_423' title='bbox 1110 2697 1453 2748; x_wconf 86' lang='lat' dir='ltr'><strong>redargutiones.</strong></span> 
     </span>
    </p>
   </div>
  </div>
 </body>
</html>
