2040 2976
491 195 558 228 Dic
583 195 635 228 24.
661 194 778 228 Junii.
828 195 867 227 ln
897 195 1108 229 Nativitatc
1134 197 1168 229 S.
1194 196 1359 229 Joannis
1385 196 1584 239 Baptistae.

398 291 447 329 In
471 290 542 329 ΙΙΙ.
564 290 787 330 Nocturno.

231 346 330 385 Ant.
352 344 501 385 Posuit
522 357 572 386 os
592 359 738 387 meum
752 347 776 372 *
791 348 1007 389 Dominus

176 400 299 451 quasi
318 399 513 450 gladium
534 405 727 443 acutum:
752 403 833 445 sub
853 404 1007 446 umbra

173 469 327 497 manus
347 470 438 498 suae
458 459 652 509 protexit
670 472 750 500 me.

451 519 648 559 psalmus
670 520 727 559 14.

185 595 189 627 2
206 577 271 626 ᾗῇ,
288 569 450 610 omine
489 570 586 622 quis
619 570 838 612 habitabit
870 572 913 612 in
946 577 1006 613 ta-

183 614 258 698 ξ
206 611 276 683 &3331
322 624 562 668 bernaculo
595 626 698 668 tuo?
739 628 762 653 *
799 633 875 670 aut
909 630 1007 680 quis

202 707 205 708 ν
206 684 258 708 “df
321 683 570 734 requiescet
598 684 642 723 in
672 689 823 726 monte
852 690 1006 726 sancto

173 735 275 778 tuo?

227 794 312 843 Qui
330 794 574 845 ingreditur
599 797 694 837 sine
713 797 901 846 macula,
920 798 944 824 *
965 802 1007 839 et

174 852 384 902 operatur
404 852 628 903 justitiam:

227 907 310 956 Qui
334 907 530 960 quuitur
549 909 784 950 veritatem
807 910 850 949 in
871 910 1005 951 corde

174 975 272 1012 suo,
292 964 315 989 *
337 965 411 1015 qui
441 977 529 1006 non
559 965 648 1016 egit
678 965 829 1007 dolum
856 966 900 1007 in
928 966 1004 1007 lin-

173 1032 258 1069 gua
278 1033 371 1061 sua:

226 1076 321 1117 Nec
341 1077 444 1118 fecit
463 1077 668 1128 proximo
689 1091 769 1119 suo
790 1079 965 1128 malum,
983 1080 1006 1107 *

174 1137 218 1173 et
239 1133 530 1185 opprobrium
550 1147 637 1175 non
662 1135 835 1187 accepit
854 1135 1005 1176 adver-

174 1201 247 1229 sus
267 1189 495 1241 proximos
516 1203 630 1231 suos.

225 1245 297 1286 Ad
317 1245 499 1286 nihilum
519 1246 738 1288 deductus
760 1252 827 1288 est
847 1248 891 1288 in
907 1261 1007 1289 con-

175 1303 330 1353 spectu
364 1303 455 1353 ejus
488 1303 723 1354 malignus:
750 1305 774 1331 *
801 1304 1008 1346 timentes

174 1362 321 1399 autem
340 1358 580 1399 D6minum
599 1359 834 1410 glorificat:

227 1414 311 1463 Qui
339 1415 451 1466 jurat
479 1416 684 1467 preximo
715 1429 813 1466 suo,
847 1422 892 1458 et
919 1429 1008 1458 non

176 1469 354 1523 decipit,
374 1473 397 1497 *
418 1472 492 1523 qui
515 1472 750 1524 pecuniam
774 1486 898 1514 suam
920 1486 1008 1514 non

174 1525 298 1568 dedit
317 1527 374 1568 ad
394 1531 583 1578 usuram,
607 1533 651 1570 et
670 1532 854 1571 munera
874 1543 1007 1582 super

174 1583 452 1625 innocentem
470 1597 558 1625 non
579 1586 764 1638 accepit:

227 1639 311 1689 Qui
336 1640 441 1681 facit
467 1640 580 1691 haec,
600 1643 623 1667 *
643 1655 731 1683 non
756 1642 1007 1684 movebitur

174 1695 218 1735 in
238 1698 462 1737 aeternum.

228 1756 327 1795 Ant.
364 1754 513 1795 Posuit
541 1767 591 1796 os
617 1767 765 1796 meum
790 1756 1008 1798 Dominus

176 1809 300 1860 quasi
319 1809 514 1860 gladium
533 1814 726 1853 acutum:
752 1812 833 1854 sub
853 1812 1009 1854 umbra

174 1877 327 1907 manus
348 1880 439 1907 suae
459 1869 654 1919 protexit
672 1881 754 1910 me.

232 1923 330 1963 Ant.
352 1924 558 1965 Formans
578 1937 647 1966 me
663 1926 687 1950 *
704 1938 759 1966 ex
774 1929 902 1967 utero
919 1938 1006 1967 ser-

174 1991 277 2018 vum
303 1979 387 2021 sibi
412 1981 644 2031 Deminus‚
669 1981 791 2023 dicit:
822 1981 938 2024 Dedi
963 1988 1008 2025 te

173 2034 217 2074 in
233 2034 376 2076 lucem
393 2037 610 2088 Gentium,
630 2045 678 2081 ut
698 2040 757 2080 sis
777 2039 895 2080 salus
910 2052 1008 2081 mea

173 2103 314 2143 usque
334 2092 391 2133 ad
411 2096 656 2136 extremum
675 2101 818 2137 terrae.

452 2146 647 2186 Psalmus
666 2147 737 2186 20.

265 2206 409 2248 omine
433 2207 476 2247 in
500 2208 660 2250 virtute
686 2214 762 2250 tua
786 2209 1008 2252 laetabitur

295 2275 388 2304 rex:
411 2264 435 2289 *
460 2268 503 2305 et
522 2277 655 2317 super
674 2265 865 2308 salutare
883 2271 1008 2308 tuum

176 2318 412 2360 exsultabit
431 2319 723 2362 vehementer.

227 2374 506 2417 Desiderium
531 2377 678 2418 cordis
703 2379 794 2429 ejus
817 2378 1008 2421 tribuisti

176 2431 229 2472 ei:
243 2432 267 2456 *
283 2436 327 2473 et
341 2431 566 2474 voluntate
582 2433 798 2475 labiorum
814 2435 904 2486 ejus
918 2448 1008 2477 non

175 2487 388 2529 fraudasti
407 2501 517 2530 eum.

228 2545 444 2595 Quoniam
467 2546 721 2598 praevenisti
745 2559 845 2588 eum
868 2547 912 2587 in
935 2546 1007 2589 be-

175 2599 497 2643 nedictionibus
511 2601 768 2643 dulcedinis:
782 2603 806 2628 *
821 2603 1008 2655 posuisti

174 2657 218 2697 in
247 2657 391 2709 capite
420 2657 511 2709 ejus
539 2659 750 2699 coronam
777 2658 832 2700 de
860 2659 1007 2712 lapide

175 2713 383 2766 pretioso.

1112 292 1262 333 Vitam
1281 292 1407 344 petiit
1425 305 1450 334 a
1469 298 1528 335 te:
1547 294 1571 320 *
1590 299 1635 336 et
1647 295 1838 337 tribuisti
1853 297 1892 338 ei

1060 347 1377 398 longitudinem
1402 348 1571 391 dierum
1598 351 1642 391 in
1670 352 1892 402 saeculum,

1061 409 1105 445 et
1122 404 1166 444 in
1186 404 1397 446 saeculum
1421 406 1582 447 saeculi.

1112 460 1272 511 Magna
1296 466 1363 502 est
1381 462 1521 513 gloria
1540 463 1631 515 ejus
1649 463 1693 504 in
1713 464 1893 506 salutari

1060 522 1152 558 tuo:
1167 518 1190 542 *
1205 517 1390 567 gloriam
1406 523 1449 560 et
1463 531 1670 570 magnum
1685 519 1892 562 decorem

1060 573 1262 625 impones
1282 587 1414 626 super
1434 587 1545 616 eum.

1113 630 1329 679 Quoniam
1363 630 1488 672 dabis
1519 644 1619 672 eum
1646 631 1690 672 in
1715 631 1891 674 benedi·

1061 686 1251 727 ctionem
1272 687 1315 727 in
1336 687 1548 728 saeculum
1570 687 1734 729 sa'eculit
1748 688 1771 713 *
1786 687 1892 730 laeti-

1060 742 1214 784 ficabis
1242 756 1342 784 eum
1374 744 1417 784 in
1449 743 1612 793 gaudio
1642 757 1742 786 cum
1769 745 1893 787 vultu

1060 803 1149 839 tuo.

1113 856 1329 905 Quoniam
1354 869 1432 897 rex
1456 861 1605 908 sperat
1623 857 1666 897 in
1685 857 1893 899 Domino:

1060 911 1083 936 *
1108 916 1152 952 et
1174 911 1219 952 in
1241 912 1542 953 misericordia
1565 912 1782 954 Altissimi
1804 927 1890 955 non

1059 968 1420 1010 commovebitur.

1111 1024 1364 1066 Inveniatur
1395 1038 1550 1066 manus
1582 1030 1658 1067 tua
1691 1026 1894 1068 Omnibus

1059 1080 1245 1122 inimicis
1259 1082 1360 1122 tuis:
1374 1082 1398 1107 *
1414 1081 1596 1123 dextera
1610 1087 1686 1124 tua
1700 1083 1893 1124 inveniat

1061 1149 1224 1186 omnes,
1246 1138 1320 1189 qui
1338 1142 1382 1179 te
1402 1138 1601 1180 oderunt.

1111 1193 1257 1235 Pones
1286 1206 1363 1235 eos
1390 1199 1439 1235 ut
1466 1194 1687 1236 clibanum
1714 1195 1826 1246 ignis
1849 1196 1893 1236 in

1060 1250 1261 1302 tempore
1285 1250 1431 1292 vultus
1455 1251 1533 1292 tui:
1555 1251 1580 1277 *
1603 1252 1821 1293 Dominus
1849 1252 1894 1293 in

1060 1305 1125 1346 ira
1145 1318 1224 1346 sua
1243 1306 1524 1348 conturbabit
1543 1319 1632 1357 eos
1652 1313 1696 1349 et
1711 1307 1893 1350 devora-

1060 1360 1126 1402 bit
1145 1374 1222 1403 eos
1241 1362 1365 1413 ignis.

1113 1418 1325 1460 Fructum
1345 1421 1499 1460 eorum
1518 1419 1573 1461 de
1588 1424 1706 1461 terra
1719 1420 1895 1473 perdes:

1062 1475 1084 1499 *
1101 1479 1145 1516 et
1164 1487 1314 1517 semen
1333 1477 1486 1517 eorum
1502 1489 1528 1517 a
1542 1475 1643 1517 filiis
1657 1476 1895 1518 heminum.

1114 1531 1331 1581 Quoniam
1384 1531 1715 1574 declinaverunt
1759 1532 1804 1573 in
1850 1537 1895 1575 te

1060 1587 1190 1628 mala:
1208 1588 1232 1613 *
1252 1588 1558 1638 cogitaverunt
1577 1588 1770 1639 consilia,
1795 1602 1894 1642 quae

1061 1656 1149 1684 non
1168 1646 1408 1696 potuerunt
1428 1644 1634 1686 stabilire.

1114 1700 1331 1750 Quoniam
1366 1713 1507 1753 pones
1543 1713 1621 1742 eos
1654 1700 1849 1742 dorsum:
1871 1701 1896 1728 *

1061 1756 1105 1796 in
1123 1756 1319 1808 reliquiis
1337 1757 1424 1798 tuis
1438 1757 1713 1810 praeparabis
1727 1757 1897 1799 vultum

1062 1825 1226 1854 eorum.

1112 1869 1320 1910 Exaltare
1330 1869 1428 1911 Dfie
1442 1870 1486 1910 in
1498 1870 1660 1912 virtute
1670 1874 1760 1911 tua:
1770 1870 1794 1896 *
1805 1882 1897 1911 can-

1061 1925 1252 1966 tabimus
1270 1930 1314 1967 et
1332 1926 1570 1978 psallemus
1585 1927 1771 1968 virtutes
1786 1930 1895 1967 tuas.

1119 1984 1219 2023 Ant.
1250 1983 1461 2024 Formans
1484 1995 1556 2024 me
1579 1995 1634 2024 ex
1658 1985 1786 2024 utero
1807 1995 1892 2024 ser-

1061 2052 1166 2080 vum
1191 2038 1276 2080 sibi
1298 2038 1531 2088 Deminus‚
1557 2038 1677 2081 dicit:
1708 2038 1825 2080 Dedi
1849 2043 1895 2080 te

1060 2095 1104 2135 in
1122 2095 1266 2136 lucem
1282 2094 1501 2145 Gentium,
1520 2100 1569 2137 ut
1588 2095 1648 2136 sis
1663 2095 1782 2136 salus
1796 2107 1896 2136 mea

1061 2164 1201 2204 usque
1221 2150 1279 2194 ad
1298 2154 1543 2194 extremum
1561 2157 1704 2194 terrae.

1117 2211 1215 2250 Ant.
1250 2211 1393 2259 Reges
1418 2208 1648 2259 videbunt,
1674 2209 1698 2234 *
1724 2213 1768 2250 et
1794 2221 1894 2250 con-

1062 2269 1243 2316 surgent
1277 2265 1519 2317 principes,
1564 2270 1608 2307 et
1645 2264 1896 2307 adorabunt

1061 2322 1301 2363 Dominum
1337 2321 1481 2363 Deum
1519 2327 1659 2372 tuum,
1697 2322 1773 2373 qui
1811 2321 1894 2363 ele-

1090 2379 1123 2420 it
1141 2384 1197 2420 te.

1059 2391 1088 2430 g
1333 2429 1534 2469 Psalmus
1553 2430 1618 2469 33.

1147 2490 1372 2533 enedicam
1411 2492 1650 2533 D6minum
1689 2491 1734 2532 in
1775 2490 1893 2532 omni

1163 2549 1380 2600 tempore:
1412 2550 1435 2575 ¹⁸¹
1467 2560 1643 2601 semper
1673 2547 1769 2589 laus
1801 2547 1893 2598 ejus

1060 2605 1103 2646 in
1125 2617 1202 2646 ore
1220 2617 1332 2646 meo.

1111 2661 1161 2701 In
1169 2661 1361 2702 Domino
1370 2659 1621 2702 laudabitur
1629 2659 1773 2701 anima
1780 2672 1892 2701 mea:

1060 2716 1084 2742 *
1104 2715 1284 2759 audiant
1302 2716 1530 2766 mansueti,
1549 2720 1593 2758 et
1611 2715 1826 2758 laetentur.
