2040 2976
697 199 898 233 Dominica
924 199 970 232 X.
996 203 1085 241 post
1108 199 1373 231 Pentecosten

182 297 294 340 cent,
318 291 397 332 fac.
429 290 677 342 Rescripsit
696 295 842 331 autem
862 290 924 331 eis
943 290 1009 331 lit-

181 353 297 389 teras
313 345 521 395 secundo,
541 345 706 387 dicens:
727 346 771 386 Si
789 346 875 386 mei
894 346 1010 392 estis,

182 408 225 444 et
245 402 434 444 obeditis
453 401 568 451 mihi,
586 401 727 443 tollite
743 401 889 453 capita
902 401 1009 442 filio-

181 471 278 499 rum
297 457 463 499 domini
478 457 623 506 vestri,
643 462 687 498 et
702 459 847 498 venite
866 456 922 498 ad
941 470 1010 498 me

181 514 262 554 hac
291 513 447 555 eadem
475 513 584 554 hora
610 526 708 554 cras
731 513 774 553 in
800 513 824 553 J
827 513 1010 554 ezrahel.

181 570 320 610 Porro
348 569 426 609 fssii
454 568 588 619 regis,
626 570 903 620 septuaginta
929 569 1011 610 viri

181 624 300 677 apud
315 625 553 677 optimates
569 624 758 665 civitatis
773 624 1012 666 nutrieban-

180 686 261 722 tur.
300 681 498 731 Cumque
522 682 743 721 venissent
767 680 926 721 litterae
952 679 1008 721 ad

182 749 271 786 eos,
290 735 483 777 tulerunt
501 735 617 776 filios
636 736 762 785 regis,
783 741 826 776 et
841 734 1010 776 occide-

181 798 281 833 runt
319 793 596 844 septuaginta
628 791 764 839 viros,
806 796 850 832 et
882 803 1011 843 posu-

182 849 308 888 erunt
327 847 473 898 capita
492 849 645 887 eorum
662 846 706 886 in
725 845 941 898 cophinis,
968 852 1011 888 et

182 903 392 944 miserunt
413 901 470 943 ad
489 915 589 943 eum
609 902 653 942 in
671 903 696 942 J
699 902 883 943 ezrahel.

234 975 282 1014 R.
318 971 548 1019 Dominus,
579 971 653 1022 qui
677 971 837 1023 eripuit
861 983 931 1011 me
956 970 1011 1012 de

184 1039 260 1068 ore
279 1026 432 1076 leonis,
452 1031 496 1067 et
515 1026 570 1066 de
589 1039 720 1066 manu
738 1026 893 1067 bestiae
907 1026 1011 1067 libe-

183 1082 296 1122 ravit
314 1094 400 1130 me,
415 1086 438 1109 *
459 1083 563 1147 Ipse
582 1094 652 1122 me
672 1082 829 1132 eripiet
848 1080 904 1122 de
923 1083 1010 1121 ma-

184 1136 342 1178 nibus'
331 1137 606 1177 mimicorum
625 1139 833 1177 meorum.
863 1132 912 1183 V.
935 1137 1011 1176 Mi-

183 1192 241 1233 sit
269 1193 389 1232 Deus
419 1191 764 1233 misericerdiam
792 1205 931 1240 suam,
968 1196 1012 1232 et

183 1248 412 1288 veritatem
455 1259 594 1287 suam:
643 1248 830 1287 animam
869 1259 1012 1287 meam

182 1303 343 1354 eripuit
378 1302 433 1343 de
464 1301 611 1343 medio
647 1302 891 1343 catulorum
924 1302 1011 1343 leo-

183 1371 296 1398 num.
330 1359 443 1410 Ipse.
475 1357 631 1399 GlOria
653 1358 783 1399 Patri.
820 1359 934 1410 Ipse.

414 1460 462 1497 In
482 1460 531 1497 II.
552 1459 586 1497 N
589 1459 775 1498 octurno.

180 1534 331 1574 Sermo
354 1533 493 1574 sancti
502 1533 526 1573 J
529 1533 682 1574 oannis
698 1533 1013 1586 Chrysostomi.

283 1606 454 1639 Homilia
470 1606 522 1639 25.
542 1605 578 1638 in
597 1606 717 1648 Epist.
736 1606 785 1640 ad
802 1607 909 1640 Rom.

483 1670 635 1711 Lectio
656 1671 708 1710 iv.

194 1746 230 1789 ιχ
250 1744 285 1779 «2:33
318 1742 375 1770 on
411 1732 616 1782 putemus
650 1744 732 1773 nos
770 1734 1013 1775 excusatio-

221 1786 231 1805 “
266 1786 305 1836 ”’Ῑ;.
334 1798 434 1826 nem
469 1785 714 1837 habituros,
759 1788 796 1828 si
835 1790 1012 1840 quando

188 1839 189 1845 ’
334 1841 596 1883 delict6rum
628 1844 774 1884 socios
802 1844 1012 1886 inveneri-

182 1910 296 1938 mus:
320 1910 421 1937 nam
439 1897 573 1947 istud,
593 1899 857 1950 supplicium
875 1902 1013 1951 magis

184 1952 370 2003 augebit.
431 1953 799 2005 Quandoquidem
845 1962 888 1997 et
926 1970 1012 1998 ser-

185 2021 293 2060 pens
315 2009 455 2059 magis
478 2011 656 2061 punitus
683 2016 750 2052 est
774 2023 905 2062 quam
923 2016 1013 2053 mu-

184 2064 278 2104 lier:
298 2063 670 2128 quemadmodum
689 2071 733 2107 et
746 2067 900 2108 mulier
915 2068 1014 2119 plus

186 2132 318 2170 quam
338 2120 418 2168 vir,
445 2125 488 2161 et
507 2120 531 2160 J
535 2120 686 2162 ezabel
710 2123 896 2173 majores
921 2137 1012 2175 poe—

185 2187 264 2215 nas
288 2174 428 2224 dedit,
458 2188 589 2227 quam
610 2177 765 2219 Achab
785 2180 926 2219 vineae
950 2192 1014 2220 ra-

184 2236 297 2282 ptor.
325 2231 430 2283 Ipsa
449 2231 612 2283 quippe
631 2233 883 2274 universum
897 2235 1014 2276 istud

184 2286 409 2352 negotium
427 2290 645 2336 texuerat,
665 2291 844 2340 regique
863 2289 1014 2342 lapsus

186 2341 465 2382 occasionem
493 2342 688 2384 dederat.
729 2345 867 2394 Igitur
896 2350 940 2386 et
967 2351 1014 2387 tu

187 2409 364 2448 quoque
384 2397 420 2437 si
440 2397 619 2464 reliquis
637 2399 898 2450 perditionis
918 2414 1014 2442 cau-

187 2465 235 2493 sa
255 2452 405 2501 fueris,
433 2453 636 2502 graviora
659 2455 854 2506 patieris,
885 2469 1013 2507 quam

189 2508 262 2559 qui
290 2520 370 2560 per
396 2513 441 2549 te
467 2508 666 2549 subversi
694 2516 804 2551 sunt.
858 2511 1014 2563 Neque

187 2563 301 2604 enim
326 2567 538 2615 peccare
538 2569 709 2605 tantum
733 2565 775 2605 in
802 2579 849 2607 se
872 2567 1014 2618 perdi-

186 2619 318 2661 tinnis
344 2618 495 2668 habet,
528 2626 737 2671 quantum
771 2621 892 2672 quod
921 2622 1014 2663 reli-

188 2675 262 2726 qui
281 2675 338 2716 ad
356 2651 630 2727 peccandum
650 2676 923 2718 inducuntur.

1114 294 1163 333 R.
1198 289 1422 330 Percussit
1446 288 1550 330 Saul
1573 288 1707 338 mille,
1740 292 1784 330 et
1806 288 1892 329 Da-

1063 346 1138 386 vid
1173 345 1327 386 decem
1358 344 1506 385 millia:
1537 347 1560 371 *
1594 344 1706 394 Quia
1737 356 1892 385 manus

1063 395 1242 442 Βόιιιὶιιί
1279 405 1373 441 erat
1409 412 1508 441 cum
1542 399 1634 441 illo:
1674 399 1893 452 percussit

1063 457 1380 505 Philisthaeum,
1422 460 1467 496 et
1509 455 1690 497 abstulit
1731 458 1892 508 oppro-

1063 513 1205 554 brium
1225 525 1279 554 ex
1297 511 1446 552 Israel.
1472 508 1534 559 Vs..
1546 511 1704 553 Nonne
1723 512 1806 553 iste
1825 517 1893 552 est

1064 568 1223 616 David,
1250 568 1304 609 de
1331 580 1418 619 quo
1443 566 1658 608 canebant
1680 567 1724 608 in
1744 566 1892 616 choro,

1065 623 1275 665 dicentes:
1308 622 1411 664 Saul
1438 622 1656 674 percussit
1683 622 1817 672 mille,
1849 627 1894 664 et

1064 679 1209 720 David
1228 679 1382 720 decem
1400 676 1556 718 millia?
1585 678 1706 728 Quia.

1316 752 1320 756 ’
1373 756 1525 797 Lectio
1545 770 1583 795 v.

1107 821 1241 867 taque
1266 817 1302 856 si
1323 815 1499 867 quando
1519 817 1756 868 peccantes
1775 809 1894 855 vide-

1124 872 1274 920 rimus,
1309 884 1397 912 non
1422 871 1566 913 solum
1588 884 1677 912 non
1701 869 1894 922 impella-

1064 941 1180 976 mus,
1223 927 1302 969 sed
1331 933 1375 969 et
1403 927 1685 968 extrahamus
1713 939 1768 968 ex
1794 927 1894 978 ipso

1064 983 1242 1024 malitiae
1261 982 1484 1024 barathro:
1503 996 1558 1024 ne
1574 988 1616 1024 et
1631 983 1784 1024 alienae
1798 994 1894 1034 per-

1065 1037 1242 1079 ditionis
1273 1052 1430 1091 poenas
1464 1037 1629 1079 demus.
1674 1036 1894 1078 Recorde-

1064 1106 1160 1134 mur
1188 1106 1364 1146 quoque
1384 1095 1603 1146 perpetuo
1625 1092 1831 1135 terribilis
1848 1092 1895 1133 il·

1065 1148 1148 1189 lius
1172 1149 1419 1198 tribunalis,
1443 1149 1632 1190 fluminis
1652 1149 1782 1199 ignei,
1807 1148 1895 1189 vin-

1066 1204 1264 1245 culorum
1303 1204 1617 1255 insolubilium,
1657 1203 1894 1257 profunda-

1065 1273 1161 1300 rum
1191 1259 1490 1310 tenebrarum,
1523 1260 1762 1301 striderum
1793 1259 1895 1301 den-

1064 1315 1189 1364 tium,
1207 1318 1507 1368 venenosique
1526 1316 1698 1356 vermis.
1727 1314 1816 1356 Sed
1835 1314 1895 1356 di-

1066 1383 1154 1412 ces:
1173 1371 1397 1422 Benignus
1419 1376 1486 1413 est
1503 1372 1637 1413 Deus.
1663 1371 1781 1422 Ergo
1800 1370 1897 1413 haec

1066 1427 1213 1468 emnia
1236 1426 1381 1468 verba.
1396 1432 1513 1478 sunt,
1542 1433 1586 1469 et
1609 1439 1752 1480 neque
1775 1429 1896 1480 puni-

1064 1487 1137 1524 tur
1170 1481 1293 1524 dives
1320 1483 1393 1524 ille
1420 1483 1578 1525 Lazari
1606 1485 1897 1536 contemptor,

1065 1551 1209 1590 neque
1232 1539 1367 1580 fatuae
1386 1539 1576 1590 virgines
1602 1552 1627 1580 a
1646 1552 1812 1592 sponso
1832 1552 1896 1581 re-

1065 1593 1291 1646 jiciuntur?
1319 1595 1438 1646 Ergo
1464 1595 1539 1647 qui
1563 1594 1786 1637 Christum
1807 1607 1897 1637 non

1065 1652 1299 1703 paverunt,
1332 1650 1376 1691 in
1403 1651 1550 1701 ignem
1578 1650 1757 1693 diabolo
1785 1663 1895 1704 prae-

1065 1708 1269 1758 paratum
1300 1719 1389 1748 non
1423 1705 1628 1748 abibunt?
1669 1707 1789 1758 Ergo
1823 1707 1897 1759 qui

1066 1761 1258 1804 sordidis
1283 1768 1351 1804 est
1373 1762 1586 1813 vestibus,
1614 1775 1703 1804 non
1725 1762 1896 1815 peribit,

1066 1831 1221 1859 manus
1241 1831 1292 1860 ac
1310 1818 1449 1871 pedes
1468 1819 1662 1861 vinctus?
1693 1819 1777 1869 Qui
1801 1831 1896 1860 cen-

1067 1879 1160 1915 tum
1189 1873 1393 1916 denarios
1421 1887 1447 1916 a
1475 1877 1690 1917 conservo
1719 1887 1799 1916 suo
1825 1887 1896 1916 ex-

1066 1931 1167 1980 egit,
1178 1943 1266 1971 non
1277 1930 1476 1972 tradetur
1485 1929 1750 1973 torteribus?
1767 1930 1897 1981 Quod

1067 1985 1122 2027 de
1153 1985 1338 2027 moechis
1372 1985 1537 2028 dictum
1569 1991 1653 2036 est,
1694 1986 1897 2027 nimirum

1068 2041 1189 2093 quod
1208 2043 1368 2083 vermis
1392 2044 1545 2084 eorum
1567 2055 1655 2084 non
1673 2041 1896 2090 morietur,

1067 2102 1111 2138 et
1143 2097 1255 2148 ignis
1289 2100 1441 2138 eerum
1467 2110 1555 2139 non
1583 2098 1896 2147 exstinguetur,

1066 2165 1219 2194 verum
1238 2165 1326 2194 non
1346 2151 1448 2194 erit?

1116 2215 1166 2265 R.
1196 2213 1371 2254 Montes
1399 2212 1585 2263 Gelbo‘e,
1611 2227 1692 2256 nec
1718 2227 1792 2256 ros
1815 2226 1896 2255 nec

1066 2269 1215 2321 pluvia
1234 2269 1411 2310 veniant
1429 2282 1562 2321 super
1580 2271 1706 2320 vos,*
1724 2270 1810 2321 Ubi
1830 2283 1896 2311 ce-

1067 2325 1268 2366 ciderunt
1295 2324 1430 2365 fortes
1459 2325 1607 2366 Israel.
1647 2321 1697 2372 V.
1732 2326 1895 2367 Omnes

1067 2386 1256 2428 montes,
1286 2380 1360 2431 qui
1388 2380 1493 2421 estis
1520 2381 1564 2421 in
1589 2382 1773 2423 circuitu
1795 2382 1895 2432 ejus,

1067 2436 1214 2477 visitet
1241 2436 1472 2477 Dominus:
1502 2451 1527 2478 a
1553 2437 1723 2479 Gelboe
1751 2442 1895 2489 autem

1066 2493 1272 2533 transeat.
1303 2491 1399 2533 Ubi.
1432 2494 1435 2497 “

1365 2560 1519 2601 Lectio
1539 2562 1592 2601 vi.

1137 2622 1192 2664 ed
1236 2623 1425 2665 minatur
1466 2625 1550 2665 ista
1589 2624 1895 2666 tantummodo

1157 2677 1300 2720 Deus?
1338 2680 1499 2732 Utique
1525 2681 1706 2731 inquies.
1742 2680 1799 2721 Et
1821 2693 1896 2720 un-
