2040 2976
443 237 592 271 Domin.
616 236 642 270 Ι.
668 235 766 277 Maii.
811 234 851 268 B.
876 234 923 267 M.
947 233 990 266 V.
1017 232 1137 266 divini
1164 232 1334 266 Pastoris
1360 233 1500 266 Matris.

184 334 235 385 R.
271 332 556 384 CongregAbo
589 345 693 373 oves
726 331 780 372 de
811 330 948 380 terris,

132 394 175 431 et
197 388 399 431 inducam
423 402 496 430 eas
519 389 563 429 in
586 393 746 429 terram
770 399 906 428 suam:
923 387 945 411 *

130 446 187 487 Et
204 458 380 499 pascam
405 458 477 487 eas
501 445 544 485 in
563 444 781 486 mentibus
800 442 948 484 Israel:

131 503 154 527 *
185 503 236 543 In
266 501 386 551 rivis,
425 507 468 543 et
497 501 541 542 in
573 500 739 542 cunctis
772 498 948 540 sedibus

129 563 269 600 terrae.
310 553 360 604 V.
385 559 479 609 Ego
498 569 674 610 pascam
695 568 799 598 oves
818 568 948 605 meas,

131 620 174 656 et
205 627 287 666 ego
320 627 393 655 eas
426 613 638 656 accubeire
667 613 834 654 faciam.
881 611 947 652 Et.

134 669 282 712 Gleria
299 671 429 712 Patri.
456 671 507 711 In
524 670 638 711 rivis.

426 747 575 787 Lectio
594 747 647 786 ix.

216 814 410 854 evertere
439 817 594 864 quarto
621 823 700 864 per
727 810 946 861 singulari-

175 920 182 927 ·
230 871 376 910 tatem.
426 869 478 910 In
506 868 704 910 manibus
733 867 819 909 tuis
850 872 948 908 sunt

130 924 323 966 thesauri
340 925 666 967 miseratienum
684 923 875 974 Demini,
905 928 948 964 et

132 981 225 1023 sola
245 982 383 1024 electa
402 995 466 1031 eS,
494 981 564 1023 cui
586 980 726 1032 gratia
749 979 946 1021 concedi-

131 1043 211 1079 tur.
264 1038 407 1089 Absit,
438 1043 487 1079 ut
514 1042 655 1079 cesset
681 1049 834 1078 manus
863 1041 947 1085 tua,

132 1108 231 1136 cum
255 1095 529 1137 occasienem
555 1106 725 1146 quaeras
752 1092 949 1133 salvandi

131 1153 330 1201 miseros,
365 1156 407 1193 et
441 1149 784 1191 misericerdiam
816 1148 946 1189 efiun-

133 1206 277 1257 dendi3
308 1219 449 1259 neque
480 1207 593 1248 enim
615 1211 690 1248 tua
714 1205 852 1256 gleria
874 1205 948 1245 mi-

131 1263 289 1313 nuitur,
309 1262 387 1305 sed
406 1264 597 1314 augetur,
621 1275 719 1303 cum
737 1261 948 1314 poeniten-

131 1324 199 1361 tes
227 1318 283 1361 ad
309 1320 479 1361 veniam
506 1318 739 1370 justificati,
776 1316 832 1358 ad
859 1316 947 1368 gle-

131 1376 239 1417 riam
262 1379 549 1417 assuml'mtur.
581 1375 820 1415 Revertere
845 1385 948 1424 ergo

132 1433 380 1481 Sunamitis,
411 1431 540 1481 idest,
573 1430 798 1484 despecta,
831 1430 949 1480 cujus

133 1489 318 1530 enimam
340 1488 622 1542 pertransivit
639 1486 824 1538 gladius,
852 1499 949 1538 quae

131 1545 243 1586 fabri
281 1558 392 1587 uxor
435 1543 656 1597 appellata
690 1543 818 1584 fuisti.
878 1541 951 1583 Ad

134 1601 258 1653 quid?
294 1601 352 1643 Ut
374 1602 627 1642 intueamur.
663 1600 836 1641 Summa
859 1598 949 1649 gle-

132 1658 196 1699 ria
214 1663 281 1700 est
299 1663 401 1711 post
414 1658 557 1699 Deum
570 1662 614 1698 te
628 1656 788 1705 videre,
807 1654 950 1697 adhae-

132 1716 237 1755 rere·
259 1714 354 1765 tibi,
392 1719 435 1756 et
466 1714 510 1755 in
545 1719 632 1755 tuae
663 1711 949 1765 protectienis

132 1771 366 1812 munimine
411 1770 638 1812 demorari.
695 1768 812 1810 Audi
854 1780 950 1817 nos,

133 1840 233 1868 nam
252 1831 295 1868 et
309 1827 443 1868 Filius
462 1826 567 1868 nihil
584 1839 747 1877 negans
766 1825 951 1866 honerat

133 1888 193 1933 te,
220 1883 294 1935 qui
313 1889 379 1926 est
396 1883 516 1925 Deus
538 1881 793 1924 benedictus
811 1881 855 1921 in
873 1882 950 1921 see-

135 1939 231 1980 cula
250 1939 520 1981 saeculerum.

190 2007 250 2049 Te
267 2008 410 2049 Deum
425 2006 663 2049 laudamus.
681 2008 739 2048 13.

397 2097 475 2138 Ad
491 2097 686 2139 Laudes

352 2162 399 2192 et
430 2168 521 2202 per
551 2159 734 2194 Horas.

187 2219 286 2261 Ant.
312 2221 341 2260 1.
373 2221 508 2266 Sonet
530 2235 618 2265 vox
641 2228 715 2265 tua
734 2224 819 2265 *in
843 2224 951 2264 auri-

134 2279 217 2321 bus
234 2280 357 2330 meis,
384 2292 472 2321 vox
495 2280 609 2321 enim
629 2284 704 2321 tua
725 2279 880 2328 dulcis,
909 2285 952 2321 et

136 2335 268 2377 facies
286 2340 360 2377 tua
380 2335 550 2377 decera.

187 2397 253 2437 Ps.
273 2399 483 2441 Deminus
503 2401 711 2452 regnavit.
733 2411 829 2438 cum
855 2398 947 2438 reli-

136 2454 242 2505 quis.
274 2457 332 2496 14.

187 2520 223 2559 2.
251 2518 446 2562 Dilectus
469 2534 591 2563 meus
612 2522 635 2547 *
661 2520 884 2563 descendit
908 2519 951 2559 in

138 2575 329 2624 hortum,
357 2582 405 2618 ut
430 2579 634 2629 pascatur
659 2577 703 2617 in
729 2576 882 2625 hortis,
909 2579 953 2616 et

138 2631 227 2673 lilia
245 2632 430 2684 celligat.

187 2694 223 2733 3.
248 2694 355 2737 Veni
373 2695 529 2738 dilecte
546 2697 619 2747 mi,
638 2698 661 2722 *
681 2694 952 2747 egrediemur

137 2753 181 2793 in
199 2765 364 2803 agrum,
384 2755 698 2795 commoremur
715 2753 759 2792 in
778 2751 900 2792 villis.

1729 235 1818 279 [251]

1054 330 1090 368 4.
1114 330 1224 370 Fons
1239 329 1475 379 horterum,
1486 330 1677 382 *puteus
1689 332 1817 381 aqua-

1000 398 1095 426 rum
1111 386 1359 434 viventium,
1379 398 1477 438 quae
1496 386 1634 427 fluunt
1652 388 1818 439 impetu

1001 441 1056 483 de
1074 441 1252 484 Libano.

1053 502 1089 541 5.
1116 502 1164 542 In
1190 501 1329 553 portis
1354 501 1514 542 nostris
1532 502 1555 528 *
1576 501 1719 543 emnia
1742 514 1817 554 po-

1000 570 1071 599 ma
1088 570 1212 607 nova,
1232 563 1274 599 et
1289 559 1447 607 vetera,
1467 557 1623 599 dilecte
1643 559 1712 608 mi,
1733 571 1817 599 ser-

1000 614 1099 655 vavi
1116 613 1206 655 tibi.

1055 671 1312 724 Capitulum.
1341 674 1406 715 Ab
1426 674 1559 716 initio.
1579 674 1683 726 [144]

1052 735 1260 786 Hymnus.
1290 735 1327 774 O
1345 734 1546 786 gloriesa.
1564 731 1664 772 ibid.

1053 788 1102 839 V·
1117 796 1306 839 Pulchra
1326 809 1383 845 eS‚
1404 801 1446 837 et
1466 796 1626 837 decera
1643 796 1732 837 filia
1751 796 1776 837 J
1778 809 1817 838 e-

1000 853 1197 895 rusalem.
1238 850 1289 900 Rz·
1315 852 1541 893 Terribilis
1573 857 1621 893 ut
1657 855 1816 894 castre-

1000 923 1095 951 rum
1118 910 1232 952 ecies
1257 909 1467 951 ordinata.

1053 975 1124 1016 Ad
1143 974 1303 1016 Bened.
1325 976 1422 1015 Ant.
1446 973 1595 1014 Indica
1613 973 1727 1024 mihi,
1746 973 1819 1015 ubi

999 1044 1172 1083 pascas,
1202 1030 1277 1072 ubi
1308 1030 1440 1072 cubes
1467 1030 1511 1070 in
1537 1029 1734 1079 meridie,
1765 1043 1818 1071 ne

1001 1087 1147 1138 vagari
1170 1086 1373 1138 incipiam
1397 1090 1499 1138 post
1518 1098 1672 1137 greges
1694 1086 1818 1127 soda-

1000 1143 1105 1184 lium
1123 1145 1308 1184 tuerum.

1334 1206 1495 1247 Oratio.

1003 1264 1163 1369 Deus
1183 1269 1256 1320 qui
1273 1269 1521 1310 universum
1538 1267 1746 1309 mundum
1760 1268 1819 1307 in-

1106 1325 1268 1367 effabili
1295 1325 1572 1378 providentia
1599 1323 1731 1375 regis,
1759 1328 1819 1364 at-

1003 1395 1086 1433 que
1105 1382 1334 1432 gubernas:
1360 1386 1521 1434 praesta
1539 1380 1666 1422 nobis
1687 1380 1819 1420 famu-

1000 1438 1053 1479 lis
1074 1438 1174 1488 tuis;
1198 1443 1245 1479 ut
1268 1437 1562 1480 intercedente
1584 1437 1713 1478 beata
1732 1437 1819 1477 Ma-

1001 1497 1064 1535 ria
1084 1507 1256 1547 semper
1274 1495 1469 1546 Virgine,
1495 1506 1593 1546 quae
1612 1492 1731 1544 vigili
1750 1505 1819 1534 cu-

1002 1550 1144 1592 stedia
1184 1564 1265 1593 nos
1306 1551 1468 1603 pascit,
1520 1549 1574 1591 ab
1620 1548 1819 1591 hestibus

1002 1607 1182 1656 defensi,
1221 1612 1263 1648 et
1298 1607 1462 1648 fructus
1492 1607 1556 1648 tui
1591 1605 1819 1647 dulcedine

1002 1663 1156 1712 satiati,
1173 1663 1228 1704 ad
1244 1663 1466 1705 coelestem
1481 1662 1666 1715 patriam
1681 1661 1821 1702 securi

1001 1719 1302 1772 perducamur.
1329 1720 1412 1761 Per
1431 1718 1676 1760 Deminum.

1273 1800 1350 1841 Ad
1371 1800 1545 1841 Horas.

1055 1866 1142 1899 Ant.
1176 1868 1373 1899 sumuntur
1403 1873 1450 1896 ex
1477 1863 1595 1896 Laud.
1626 1867 1666 1895 ut
1694 1871 1820 1904 supra.

1004 1913 1096 1957 Cap.
1122 1918 1157 1947 et
1180 1913 1260 1956 ER.
1285 1916 1325 1946 ut
1348 1912 1387 1945 in
1410 1911 1519 1945 festis
1542 1910 1582 1944 B.
1600 1910 1647 1943 M.
1663 1909 1706 1942 V.
1729 1910 1819 1953 [144]

1206 1986 1266 2026 In
1287 1986 1348 2026 11.
1367 1984 1614 2036 vesperis.

1056 2049 1191 2084 Omnia
1216 2052 1256 2082 ut
1280 2047 1318 2081 in
1342 2047 1368 2080 Ι.
1392 2046 1508 2088 Vesp.
1532 2048 1638 2092 [247]‚
1667 2049 1820 2088 praeter:

1056 2105 1106 2156 V·
1146 2113 1229 2154 Per
1269 2116 1312 2153 te
1349 2111 1533 2152 salutem
1568 2109 1816 2151 hauriemus

1002 2170 1137 2220 Virgo
1174 2169 1321 2210 Maria.
1374 2166 1424 2217 R.
1457 2167 1524 2207 Ex
1561 2166 1741 2208 caritate
1777 2170 1820 2206 et

1001 2226 1204 2278 passiene
1225 2223 1384 2266 Christi
1402 2222 1499 2263 Filii
1516 2223 1590 2264 tui.

1055 2289 1125 2330 Ad
1152 2287 1322 2337 Magnis.
1360 2287 1456 2327 Ant.
1501 2286 1610 2328 Cum
1640 2285 1821 2328 vidisset

1003 2358 1106 2397 ergo
1126 2346 1151 2386 J
1153 2359 1252 2387 esus
1270 2350 1470 2394 matrem,
1495 2348 1539 2386 et
1562 2342 1819 2395 discipulum

1002 2407 1198 2451 stantem,
1219 2414 1347 2453 quem
1366 2400 1587 2451 diligebat,
1611 2398 1714 2440 dicit
1731 2410 1818 2437 ma-

1002 2458 1057 2500 tri
1087 2471 1193 2499 suae:
1225 2457 1397 2507 Mulier,
1431 2469 1532 2498 ecce
1563 2455 1677 2496 filius
1708 2458 1818 2494 tuus.

1002 2513 1170 2555 Deinde
1203 2513 1309 2555 dicit
1339 2512 1566 2565 discipulo:
1594 2510 1707 2551 Ecce
1732 2520 1817 2548 ma-

1003 2576 1069 2611 ter
1101 2575 1186 2611 tua.
1238 2570 1295 2612 Et
1327 2582 1381 2611 ex
1410 2569 1484 2610 illa
1514 2568 1623 2608 hora
1651 2564 1819 2616 accepit

1003 2639 1098 2667 eam
1118 2625 1355 2679 discipulus
1374 2626 1418 2666 in
1437 2637 1525 2666 sua.

1207 2718 1615 2743 -ᾷΑ-ᾣ-ο-’ῌ
