2040 2976
550 216 646 247 Infra
677 214 968 247 llcbdmmulum
996 214 1022 246 ix

501 308 652 348 Lectio
670 308 708 346 ii.

194 370 314 473 Ibat
339 375 484 411 autem
503 369 785 411 Philisthaeus
804 368 1023 418 incedens,

251 432 294 467 et
312 428 671 478 appropinquans
691 424 923 466 adversum
938 425 1022 465 Da-

194 482 284 530 vid,
330 487 373 523 et
415 482 603 533 armiger
645 482 735 533 ejus
778 486 878 522 ante
915 494 1024 522 eum.

194 539 391 589 Cumque
433 538 698 590 inspexisset
733 537 1024 583 philisthaeus,

194 600 238 637 et
272 593 455 635 vidisset
482 592 644 642 David,
677 593 883 645 despexit
915 605 1024 633 eum.

193 651 300 691 Erat
337 650 451 690 enim
487 649 761 691 adolescens:
802 649 938 698 rufus,
981 654 1024 689 et

193 705 375 759 pulcher
407 707 601 758 aspectu.
660 706 717 746 Et
753 704 863 746 dixit
894 704 1023 745 Phili-

194 762 360 804 sthaeus
394 760 451 803 ad
482 760 642 802 David:
681 760 907 811 Numquid
939 772 1021 810 ego

194 818 314 858 canis
343 830 455 865 sum,
491 816 611 869 quod
641 822 689 858 tu
716 816 839 857 venis
869 816 926 857 ad
953 829 1023 857 me

194 886 292 914 curn
324 871 506 914 baculo?
549 873 606 914 Et
637 871 864 913 maledixit
894 872 1023 912 Phili-

194 929 359 970 sthaeus
374 928 519 970 David
538 929 581 968 in
601 928 683 970 diis
701 929 805 968 suis:
826 927 1023 979 dixitque

194 985 251 1027 ad
278 984 440 1026 David:
480 985 594 1026 Veni
622 984 794 1034 ad‘me,
834 990 877 1025 et
906 984 1022 1025 dabo

195 1053 348 1082 carnes
371 1046 469 1082 tuas
492 1040 744 1082 volatilibus
768 1040 869 1081 coeli
889 1045 932 1081 et
951 1040 1023 1081 be-

194 1097 291 1137 stiis
310 1102 452 1137 terrae.
485 1097 607 1137 Dixit
630 1101 777 1137 autem
796 1096 942 1137 David
967 1095 1024 1137 ad

192 1152 510 1193 philisthaeum:
529 1153 598 1193 Tu
618 1153 740 1193 venis
760 1152 817 1193 ad
835 1165 904 1193 me
925 1165 1023 1193 cum

192 1208 351 1258 gladio,
372 1214 415 1249 et
434 1208 571 1257 hasta,
592 1213 636 1249 et
655 1208 827 1260 clypeo:
847 1221 929 1258 ego
951 1221 1021 1248 au-

192 1269 282 1305 tem
301 1264 428 1304 venio
449 1263 505 1305 ad
524 1269 568 1305 te
587 1265 630 1304 in
650 1265 825 1314 nemine
845 1264 1024 1305 Demini

193 1322 478 1368 exercituum,
511 1320 595 1361 Dei
623 1320 846 1371 agminum
875 1320 1024 1370 Israel,

193 1375 350 1426 quibus
371 1376 651 1428 exprobrasti
670 1376 818 1425 hedie,
838 1382 882 1418 et
901 1376 1024 1419 dabit

191 1437 235 1472 te
255 1432 469 1472 Dominus
494 1432 538 1472 in
563 1444 696 1472 manu
718 1445 832 1482 mea,
861 1438 905 1474 et
927 1445 1023 1485 per-

193 1488 354 1528 cutiam
372 1492 432 1537 te,
458 1492 502 1528 et
527 1488 722 1528 auferam
748 1494 881 1540 caput
900 1494 1024 1530 tuum

194 1556 219 1583 a
243 1548 301 1583 te:
327 1548 370 1584 et
395 1542 511 1584 dabo
536 1543 753 1584 cadavera
777 1547 1024 1586 castrorum

192 1598 458 1639 Philisthiim
481 1598 614 1641 hodie
633 1599 888 1641 volatilibus
913 1601 1023 1651 coeli,

194 1659 238 1695 et
274 1654 428 1696 bestiis
462 1660 607 1696 terrae:
651 1660 699 1696 ut
734 1657 844 1697 sciat
881 1658 1023 1698 omnis

193 1715 311 1752 terra
331 1711 432 1762 quia
452 1717 518 1753 est
537 1711 658 1752 Deus
677 1712 721 1752 in
740 1712 888 1753 Israel.

247 1775 297 1824 lx’g.
323 1774 506 1816 Factum
526 1780 604 1817 est.
623 1777 703 1816 181.

498 1853 649 1893 Lectio
673 1853 725 1891 iii.

196 1916 346 2022 Cum
372 1942 476 1980 ergo
498 1932 760 1972 surrexisset
778 1931 1023 1973 Philisthae-

290 1998 351 2035 us,
372 1990 415 2026 et
434 1988 613 2035 veniret,
633 1991 677 2027 et
696 1988 1021 2040 appropinqua-

195 2046 263 2082 ret
282 2046 435 2082 contra
452 2041 611 2091 David,
637 2042 858 2085 festinavit
876 2044 1023 2086 David

196 2102 240 2138 et
259 2097 450 2138 cucurrit
470 2096 527 2139 ad
545 2111 736 2149 pugnam
761 2111 815 2140 ex
835 2099 1023 2142 adverso

193 2152 447 2194 Philisthaei.
481 2154 537 2195 Et
559 2154 676 2196 misit
699 2168 877 2196 manum
900 2168 1024 2197 suam

195 2209 239 2249 in
262 2221 429 2262 peram,
454 2210 640 2261 tulitque
664 2224 797 2252 unum
820 2211 1023 2264 lapidem,

196 2270 240 2306 et
275 2263 409 2306 funda
448 2266 563 2316 jecit,
609 2271 652 2308 et
693 2267 1024 2310 circumducens

195 2321 415 2373 percussit
425 2321 726 2363 philisthaeum
741 2323 784 2364 in
802 2324 960 2366 fronte:
980 2330 1023 2367 et

195 2377 356 2417 infixus
381 2382 448 2418 est
471 2377 584 2429 lapis
608 2379 651 2418 in
677 2379 818 2421 fronte
844 2381 951 2431 ejus,
981 2386 1024 2422 et

197 2432 355 2475 cecidit
386 2433 430 2473 in
454 2433 609 2474 faciem
635 2447 758 2475 suam
783 2449 916 2488 super
941 2441 1023 2478 ter-

196 2501 300 2529 ram.
340 2489 663 2541 Praevaluitque
696 2491 841 2533 David
873 2491 1023 2533 adver-

196 2557 293 2585 sum
318 2544 621 2586 Philisthaeum
653 2546 696 2586 in
729 2546 863 2588 funda
895 2553 939 2589 et
966 2548 1024 2588 la-

196 2600 318 2653 pide,
347 2604 696 2652 percussumque
723 2602 1024 2644 philisthaeum

196 2656 425 2698 interfecit.
481 2657 678 2708 Cumque
709 2658 905 2707 gladium
937 2672 1025 2701 non

196 2712 378 2754 haberet
405 2712 448 2753 in
476 2725 607 2754 manu
632 2714 794 2765 David,
823 2716 1023 2766 cucurrit,

1025 224 1041 245 1
1070 220 1157 255 post
1183 216 1261 244 (let.
1284 212 1540 244 l’cntccostcs.

1077 308 1120 344 et
1139 302 1261 344 stetit
1279 313 1412 353 super
1430 300 1750 349 Philisthaeum‚
1775 304 1820 341 et
1842 304 1907 341 tu-

1076 358 1126 400 lit
1144 356 1339 409 gladium
1358 358 1465 408 erS,
1492 362 1536 398 et
1561 355 1713 398 eduxit
1732 368 1833 396 eum
1852 354 1908 397 de

1076 416 1233 463 vagina
1254 425 1348 454 sua:
1368 417 1412 454 et
1430 411 1648 453 interfecit
1667 424 1777 460 eum,
1796 423 1908 464 prae-

1077 469 1272 521 ciditque
1292 473 1426 520 caput
1445 469 1548 519 ejus.

1128 532 1177 582 R».
1205 530 1302 581 Ego
1321 534 1366 571 te
1384 529 1474 571 tuli.
1493 530 1573 569 181.

1274 643 1447 679 Feria
1482 643 1711 690 Quarta.

1210 707 1278 745 De
1297 703 1411 745 libro
1432 703 1575 755 primo
1596 703 1780 754 Regum.

1155 769 1308 809 Lectio
1326 768 1349 807 i.
1597 766 1699 816 Cap.
1716 766 1774 804 18.
1789 764 1828 805 b.

1102 847 1141 886 12⁷³,
1166 845 1269 874 orro
1295 845 1395 873 cum
1417 834 1714 874 reverteretur
1732 830 1910 885 percus-

1086 861 1150 931 '1:³⁴5
1184 901 1234 930 so
1253 888 1513 930 Philisthaeo
1532 887 1692 937 David,
1720 890 1910 938 egressae

1076 950 1177 986 sunt
1195 944 1401 986 mulieres
1421 944 1476 985 de
1496 944 1711 985 universis
1727 943 1910 986 urbibus

1076 1001 1231 1050 Israel,
1266 1002 1513 1050 cantantes,
1553 999 1802 1052 chorosque
1835 999 1910 1042 du-

1077 1059 1227 1098 centes
1253 1057 1298 1096 in
1325 1059 1560 1097 occursum
1578 1056 1681 1097 Saul
1706 1056 1839 1108 regis,
1867 1056 1911 1097 in

1076 1112 1298 1166 tympanis
1316 1112 1498 1162 laetitiae,
1526 1117 1569 1153 et
1592 1112 1636 1152 in
1661 1112 1812 1153 sistris.
1853 1113 1911 1155 Et

1076 1168 1377 1222 praecinebant
1396 1168 1602 1210 mulieres
1616 1167 1830 1219 ludentes,
1849 1174 1911 1210 at-

1079 1238 1163 1278 que
1184 1225 1397 1266 dicentes:
1415 1225 1641 1266 Percussit
1659 1225 1763 1266 Saul
1781 1225 1911 1275 mille,

1077 1288 1120 1324 et
1138 1281 1284 1323 David
1311 1281 1466 1323 decem
1490 1281 1636 1322 millia.
1670 1282 1815 1323 Iratus
1844 1287 1912 1324 est

1077 1342 1224 1379 autem
1248 1337 1351 1379 Saul
1375 1337 1522 1387 nimis,
1551 1342 1595 1379 et
1620 1337 1844 1390 displicuit
1867 1338 1912 1378 in

1077 1394 1216 1436 oculis
1250 1394 1341 1445 ejus
1379 1405 1524 1434 sermo
1557 1394 1656 1435 iste:
1698 1393 1939 1446 dixitquez·

1075 1449 1306 1491 Dederunt
1330 1449 1476 1491 David
1503 1449 1658 1491 decem
1685 1450 1838 1501 millia,
1867 1456 1911 1492 et

1076 1506 1181 1547 mihi
1197 1505 1316 1547 mille
1334 1505 1564 1548 dederunt:
1585 1505 1691 1559 quid
1706 1507 1745 1548 ei
1760 1510 1910 1560 super-

1077 1568 1156 1612 est,
1174 1562 1257 1603 nisi
1276 1561 1420 1603 solum
1438 1561 1644 1613 regnum?

1130 1628 1181 1679 R.
1205 1626 1403 1668 Peccavi.
1421 1626 1509 1667 179.

1388 1694 1539 1734 Lectio
1560 1693 1598 1733 ii.

1077 1752 1231 1858 Non
1250 1756 1384 1797 rectis
1404 1769 1510 1807 ergo
1526 1755 1665 1797 oculis
1680 1756 1784 1798 Saul
1798 1757 1910 1809 aspi-

1187 1811 1331 1853 ciebat
1349 1812 1496 1853 David
1519 1825 1545 1853 a
1569 1812 1641 1853 die
1659 1812 1749 1862 illa,
1775 1817 1819 1854 et
1838 1811 1910 1855 de-

1076 1870 1242 1920 inceps.
1274 1868 1384 1909 Post
1407 1867 1525 1910 diem
1549 1873 1698 1910 autem
1717 1868 1911 1919 alteram,

1076 1925 1236 1966 invasit
1256 1925 1436 1976 spiritus
1454 1924 1539 1965 Dei
1560 1924 1702 1965 malus
1721 1925 1840 1975 Saul,
1868 1931 1912 1967 et

1076 1979 1374 2032 prophetabat
1392 1980 1436 2021 in
1458 1979 1605 2021 medio
1626 1980 1784 2022 domus
1803 1994 1911 2022 suae:

1077 2035 1224 2077 David
1251 2041 1399 2078 autem
1421 2035 1641 2089 psallebat
1663 2049 1795 2078 manu
1820 2050 1910 2087 sua,

1080 2092 1192 2134 sicut
1223 2104 1304 2144 per
1336 2092 1532 2143 singulos
1565 2092 1675 2133 dies:
1713 2092 1910 2135 tenebat-

1080 2161 1165 2200 que
1192 2147 1297 2190 Saul
1327 2148 1543 2197 lanceam,
1578 2153 1622 2190 et
1654 2149 1772 2190 misit
1802 2161 1910 2199 eam,

1076 2210 1237 2257 putans
1263 2203 1383 2256 quod
1408 2204 1631 2255 configere
1650 2210 1806 2257 posset
1823 2205 1909 2247 Da-

1076 2259 1152 2302 vid
1172 2273 1271 2302 cum
1290 2262 1475 2312 pariete:
1501 2265 1546 2301 et
1569 2260 1805 2302 declinavit
1823 2261 1909 2302 Da-

1077 2316 1151 2358 vid
1171 2330 1197 2358 a
1216 2317 1326 2358 facie
1347 2317 1437 2368 ejus
1458 2316 1665 2358 secundo.
1691 2317 1749 2359 Et
1765 2318 1910 2359 timuit

1078 2372 1181 2414 Saul
1200 2372 1362 2423 David,
1389 2385 1442 2414 eo
1468 2373 1590 2424 quod
1607 2373 1824 2415 Dominus
1845 2386 1908 2415 es-

1078 2433 1145 2470 set
1177 2441 1278 2469 cum
1315 2441 1385 2478 eo,
1427 2434 1471 2470 et
1502 2441 1528 2469 a
1560 2441 1608 2470 se
1642 2431 1909 2471 recessisset.

1078 2484 1259 2526 Am6vit
1279 2497 1385 2534 ergo
1406 2498 1506 2526 eum
1523 2484 1626 2526 Saul
1651 2498 1676 2526 a
1695 2498 1758 2534 se,
1783 2490 1827 2527 et
1850 2485 1908 2526 fe-

1080 2541 1138 2582 cit
1166 2553 1265 2582 eum
1291 2540 1514 2582 tribunum
1543 2554 1677 2594 super
1705 2541 1822 2582 misse
1849 2541 1908 2582 vi-

1078 2609 1168 2637 ros:
1188 2602 1232 2638 et
1251 2596 1572 2648 egrediebatur,
1592 2603 1635 2639 et
1654 2597 1846 2639 intrabat
1866 2597 1909 2638 in

1078 2655 1319 2705 conspectu
1339 2653 1505 2706 populi.

1131 2714 1181 2752 R
1205 2717 1435 2760 Exaudisti
1453 2717 1653 2759 Demine.
1673 2718 1767 2758 180.
