2040 2976
824 202 1007 233 (Σωιιιιιιιιιι

198 309 301 337 ιιιιιιι
317 307 414 336 esse
429 299 611 347 propter
625 294 858 334 instantem
873 305 1019 334 neces-

198 352 391 400 sitatem,
430 350 635 403 quoniam
662 349 825 391 bonum
853 354 918 390 est
945 349 1019 390 ho-

198 408 302 448 mini
328 408 389 448 sic
414 420 520 448 esse.
556 406 771 457 Alligatus
796 418 842 447 es
869 403 1018 446 uxori?

197 463 285 504 noli
314 465 509 515 quaerere
535 462 807 504 solutionem.
843 461 1020 503 Solutus

198 533 244 561 es
263 519 317 561 ab
333 518 491 561 uxore?
512 519 602 560 noli
617 521 812 571 quaerere
827 520 1019 559 uxorem.

196 576 241 617 Si
273 581 417 618 autem
450 575 671 628 acceperis
699 578 897 625 uxorem,
932 588 1020 617 non

196 633 400 684 peccasti.
428 633 484 673 Et
503 632 539 673 si
558 632 754 684 nupserit
772 632 912 683 virgo,
932 644 1018 673 non

196 689 407 741 peccavit.
473 688 816 730 Tribulationem
873 693 1018 730 tamen

197 746 339 787 earnis
366 745 588 787 habebunt
614 744 870 797 hujusmodi.
924 746 1018 797 Ego

197 807 343 843 autem
379 801 504 843 vobis
539 813 684 854 parco.
738 802 838 842 Hoc
870 804 1018 854 itaque

198 858 314 907 dico,
343 858 513 899 fratres:
553 857 747 909 Tempus
774 857 907 899 breve
938 863 1018 899 est:

197 914 411 966 reliquum
426 919 504 963 est,
522 918 570 954 ut
589 918 631 954 et
649 914 722 965 qui
738 913 899 956 habent
913 917 1017 956 uxo-

197 983 287 1020 res,
315 975 537 1022 tamquam
563 982 650 1010 non
678 969 889 1011 habentes
917 971 1018 1012 sint·

198 1031 241 1067 et
261 1027 333 1078 qui
352 1027 471 1075 fient,
496 1031 718 1078 tamquam
742 1038 829 1066 non
849 1026 1018 1068 flentes:

197 1087 240 1124 et
261 1083 333 1134 qui
350 1082 552 1134 gaudent,
570 1086 793 1134 tamquam
812 1095 899 1123 non
917 1096 1017 1133 gau-

196 1139 362 1181 dentes:
403 1144 446 1181 et
481 1139 554 1191 qui
590 1143 753 1188 emunt,
794 1144 1018 1192 tamquam

195 1208 282 1237 non
313 1196 606 1249 possidentes:
649 1200 692 1237 et
730 1196 802 1248 qui
838 1200 1017 1238 utuntur

195 1253 280 1294 hoc
308 1253 492 1302 mundo,
524 1258 748 1305 tamquam
780 1266 867 1294 non
895 1257 1017 1296 utan-

195 1314 279 1350 tur:
323 1310 518 1362 praeterit
560 1309 674 1351 enim
713 1309 852 1360 figura
892 1310 1017 1363 hujus

195 1365 354 1407 mundi.

454 1421 534 1459 Pro
560 1421 758 1469 Martyre.

251 1479 295 1527 h'g.
329 1475 441 1516 Veni
473 1487 635 1527 sponsa
664 1477 838 1525 Christi,
868 1477 1018 1528 accipe

197 1534 414 1579 coronam,
435 1544 565 1583 quam
585 1531 665 1573 tibi
679 1533 895 1574 Dominus
909 1545 1018 1584 prae-

196 1588 365 1640 paravit
393 1587 437 1627 in
465 1589 688 1629 aeternum:
716 1602 798 1641 pro
828 1590 947 1640 cujus
977 1602 1018 1629 a-

196 1646 318 1685 more
338 1643 590 1694 sanguinem
605 1649 727 1686 tuum
743 1644 901 1693 fudisti,
918 1645 939 1665 *
963 1645 1019 1686 Et

197 1713 296 1741 cum
324 1699 502 1750 Angelis
533 1700 577 1740 in
608 1701 858 1752 paradisum
888 1702 1018 1743 intro-

196 1756 277 1797 isti.
307 1753 354 1802 ΥΤ.
374 1756 487 1797 Veni
507 1755 646 1798 electa
663 1770 770 1807 mea,
794 1763 837 1799 et
857 1770 1017 1810 ponam

196 1812 239 1852 in
260 1817 303 1853 te
327 1812 531 1853 thronum
550 1825 710 1862 meum,
739 1814 840 1866 quia
865 1826 1017 1855 concu-

197 1869 304 1921 pivit
323 1869 419 1910 Rex
439 1869 629 1921 speciem
647 1874 777 1910 tuam.
808 1871 865 1911 Et
883 1883 993 1911 cum.

253 1930 291 1963 Si
316 1940 391 1962 non
420 1930 455 1962 l'u
461 1929 530 1962 crit
556 1929 707 1962 Μιιιῑιί·
735 1929 805 1962 dic.
834 1954 846 1961 ι
833 1937 936 1972 sequ

255 1981 298 2020 R.
318 1981 431 2022 Veni
451 1981 588 2023 electa
606 1995 714 2032 mea,
734 1987 777 2024 et
795 1996 957 2036 ponam
975 1984 1018 2024 in

198 2042 241 2078 te
269 2023 471 2078 thronum
499 2051 659 2079 meum:
680 2037 701 2058 ²⁸
724 2040 834 2099 Quia
862 2053 1018 2082 concu-

198 2094 306 2145 pivit
322 2094 417 2134 Rex
434 2094 625 2146 speciem
638 2099 769 2136 tuam.
798 2087 846 2139 Y
865 2097 1019 2150 Specie

199 2154 273 2190 tua
304 2154 346 2190 et
378 2150 697 2202 pulchritudine
729 2157 804 2194 tua
833 2153 1019 2203 intende,

199 2208 411 2258 prospere
430 2206 635 2258 procede,
662 2213 704 2249 et
723 2222 866 2259 regna.
898 2210 1018 2260 Quia.

257 2258 412 2299 ssened.
447 2261 475 2299 1
481 2262 696 2313 nigenitus
715 2265 808 2306 Dei.

510 2320 541 2358 L
546 2321 656 2359 ectio
676 2320 713 2359 ii.

295 2382 366 2424 olo
406 2387 548 2423 autem
580 2396 660 2424 vos
692 2385 783 2426 sine
816 2385 1019 2427 sollicitu-

304 2439 403 2481 dine
425 2452 532 2480 esse
569 2441 652 2490 Qui
671 2441 762 2483 sine
787 2445 923 2483 uxore
943 2447 1020 2491 est,

202 2495 412 2538 sollicitus
455 2501 520 2536 est
561 2509 658 2548 quae
694 2497 869 2538 Domini
910 2503 1020 2548 sunt,

203 2551 424 2605 quomodo
443 2551 616 2604 placeat
634 2553 742 2594 Deo.
773 2554 856 2603 Qui
875 2559 1020 2596 autem

202 2621 299 2650 cum
323 2610 460 2649 uxore
488 2613 570 2656 est,
599 2608 808 2650 sollicitus
833 2615 899 2651 est
923 2623 1020 2662 quae

202 2670 302 2706 sunt
352 2664 519 2714 mundi,
574 2664 812 2716 quemodo-
850 2665 1021 2718 placeat

201 2721 342 2771 uxori,
379 2726 422 2762 et
455 2720 618 2762 divisus
651 2726 728 2762 est.
781 2722 837 2763 Et
868 2721 1022 2763 mulier

1014 215 1031 233 c
1063 201 1077 231 Y
1096 201 1268 240 irginum.

1071 292 1266 344 innupta,
1294 295 1338 332 et
1360 291 1482 342 virgo
1509 290 1671 341 cogitat
1690 304 1789 344 quae
1806 293 1895 334 Do-

1071 348 1174 388 mini
1194 352 1304 396 sunt,
1322 352 1371 388 ut
1389 348 1446 389 sit
1466 352 1617 389 sancta
1635 350 1832 401 corpore,
1851 354 1896 391 et

1072 405 1238 457 spiritu.
1272 404 1380 454 Quae
1400 409 1546 446 autem
1564 409 1700 457 nupta
1719 410 1801 455 est,
1825 407 1894 447 co-

1071 461 1182 511 gitat
1211 473 1308 512 quae
1337 465 1437 501 sunt
1468 459 1634 510 mundi,
1671 461 1894 512 quomodo

1072 517 1245 569 placeat
1263 517 1369 558 viro.
1395 517 1535 558 Porro
1556 516 1642 558 hoc
1661 515 1716 558 ad
1735 516 1894 558 utilita-

1072 579 1160 615 tem
1178 579 1371 615 vestram
1386 573 1500 615 dico:
1518 586 1605 615 non
1625 578 1672 615 ut
1691 573 1895 626 laqueum

1073 630 1198 672 vobis
1217 631 1413 683 injiciam,
1433 630 1510 672 sed
1530 630 1587 672 ad
1605 629 1660 680 id,
1682 630 1802 682 quod
1820 630 1894 672 ho-

1071 690 1243 729 nestum
1283 692 1364 737 est,
1405 692 1448 730 et
1489 686 1609 740 quod
1643 687 1895 729 facultatem

1070 744 1267 796 praebeat
1291 745 1383 786 sine
1410 743 1723 797 impedimento
1747 744 1895 786 Domi·

1070 814 1173 842 num
1192 802 1462 844 obsecrandi.

1122 876 1170 915 R·
1214 871 1385 912 Diffusa
1421 877 1487 913 est
1522 872 1662 924 gratia
1693 873 1737 914 in
1769 871 1895 914 labiis

1070 918 1171 970 tuis:
1190 934 1211 954 ¹·
1232 929 1473 980 Propterea
1496 928 1719 971 benedixit
1743 934 1788 972 te
1810 929 1894 970 De-

1070 998 1138 1026 us
1150 986 1193 1026 in
1222 987 1443 1026 aeternum.
1491 983 1539 1033 Y
1566 985 1720 1038 Specie
1748 991 1823 1028 tua
1851 990 1895 1027 et

1070 1041 1392 1094 pulchritudine
1411 1046 1487 1083 tua
1505 1042 1695 1092 intende,
1714 1045 1894 1096 prospe-

1070 1111 1117 1140 re
1135 1096 1337 1151 procede,
1357 1103 1401 1140 et
1419 1111 1563 1149 regna.
1589 1098 1842 1152 Propterea.

1125 1164 1282 1204 Bened.
1311 1164 1495 1216 Spiritus
1515 1164 1653 1206 sancti
1671 1165 1822 1216 gratia.

1374 1238 1524 1278 Lectio
1545 1238 1598 1277 iii.

1073 1299 1156 1406 Si
1185 1303 1280 1356 quis
1309 1307 1454 1345 autem
1482 1307 1656 1356 turpem
1684 1317 1731 1346 se
1758 1303 1897 1346 videri

1155 1360 1372 1401 existimat
1417 1373 1548 1412 super
1593 1361 1759 1412 virgine
1803 1373 1896 1410 sua,

1073 1416 1191 1468 quod
1215 1417 1271 1458 sit
1297 1415 1594 1468 superadulta,
1620 1421 1664 1458 et
1686 1417 1746 1458 ita
1770 1419 1895 1470 opor-

1070 1478 1134 1514 tet
1151 1473 1260 1515 fieri:
1281 1472 1400 1525 quod
1415 1472 1508 1514 vult
1527 1473 1671 1514 faciat:
1690 1486 1778 1515 non
1797 1486 1895 1526 pec-

1072 1534 1160 1579 cat,
1189 1530 1225 1570 si
1249 1529 1396 1571 nubat.
1435 1529 1549 1570 Nam
1580 1530 1654 1582 qui
1676 1531 1828 1572 statuit
1853 1531 1897 1571 in

1072 1585 1206 1627 corde
1230 1598 1310 1627 suo
1335 1585 1501 1634 firmus,
1529 1598 1617 1627 non
1641 1585 1808 1628 habens
1826 1599 1896 1629 ne-

1072 1643 1337 1692 cessitatem,
1364 1644 1631 1694 potestatem
1655 1648 1801 1685 autem
1825 1643 1896 1685 ha-

1071 1697 1180 1739 bens
1209 1711 1299 1739 suae
1326 1697 1584 1748 voluntatis,
1617 1703 1661 1740 et
1689 1698 1775 1740 hoc
1792 1699 1896 1751 judi-

1072 1754 1187 1795 cavit
1213 1754 1257 1794 in
1285 1753 1419 1795 corde
1448 1767 1547 1806 suo,
1576 1757 1751 1797 servare
1770 1756 1895 1807 virgi-

1070 1823 1170 1852 nem
1190 1823 1324 1860 suam,
1343 1810 1455 1852 bene
1472 1810 1584 1852 facit.
1612 1812 1749 1863 Igitur
1763 1813 1895 1865 etqui

1070 1867 1348 1908 matrimonio
1373 1867 1509 1918 jungit
1527 1868 1738 1919 virginem
1763 1881 1895 1919 suam,

1071 1923 1182 1965 bene
1205 1923 1322 1965 facit:
1350 1927 1394 1965 et
1420 1924 1494 1976 qui
1517 1936 1605 1965 non
1632 1925 1783 1976 jungit,
1810 1927 1895 1967 me-

1071 1979 1153 2021 lius
1180 1980 1293 2021 facit.
1330 1980 1486 2022 Mulier
1514 1980 1688 2032 alligata
1717 1987 1784 2024 est
1810 1982 1897 2034 legi

1074 2042 1236 2089 quanto
1247 2039 1446 2089 tempore
1456 2037 1522 2078 vir
1534 2038 1624 2090 ejus
1635 2038 1749 2080 vivit.
1767 2038 1896 2089 Quod

1073 2095 1108 2135 si
1133 2093 1359 2135 dormierit
1382 2094 1447 2135 vir
1471 2094 1575 2145 ejus,
1603 2093 1788 2136 liberata
1815 2101 1896 2137 est:

1073 2151 1141 2192 cui
1160 2149 1252 2191 vult
1271 2149 1419 2201 nubat,
1445 2155 1614 2192 tantum
1632 2151 1676 2191 in
1695 2151 1897 2194 Domino.

1072 2207 1250 2248 Beatior
1269 2210 1414 2248 autem
1434 2207 1529 2256 erit,
1559 2207 1594 2248 si
1617 2207 1680 2249 sic
1698 2210 1896 2260 perman-

1073 2263 1194 2312 serit,
1223 2262 1463 2304 secundum
1486 2276 1631 2305 meum
1657 2264 1897 2306 consilium:

1072 2324 1180 2372 puto
1209 2324 1355 2360 autem
1384 2319 1503 2372 quod
1523 2325 1566 2361 et
1585 2333 1666 2371 ego
1690 2320 1897 2373 Spiritum

1073 2376 1155 2418 Dei
1174 2375 1370 2417 habeam.

1128 2442 1176 2493 Rz.
1209 2441 1364 2493 Specie
1396 2445 1470 2482 tua
1501 2446 1544 2483 et
1572 2441 1895 2494 pulchritudine

1073 2502 1147 2538 tua
1179 2500 1201 2523 *
1221 2496 1422 2545 Intende,
1451 2500 1664 2550 prospere
1692 2497 1896 2550 procede,

1074 2558 1116 2595 et
1139 2566 1282 2605 regna.
1321 2550 1370 2600 Yf.
1396 2553 1566 2595 Diffusa
1594 2558 1659 2595 est
1686 2553 1896 2604 gratia-in

1074 2610 1199 2651 labiis
1223 2611 1324 2659 tuis,
1348 2612 1586 2663 propterea
1610 2609 1834 2651 benedixit
1852 2614 1896 2651 te

1075 2667 1194 2707 Deus
1218 2667 1261 2707 in
1283 2668 1504 2707 aeternum.
1528 2665 1722 2708 Intende.
1748 2665 1897 2706 Gloria

1046 2763 1049 2766 .
1074 2722 1202 2765 Patri.
1229 2723 1422 2766 Intende.
