2040 2976
791 228 999 261 Commune
1024 227 1236 269 Virginum.

214 320 271 361 Et
298 322 505 361 occursus
533 319 623 369 ejus
641 329 780 368 usque
798 315 854 357 ad
871 328 982 356 811111-

162 389 281 417 11111111
309 376 414 428 ejus:
443 376 466 401 *
493 387 574 416 nec
607 378 673 415 est
707 373 780 425 qui
813 385 860 413 se
888 371 982 413 abs-

163 431 323 474 condat
350 445 376 472 a
403 431 548 472 calore
576 431 676 482 ejus.

214 489 307 530 Lex
321 488 498 529 Domini
516 485 791 528 immaculata
807 486 982 527 conver-

162 550 260 587 tens
296 545 480 586 animas:
513 544 536 570 *
566 543 862 584 testimenium
896 541 982 582 Do-

162 602 266 642 mini
297 600 443 650 fidele,
480 599 737 652 sapientiam
768 602 983 652 praestans

162 657 366 711 parvulis.

213 714 400 756 Justitiae
435 712 611 754 Domini
650 717 802 761 rectae,
846 710 983 752 laetifi-

164 773 312 812 6311168
349 768 496 811 corda:
533 769 556 794 *
592 770 862 820 praeceptum
896 767 983 808 Do-

162 827 266 868 mini
283 825 484 874 lucidum,
505 825 750 865 111111111113118
770 823 932 865 0611108.

213 883 365 924 Τ111101
390 881 567 923 Domini
594 885 784 931 sanctus,
817 882 983 933 perma-

161 952 269 981 nens
296 939 340 980 in
368 937 575 980 saeculum
604 937 767 978 saeculi:
785 938 809 963 *
827 936 984 989 judicia

162 996 337 1037 Demini
364 1007 484 1044 vera,
511 994 742 1046 justificata
763 993 807 1034 in
830 998 983 1035 semet-

162 1065 269 1105 ipsa.

214 1107 531 1150 Desiderabilia
574 1120 704 1159 super
745 1119 897 1147 aurum
941 1111 985 1148 et

161 1164 354 1217 lapidem
385 1164 625 1217 pretiesum
656 1163 855 1205 multum:
883 1164 905 1188 *
942 1168 985 1204 et

163 1221 359 1263 dulciora
387 1233 519 1273 super
545 1220 631 1262 mel
661 1225 703 1261 et
726 1220 882 1261 favum.

214 1277 385 1319 Etenim
413 1289 564 1318 servus
591 1282 691 1318 tuus
712 1276 903 1318 custOdit
923 1289 984 1326 ea,

161 1335 184 1359 *
216 1334 260 1374 in
301 1333 596 1375 custodiendis
633 1333 719 1373 illis
757 1332 983 1375 retributio

163 1390 309 1431 multa.

211 1446 383 1488 Delicta
423 1446 519 1498 quis
556 1444 776 1497 intelligit?
821 1446 875 1487 ab
915 1459 983 1487 oc-

163 1502 290 1544 cultis
329 1503 438 1544 meis
470 1502 631 1544 munda
666 1515 754 1543 me:
790 1503 813 1528 *
850 1507 893 1543 et
929 1502 983 1544 ab

161 1559 311 1600 alienis
338 1572 470 1612 parce
499 1572 627 1601 servo
653 1564 740 1601 tuo.

211 1616 256 1657 Si
301 1616 387 1657 mei
426 1629 513 1657 non
554 1616 714 1657 fuerint
757 1615 983 1665 dominati,

161 1677 264 1714 tunc
291 1672 593 1714 immaculatus
621 1685 713 1714 ero:
732 1674 755 1699 *
776 1676 819 1713 et
839 1684 982 1713 emun-

81 1759 83 1762 ι
161 1728 301 1770 dabor
328 1742 353 1770 a
381 1728 542 1770 delicto
570 1728 772 1770 maximo.

210 1785 267 1826 Et
308 1790 432 1826 erunt
472 1789 520 1826 ut
560 1784 861 1837 complaceant
897 1785 982 1826 elo-

162 1841 261 1893 quia
289 1841 376 1882 oris
402 1841 504 1883 mei:
522 1843 546 1869 *
566 1846 608 1883 et
634 1840 862 1883 meditatio
891 1854 982 1883 cor-

160 1896 226 1938 dis
252 1898 338 1939 mei
364 1898 408 1938 in
436 1900 674 1950 conspectu
699 1902 776 1939 tuo
798 1911 983 1951 semper.

210 1953 397 1996 Domine
425 1954 596 2006 adjutor
622 1967 756 2004 meus,
775 1956 799 1982 *
821 1959 864 1996 et
888 1955 981 1997 red-

161 2011 333 2063 emptor
358 2023 492 2052 meus.

211 2068 308 2108 Ant.
338 2068 451 2108 Ante
471 2072 621 2109 torum
643 2067 767 2119 hujus
787 2068 981 2119 Virginis

159 2122 431 2175 frequentate
466 2123 594 2165 nobis
632 2123 776 2165 dulcia
814 2125 982 2166 cantica

160 2178 379 2220 dramatis.

211 2239 309 2279 Ant.
345 2238 590 2286 Revertere,
613 2237 636 2262 *
663 2238 883 2279 revertere
907 2238 981 2279 Su-

159 2292 347 2333 namitis:
389 2294 624 2342 revertere,
660 2295 897 2344 revertere,
934 2299 982 2336 ut

160 2347 403 2398 intueamur
422 2353 476 2389 te.

430 2407 627 2447 Psalmus
646 2409 709 2448 23.

160 2455 380 2561 Domini
412 2465 478 2501 est
509 2465 640 2510 terra,
679 2466 722 2502 et
754 2461 980 2514 plenitudo

264 2516 368 2567 ejus:
390 2516 413 2541 *
437 2515 555 2557 orbis
574 2519 804 2567 terrarum,
830 2522 873 2559 et
892 2519 980 2559 uni-

161 2572 275 2613 versi
295 2571 367 2624 qui
386 2571 583 2614 habitant
601 2573 644 2613 in
664 2586 727 2614 eo.

213 2628 322 2678 Quia
348 2628 442 2679 ipse
472 2641 602 2680 super
625 2629 761 2670 1113113
784 2629 980 2672 fundavit

162 2697 274 2726 eum:
293 2684 316 2710 *
337 2689 380 2726 et
407 2697 538 2736 super
562 2684 739 2726 fiumina
762 2688 979 2739 praepara-

161 2740 222 2781 vit
241 2752 349 2781 eum.

1787 218 1858 262 [87]

1089 314 1195 364 Quis
1228 314 1435 356 ascendet
1471 315 1515 355 in
1547 320 1741 357 montem
1773 315 1859 356 1)ό-

1036 368 1161 410 mini?
1181 371 1204 396 *
1224 376 1298 412 aut
1318 371 1414 423 quis
1434 371 1567 413 stabit
1584 372 1628 412 in
1646 372 1745 413 loco
1766 384 1859 412 san-

1037 431 1109 467 cto
1131 424 1243 478 ejus?

1088 483 1304 524 Innocens
1353 484 1553 525 manibus
1605 489 1648 526 et
1697 483 1859 525 mundo

1037 538 1186 588 corde,
1213 540 1237 565 *
1266 540 1339 592 qui
1366 552 1454 581 non
1478 541 1647 593 accepit
1674 541 1718 581 in
1746 553 1859 581 vano

1038 596 1226 636 animam
1245 609 1382 646 suam,
1407 609 1487 638 nec
1511 597 1668 648 juravit
1690 597 1733 637 in
1758 596 1860 638 dolo

1038 652 1239 704 proximo
1261 665 1351 693 suo.

1088 708 1173 749 Hic
1213 709 1399 761 accipiet
1441 709 1792 751 benedictienem
1837 722 1862 749 3

1037 765 1242 806 Domino:
1257 765 1280 791 *
1297 770 1340 807 et
1358 765 1702 807 misericerdiam
1721 778 1746 806 3
1764 766 1861 806 Deo

1038 821 1219 862 salutari
1238 834 1328 863 suo.

1088 878 1198 919 Haec
1227 883 1293 919 est
1320 879 1545 928 generatio
1576 878 1862 930 quaerentium

1039 946 1153 983 eum,
1190 935 1212 960 *
1251 935 1537 986 quaerentium
1587 935 1742 976 faciem
1779 935 1863 975 Dei

1037 990 1186 1032 Jacob.

1089 1047 1293 1088 Attollite
1338 1052 1490 1100 portas
1535 1048 1756 1100 principes
1793 1060 1862 1088 ve—

1039 1108 1168 1153 stras,
1198 1109 1241 1145 et
1266 1103 1494 1145 elevamini
1518 1108 1660 1156 portae
1682 1105 1862 1145 36161113-

1037 1159 1115 1201 les:
1134 1161 1157 1185 *
1178 1165 1221 1201 et
1239 1160 1436 1202 introibit
1455 1161 1552 1201 Rex
1571 1160 1733 1211 gloriae.

1091 1217 1196 1266 Quis
1222 1221 1289 1258 est
1309 1217 1391 1258 iste
1411 1217 1507 1258 Rex
1526 1215 1700 1267 gloriae?
1726 1218 1749 1242 *
1775 1217 1862 1257 Do-

1037 1273 1178 1313 minus
1210 1273 1335 1314 fortis
1369 1278 1412 1314 et
1443 1278 1616 1325 potens:
1648 1273 1862 1314 Do'minus

1037 1334 1196 1381 potens
1215 1329 1258 1370 in
1276 1329 1440 1382 praelio.

1090 1385 1293 1427 Attellite
1337 1391 1490 1438 portas
1535 1386 1755 1438 principes
1792 1399 1861 1427 ve-

1039 1446 1167 1491 81138,
1196 1446 1239 1483 61
1264 1442 1492 1483 elevamini
1514 1447 1656 1495 portae
1681 1444 1862 1483 aeterna-

1036 1497 1115 1539 les:
1133 1500 1157 1525 *
1177 1503 1220 1540 et
1239 1498 1435 1540 introibit
1455 1499 1551 1540 Rex
1570 1499 1731 1549 gloriae.

1090 1555 1196 1604 Quis
1222 1560 1289 1596 est
1312 1555 1395 1596 iste
1414 1555 1511 1596 Rex
1538 1553 1712 1606 glo'riae?
1732 1556 1755 1581 *
1774 1556 1862 1596 Do-

1036 1611 1177 1652 minus
1202 1611 1411 1652 virtutum
1439 1611 1533 1664 ipse
1562 1616 1629 1653 est
1653 1612 1749 1653 Rex
1772 1612 1861 1662 glo-

1036 1667 1122 1707 riae.

1090 1732 1187 1771 Ant.
1218 1730 1467 1779 Revertere,
1490 1731 1711 1771 revertere
1730 1730 1862 1771 Suna-

1035 1785 1166 1825 mitis:
1197 1787 1432 1835 revertere,
1461 1787 1697 1835 revertere,
1727 1790 1775 1827 ut
1802 1787 1861 1827 in-

1034 1843 1233 1882 tueamur
1252 1846 1306 1882 te.

1090 1900 1138 1951 V.
1169 1902 1323 1955 Specie
1355 1907 1431 1943 tua
1465 1907 1507 1944 et
1535 1902 1860 1955 pulchritudine

1034 1963 1119 2000 tua.
1146 1961 1196 2012 R».
1212 1959 1406 2007 Intende,
1426 1961 1639 2011 prespere
1654 1959 1860 2012 procede,

1035 2020 1078 2057 et
1097 2028 1242 2066 regna.

1091 2077 1215 2118 Pater
1235 2081 1395 2118 noster.

1088 2138 1330 2179 Absolutio.
1360 2136 1531 2178 Exaudi
1553 2137 1751 2180 Domine.

1088 2194 1137 2245 V.
1163 2197 1274 2238 Jube
1303 2196 1473 2238 domne.

1088 2259 1247 2300 Bened.
1270 2257 1583 2300 Benedictione
1602 2261 1824 2311 perpetua.

1078 2333 1143 2372 De
1165 2331 1364 2383 Epistola
1388 2331 1527 2383 prima
1551 2331 1669 2375 beati
1691 2332 1814 2386 Pauli

1165 2387 1371 2440 Apestoli
1390 2387 1447 2429 ad
1466 2387 1727 2430 Corinthios.

1137 2458 1330 2499 Lectioi.
1550 2460 1652 2511 Cap
1668 2461 1702 2500 7.
1719 2472 1753 2500 e.

1084 2527 1187 2576 e
1211 2517 1449 2569 virginibus
1473 2521 1745 2572 praeceptum
1769 2520 1855 2560 1)ό-

1069 2545 1125 2626 ᾗῖξ-ζ,
1153 2574 1283 2614 mini
1314 2587 1400 2615 non
1431 2575 1589 2617 habeo:
1627 2575 1855 2616 consilium

1105 2621 1157 2654 Α
1179 2635 1324 2672 31116111
1350 2630 1425 2681 do,
1451 2636 1673 2683 tamquam
1692 2631 1854 2671 miseri-

1032 2686 1226 2728 cordiam
1255 2691 1514 2729 consecutus
1543 2700 1568 2728 a
1591 2687 1781 2728 Domino
1806 2692 1854 2728 ut

1030 2743 1111 2783 sim
1131 2743 1283 2785 fidelis.
1314 2744 1526 2785 Existimo
1549 2756 1652 2795 ergo
1676 2743 1760 2785 hoc
1778 2742 1853 2785 bo-
