2040 2976
189 232 255 266 272

240 312 289 362 Y.
319 311 533 352 Deminus
561 309 777 360 regnavit,
811 308 1018 349 decorem

191 367 340 408 induit.
368 370 419 421 Κ.
445 365 592 407 Induit
611 365 826 405 Deminus
851 365 1017 406 fortitu-

191 423 346 471 dinem,
367 427 411 464 et
428 422 660 475 praeeinxit
679 434 727 462 se
747 421 919 462 virtute.

239 492 310 533 Ad
328 490 502 541 Magnis.
528 487 629 530 Ant.
648 486 888 529 Descendit
907 487 930 513 *
949 486 1019 527 hic

189 544 448 596 justificatus
493 543 537 584 in
579 543 759 584 domum
798 555 923 583 suam
963 541 1018 582 ab

190 601 283 642 illo:
304 600 405 652 quia
427 600 568 641 omnis
589 599 662 650 qui
683 611 730 640 se
750 598 924 646 exaltat,
943 597 1018 638 hu-

189 656 442 697 miliabitur:
463 660 507 697 et
524 655 598 707 qui
618 667 665 696 se
679 654 888 703 humiliat,
905 653 1018 695 exal-

190 712 367 753 tabitur.

239 767 289 819 Y.
309 772 535 822 Dirigatur
550 771 738 812 Demine
754 771 895 811 oratio
911 783 1019 811 mea.

187 832 238 883 R.
276 829 397 869 Sicut
433 828 657 869 incensum
697 827 740 867 in
777 828 1019 878 conspectu

189 890 277 926 tuo.

450 955 761 983 —ss—

408 1045 684 1095 Dominiea
713 1045 805 1094 XI.

297 1117 439 1166 post
480 1113 912 1152 Pentecosten.

525 1184 689 1225 Oratio.

275 1250 526 1300 mnipotens
577 1247 843 1300 sempiterne
888 1247 1022 1297 Deus,

296 1304 370 1355 qui
408 1301 678 1344 abundantia
708 1303 888 1355 pietatis
922 1307 1022 1353 tuae,

192 1365 235 1401 et
282 1359 437 1400 merita
474 1359 725 1411 supplicum
767 1359 944 1400 excedis
979 1364 1023 1401 et

192 1421 310 1458 vota:
330 1414 505 1457 effunde
525 1428 658 1467 super
675 1428 757 1456 nos
776 1416 1021 1457 misericer-

193 1472 310 1513 diam
333 1477 469 1521 tuam;
496 1476 544 1513 ut
573 1471 769 1513 dimittas
798 1484 897 1523 quae
922 1484 1023 1513 con-

193 1528 375 1569 scientia
406 1528 577 1577 metuit,
610 1533 653 1569 et
690 1527 869 1580 adjicias
903 1527 1023 1580 quod

194 1584 335 1625 oratio
364 1596 452 1625 non
479 1584 719 1636 praesumit.
761 1585 847 1626 Per
874 1584 1023 1626 Domi-

192 1653 296 1681 num
315 1644 524 1680 nostrum.

200 1717 352 1759 Lectio
378 1717 518 1758 sancti
536 1716 763 1767 Evangelii
782 1716 1024 1759 secundum

505 1773 712 1814 Marcum.

296 1842 446 1882 Lectio
468 1842 535 1882 vii.
708 1842 811 1893 Cap,
827 1842 861 1882 7.
878 1841 917 1882 d.

242 1916 269 1943 n
291 1902 370 1943 illo
394 1904 610 1956 tempore:
634 1903 798 1944 Exiens
817 1904 842 1944 J
845 1917 945 1946 esus
969 1904 1024 1946 de

260 1958 420 1999 finibus
440 1959 560 2011 Tyri,
580 1960 699 2001 venit
718 1973 798 2012 per
817 1960 1024 2002 Sidenem

194 2014 251 2055 ad
274 2027 395 2055 mare
415 2015 629 2064 Galilaeae,
658 2016 771 2057 inter
789 2016 959 2058 medios
978 2018 1024 2057 fi-

194 2083 273 2112 nes
291 2071 582 2123 Decapoleos.
609 2072 666 2113 Et
685 2072 865 2124 reliqua.

319 2149 513 2190 Homilia
532 2149 671 2190 sancti
692 2149 895 2200 Gregorii

538 2205 684 2257 Papae.

282 2278 454 2312 Homilia
479 2278 536 2312 10.
558 2277 656 2311 liber
678 2279 705 2311 1.
728 2278 767 2311 in
788 2277 936 2319 Ezech.⁷

511 2330 597 2359 ante
614 2325 711 2360 med.

240 2387 312 2430 «152-
326 2380 403 2422 uid
429 2385 513 2430 est,
543 2381 665 2433 quod
689 2384 863 2424 creator
890 2383 1024 2424 emni-

203 2429 283 2480 ’,μ’
312 2484 315 2490 ὦ
343 2449 417 2477 um
449 2437 586 2487 Deus,
628 2451 727 2479 cum
764 2438 944 2479 surdum
983 2445 1026 2481 et

206 2498 222 2510 '⁴
240 2493 281 2515 “⁴-
343 2498 512 2534 mutum
540 2495 695 2535 sanare
725 2494 954 2544 voluisset,
982 2495 1023 2535 in

197 2560 325 2590 aures
353 2548 468 2589 illius
493 2561 598 2590 suos
627 2548 791 2599 digitos
817 2550 954 2599 misit,
983 2558 1026 2592 et

197 2605 416 2656 exspuens
470 2604 662 2654 linguam
717 2606 807 2656 ejus
860 2605 1024 2656 tetigit?

197 2660 314 2710 Quid
358 2673 438 2712 per
489 2659 651 2711 digitos
694 2661 1026 2713 Redemptoris‚

197 2716 278 2756 nisi
299 2715 414 2758 dona
435 2717 574 2758 sancti
589 2717 777 2768 Spiritus
798 2716 1026 2767 designan-

693 218 896 252 Dominio-a
922 216 989 251 XI.
1015 220 1104 260 post
1128 216 1392 249 Pentecosten.

1071 306 1165 349 tur?
1193 306 1321 348 Unde
1346 318 1445 347 cum
1463 307 1507 347 in
1527 307 1615 349 alio
1633 307 1735 349 loco
1755 308 1901 359 ejecis-

1072 368 1140 404 set
1160 362 1443 412 daemenium,
1469 362 1596 405 dixit:
1623 364 1667 405 Si
1692 364 1736 405 in
1761 363 1900 414 digito

1071 419 1156 460 Dei
1175 418 1300 470 ejicio
1322 418 1558 469 daemonia,
1582 420 1785 472 profecto
1804 432 1900 473 per-

1072 475 1191 517 venit
1214 475 1257 515 in
1283 487 1363 515 vos
1387 487 1571 525 regnum
1594 476 1689 518 Dei.
1725 477 1821 526 Qua
1846 474 1901 517 de

1072 545 1119 573 re
1138 544 1219 584 per
1238 531 1565 582 Evangelistam
1585 532 1718 574 alium
1738 532 1901 574 dixisse

1073 587 1349 629 describitur:
1377 587 1422 628 Si
1450 599 1533 638 ego
1559 587 1602 628 in
1626 588 1792 641 Spiritu
1818 588 1901 629 Dei

1072 644 1197 696 ejicio
1223 643 1464 692 daemones,
1488 644 1621 694 igitur
1639 644 1840 696 pervenit
1859 644 1902 685 in

1072 713 1153 741 vos
1176 713 1358 750 regnum
1377 699 1472 741 Dei.
1507 699 1575 740 Ex
1601 712 1690 751 quo
1714 702 1902 751 utroque

1072 755 1172 797 loco
1198 755 1433 806 colligitur,
1465 755 1566 807 quia
1589 755 1752 807 digitus
1772 755 1902 808 Spiri-

1072 816 1144 852 tus
1163 814 1358 853 vocatur.
1394 812 1571 862 Digitos
1596 824 1701 862 ergo
1724 811 1768 852 in
1793 813 1902 852 auri-

1074 867 1194 909 culas
1219 869 1412 917 mittere,
1440 872 1508 909 est
1532 880 1613 920 per
1638 866 1755 909 dona
1773 867 1903 920 Spiri-

1073 928 1143 965 tus
1176 924 1315 965 sancti
1345 929 1538 965 mentem
1566 922 1688 965 surdi
1715 922 1773 966 ad
1802 923 1903 966 obe-

1074 979 1282 1022 diendum
1301 982 1483 1032 aperire.

1363 1072 1514 1114 Lectio
1534 1072 1617 1113 viii.

1077 1134 1236 1258 Quid
1267 1152 1335 1190 est
1365 1160 1490 1197 vero,
1533 1147 1654 1200 quod
1686 1148 1906 1200 exspuens

1178 1203 1371 1254 linguam
1415 1204 1507 1255 ejus
1549 1202 1715 1254 tetigit?
1761 1203 1907 1245 Saliva

1074 1260 1204 1302 nobis
1251 1264 1319 1301 est
1364 1272 1419 1301 ex
1460 1272 1538 1301 ore
1580 1259 1906 1312 Redempteris,

1075 1318 1260 1369 accepta
1296 1315 1511 1368 sapientia
1550 1316 1595 1356 in
1631 1315 1809 1367 elequio
1847 1315 1907 1357 di-

1075 1375 1190 1414 vino.
1231 1372 1378 1414 Saliva
1407 1371 1572 1424 quippe
1597 1385 1652 1413 ex
1671 1371 1815 1424 capite
1835 1371 1906 1413 de-

1076 1430 1171 1471 fluit
1207 1430 1251 1471 in
1289 1441 1377 1470 ore.
1435 1428 1501 1470 Ea
1537 1441 1643 1480 ergo
1681 1428 1908 1481 sapientia,

1078 1499 1177 1539 quae
1205 1487 1301 1539 ipse
1331 1490 1414 1535 est,
1450 1485 1555 1527 dum
1582 1485 1730 1536 lingua
1757 1489 1909 1526 nostra

1074 1543 1283 1593 tangitur,
1327 1555 1433 1583 mox
1478 1541 1536 1583 ad
1580 1540 1908 1594 praedicatienis

1075 1599 1212 1641 verba
1231 1598 1456 1640 formatur.
1493 1597 1578 1648 Qui
1601 1597 1845 1649 suspiciens
1863 1597 1908 1637 in

1077 1655 1255 1704 eoelum,
1289 1654 1515 1705 ingemuit:
1546 1666 1636 1695 non
1664 1653 1786 1706 quod
1811 1653 1909 1706 ipse

1075 1711 1376 1753 necessarium
1394 1710 1606 1762 gemitum
1621 1710 1815 1763 haberet,
1835 1709 1911 1762 qui

1077 1767 1212 1810 dabat
1251 1767 1371 1820 quod
1406 1766 1677 1820 postulabat:
1716 1765 1797 1808 sed
1827 1778 1909 1807 nos

1078 1824 1134 1866 ad
1163 1837 1263 1865 eum
1290 1825 1484 1874 gemere,
1519 1823 1594 1875 qui
1619 1823 1734 1865 coelo
1759 1821 1908 1875 praesi-

1079 1880 1164 1930 det,
1184 1880 1349 1922 docuit:
1370 1885 1418 1921 ut
1437 1884 1481 1921 et
1500 1891 1627 1921 aures
1646 1883 1810 1921 nostrae
1828 1891 1910 1931 per

1078 1937 1243 1979 donum
1270 1936 1458 1989 Spiritus
1486 1935 1625 1977 saneti
1652 1935 1828 1987 aperiri,
1865 1938 1910 1976 et

1076 1994 1223 2044 lingua
1242 2005 1323 2045 per
1341 1992 1525 2034 salivam
1545 1992 1645 2042 oris,
1667 1991 1713 2033 id
1727 1995 1811 2039 est,
1828 2003 1909 2043 per

1078 2050 1305 2091 scientiam
1333 2049 1493 2090 divinae
1520 2048 1770 2097 locutienis‚
1797 2046 1911 2088 solvi

1078 2105 1239 2149 debeat
1261 2106 1318 2148 ad
1335 2105 1471 2147 verba
1490 2103 1832 2157 praedicationis.

1382 2192 1536 2234 Lectio
1557 2192 1612 2232 ix.

1154 2270 1199 2311 ui
1217 2281 1333 2320 mox,
1352 2267 1630 2321 Ephphetha,
1648 2267 1695 2310 id
1714 2273 1798 2318 est,
1816 2267 1905 2310 Ad-

1171 2328 1343 2379 aperire
1362 2324 1538 2368 dicitur:
1557 2329 1601 2366 et
1619 2324 1768 2366 statim
1786 2325 1908 2377 aper-

1077 2387 1135 2424 tae
1156 2387 1257 2424 sunt
1277 2394 1406 2423 aures
1427 2382 1534 2434 ejus,
1561 2386 1604 2423 et
1627 2380 1822 2422 solutum
1845 2384 1911 2421 est

1078 2438 1301 2480 vinculum
1327 2437 1489 2488 linguae
1517 2438 1620 2489 ejus.
1669 2437 1766 2486 Qua
1792 2436 1836 2476 in
1863 2448 1910 2478 re

1077 2494 1323 2536 notandum
1346 2499 1431 2543 est,
1461 2494 1564 2545 quia
1586 2497 1772 2546 propter
1798 2491 1910 2533 clau-

1079 2564 1150 2591 sas
1184 2563 1312 2592 aures
1345 2549 1512 2591 dictum
1544 2554 1626 2598 est,
1671 2548 1910 2599 adaperire.

1078 2607 1166 2648 Sed
1196 2607 1266 2648 cui
1292 2619 1420 2648 aures
1450 2605 1596 2648 cordis
1621 2604 1679 2646 ad
1705 2603 1909 2645 obedien-

1079 2663 1184 2704 dum
1230 2665 1397 2715 apertae
1443 2662 1621 2711 fuerint,
1668 2673 1722 2702 ex
1761 2658 1910 2701 subse-

1080 2719 1230 2770 quenti
1255 2718 1412 2771 procul
1439 2717 1574 2760 dubio
1600 2716 1732 2758 etiam
1749 2715 1910 2766 linguae
