2040 2976
708 228 917 262 Commune
942 226 1231 267 Apostolorum.

165 330 272 372 Dies
304 329 390 371 diei
422 331 592 370 eructat
623 326 823 375 verbum,
847 325 871 351 *
900 330 943 366 et

113 400 202 429 nox
220 386 339 428 nocti
357 385 521 426 indicat
539 383 774 425 scientiam.

164 448 266 490 Non
286 452 386 488 sunt
404 446 604 499 loquelae,
623 457 765 497 neque
781 444 942 485 sermo-

114 518 207 555 nes,
232 505 256 530 *
281 517 467 557 quorum
495 515 583 545 non
611 501 842 543 audiantur
868 511 939 540 vo-

115 575 188 603 ces
209 563 371 603 eorum.

166 623 218 663 In
250 634 424 663 omnem
456 625 618 662 terram
647 618 781 661 exivit
810 630 943 659 sonus

116 681 283 721 eorum:
314 679 337 704 *
371 682 415 719 et
445 677 489 718 in
520 677 630 718 fines
663 675 782 717 orbis
813 679 943 716 terrae

115 735 251 778 verba
270 737 432 776 eorum.

167 798 218 838 In
243 795 335 837 sole
358 794 506 848 posuit
528 792 857 835 tabernaculum
877 804 944 832 su-

116 867 208 895 um:
239 854 263 878 *
295 857 339 894 et
369 852 464 904 ipse
500 855 725 902 tamquam
757 861 945 902 sponsus

115 909 362 963 procedens
381 908 436 949 de
454 906 648 949 thalamo
668 919 764 947 suo:

168 969 417 1011 Exsultavit
448 973 496 1009 ut
527 967 649 1018 gigas
684 966 740 1008 ad
773 969 944 1008 curren-

118 1027 220 1069 dam
238 1027 367 1076 viam,
386 1026 410 1051 *
429 1038 455 1066 a
473 1037 644 1065 summo
668 1023 782 1065 coelo
803 1025 944 1075 egres-

119 1085 183 1126 sio
204 1084 311 1136 ejus:

169 1146 226 1187 Et
251 1147 459 1186 occursus
484 1142 575 1194 ejus
598 1154 737 1193 usque
757 1140 813 1182 ad
833 1154 945 1182 sum-

117 1215 236 1243 mum
252 1202 356 1254 ejus:
374 1201 398 1226 *
417 1211 498 1240 nec
518 1203 585 1240 est
606 1199 679 1250 qui
698 1211 745 1239 se
764 1197 945 1239 abscon-

118 1258 194 1300 dat
213 1271 238 1299 a
257 1257 403 1299 calore
423 1256 524 1308 ejus.

168 1320 262 1361 Lex
275 1317 454 1360 Domini
470 1315 749 1357 immaculata
768 1318 946 1357 conver-

117 1381 215 1418 tens
234 1374 448 1416 animas:*
458 1372 755 1414 testimonium
770 1373 948 1414 Domini

118 1432 268 1482 fidele,
304 1429 562 1484 sapientiam
598 1434 814 1481 praestans
850 1431 947 1482 par-

118 1489 242 1530 vulis.

170 1550 195 1591 J
196 1550 356 1591 ustitiae
371 1549 549 1591 Domini
563 1553 707 1598 rectae,
726 1547 947 1588 laetifican-

118 1612 186 1649 tes
223 1605 374 1648 corda:
406 1607 429 1631 *
462 1607 734 1659 praeceptum
770 1604 945 1645 Domini

118 1663 326 1713 lucidum3
344 1662 591 1704 illuminans
611 1661 774 1703 oculos.

170 1725 323 1765 Timor
349 1723 527 1765 Domini
555 1727 745 1771 sanctus,
778 1723 946 1774 perma-

118 1794 226 1823 nens
253 1781 297 1821 in
325 1780 533 1821 saeculum
562 1778 725 1820 saeculi:
743 1779 767 1804 *
790 1777 948 1830 judicia

119 1837 297 1879 Domini
321 1849 442 1886 vera,
470 1833 701 1888 justificata
723 1835 767 1876 in
793 1839 947 1876 semet-

120 1896 227 1947 ipsa.

171 1953 490 1997 Desiderabilia
509 1966 640 2006 super
659 1966 812 1994 aurum
830 1958 873 1995 et
890 1953 948 1994 la-

120 2010 269 2064 pidem
286 2011 529 2064 pretiosum
547 2009 746 2051 multum:
760 2010 784 2035 *
799 2014 843 2051 et
858 2009 948 2051 dul-

122 2069 242 2110 ciora
261 2080 393 2120 super
410 2067 498 2109 mel
517 2071 560 2109 et
579 2066 736 2107 favum.

173 2130 346 2171 Etenim
370 2141 522 2170 servus
546 2133 646 2169 tuus
671 2127 864 2170 custodit
888 2141 949 2178 ea,

122 2187 145 2212 *
181 2187 224 2227 in
261 2184 559 2228 custodiendis
595 2185 679 2226 illis
720 2184 949 2226 retributio

123 2243 269 2297 multa.

175 2303 348 2345 Delicta
368 2303 464 2356 quis
483 2301 704 2353 intelligit?
731 2302 787 2344 ab
807 2301 950 2343 occul—

123 2360 179 2401 tis
197 2360 305 2401 meis
327 2359 490 2400 munda
507 2371 592 2399 me:
610 2359 634 2383 *
653 2364 697 2400 et
721 2358 775 2400 ab
800 2358 951 2399 alienis

124 2429 257 2468 parce
276 2429 404 2458 servo
422 2421 511 2457 tuo.

176 2478 220 2519 Si
234 2478 320 2519 mei
334 2490 422 2518 non
436 2477 596 2519 fuerint
611 2476 832 2523 dominati,
847 2481 951 2517 tunc

125 2534 428 2575 immaculatus
452 2547 544 2575 ero:
563 2535 586 2559 *
611 2538 654 2574 et
680 2531 951 2574 emundabor

125 2604 151 2631 a
170 2590 331 2632 delicto
350 2590 552 2631 maximo.

177 2652 234 2693 Et
253 2656 379 2693 erunt
398 2656 445 2692 ut
460 2650 763 2703 complaceant
779 2649 952 2701 eloquia

127 2708 214 2749 oris
233 2709 332 2749 mei:
351 2709 374 2733 *
395 2713 439 2749 et
457 2707 683 2749 meditatio
703 2706 848 2748 cordis
866 2707 952 2747 mei

127 2764 170 2804 in
189 2766 429 2817 conspectu
448 2769 524 2805 tuo
545 2776 728 2816 semper.

282 2905 345 2928 Pars
361 2905 469 2930 AEstiva.

1046 322 1234 364 Domine
1259 322 1431 375 adjutor
1454 335 1594 371 meus,
1612 322 1636 347 *
1661 326 1704 362 et
1728 319 1823 361 red-

995 381 1168 432 emptor
1187 393 1321 421 meus.

1049 444 1149 485 Ant.
1171 445 1218 485 In
1235 457 1410 486 omnem
1425 448 1590 485 terram
1605 443 1741 485 exivit
1757 455 1824 483 so-

995 514 1076 542 nus
1097 503 1266 551 eorum⁷
1295 506 1339 543 et
1359 501 1403 542 in
1422 501 1532 542 fines
1551 499 1673 541 orbis
1693 505 1825 541 terrae

996 558 1133 599 verba
1153 560 1317 599 eorum.

1052 625 1150 664 Ant.
1176 624 1487 665 Clamaverunt
1506 622 1619 674 justi,
1632 622 1655 646 *
1676 626 1719 662 et
1739 622 1826 662 Do-

995 683 1139 722 minus
1162 680 1388 723 exaudivit
1408 692 1497 721 eos.

1275 762 1469 802 Psalmus
1490 763 1554 801 33.

999 830 1304 935 Benedicam
1340 837 1577 879 Dominum
1624 837 1668 877 in
1709 836 1827 878 omni

1092 899 1311 949 tempore:
1331 895 1354 920 *
1374 906 1548 946 semper
1564 893 1658 934 laus
1675 894 1765 945 ejus
1784 893 1829 933 in

999 967 1075 995 ore
1094 966 1205 994 meo.

1049 1009 1298 1051 InDomino
1310 1007 1559 1050 laudabitur
1571 1007 1713 1048 anima
1719 1019 1829 1047 mea:

998 1068 1021 1092 *
1041 1066 1219 1108 audiant
1238 1065 1463 1114 mansueti,
1484 1069 1527 1106 et
1546 1064 1759 1105 laetentur.

1049 1124 1328 1174 Magnificate
1342 1122 1580 1162 Dominum
1599 1133 1787 1161 mecum:
1806 1120 1829 1144 *

999 1185 1042 1221 et
1054 1180 1293 1221 exaltemus
1304 1191 1464 1219 nomen
1473 1178 1563 1230 ejus
1574 1178 1618 1218 in
1628 1176 1829 1229 idipsum.

1050 1236 1277 1289 Exquisivi
1287 1235 1535 1284 Dominum,
1552 1239 1595 1275 et
1608 1232 1831 1275 exaudivit

999 1307 1068 1335 me
1079 1294 1120 1333 1*
1132 1298 1176 1335 et
1191 1306 1245 1334 ex
1261 1291 1461 1334 omnibus
1476 1289 1829 1332 tribulationibus

999 1351 1108 1392 meis
1128 1350 1288 1402 eripuit
1307 1361 1387 1390 me.

1052 1406 1263 1448 Accedite
1301 1405 1357 1447 ad
1389 1418 1507 1455 eum,
1546 1409 1589 1445 et
1620 1404 1830 1444 illumina-

999 1464 1121 1504 mini:
1149 1465 1172 1489 *
1202 1468 1245 1504 et
1272 1463 1405 1503 facies
1425 1466 1585 1503 vestrae
1613 1473 1701 1502 non
1730 1473 1830 1501 con-

1000 1520 1246 1562 fundentur.

1052 1578 1142 1618 Iste
1152 1589 1321 1630 pauper
1336 1575 1550 1624 clamavit,
1562 1580 1606 1616 et
1615 1574 1830 1615 Dominus

1001 1633 1223 1675 exaudivit
1239 1633 1391 1674 eumz*
1407 1637 1450 1673 et
1465 1631 1520 1673 de
1538 1630 1739 1672 omnibus
1758 1630 1830 1671 tri-

999 1689 1294 1732 bulationibus
1315 1690 1405 1740 ejus
1426 1688 1611 1729 salvavit
1631 1700 1740 1728 eum.

1051 1748 1263 1788 Immittet
1278 1745 1473 1796 Angelus
1492 1744 1670 1785 Domini
1689 1744 1732 1784 in
1753 1743 1830 1784 cir-

1001 1803 1369 1845 cuitutimentium
1378 1802 1520 1843 eumz*
1528 1806 1572 1842 et
1581 1801 1736 1853 eripiet
1743 1813 1831 1841 eos.

1053 1861 1238 1902 Gustate
1253 1864 1296 1901 et
1307 1859 1452 1900 videte
1468 1858 1674 1910 quoniam
1685 1857 1830 1898 suavis

1002 1922 1069 1959 est
1083 1917 1316 1958 Dominus:
1335 1916 1358 1941 *
1378 1915 1534 1956 beatus
1548 1914 1624 1963 vir,
1646 1914 1719 1966 qui
1735 1926 1830 1966 spe-

1002 1979 1070 2015 rat
1088 1974 1132 2014 in
1152 1986 1216 2015 eo.

1054 2030 1224 2071 Timete
1248 2029 1485 2070 Dominum
1510 2040 1662 2069 omnes
1691 2027 1831 2068 sancti

1003 2087 1110 2138 ejus:
1151 2087 1174 2112 *
1214 2086 1419 2138 quoniam
1455 2097 1543 2126 non
1580 2089 1647 2125 est
1682 2084 1831 2136 inopia

1002 2142 1254 2184 timentibus
1275 2155 1384 2184 eum.

1054 2200 1224 2241 Divites
1253 2201 1466 2250 eguerunt
1496 2202 1539 2239 et
1567 2197 1831 2238 esurierunt:

1002 2256 1025 2281 *
1045 2256 1313 2308 inquirentes
1329 2260 1476 2296 autem
1490 2253 1727 2294 Dominum
1743 2266 1831 2294 non

1002 2312 1250 2353 minuentur
1270 2311 1388 2352 omni
1406 2310 1536 2352 bono.
1638 2348 1647 2356 ,

1054 2369 1214 2410 Venite
1230 2367 1318 2418 filii,
1333 2366 1481 2409 audite
1491 2379 1577 2408 me:
1591 2367 1614 2392 *
1629 2367 1831 2408 timorem

1003 2425 1180 2465 Domini
1199 2423 1370 2466 docebo
1390 2436 1480 2465 vos.

1056 2481 1163 2531 Quis
1183 2486 1251 2522 est
1269 2481 1401 2522 homo
1426 2481 1499 2533 qui
1524 2479 1617 2522 vult
1636 2480 1788 2520 vitam:
1808 2479 1831 2503 ¹⁸¹

1004 2537 1143 2588 diligit
1163 2537 1256 2579 dies
1274 2537 1425 2578 videre
1443 2535 1612 2578 bonos?

1055 2594 1245 2635 Prohibe
1265 2594 1456 2644 linguam
1470 2601 1591 2634 tuam
1610 2606 1635 2633 a
1654 2591 1789 2632 malo:
1807 2591 1830 2615 *

1004 2655 1048 2692 et
1065 2650 1181 2692 labia
1200 2655 1275 2692 tua
1294 2663 1348 2692 ne
1367 2650 1604 2702 loquantur
1623 2648 1783 2689 dolum.

1055 2707 1236 2748 Diverte
1260 2720 1286 2748 a
1303 2705 1437 2756 malo,
1458 2711 1501 2747 et
1519 2705 1588 2746 fac
1606 2704 1788 2746 bonum:
1808 2703 1830 2728 *

1003 2763 1174 2815 inquire
1193 2775 1359 2815 pacem,
1380 2767 1423 2803 et
1437 2763 1704 2814 persequere
1724 2772 1831 2800 eam.

1575 2893 1623 2924 A*
