2040 2976
489 187 561 221 Die
582 188 633 220 24.
655 187 772 221 Junii.
820 188 861 221 In
888 189 1100 222 Nativitate
1127 188 1161 222 S.
1187 189 1352 223 <loannis
1378 189 1577 233 Baptistae.

220 287 438 338 Queniam
452 292 500 329 tu
514 288 703 329 Demine
724 288 1001 339 singulariter

167 345 210 385 in
231 357 309 396 spe
328 345 351 369 *
373 344 639 386 constituisti
658 357 741 386 me.

249 401 348 440 Ant.
405 400 523 442 Misit
564 401 780 442 Deminus
824 414 1001 442 manum

167 469 308 503 suam,
336 462 379 498 et
401 457 547 507 tetigit
571 470 622 498 os
645 470 807 506 meum,
834 463 878 498 et
896 458 1000 498 Pro-

165 513 346 566 phetam
366 513 410 553 in
429 513 644 555 Gentibus
666 512 791 555 dedit
810 526 880 555 me
895 514 1000 554 Dfis.

222 568 319 609 Ant.
348 570 464 611 Ecce
493 569 597 611 dedi
623 572 646 597 *
674 570 809 612 verba
834 583 933 612 mea
957 571 999 611 in

167 639 245 667 ore
277 631 374 668 tuo:
411 639 514 668 ecce
547 627 757 669 constitui
788 632 832 669 te
866 640 1000 680 super

167 682 334 725 Gentes
354 687 398 724 et
417 695 564 734 regna.

454 737 652 777 Psalmus
676 740 713 778 5.

260 795 365 837 erba
387 809 485 838 mea
509 797 688 838 auribus
711 797 892 849 percipe
912 797 999 838 De-

276 852 408 902 mine‚
453 855 478 880 *
523 853 718 904 intellige
761 853 998 894 clamerem

164 921 322 950 meum.

218 965 404 1007 Intende
439 966 536 1007 voci
569 966 783 1007 oratienis
816 979 945 1016 meae,
976 969 999 994 *

162 1009 263 1063 'Rex
282 1034 406 1063 meus
427 1027 471 1064 et
490 1023 612 1063 Deus
630 1035 765 1063 meus.

218 1078 436 1128 Queniam
456 1078 513 1120 ad
532 1083 577 1120 te
597 1079 754 1120 orabo:
769 1081 793 1106 *
809 1079 998 1121 Demine

164 1147 293 1176 mane
312 1134 521 1176 exaudies
541 1147 695 1176 vocem
714 1148 868 1177 meam.

216 1192 347 1233 Mane
380 1191 537 1233 astabo
570 1191 651 1233 tibi
690 1197 734 1233 et
762 1192 942 1234 videbo:
974 1194 998 1219 *

166 1248 374 1299 queniam
399 1260 489 1289 non
514 1248 635 1289 Deus
662 1248 816 1290 volens
842 1249 996 1302 iniqui-

165 1307 303 1345 tatem
323 1309 372 1345 tu
392 1317 449 1345 es.

215 1360 373 1412 Neque
405 1360 626 1402 habitabit
656 1362 778 1413 juxta
805 1366 850 1403 te
877 1362 998 1403 mali-

164 1430 290 1468 gnus:
306 1419 329 1444 *
344 1430 488 1469 neque
507 1418 830 1469 permanebunt
849 1418 998 1471 injusti

164 1478 266 1514 ante
285 1474 438 1515 eculos
458 1478 571 1515 tuos.

218 1530 364 1571 Odisti
384 1543 548 1580 omnes,
568 1531 643 1582 qui
663 1534 903 1583 operantur
920 1533 997 1573 ini-

165 1586 394 1638 quitatem:
414 1587 437 1612 *
456 1587 618 1639 perdes
645 1600 815 1639 omnes,
841 1589 916 1641 qui
935 1589 997 1630 lo-

165 1646 357 1695 quuntur
376 1643 664 1685 mendacium.

217 1699 374 1740 Virum
411 1700 673 1751 sanguinum
711 1706 755 1742 et
792 1701 998 1743 dolesum

164 1755 491 1798 abominabitur
523 1757 636 1798 Dfis:
668 1758 692 1783 *
730 1770 812 1809 ego
849 1763 998 1800 autem

163 1812 207 1852 in
236 1812 518 1854 multitudine
550 1814 868 1855 misericerdiae
898 1819 998 1856 tuae.

215 1868 416 1910 Introibo
445 1869 489 1909 in
515 1869 695 1911 domum
719 1875 856 1911 tuam:
875 1871 899 1896 *
924 1871 997 1912 ad-

165 1924 303 1966 orabo
331 1925 388 1966 ad
412 1926 627 1978 templum
652 1931 854 1968 sanctum
873 1932 998 1968 tuum

164 1981 208 2022 in
227 1981 387 2023 timere
407 1987 495 2023 tuo.

214 2038 405 2079 Demine
424 2038 568 2080 deduc
584 2052 655 2081 me
668 2039 713 2079 in
727 2040 894 2091 justitia
908 2045 998 2082 tua:

163 2094 187 2121 *
205 2099 390 2146 propter
414 2095 615 2136 inimicos
639 2108 764 2137 meos
790 2095 930 2148 dirige
954 2097 998 2137 in

163 2152 406 2202 conspectu
423 2156 501 2192 tuo
519 2152 636 2193 viam
651 2165 806 2194 meam.

215 2207 433 2257 Queniam
459 2221 548 2249 non
577 2213 644 2250 est
671 2209 716 2249 in
742 2222 819 2250 ore
845 2211 998 2251 eerum

165 2263 343 2304 veritas:
359 2264 383 2289 *
403 2276 480 2305 cor
500 2267 653 2306 eerum
673 2279 834 2307 vanum
854 2270 931 2307 est.

214 2319 504 2372 Sepnlchrum
542 2326 700 2373 patens
742 2326 809 2363 est
844 2327 998 2373 guttur

164 2379 328 2427 eerum,
344 2376 505 2428 linguis
521 2377 611 2418 suis
626 2377 780 2420 dolese
796 2378 997 2430 agebant,

162 2434 186 2459 ’⁸¹
205 2432 350 2485 judica
369 2432 470 2474 illos
490 2433 622 2474 Deus.

214 2488 435 2531 Decidant
469 2501 494 2530 a
522 2489 865 2541 cogitatienibus
894 2490 996 2542 suis,

163 2544 407 2587 secundum
440 2545 769 2587 multitudinem
797 2546 996 2599 impieta-

162 2606 257 2643 tum
274 2603 428 2643 eerum
448 2601 619 2654 expelle
635 2614 723 2652 eOS,
743 2602 767 2628 *
787 2603 996 2654 queniam

164 2658 446 2700 irritaverunt
465 2663 510 2699 te
527 2658 728 2699 Demine.

214 2715 271 2756 Et
289 2714 494 2756 laetentur
515 2727 686 2765 omnes,
715 2715 790 2767 qui
814 2719 995 2767 sperant

1054 290 1098 330 in
1113 294 1169 338 te,
1187 290 1211 315 *
1231 290 1275 330 in
1293 292 1508 332 aeternum
1525 292 1822 335 exsultabunt:
1842 299 1886 336 et

1054 345 1276 387 habitabis
1297 346 1341 387 in
1362 347 1435 388 eis.

1104 402 1162 443 Et
1181 402 1487 453 gloriabantur
1506 404 1550 444 in
1565 409 1610 446 te
1625 417 1790 456 omnes,
1811 408 1884 458 qui

1054 458 1241 510 diligunt
1269 471 1429 501 nomen
1458 464 1601 511 tuum,
1625 460 1649 487 *
1678 463 1886 514 queniam

1053 520 1101 557 tu
1120 514 1357 556 benedices
1376 516 1502 567 justo.

1105 571 1306 620 Demine,
1325 576 1374 612 ut
1393 577 1520 614 scuto
1539 572 1671 614 bonae
1686 575 1885 617 volunta-

1052 628 1108 670 tis
1128 633 1217 668 tuae
1237 628 1259 653 *
1280 629 1505 670 coronasti
1523 641 1616 670 nos.

1108 686 1206 726 Ant.
1249 685 1367 726 Ecce
1404 684 1506 726 dedi
1542 685 1678 727 verba
1713 700 1812 728 mea
1845 687 1889 728 in

1054 753 1131 782 ore
1162 745 1256 781 tuo:
1293 753 1397 782 ecce
1432 743 1642 783 constitui
1673 748 1718 784 te
1754 756 1889 796 super

1054 797 1221 838 Gentes
1243 802 1286 838 et
1306 810 1451 849 regna.

1106 855 1205 895 Ant.
1234 855 1450 896 Deminus
1479 855 1534 897 ab
1559 858 1685 897 utero
1709 857 1734 882 *
1757 858 1885 897 voca—

1052 909 1114 950 vit
1132 923 1219 960 me,
1249 910 1304 952 de
1328 916 1482 953 ventre
1507 912 1659 952 matris
1685 924 1796 953 meae
1822 925 1886 954 re-

1052 965 1258 1008 rordatus
1278 973 1346 1009 est
1365 969 1554 1009 neminis
1572 968 1669 1010 mei.

1342 1024 1542 1063 Psalmus
1572 1025 1607 1064 8.

1054 1072 1285 1179 Demine
1304 1081 1520 1122 Deminus
1540 1086 1701 1131 noster,
1715 1082 1739 1107 *
1757 1095 1887 1134 quam

1128 1167 1132 1171 .
1157 1135 1414 1178 admirabile
1434 1142 1502 1179 est
1521 1150 1680 1179 nomen
1701 1143 1824 1179 tuum
1843 1139 1887 1179 in

1051 1192 1255 1234 universa
1274 1193 1409 1235 terra!

1105 1249 1323 1299 Queniam
1339 1250 1510 1291 elevata
1526 1255 1593 1291 est
1607 1250 1886 1301 magnificen-

1051 1305 1112 1346 tia
1131 1310 1217 1354 tua,
1236 1306 1260 1331 *
1281 1318 1414 1358 super
1434 1306 1584 1347 coelos.

1104 1362 1172 1402 Ex
1201 1374 1278 1403 ore
1305 1362 1537 1403 infantium
1562 1367 1606 1404 et
1629 1362 1886 1405 lactentium

1052 1418 1277 1470 perfecisti
1291 1417 1468 1460 laudem
1486 1424 1669 1471 propter
1683 1419 1884 1461 inimicos

1051 1479 1163 1524 tuos,
1182 1475 1206 1500 *
1226 1479 1274 1516 ut
1295 1474 1497 1516 destruas
1516 1475 1741 1517 inimicum
1761 1481 1806 1518 et
1824 1476 1884 1517 ul-

1051 1533 1205 1572 terem.

1104 1587 1322 1637 Queniam
1340 1587 1502 1629 videbo
1530 1587 1669 1629 coelos
1693 1593 1810 1638 tuOS,
1840 1591 1884 1630 e-

1050 1656 1158 1696 pera
1187 1643 1426 1694 digiterum
1453 1645 1646 1685 tuerum:
1679 1645 1703 1671 *
1735 1644 1884 1686 lunam

1051 1704 1095 1741 et
1113 1699 1273 1749 stellas,
1295 1713 1394 1752 quae
1413 1705 1462 1742 tu
1479 1700 1685 1742 fundasti.

1103 1756 1219 1807 Quid
1239 1762 1306 1798 est
1323 1756 1475 1806 homo,
1501 1757 1622 1809 quod
1645 1770 1815 1799 memor
1836 1770 1884 1799 es

1051 1810 1164 1864 ejus?
1184 1814 1207 1838 *
1227 1818 1303 1854 aut
1321 1813 1436 1854 filius
1455 1813 1655 1863 heminis,
1675 1814 1883 1866 queniam

1050 1869 1201 1911 visitas
1222 1868 1348 1911 eum?

1103 1926 1297 1967 Minuisti
1335 1939 1435 1968 eum
1476 1927 1609 1979 paulo
1646 1927 1790 1968 minus
1826 1926 1882 1968 ab

1050 1982 1248 2034 Angelis,
1272 1982 1412 2034 gleria
1437 1988 1482 2025 et
1505 1983 1675 2025 honere
1700 1984 1882 2025 corona-

1051 2039 1107 2080 sti
1122 2051 1237 2080 eum:
1252 2040 1275 2064 *
1296 2044 1339 2080 et
1354 2040 1620 2081 constituisti
1635 2052 1736 2081 eum
1751 2051 1883 2092 super

1051 2097 1188 2148 epera
1208 2097 1418 2137 manuum
1436 2097 1622 2137 tuarum.

1105 2151 1262 2193 Omnia
1307 2152 1530 2204 subjecisti
1576 2152 1657 2194 sub
1694 2151 1883 2204 pedibus

1051 2209 1152 2260 ejuS‚
1171 2209 1196 2234 *
1215 2221 1321 2250 oves
1341 2213 1385 2250 et
1403 2208 1543 2250 boves
1562 2209 1804 2250 universas:
1822 2210 1883 2249 in-

1050 2278 1184 2318 super
1204 2270 1247 2306 et
1265 2266 1430 2318 pecora
1450 2265 1605 2317 campi.

1102 2321 1321 2363 Velucres
1341 2321 1453 2371 coeli,
1474 2326 1518 2363 et
1535 2322 1681 2374 pisces
1700 2321 1844 2371 maris,
1859 2321 1884 2347 *

1051 2378 1124 2430 qui
1148 2377 1458 2430 perambulant
1477 2378 1655 2419 semitas
1674 2377 1818 2419 maris.

1102 2434 1292 2476 Demine
1303 2434 1523 2475 Deminus
1538 2438 1700 2484 noster,
1710 2434 1734 2460 *
1751 2446 1883 2486 quam

1050 2490 1308 2532 admirabile
1329 2496 1396 2532 est
1414 2503 1575 2532 nomen
1590 2495 1715 2532 tuum
1732 2490 1777 2530 in
1791 2489 1882 2530 uni-

1050 2548 1180 2588 versa
1198 2546 1331 2589 terra!

1105 2603 1204 2643 Ant.
1232 2602 1450 2645 Deminus
1473 2603 1528 2645 ab
1554 2606 1682 2645 utero
1706 2602 1883 2643 vocavit

1048 2672 1136 2709 me,
1166 2658 1221 2701 de
1247 2665 1402 2702 ventre
1426 2660 1580 2701 matris
1603 2671 1716 2700 meae
1738 2671 1882 2700 recor-

1049 2715 1179 2757 datus
1199 2722 1267 2758 est
1285 2716 1474 2758 neminis
1492 2716 1589 2757 mei.
