2040 2976
599 190 670 225 Die
697 190 746 225 11.
770 189 876 224 Julii.
923 188 957 223 S.
981 188 1042 222 Pii
1064 188 1091 222 Ι.
1117 187 1236 232 Papae
1261 193 1297 222 et
1318 188 1426 222 Mart.

158 291 247 332 suis
265 289 427 331 multos
454 301 509 329 ex
529 286 785 329 Gentilitate
807 285 988 336 colligit:

158 353 202 389 et
220 347 244 388 J
246 345 434 394 udaeam,
461 357 515 386 ex
540 345 660 394 cujus
680 355 810 384 carne
830 347 897 384 est
916 343 986 393 ge-

159 404 287 452 nitus,
306 415 393 443 non
413 399 633 452 agnoscit?

209 463 260 514 R.
288 460 478 510 Propter
505 458 817 499 testamentum
840 455 988 497 Domi-

157 517 217 567 ni,
255 522 298 558 et
330 515 451 566 leges
477 515 701 567 paternas,
738 513 878 554 sancti
905 511 990 553 Dei

157 573 444 627 perstiterunt
461 571 504 612 in
520 572 670 612 amore
689 569 990 611 fraternitatis:

158 633 182 658 *
198 630 310 680 Quia
328 641 439 670 unus
458 628 538 668 fuit
554 639 728 679 semper
747 626 926 678 spiritus
945 626 990 666 in

160 687 238 736 eis,
276 691 319 728 et
350 698 435 726 una
463 683 585 725 fides.
621 676 674 729 V.
708 683 825 724 Ecce
859 695 990 734 quam

158 742 324 786 bonum
360 747 404 783 et
437 754 568 793 quam
602 738 839 792 jucundum
870 737 989 779 habi-

160 802 254 842 tare
273 799 427 840 fratres
449 798 493 839 in
511 810 655 838 unum.
684 796 806 847 Quia.

446 859 599 900 Lectio
619 858 702 898 viii.

161 911 287 1020 Sed
310 928 410 956 cum
432 914 487 963 is,
517 914 592 966 qui
618 912 893 955 voluntatem
911 914 989 955 Pa-

243 972 323 1013 tris
343 971 509 1020 fecerit,
535 982 662 1011 soror
685 974 729 1011 et
747 969 882 1011 frater
902 971 990 1011 Do-

162 1029 266 1070 mini
281 1028 450 1076 dicitur,
468 1031 652 1080 propter
670 1029 906 1079 utrumque
926 1040 989 1069 se-

163 1099 267 1127 xum
296 1084 370 1136 qui
397 1083 454 1125 ad
483 1083 618 1125 fidem
645 1082 882 1133 colligitur,
914 1084 990 1124 mi-

161 1155 258 1183 rum
275 1154 363 1183 non
380 1146 461 1182 est:
478 1139 726 1181 mirandum
740 1152 846 1182 vero
862 1140 990 1182 valde

162 1203 240 1247 est,
261 1197 486 1250 quomodo
506 1196 637 1238 etiam
653 1200 792 1237 mater
809 1195 990 1239 dicatur.

161 1254 336 1296 Fideles
356 1253 469 1295 enim
489 1252 730 1306 discipulos
745 1253 902 1294 fratres
917 1266 990 1295 vo-

163 1313 263 1352 care
283 1310 488 1360 dignatus
509 1314 586 1359 est,
607 1309 772 1351 dicens:
791 1310 868 1360 Ite,
887 1323 990 1351 nun-

162 1367 269 1409 tiate
290 1366 498 1408 fratribus
516 1366 636 1407 meis.
671 1366 755 1416 Qui
780 1379 885 1417 ergo
909 1367 990 1408 fra-

163 1429 231 1465 ter
249 1423 428 1465 Domini
455 1423 552 1464 fieri
577 1422 635 1471 ad
659 1421 793 1464 fidem
819 1423 990 1464 venien-

164 1479 222 1521 do
242 1479 446 1532 potuerit,
474 1478 759 1531 quaerendum
783 1485 859 1530 est,
886 1482 990 1532 quo-

162 1535 297 1578 modo
326 1536 458 1577 etiam
485 1540 528 1577 et
552 1541 693 1577 mater
717 1548 815 1578 esse
838 1538 991 1590 possit.

211 1596 264 1647 R.
283 1593 394 1634 Haec
411 1597 479 1634 est
494 1605 598 1634 vera
612 1593 872 1643 fraternitas,
893 1607 992 1646 quae

162 1662 400 1701 numquam
413 1649 558 1701 potuit
572 1649 727 1691 violari
742 1651 992 1692 certamine:

165 1707 239 1759 qui
258 1706 398 1748 effuso
416 1706 625 1757 sanguine
640 1707 781 1748 secuti
796 1713 897 1749 sunt
912 1708 994 1749 Do-

162 1763 341 1804 minum:
359 1764 382 1788 *
404 1763 742 1804 Contemnentes
764 1763 910 1804 aulam
928 1766 991 1805 re-

163 1819 295 1870 giam,
321 1821 615 1872 pervenerunt
634 1819 691 1861 ad
709 1832 844 1871 regna
864 1820 990 1862 coele-

165 1876 258 1917 stia.
273 1873 325 1925 V.
344 1876 460 1918 Ecce
477 1888 608 1928 quam
622 1875 785 1918 bonum
802 1882 846 1918 et
862 1889 993 1929 quam

164 1932 400 1986 jucundum
410 1932 609 1974 habitare
620 1933 776 1974 fratres
788 1933 833 1974 in
843 1933 992 1974 unum!

166 1990 515 2031 Contemnentes.
546 1988 699 2031 Gloria
718 1990 848 2031 Patri.
881 1990 991 2031 Con-

165 2047 421 2087 temnentes.

464 2101 618 2143 Lectio
638 2102 692 2142 ix.

235 2152 292 2195 ed
311 2154 536 2196 sciendum
554 2154 682 2196 nobis
703 2159 780 2204 est,
801 2155 902 2206 quia
919 2155 993 2207 qui

250 2209 412 2251 Christi
434 2223 561 2252 soror
586 2216 629 2252 et
653 2211 787 2252 frater
813 2216 880 2252 est
904 2224 992 2252 cre-

167 2265 323 2316 dendo,
342 2271 482 2308 mater
496 2266 681 2308 efficitur
695 2265 993 2319 praedicando.

167 2323 303 2373 Quasi
322 2323 437 2364 enim
451 2323 568 2375 parit
588 2323 843 2372 Dominum,
864 2336 994 2376 quem

167 2377 292 2420 cordi
311 2378 528 2420 audientis
547 2379 772 2430 infuderit,
794 2384 837 2421 et
855 2384 994 2421 mater

168 2436 258 2487 ejus
290 2434 574 2488 praedicando
608 2435 810 2485 efficitur,
849 2436 885 2476 si
915 2448 995 2488 per

168 2493 259 2543 ejus
288 2504 444 2532 vocem
472 2504 594 2532 amor
619 2491 798 2532 Domini
824 2491 868 2532 in
895 2494 994 2544 pro-

168 2548 272 2588 ximi
300 2553 445 2590 mente
472 2550 717 2598 generatur.
762 2548 835 2590 Ad
864 2561 994 2600 quam

171 2617 263 2645 rem
295 2604 423 2646 nobis
457 2603 615 2645 idonee
648 2604 995 2646 confirmandam

171 2659 296 2702 adest
319 2660 450 2702 beata
474 2661 695 2710 Felicitas,
721 2662 841 2713 cujus
863 2661 994 2702 hodie

169 2717 364 2758 natalitia
383 2717 671 2768 celebramus,
698 2730 796 2769 quae
818 2716 992 2759 creden-

1806 183 1873 220 417

1042 285 1100 326 do
1128 280 1295 326 exstitit
1314 283 1471 325 ancilla
1492 283 1670 334 Christi,
1698 288 1742 325 et
1760 297 1871 336 prae-

1045 340 1234 382 dicando
1271 340 1387 382 facta
1424 346 1492 382 est
1527 345 1668 381 mater
1701 340 1872 382 Christi.

1042 399 1222 450 Septem
1248 397 1412 449 quippe
1437 397 1570 447 filios,
1598 397 1710 438 sicut
1733 396 1778 437 in
1802 409 1871 447 ge-

1044 455 1123 496 stis
1162 454 1253 506 ejus
1291 452 1662 495 emendatioribus
1699 453 1872 503 legitur,

1045 511 1107 552 sic
1134 515 1238 563 post
1266 522 1312 550 se
1345 510 1487 551 timuit
1514 510 1638 550 vivos
1670 509 1714 549 in
1742 522 1872 550 carne

1043 567 1302 619 relinquere,
1322 566 1434 607 sicut
1453 567 1648 608 carnales
1668 568 1872 618 parentes

1044 623 1187 665 solent
1213 626 1426 671 metuere,
1452 636 1508 664 ne
1535 625 1733 663 mortuos
1763 635 1872 675 prae-

1043 683 1228 722 mittant.

1097 738 1158 778 Te
1177 737 1321 778 Deum
1339 735 1579 778 laudamus.
1599 736 1656 777 13.

1094 798 1137 831 In
1161 798 1207 831 Π.
1232 798 1350 840 Vesp.
1377 798 1417 831 fit
1440 806 1636 831 commem.
1662 806 1767 839 sequ.

1317 876 1400 917 Die
1420 877 1472 916 11.
1491 876 1516 916 J
1517 875 1603 916 ulii.

1179 941 1221 982 S.
1242 940 1318 981 Pii
1337 941 1374 981 1.
1394 938 1528 989 Papae
1549 941 1592 977 et
1611 936 1734 976 Mart.

1095 999 1194 1039 Ant.
1235 999 1325 1039 Iste
1354 1002 1531 1039 sanctus
1558 1011 1641 1051 pro
1670 998 1767 1050 lege
1792 999 1875 1040 Dei
1920 993 1921 996 ¹

1044 1055 1110 1096 sui
1136 1055 1322 1096 certavit
1348 1067 1488 1106 usque
1516 1055 1572 1096 ad
1597 1060 1804 1104 mortem,
1831 1060 1875 1097 et

1044 1125 1069 1153 a
1087 1111 1233 1153 verbis
1252 1111 1488 1164 impiorum
1503 1124 1591 1153 non
1606 1112 1763 1153 timuit:
1783 1112 1874 1153 fun-

1045 1168 1174 1211 datus
1200 1168 1315 1210 enim
1340 1173 1434 1210 erat
1458 1181 1592 1221 supra
1611 1168 1782 1210 firmam
1800 1181 1873 1221 pe-

1043 1231 1167 1267 tram.

1098 1280 1147 1332 Y.
1185 1282 1337 1323 Gloria
1375 1287 1418 1324 et
1452 1282 1620 1324 honore
1654 1283 1874 1324 coronasti

1045 1353 1144 1381 eum
1175 1340 1374 1382 Domine.
1431 1339 1482 1390 Rz.
1518 1340 1575 1380 Et
1608 1340 1874 1380 constituisti

1046 1409 1145 1438 eum
1164 1410 1297 1451 super
1317 1398 1455 1448 opera
1468 1397 1676 1436 manuum
1690 1398 1874 1436 tuarum.

1378 1464 1542 1504 Oratio.

1094 1519 1375 1561 nfirmitatem
1404 1523 1599 1559 nostram
1630 1517 1800 1570 respice
1830 1530 1872 1558 o-

1104 1578 1355 1628 mnipotens
1370 1575 1506 1615 Deus:
1522 1578 1565 1615 et
1582 1574 1683 1626 quia
1699 1572 1874 1626 pondus

1044 1633 1238 1686 propriae
1266 1632 1451 1674 actionis
1476 1636 1646 1683 gravat,
1671 1630 1791 1672 beati
1810 1631 1875 1671 Pii

1044 1689 1250 1741 Martyris
1269 1689 1332 1730 tui
1353 1693 1485 1740 atque
1501 1687 1728 1729 Pontificis
1746 1687 1874 1727 inter-

1046 1746 1187 1787 cessio
1214 1745 1407 1796 gloriosa
1432 1757 1514 1785 nos
1539 1746 1755 1796 protegat.
1791 1743 1875 1784 Per

1045 1802 1285 1843 Dominum
1303 1805 1514 1843 nostrum.

1348 1867 1501 1907 Lectio
1522 1866 1575 1906 iii.

1073 1941 1112 1981 Γ)
1136 1928 1220 1977 ius,
1272 1926 1399 1979 hujus
1452 1926 1640 1968 nominis
1689 1925 1875 1978 primus,

1066 1985 1128 2031 ἐξὲξ
1155 1984 1463 2036 Aquileiensis,
1483 1982 1648 2024 Ruffini
1667 1982 1796 2032 filius,
1821 1995 1875 2023 ex

1045 2041 1309 2094 presbytero
1347 2045 1511 2081 sanctae
1548 2039 1763 2080 Romanae
1795 2039 1875 2080 Ec-

1047 2097 1193 2138 clesiae
1224 2096 1427 2137 Summus
1460 2095 1665 2137 Pontifex
1701 2097 1874 2136 creatus

1048 2158 1130 2203 est,
1155 2153 1379 2195 Antonino
1397 2153 1478 2194 Pio
1503 2157 1548 2194 et
1566 2151 1716 2194 Marco
1737 2152 1873 2192 Aure-

1046 2210 1106 2251 lio
1132 2209 1472 2262 imperatoribus
1499 2209 1706 2260 augustis.
1745 2208 1874 2258 Quin-

1048 2279 1133 2318 que
1149 2265 1509 2316 ordinationibus,
1527 2278 1678 2307 mense
1692 2265 1874 2306 Decem-

1045 2322 1130 2372 bri,
1156 2325 1393 2375 episcopos
1419 2320 1670 2372 duodecim,
1698 2321 1874 2363 octode-

1047 2379 1130 2420 cim
1158 2379 1444 2432 presbyteros
1473 2379 1648 2420 creavit.
1689 2378 1875 2419 Exstant

1046 2435 1255 2477 nonnulla
1281 2435 1336 2476 ab
1361 2447 1414 2476 eo
1433 2435 1648 2487 praeclare
1666 2434 1875 2482 instituta,

1045 2492 1291 2545 praesertim
1316 2496 1364 2533 ut
1389 2491 1672 2532 Resurrectio
1697 2489 1875 2531 Domini

1046 2549 1217 2590 nonnisi
1232 2548 1302 2590 die
1317 2548 1550 2590 Dominico
1569 2547 1874 2588 celebraretur.

1046 2605 1257 2647 Pudentis
1276 2604 1456 2646 domum
1474 2605 1518 2644 in
1537 2603 1768 2645 eeclesiam
1784 2614 1873 2642 mu-

1046 2663 1172 2711 tavit,
1202 2663 1387 2713 eamque
1407 2660 1464 2702 ob
1484 2659 1786 2712 praestantiam
1806 2670 1872 2698 su-

1045 2730 1127 2770 pra
1146 2719 1318 2759 ceteros
1332 2716 1496 2766 titulos,
1514 2719 1669 2768 utpote
1684 2713 1874 2755 Romani
