2040 2976
728 232 937 263 Commune
965 229 1253 271 Apostolorum.

138 331 242 372 lum:
273 331 297 357 *
331 329 524 372 custodit
553 329 768 370 Dominus
801 327 968 368 animas

139 389 391 429 sanctorum
417 389 611 436 suorum,
640 385 695 427 de
717 398 849 426 manu
869 397 968 436 pec-

139 444 300 486 catoris
318 443 523 485 liberabit
544 455 630 484 eos,

190 501 288 542 Lux
317 505 414 542 orta
442 504 509 541 est
541 500 672 551 justo,
700 499 723 524 *
761 502 804 540 et
836 497 968 538 rectis

140 557 274 599 corde
302 557 464 598 laetitia.

190 613 421 655 Laetamini
448 613 548 664 justi
575 612 619 652 in
646 612 853 652 Domino:
877 611 901 636 *
926 615 969 652 et

141 670 408 712 confitemini
421 669 646 711 memoriae
662 667 967 709 sanctificatio-

140 728 207 768 nis
228 728 329 780 ejus.

189 786 288 824 Ant.
318 785 414 824 Lux
435 787 531 824 orta
551 787 618 823 est
637 783 763 834 justo,
787 781 968 832 alleluja,

140 840 272 882 rectis
292 838 428 881 corde
447 839 611 888 laetitia,
640 838 821 890 alleluja.

192 899 289 939 Ant.
321 895 639 938 custodiebant
666 896 690 920 *
717 894 969 936 testimonia

141 954 242 1006 ejus,
271 958 314 994 et
333 954 559 1005 praecepta
581 952 682 1004 ejus,
710 951 892 1003 alleluia.

413 1011 611 1051 Psalmus
631 1012 695 1050 98.

139 1065 223 1171 D
232 1066 402 1107 ominus
418 1065 626 1116 regnavit,
636 1065 880 1106 irascantur
893 1067 969 1117 po-

251 1122 357 1175 puli:
375 1123 399 1148 *
420 1122 493 1175 qui
513 1121 638 1163 sedet
657 1135 790 1175 super
810 1121 970 1163 Cheru-

139 1179 240 1230 bim,
268 1181 499 1221 moveatur
518 1183 646 1220 terra.

191 1237 407 1278 Dominus
438 1236 482 1276 in
510 1236 614 1277 Sion
642 1248 840 1286 magnus:
873 1235 896 1260 *
929 1240 972 1276 et

143 1293 341 1335 excelsus
361 1305 493 1345 super
514 1305 666 1333 omnes
685 1291 887 1344 populos.

196 1350 498 1391 Confiteantur
518 1349 683 1390 nomini
701 1353 778 1390 tuo
798 1361 971 1399 magno:

145 1407 351 1459 quoniam
369 1405 579 1455 terribile,
609 1410 651 1446 et
672 1410 871 1446 sanctum
891 1410 972 1447 est:

142 1464 166 1489 *
186 1468 230 1505 et
247 1463 389 1504 honor
409 1463 524 1514 regis
544 1462 751 1514 judicium
771 1461 922 1514 diligit.

194 1520 264 1561 Tu
296 1519 463 1572 parasti
498 1518 779 1560 directiones:
811 1519 834 1544 *
866 1518 972 1570 judi-

144 1577 258 1618 cium
274 1581 317 1618 et
331 1576 537 1628 justitiam
551 1576 595 1616 in
605 1575 743 1617 Jacob
759 1580 807 1617 tu
822 1576 972 1617 fecisti.

194 1633 396 1675 Exaltate
437 1633 674 1674 Dominum
713 1633 857 1674 Deum
898 1646 972 1674 no-

143 1695 292 1739 strum,
303 1694 347 1731 et
359 1689 539 1731 adorate
556 1688 795 1730 scabellum
809 1689 973 1742 pedum

144 1748 248 1799 ejus:
266 1747 290 1772 *
311 1746 519 1798 quoniam
538 1751 739 1787 sanctum
759 1751 836 1788 est.

194 1804 372 1856 Moyses
386 1807 430 1844 et
443 1803 594 1844 Aaron
609 1803 653 1843 in
668 1802 972 1844 sacerdotibus

144 1861 249 1912 ejus:
268 1861 291 1886 *
311 1865 355 1902 et
374 1859 547 1901 samuel
566 1859 678 1901 inter
698 1872 791 1909 eos,
821 1860 895 1912 qui
913 1862 972 1900 in-

143 1922 304 1959 vocant
322 1929 482 1958 nomen
502 1917 608 1968 ejus:

195 1973 466 2015 Invocabant
501 1973 758 2022 Dominum,
801 1978 845 2014 et
878 1973 972 2026 ipse

145 2029 407 2071 exaudiebat
422 2042 512 2071 eos:
529 2029 552 2054 *
569 2029 612 2069 in
628 2029 831 2070 columna
845 2029 973 2071 nubis

143 2086 406 2139 loquebatur
426 2085 483 2127 ad
505 2098 593 2127 eos.

198 2142 514 2185 Custodiebant
539 2143 789 2184 testimonia
818 2144 924 2195 ejus,
949 2144 973 2168 *

146 2204 189 2242 et
207 2202 480 2253 praeceptum
501 2199 621 2251 quod
641 2199 763 2241 dedit
781 2199 877 2241 illis.

196 2257 383 2298 Domine
398 2257 519 2298 Deus
537 2261 686 2298 noster
705 2261 753 2298 tu
773 2256 973 2298 exaudie-

144 2313 224 2355 bas
250 2326 340 2355 eos:
359 2314 382 2339 *
401 2314 522 2354 Deus
541 2317 589 2354 tu
612 2313 829 2366 propitius
856 2313 974 2355 fuisti

146 2370 218 2420 eis,
237 2374 280 2412 et
299 2369 514 2411 ulciscens
534 2369 579 2409 in
598 2382 754 2417 omnes.
770 2369 974 2411 adinven-

146 2427 288 2468 tiones
298 2428 471 2472 eorum.

198 2482 402 2524 Exaltate
443 2483 680 2523 Dominum
716 2483 860 2524 Deum
900 2495 973 2523 no-

149 2544 298 2588 strum,
327 2544 370 2580 et
389 2538 571 2580 adorate
589 2539 633 2579 in
652 2543 801 2580 monte
822 2543 974 2580 sancto

148 2597 254 2648 ejus:
283 2596 305 2621 *
336 2595 543 2647 quoniam
563 2599 740 2636 sanctus
759 2595 974 2636 Dominus

147 2652 269 2693 Deus
288 2656 450 2693 noster.

200 2712 298 2751 Ant.
329 2707 646 2749 custodiebant
666 2708 916 2749 testimonia
935 2722 974 2750 e—

147 2764 223 2815 jus,
252 2769 296 2806 et
315 2766 541 2817 praecepta
561 2765 662 2816 ejus,
691 2763 872 2816 alleluja.

1072 321 1121 371 δ”.
1141 325 1282 366 Nimis
1298 325 1503 366 honorati
1523 329 1624 366 sunt
1644 324 1771 365 amici
1790 324 1854 365 tui

1020 382 1153 422 Deus.
1213 383 1257 433 Rg.
1295 382 1438 423 Nimis
1475 382 1749 423 confortatus
1788 385 1854 422 est

1020 439 1292 492 principatus
1314 440 1477 480 eorum.

1079 498 1206 537 Pater
1224 501 1385 537 noster.

1074 554 1318 595 Absolutio.
1352 555 1383 592 A
1411 551 1607 593 vinculis.

1074 606 1121 658 Y.
1152 609 1264 651 Jube
1284 609 1456 651 domne.

1074 667 1235 709 Bened.
1269 667 1531 718 Evangelica
1550 666 1692 707 lectio.

1020 727 1174 769 Lectio
1200 728 1339 768 sancti
1362 727 1588 778 Evangelii
1613 725 1854 768 secundum

1298 784 1568 825 Matthaeum.

1099 843 1249 883 Lectio
1273 842 1338 881 vii.
1542 840 1643 888 Cap.
1665 839 1717 876 19.
1736 837 1772 876 d.

1070 912 1098 939 n
1122 898 1196 939 illo
1221 900 1437 951 tempore:
1471 897 1593 938 Dixit
1618 898 1774 938 Petrus
1799 897 1855 938 ad

1092 956 1256 997 Jesum:
1284 955 1400 996 Ecce
1426 967 1507 995 nos
1530 954 1786 1006 reliquimus
1811 956 1854 995 o-

1022 1013 1150 1062 mnia,
1171 1017 1214 1054 et
1229 1012 1369 1054 secuti
1384 1024 1534 1052 sumus
1548 1016 1607 1053 te:
1628 1011 1733 1063 quid
1750 1024 1854 1061 ergo

1024 1070 1106 1111 erit
1123 1068 1272 1111 nobis?
1302 1070 1358 1110 Et
1378 1069 1556 1120 reliqua.

1028 1131 1218 1172 Homilia
1246 1131 1286 1172 S.
1311 1130 1569 1183 Hieronymi
1593 1128 1856 1181 Presbyteri.

1186 1188 1266 1221 Lib.
1284 1189 1312 1221 3.
1333 1189 1371 1221 in
1389 1188 1519 1221 Matth.
1539 1197 1621 1229 cap.
1642 1188 1690 1220 19.

1044 1256 1123 1291 l*
1062 1239 1148 1279 i
1179 1235 1303 1277 andis
1327 1234 1503 1276 fiducia!
1536 1235 1693 1275 Petrus
1717 1234 1856 1286 pisca-

1050 1290 1134 1315 Ψ
1181 1297 1252 1333 tor
1281 1296 1391 1341 erat,
1433 1291 1555 1332 dives
1588 1304 1675 1331 non
1703 1291 1856 1340 fuerat,

1129 1348 1304 1390 cibos
1337 1362 1467 1390 manu
1496 1353 1539 1389 et
1568 1352 1661 1389 arte
1692 1349 1856 1399 quaere-

1024 1366 1114 1447 bat:
1135 1411 1178 1447 ct
1194 1411 1341 1447 tamen
1361 1406 1555 1458 loquitur
1572 1404 1857 1446 confidenter:

1025 1463 1299 1514 Reliquimus
1337 1463 1493 1504 omnia.
1538 1463 1595 1503 Et
1632 1462 1732 1514 quia
1770 1474 1858 1502 non

1026 1520 1187 1561 sufficit
1218 1525 1388 1561 tantum
1420 1519 1683 1572 relinquere,
1723 1519 1858 1570 jungit

1027 1576 1147 1629 quod
1171 1577 1415 1629 perfectum
1438 1581 1519 1618 est:
1555 1577 1612 1617 Et
1632 1576 1771 1617 secuti
1791 1589 1857 1616 su-

1026 1647 1122 1674 mus
1137 1639 1191 1675 te.
1206 1635 1409 1675 Fecimus
1426 1633 1546 1686 quod
1561 1633 1736 1685 jussisti:
1754 1631 1859 1684 quid

1026 1691 1155 1742 igitur
1182 1690 1309 1732 nobis
1340 1690 1465 1732 dabis
1494 1689 1688 1743 praemii?
1730 1690 1754 1729 J
1758 1702 1857 1730 esus

1026 1753 1173 1789 autem
1192 1747 1301 1789 dixit
1320 1747 1418 1788 illis:
1447 1747 1590 1788 Amen
1606 1746 1704 1788 dico
1721 1745 1859 1795 vobis,

1028 1804 1146 1857 quod
1174 1817 1255 1846 vos
1286 1805 1359 1857 qui
1389 1804 1527 1846 secliti
1556 1804 1660 1845 estis
1689 1816 1779 1852 me,
1815 1803 1858 1843 in

1026 1861 1372 1911 regeneratione,
1407 1874 1506 1902 cum
1534 1860 1698 1902 sederit
1724 1859 1859 1900 Filius

1026 1917 1214 1959 hominis
1256 1918 1299 1958 in
1336 1918 1442 1959 sede
1477 1917 1716 1969 majestatis
1754 1929 1856 1965 suae,

1027 1974 1235 2016 sedebitis
1264 1980 1308 2016 et
1333 1987 1413 2017 vos
1439 1987 1572 2027 super
1597 1973 1726 2014 sedes
1752 1972 1857 2014 duo-

1027 2031 1180 2081 decim,
1199 2031 1441 2083 judicantes
1463 2030 1697 2072 duodecim
1717 2029 1857 2071 tribus

1025 2087 1174 2128 Israel.
1214 2087 1316 2129 Non
1345 2086 1469 2129 dixit:
1508 2087 1593 2137 Qui
1620 2086 1857 2139 reliquistis

1027 2145 1186 2194 omnia;
1226 2143 1313 2185 hoc
1345 2145 1460 2186 enim
1493 2149 1536 2185 et
1569 2144 1722 2185 Crates
1756 2143 1859 2185 fecit

1026 2200 1333 2253 philosophus,
1361 2206 1405 2242 et
1432 2201 1557 2242 multi
1585 2200 1657 2241 alii
1683 2199 1857 2241 divitias

1027 2259 1403 2310 contempserunt:
1449 2257 1546 2307 sed,
1594 2257 1677 2307 Qui
1719 2256 1859 2298 secuti

1027 2314 1131 2355 estis
1156 2327 1240 2355 me:
1270 2314 1390 2366 quod
1413 2314 1594 2367 proprie
1619 2313 1857 2367 Apostolo-

1027 2383 1123 2411 rum
1144 2375 1220 2419 est,
1245 2376 1378 2423 atque
1398 2371 1680 2413 credentium.

1082 2427 1131 2479 R.
1147 2428 1226 2468 Isti
1241 2433 1342 2469 sunt
1357 2429 1431 2480 qui
1446 2429 1643 2470 viventes
1658 2428 1701 2468 in
1717 2440 1858 2476 carne,

1026 2482 1333 2535 plantaverunt
1369 2485 1612 2527 Ecclesiam
1648 2484 1858 2535 sanguine

1028 2553 1122 2581 suo:
1139 2542 1160 2565 *
1176 2540 1367 2582 Calicem
1385 2542 1563 2583 Domini
1583 2540 1797 2590 biberunt,
1815 2544 1859 2580 et

1027 2597 1154 2638 amici
1172 2598 1256 2639 Dei
1274 2598 1378 2640 facti
1397 2603 1508 2640 sunt.
1544 2591 1589 2642 Nl.
1612 2599 1663 2638 In
1683 2609 1857 2638 omnem

1026 2658 1188 2694 terram
1217 2656 1350 2696 exivit
1378 2668 1512 2697 sonus
1538 2657 1706 2702 eorum,
1744 2657 1787 2694 et
1814 2653 1858 2692 in

1027 2710 1136 2807 {mss
1183 2711 1303 2753 orbis
1349 2717 1480 2754 terrae
1518 2711 1653 2753 verba
1694 2711 1857 2751 eorum.

1067 2779 1092 2807 a
1109 2780 1232 2809 icem.
