2040 2976
732 221 943 255 Commune
968 219 1258 263 Apostolorum.

139 323 307 364 sionem
332 334 493 371 meam,
529 325 573 362 et
599 318 967 361 resurrectionem

138 392 292 421 meam.

189 435 449 477 Intellexisti
468 433 757 486 cogitationes
775 444 897 473 meas
913 430 967 472 de

137 491 281 544 longe:
300 492 324 518 *
344 492 544 533 semitam
563 503 721 539 meam,
743 493 787 530 61
805 488 967 529 funicu-

137 548 228 590 lum
246 562 393 590 meum
411 547 694 599 investigasti.

188 606 246 647 Et
273 618 425 648 omnes
445 605 539 646 vias
563 617 685 646 meas
709 601 967 656 praevidisti:

137 662 161 688 *
177 662 279 714 quia
292 675 381 704 non
396 666 463 704 est
478 673 622 703 sermo
638 661 682 701 in
698 660 845 710 lingua
858 670 968 700 mea.

188 719 305 761 Ecce
332 718 521 760 Domine
557 722 606 759 tu
641 715 887 768 cognovisti
923 716 966 755 0-

136 776 255 817 1111113
285 775 537 827 novissima,
571 779 615 816 61
643 775 836 826 antiqua:
863 771 887 798 *
919 775 968 813 tu

137 832 336 874 formasti
353 845 439 883 me,
468 836 512 874 61
529 830 718 885 posuisti
741 841 873 883 super
896 841 966 869 me

137 901 315 930 manum
333 893 465 931 tuam.

188 945 402 988 Mirabilis
434 946 550 987 facta
581 949 649 987 681
681 943 862 986 scientia
891 947 968 984 tua

137 1015 193 1044 ex
222 1015 310 1045 me:
341 1003 366 1030 *
398 1002 646 1045 confortata
679 1005 762 1051 est,
803 1004 848 1042 et
878 1012 967 1041 non

136 1061 295 1112 potero
315 1059 373 1102 ad
391 1072 499 1102 eam.

190 1117 287 1167 Quo
310 1116 385 1159 ibo
411 1130 437 1158 a
459 1116 617 1170 spiritu
637 1113 739 1157 tuo?
763 1115 787 1140 *
810 1118 855 1156 61
879 1125 966 1166 quo

137 1185 163 1214 a
180 1173 292 1215 facie
311 1178 387 1215 tua
404 1171 591 1225 fugiam?

188 1230 234 1271 Si
261 1230 502 1273 ascendero
526 1230 571 1271 in
595 1229 771 1279 coelum,
804 1232 853 1270 tu
879 1227 967 1269 illic

137 1299 201 1328 es:
232 1287 257 1313 *
289 1288 327 1328 si
359 1286 632 1330 descendero
663 1286 709 1327 in
739 1285 966 1335 infernum,

136 1342 253 1385 ades.

188 1401 234 1442 Si
261 1404 493 1454 sumpsero
520 1413 687 1454 pennas
714 1412 836 1442 meas
859 1398 966 1441 dilu-

137 1457 252 1508 culo,
280 1458 304 1484 *
334 1463 378 1500 et
400 1457 658 1500 habitavero
686 1457 731 1498 in
759 1455 966 1499 extremis

135 1514 284 1556 maris:

187 1571 361 1613 Etenim
383 1571 487 1613 illuc
504 1584 660 1613 manus
682 1575 758 1612 tua
777 1569 967 1612 deducet

135 1641 220 1670 me:
238 1627 262 1655 *
282 1633 326 1671 et
338 1628 506 1671 tenebit
523 1641 594 1670 me
613 1628 796 1670 dextera
815 1631 901 1669 tua.

186 1685 244 1727 Et
269 1685 375 1728 dixi:
408 1686 614 1727 Forsitan
641 1683 837 1726 tenebrae
866 1696 965 1725 con-

137 1742 370 1785 culcabunt
388 1755 474 1784 me:
492 1742 516 1769 *
537 1747 580 1784 et
598 1755 688 1784 nox
706 1741 965 1783 illuminatio

135 1812 235 1842 mea
253 1800 297 1841 in
316 1798 483 1842 deliciis
501 1799 624 1842 meis.

188 1857 301 1907 Quia
326 1855 520 1899 tenebrae
552 1869 642 1898 non
670 1855 965 1898 obscurabun-

135 1918 207 1955 tur
221 1926 247 1955 a
263 1918 318 1964 te,
338 1918 383 1955 et
400 1926 490 1955 nox
509 1913 622 1955 816111
642 1912 736 1955 dies
754 1912 965 1953 illumina-

135 1969 268 2012 bitur:
289 1971 313 1997 *
341 1971 454 2012 816111
479 1969 676 2012 tenebrae
704 1970 806 2022 ejuS,
834 1969 896 2011 ita
923 1974 967 2011 et

135 2026 282 2069 lumen
301 2027 403 2079 ejus.

188 2084 299 2134 Quia
317 2088 366 2126 tu
383 2083 624 2137 possedisti
641 2096 769 2125 renes
786 2095 928 2124 meos:
942 2084 965 2109 *

137 2141 371 2194 suscepisti
383 2153 454 2182 me
466 2140 520 2182 de
534 2143 662 2182 utero
677 2140 829 2182 matris
844 2153 966 2181 meae.

189 2197 445 2239 Confitebor
476 2196 557 2239 tibi
585 2197 687 2250 quia
713 2196 966 2239 terribiliter

136 2254 440 2305 magnificatus
460 2267 522 2296 es:
545 2254 570 2279 *
597 2253 812 2295 mirabilia
831 2255 968 2306 opera

136 2315 222 2360 tua,
242 2315 287 2352 et
305 2311 448 2352 anima
468 2323 568 2352 mea
581 2311 810 2362 cognoscit
827 2310 966 2351 nimis.

187 2367 290 2408 Non
314 2372 382 2409 est
408 2367 678 2409 occultatum
701 2379 751 2408 os
776 2379 923 2408 meum
942 2379 968 2407 a

137 2429 192 2474 te,
213 2423 333 2476 quod
347 2424 489 2465 fecisti
501 2424 546 2465 in
561 2423 751 2466 occulto:
765 2424 789 2450 *
804 2428 848 2465 et
868 2422 966 2464 sub-

138 2481 298 2522 stantia
316 2493 415 2522 mea
433 2481 478 2521 in
495 2480 774 2522 inferioribus
793 2484 936 2521 terrae.

189 2537 502 2590 Imperfectum
527 2549 674 2578 meum
695 2536 900 2578 viderunt
923 2538 966 2577 0-

139 2594 225 2635 61111
242 2594 317 2643 1111,
339 2598 383 2635 61
400 2594 445 2634 111
462 2593 575 2635 libro
594 2598 671 2635 tuo
692 2605 845 2634 omnes
865 2592 966 2634 scri-

138 2650 312 2692 bentur:
352 2650 376 2676 *
419 2650 513 2692 dies
554 2649 878 2699 formabuntur,
925 2653 968 2691 et

138 2720 266 2749 nemo
286 2708 331 2748 in
350 2707 424 2749 618.

189 2763 295 2805 Mihi
334 2769 483 2806 autem
522 2764 650 2805 nimis
690 2763 967 2805 honorificati

1021 320 1123 357 sunt
1148 316 1276 357 amici
1299 316 1363 357 tui
1389 316 1525 357 Deus:
1549 315 1572 340 *
1597 314 1726 355 nimis
1752 327 1853 355 con-

1020 373 1209 414 fortatus
1229 378 1296 414 est
1314 372 1588 426 principatus
1612 373 1776 413 eorum.

1071 429 1373 471 Dinumerabo
1399 442 1492 479 eOS,
1527 433 1572 470 61
1603 441 1735 481 super
1763 429 1853 469 are-

1019 499 1121 527 nam
1139 485 1561 539 multiplicabuntur:
1575 485 1599 511 *
1617 484 1854 534 exsurrexi,

1021 548 1065 585 61
1084 542 1228 584 adhuc
1247 556 1345 584 sum
1363 547 1522 584 tecum.

1072 599 1117 641 Si
1142 599 1357 642 occideris
1381 600 1504 641 Deus
1529 601 1804 652 peccatores:
1830 599 1854 624 *

1020 657 1103 698 viri
1122 657 1382 708 sanguinum
1402 656 1619 698 declinate
1638 669 1664 697 a
1682 669 1767 697 me:

1074 714 1187 764 Quia
1211 713 1355 756 dicitis
1376 714 1421 754 in
1440 713 1724 764 cogitatione:
1743 713 1767 739 *
1787 725 1854 754 ac-

1021 771 1184 824 cipient
1203 771 1247 812 in
1267 771 1460 812 vanitate
1479 770 1680 812 civitates
1700 774 1810 811 tuas.

1071 828 1230 870 Nonne
1262 828 1336 881 qui
1365 827 1554 870 oderunt
1582 831 1626 868 te
1653 826 1854 877 Domine,
1902 859 1904 863 ,

1021 883 1225 927 oderam?
1248 885 1273 911 *
1299 889 1344 927 et
1371 897 1504 938 super
1529 884 1730 926 inimicos
1753 888 1854 925 tuos
1902 911 1904 914 -

1019 940 1326 984 tabescebam?

1071 999 1274 1041 Perfecto
1299 997 1403 1040 odio
1429 998 1612 1040 oderam
1633 997 1748 1040 illos:
1766 998 1791 1025 *
1811 1003 1855 1040 et
1903 1007 1905 1010 ’

1019 1056 1182 1098 1111111161
1200 1055 1306 1098 facti
1325 1060 1426 1097 sunt
1444 1055 1562 1096 mihi.

1071 1112 1219 1155 Proba
1242 1126 1313 1155 me
1331 1113 1455 1155 Deus
1475 1117 1519 1155 et
1538 1112 1650 1154 scito
1671 1125 1748 1154 cor
1767 1125 1854 1154 me-

1020 1184 1108 1212 um:
1134 1171 1158 1196 *
1185 1170 1409 1222 interroga
1435 1183 1522 1220 me,
1561 1174 1604 1212 et
1633 1171 1853 1221 cognosce

1020 1228 1198 1270 semitas
1215 1240 1348 1269 meas.

1070 1285 1128 1327 Et
1151 1284 1269 1335 vide,
1299 1285 1336 1326 si
1359 1285 1430 1326 via
1453 1284 1695 1337 iniquitatis
1720 1284 1764 1324 in
1783 1296 1853 1325 me

1020 1346 1102 1384 est:
1120 1342 1144 1368 *
1164 1346 1208 1384 et
1227 1341 1372 1383 deduc
1390 1354 1462 1383 me
1480 1341 1524 1382 in
1543 1341 1615 1382 via
1634 1342 1810 1383 aeterna.

1076 1403 1176 1443 Ant.
1192 1403 1480 1445 Consortatus
1496 1407 1563 1445 est
1580 1402 1853 1455 principatus
1902 1415 1906 1431 2

1020 1462 1188 1511 eorum,
1217 1464 1262 1502 et
1284 1459 1491 1502 honorati
1514 1464 1615 1501 sunt
1638 1459 1766 1501 amici
1790 1459 1854 1501 tui

1019 1518 1151 1559 Deus.

1101 1578 1362 1630 Capitulum.
1508 1578 1667 1629 Ephes.
1683 1579 1718 1617 2.
1736 1576 1774 1617 cl.

1020 1629 1255 1736 Fratres:
1291 1639 1315 1680 J
1318 1652 1389 1680 am
1407 1652 1496 1680 non
1515 1638 1622 1680 estis
1641 1638 1852 1692 hospiteS,

1115 1701 1160 1738 61
1178 1695 1377 1738 advenae:
1406 1695 1486 1738 sed
1502 1695 1608 1737 estis
1624 1696 1742 1737 cives
1758 1709 1852 1737 san-

1019 1755 1206 1803 ctorum,
1241 1758 1285 1795 et
1313 1752 1545 1795 domestici
1572 1753 1670 1795 Dei:
1703 1765 1852 1805 super-

1019 1809 1227 1852 aedificati
1242 1823 1375 1863 super
1389 1809 1721 1852 fundamentum
1733 1810 1852 1862 Apo-

1019 1866 1237 1922 stolorum
1279 1872 1323 1909 et
1365 1867 1708 1920 Prophetarum,
1752 1867 1852 1919 ipso

1019 1929 1146 1965 sumo
1166 1924 1364 1976 angulari
1383 1923 1530 1976 lapide
1546 1923 1721 1965 Christo
1736 1923 1761 1964 J
1764 1935 1853 1964 esu.

1071 1982 1123 2034 Rz.
1148 1981 1246 2023 Deo
1265 1981 1443 2032 gratias.

1331 2054 1542 2104 Hymnus.

1178 2122 1343 2164 xsultet
1362 2121 1482 2163 orbis
1501 2121 1687 2173 gaudiis:

1202 2178 1375 2220 Coelum
1394 2178 1579 2220 resultet
1598 2177 1817 2219 laudibus:

1149 2235 1473 2287 Apostolorum
1491 2234 1677 2286 gloriam

1149 2291 1300 2333 Tellus
1321 2297 1365 2334 61
1384 2297 1503 2334 38113
1522 2292 1768 2334 6011611111111.

1102 2356 1192 2398 Vos
1213 2357 1477 2399 saeculorum
1494 2349 1674 2410 judices,

1149 2413 1207 2455 Et
1225 2427 1330 2456 vera
1347 2414 1500 2456 mundi
1516 2414 1691 2463 lamina,

1097 2470 1228 2512 Votis
1247 2473 1480 2524 precamur
1499 2470 1714 2513 cordiumz

1150 2527 1314 2570 Audite
1333 2541 1466 2570 voces
1486 2527 1745 2581 supplicum.

1098 2593 1183 2643 Qui
1202 2593 1367 2646 templa
1386 2593 1488 2635 60611
1508 2592 1722 2641 clauditis,

1149 2650 1368 2703 Serasque
1386 2650 1524 2693 verbo
1545 2649 1728 2698 solvitis,

1147 2706 1244 2748 Nos
1264 2719 1290 2748 a
1307 2709 1435 2749 reatu
1453 2707 1612 2748 noxios

1148 2763 1271 2805 Solvi
1287 2763 1445 2816 jubete,
1474 2765 1738 2816 quaesumus.
