2040 2976
618 193 685 225 Dic
717 194 742 225 1(
755 198 770 225 l.
799 193 973 234 Augusti.

162 288 247 330 tius
271 292 364 329 erat
389 285 522 335 dives,
547 286 747 328 auferret.
781 286 987 328 Renunti-

162 346 235 384 are
262 342 436 384 Christo
465 343 745 384 Laurentium
779 343 912 394 jubet,
946 347 989 384 et

161 398 470 441 solidissimam
504 399 622 440 illam
658 399 820 440 levitici
857 399 988 440 animi

160 455 461 497 fortitudinem
473 455 577 497 diris
588 460 715 508 parat
723 458 878 507 urgere
888 469 985 509 sup-

160 512 314 564 pliciis:
339 524 526 564 quorum
544 512 620 554 ubi
639 512 781 565 prima
798 512 857 553 nil
877 512 985 564 obti-

159 574 273 618 nent,
289 568 616 610 vehementiora
632 567 882 611 succedunt.
905 569 985 610 La-

159 637 284 666 ceros
304 630 434 676 artus,
456 630 498 667 et
516 625 654 667 multa
670 626 902 668 verberum
921 639 985 668 se-

159 681 303 723 cti6ne
340 684 606 732 conscissos,
643 682 839 734 subjecto
875 686 984 736 prae-

158 737 264 789 cipit
295 738 394 788 igne
422 739 598 780 torreri:
630 745 677 781 ut
708 752 787 792 per
820 746 985 781 cratem

158 793 353 844 ferream,
379 808 478 848 quae
503 796 586 846 jam
611 795 666 837 de
688 796 860 837 fervore
883 809 981 838 con-

157 852 280 892 tinuo
293 852 379 892 vim
389 852 432 892 in
449 864 496 893 se
511 852 692 894 haberet
703 853 867 902 urendi,
882 866 982 895 con-

156 909 383 948 versorum
408 908 573 949 alterna
591 909 831 950 mutatione
851 923 982 951 mem-

156 962 347 1013 brorum,
371 964 496 1007 fieret
515 966 734 1007 cruciatus
753 966 982 1007 vehemen—

157 1019 253 1069 tior,
274 1026 317 1062 et
335 1034 467 1073 poena
486 1021 754 1074 productior.

206 1093 254 1143 Rg.
284 1090 387 1132 Noli
418 1104 488 1132 me
520 1091 823 1145 derelinquere
855 1098 981 1145 pater

155 1151 315 1196 sancte,
331 1147 432 1199 quia
446 1148 679 1190 thesauros
694 1154 794 1190 tuos
811 1150 980 1201 jamex-

154 1202 296 1254 pendi.
313 1207 333 1228 *
357 1204 457 1246 Non
477 1218 559 1255 ego
579 1211 623 1247 te
639 1205 796 1247 desero
817 1205 889 1256 fili,
909 1219 980 1248 ne-

155 1257 548 1313 que‘derelinquo:
584 1262 663 1303 sed
699 1263 864 1313 majora
900 1262 980 1304 tibi

153 1313 367 1358 debentur
402 1330 484 1369 pro
521 1318 608 1359 fide
644 1318 806 1360 Christi
843 1322 978 1361 certa-

151 1371 277 1413 mina.
312 1368 360 1419 Y'.
390 1373 484 1416 Nos
510 1375 634 1427 quasi
657 1388 783 1417 senes
801 1375 979 1417 levioris

151 1441 309 1479 pugnae
326 1443 500 1472 cursum
515 1432 760 1484 recipimus,
773 1437 818 1474 te
834 1438 980 1475 autem

153 1485 277 1535 quasi
296 1486 495 1536 juvenem
509 1493 655 1529 manet
673 1488 906 1539 gloriesior
924 1489 979 1531 de

152 1542 337 1591 tyranno
365 1543 628 1596 trifimphus:
656 1550 759 1596 post
786 1545 978 1587 triduum

151 1608 220 1636 me
266 1600 462 1651 sequeris
514 1601 788 1643 sacerdOtem
835 1602 978 1645 levita.

150 1654 249 1695 Non
278 1669 372 1706 ego.

448 1739 600 1779 Lectio
623 1740 673 1779 ri.

149 1803 319 1910 Nihil
343 1811 524 1862 omines,
544 1812 649 1854 nihil
665 1814 844 1866 proficis
860 1829 977 1857 saeva

279 1867 525 1910 crudelitas.
579 1870 856 1913 Subtrahitur
891 1878 976 1914 tor-

149 1924 307 1964 me'ntis
342 1925 427 1966 tuis
463 1927 646 1967 materia
682 1928 896 1979 mortalis,
934 1934 978 1971 et

150 1978 383 2022 Laurentio
404 1982 447 2022 in
467 1982 604 2024 coelos
623 1983 821 2034 abeunte,
841 1990 888 2027 tu
905 1985 975 2027 de-

150 2034 243 2076 ficis
262 2036 444 2078 flammis
463 2040 559 2080 tuis.
589 2040 795 2093 Superari
816 2042 975 2084 caritas

152 2090 311 2139 Christi
339 2094 512 2136 flamma
539 2109 625 2138 non
651 2099 809 2150 potuit:
841 2105 884 2141 et
912 2102 975 2141 se-

150 2147 276 2198 gnior
286 2149 364 2191 fuit
375 2151 495 2201 ignis,
511 2154 585 2205 qui
596 2153 700 2195 foris
712 2155 831 2204 ussit,
845 2169 975 2208 quarn

151 2203 225 2255 qui
249 2204 365 2247 intus
389 2209 598 2251 accendit.
631 2210 805 2252 Saevisti
828 2225 975 2264 perse-

150 2262 277 2305 cutor
299 2261 342 2301 in
363 2262 613 2316 Martyrem:
637 2268 812 2317 saevisti,
837 2274 880 2311 et
904 2282 974 2310 au-

149 2316 251 2357 xisti
262 2317 463 2369 palmam,
478 2320 580 2362 dum
595 2324 776 2373 aggeras
788 2330 974 2377 poenam.

148 2372 263 2414 Nam
288 2373 392 2425 quid
413 2388 499 2416 non
520 2377 575 2418 ad
594 2379 771 2421 victoris
790 2380 975 2431 gloriam

149 2429 369 2480 ingenium
392 2436 514 2472 tuum
538 2435 709 2486 reperit,
735 2436 910 2488 quando
930 2438 974 2479 in

148 2484 362 2527 honorem
431 2490 696 2532 transierunt
765 2493 974 2546 trifimphi

150 2542 281 2583 etiam
299 2542 585 2587 instrumenta
605 2548 830 2600 supplicii?
860 2549 973 2591 Gau-

149 2597 330 2639 deamus
359 2600 490 2651 igitur
516 2601 785 2645 dilectissimi
811 2606 972 2656 gaudio

149 2654 350 2706 spiritali,
383 2662 426 2697 et
458 2656 513 2698 de
540 2658 791 2702 felicissimo
823 2662 973 2714 inclyti

149 2710 230 2750 viri
249 2710 335 2752 fine
358 2712 594 2762 gloriemur
611 2715 654 2755 in
673 2716 875 2767 Demino,
900 2719 973 2770 qui

1020 194 1054 226 S.
1083 193 1274 226 Laurentii
1301 193 1407 227 Mart.

1042 291 1109 328 est
1129 286 1339 328 mirabilis
1358 287 1402 328 in
1417 289 1581 331 sanctis
1600 291 1701 341 suis,
1719 291 1764 332 in
1780 292 1871 345 qui-

1040 343 1122 385 bus
1147 343 1275 385 nobis
1302 349 1345 386 et
1363 345 1620 397 praesidium
1644 349 1872 391 constituit
1902 399 1905 402 .

1040 405 1083 442 et
1101 400 1366 454 exemplum:
1385 406 1517 454 atque
1531 403 1593 444 ita
1606 416 1688 456 per
1701 405 1870 447 univer·

1039 471 1134 499 sum
1162 458 1373 500 mundum
1401 458 1658 502 clarificavit
1684 461 1870 513 gloriam

1039 527 1173 565 suam,
1196 519 1245 556 ut
1264 528 1289 556 a
1311 515 1418 557 solis
1443 521 1543 558 ortu
1561 529 1702 569 usque
1722 518 1779 560 ad
1799 527 1869 561 oc-

1039 574 1199 621 casum,
1218 571 1493 614 leviticorum
1511 573 1724 616 luminum
1744 588 1868 617 coru-

1038 631 1189 674 scante
1205 629 1385 680 fulgere,
1402 642 1533 682 quam
1550 631 1790 674 clarificeta
1802 637 1870 674 est

1036 685 1061 726 J
1064 685 1314 738 erosfflyma
1327 686 1563 740 Stephano,
1581 692 1673 729 tam
1687 688 1869 731 illustris

1036 741 1163 784 fieret
1181 743 1325 784 Roma
1344 743 1594 786 Laurentio.

1089 815 1138 866 R.
1166 813 1331 855 Beatus
1359 813 1620 856 Laurentius
1652 814 1868 865 clamavit,

1037 874 1080 910 et
1100 869 1226 911 dixit:
1245 870 1389 911 Deum
1407 883 1554 912 meum
1573 871 1765 921 colo,·illi
1785 872 1868 914 soli

1035 927 1196 968 servio:
1227 930 1249 953 *
1280 927 1337 969 Et
1364 927 1466 969 ideo
1493 941 1583 969 non
1610 931 1745 970 timeo
1780 934 1867 971 tor·

1034 985 1182 1025 menta
1200 989 1286 1026 tua.
1323 980 1370 1031 Y.
1397 985 1497 1026 Mea
1519 998 1608 1027 nox
1630 985 1867 1028 obscurum

1034 1052 1121 1081 non
1137 1039 1282 1091 habet,
1301 1041 1380 1083 sed
1396 1042 1541 1084 omnia
1560 1043 1603 1083 in
1618 1042 1716 1085 luce
1732 1043 1865 1085 clare-

1034 1102 1170 1139 scunt.
1199 1098 1267 1140 Et.
1304 1098 1452 1140 Gloria
1472 1099 1604 1141 Patri.
1630 1100 1698 1141 Et.

1259 1178 1307 1215 In
1326 1178 1397 1217 111.
1418 1178 1641 1218 Nocturno.

1086 1242 1120 1281 Α
1128 1248 1183 1283 nt.
1200 1242 1476 1284 Strinxerunt
1487 1243 1688 1295 corporis
1697 1245 1722 1270 *
1731 1257 1863 1286 mem-

1032 1296 1110 1338 bra
1129 1299 1276 1350 posita
1295 1311 1428 1352 super
1448 1299 1717 1341 craticulam:
1736 1300 1864 1354 subji-

1032 1354 1247 1397 cientibus
1291 1369 1456 1409 prunas
1491 1355 1673 1398 insultat
1708 1357 1864 1400 Levita

1032 1410 1202 1453 Christi.

1304 1479 1503 1520 psalmus
1525 1481 1583 1520 14.

1042 1558 1142 1602 VN
1161 1545 1306 1586 omine
1344 1545 1441 1598 quis
1474 1545 1692 1588 habitabit
1723 1546 1767 1586 in
1798 1551 1860 1588 ta-

1041 1593 1132 1649 Ιέἶβῗὶ
1178 1600 1417 1644 bernaculo
1450 1601 1552 1644 tuo?
1593 1603 1617 1629 *
1653 1608 1729 1645 aut
1763 1605 1860 1656 quis

1029 1712 1131 1754 tuo?

1082 1774 1167 1824 Qui
1186 1775 1428 1827 ingreditur
1453 1777 1547 1819 sine
1566 1777 1754 1828 macula,
1772 1778 1797 1805 *
1816 1782 1860 1820 et

1030 1833 1239 1882 operatur
1258 1833 1482 1884 justitiam:

1080 1896 1164 1946 Qui
1187 1897 1383 1950 loquitur
1401 1899 1637 1941 veritatem
1659 1900 1702 1941 in
1722 1899 1857 1942 corde

1028 1965 1126 2002 suo,
1146 1954 1169 1979 *
1191 1955 1265 2006 qui
1294 1967 1383 1996 non
1411 1955 1500 2008 egit
1530 1955 1682 1998 dolum
1707 1957 1751 1997 in
1779 1956 1856 1998 lin-

1026 2022 1112 2059 gua
1131 2023 1223 2051 sua:

1078 2074 1173 2116 Nec
1193 2075 1296 2118 fecit
1315 2077 1519 2128 proximo
1539 2091 1619 2120 suo
1640 2078 1814 2128 malum,
1832 2080 1856 2106 *
1917 2126 1922 2131 ,

1027 2136 1071 2172 et
1092 2132 1381 2185 opprobrium
1400 2147 1488 2176 non
1513 2135 1685 2188 accepit
1704 2135 1854 2178 adver·

1027 2201 1100 2229 sus
1119 2189 1346 2241 proximos
1366 2203 1480 2232 suos.

1077 2253 1149 2295 Ad
1168 2253 1350 2296 m'hilum
1369 2255 1588 2299 deductus
1608 2262 1675 2299 est
1694 2257 1740 2298 in
1754 2270 1854 2300 con-

1026 2311 1180 2362 spectu
1214 2312 1305 2363 eius
1337 2312 1570 2364 malignus:
1597 2315 1621 2341 *
1648 2314 1854 2356 timentes

1025 2371 1172 2408 autem
1190 2367 1430 2410 Deminum
1448 2369 1681 2420 glorificat:

1077 2431 1162 2481 Qui
1187 2433 1300 2485 jurat
1327 2435 1531 2486 preximo
1561 2448 1659 2486 suo,
1692 2440 1737 2477 et
1763 2447 1852 2477 non

1026 2486 1202 2540 decipit,
1222 2490 1245 2516 *
1266 2490 1339 2542 qui
1363 2491 1596 2543 pecuniam
1619 2505 1744 2533 suam
1763 2504 1851 2534 non

1025 2543 1147 2586 dedit
1166 2545 1222 2586 ad
1241 2549 1430 2597 usuram,
1453 2553 1498 2589 et
1516 2551 1699 2589 munera
1719 2560 1851 2601 super

1024 2600 1299 2643 innocentem
1317 2616 1405 2645 non
1424 2605 1608 2657 accepit:

1075 2665 1159 2714 Qui
1184 2666 1288 2708 facit
1313 2667 1426 2718 haec,
1445 2670 1469 2694 ²⁸¹
1488 2672 1576 2710 non
1600 2668 1850 2711 movebitur

1023 2719 1066 2760 in
1085 2723 1308 2764 aeternum.

1141 1664 1147 1674 ²
1177 1658 1424 1710 requiescet
1451 1659 1496 1700 in
1526 1664 1678 1702 monte
1705 1665 1858 1702 sancto
1921 1675 1926 1680 ·
