2040 2976
211 219 301 263 [162]

815 217 990 251 Officium
1014 216 1298 251 Defunctorum.

211 318 397 363 exutam,
415 314 459 354 in
475 315 651 355 aeternae
670 314 920 356 salvationis
935 327 1030 367 par-

210 376 298 412 tem
317 372 507 412 restitue.
535 371 619 412 Per
637 371 882 412 Dominum.

262 427 310 478 V.
344 427 560 479 Requiem
591 429 798 469 aeternam
826 427 942 469 dona
969 428 1030 469 eis

210 483 407 524 Domine.
451 487 499 538 R.
536 483 592 525 Et
623 483 697 524 lux
727 486 939 537 perpetua
970 484 1029 524 lu-

210 545 306 581 ceat
326 541 399 582 eis.

253 594 302 645 Y.
322 597 617 650 Requiescant
626 597 670 638 in
680 611 800 650 paee.
820 599 868 650 R.
880 598 1030 638 Amen.

369 682 455 723 Ad
486 683 869 724 Matutinum.

262 750 385 791 Iuvit.
418 750 591 799 Regem,
615 748 683 790 cui
705 748 848 789 omnia
870 747 1030 796 vivunt,

210 809 231 831 *
250 804 409 846 Venite
428 804 671 846 adoremus.

262 862 500 916 Repetitur.
554 862 735 912 Regem,
779 861 849 903 cui
887 859 1031 901 omnia

210 916 368 966 vivunt,
388 919 530 959 venite
551 917 795 959 adoremus.

263 976 328 1015 ΡΞ.
351 976 515 1023 Venite,
535 973 810 1016 exsultemus.
828 974 865 1014 2.

262 1032 316 1073 Et
352 1033 393 1071 in
430 1032 532 1073 fine:
579 1030 788 1082 Requiem
824 1031 1031 1071 aeternam

211 1085 325 1127 dona
349 1086 410 1127 eis
428 1086 630 1128 Domine:
656 1091 706 1128 et‘
721 1086 795 1127 lux
818 1088 1031 1139 perpetua

209 1142 352 1184 luceat
371 1142 443 1183 eis.

262 1216 343 1249 Hoc
368 1215 633 1249 invitatorium
659 1213 798 1247 dicitur
821 1216 967 1247 tanturn
991 1212 1030 1246 in

211 1264 271 1297 die
304 1262 686 1297 commemorationis
721 1261 888 1295 omnium
920 1261 1029 1294 Fide-

211 1312 300 1345 lium
331 1311 617 1348 Defunctorum,
650 1315 685 1343 et
717 1309 755 1343 in
786 1309 846 1343 die
878 1308 1030 1352 deposi-

210 1359 326 1393 tionis
352 1358 541 1392 Defuncti:
572 1358 711 1401 quibus
739 1358 875 1392 diebus
901 1357 1030 1391 dicun-

210 1414 269 1440 tur
293 1412 368 1441 tres
394 1406 626 1449 infrascripti
651 1405 852 1448 Nocturni,
884 1410 919 1439 et
942 1405 1029 1439 Ant.

210 1455 462 1497 duplicantur.
504 1454 603 1487 Aliis
628 1454 866 1496 temporibus
892 1453 1031 1487 dicitur

210 1508 353 1536 tantum
378 1513 494 1536 unum
518 1502 754 1536 Nocturnum
783 1513 867 1536 curn
892 1502 1030 1536 Laudi-

209 1551 291 1587 bus,
316 1551 389 1584 hoc
414 1550 561 1584 ordine:
586 1550 698 1584 Feria
721 1550 766 1583 Η.
790 1555 826 1584 et
844 1550 886 1583 V.
910 1550 936 1584 Ι.
954 1550 1031 1584 No-

211 1604 397 1634 cturnum:
423 1598 532 1631 Feria
556 1598 619 1631 111.
646 1603 681 1632 et
705 1597 778 1638 VL,
802 1597 846 1631 Π.
869 1597 1030 1632 Noctur-

210 1656 312 1680 num:
340 1646 451 1679 Feria
474 1646 535 1679 IV.
562 1650 597 1680 et
621 1646 806 1687 Sabbato‚
831 1645 895 1679 111.
920 1645 1030 1679 Noct.

452 1714 501 1752 In
519 1714 548 1752 Ι.
568 1714 790 1753 Nocturno.

391 1781 473 1814 Pro
503 1781 631 1815 Feria
659 1780 709 1815 ΙΙ.
738 1785 779 1815 et
806 1779 849 1813 V.

263 1832 360 1873 Ant.
376 1831 524 1882 Dirige
538 1832 562 1858 *
575 1831 762 1873 Domine
771 1831 892 1873 Deus
906 1844 1030 1873 meus

210 1887 253 1927 in
272 1890 509 1940 conspectu
526 1892 603 1929 tuo
622 1887 737 1929 viam
755 1901 906 1930 meam.

493 1951 688 1992 Psalmus
716 1952 751 1990 5.

224 2039 243 2066 „x
258 2018 310 2062 212!ae
365 2003 468 2045 erba
502 2017 599 2046 mea
639 2004 814 2046 auribus
851 2004 1028 2057 percipe

224 2047 349 2123 *fsr
380 2060 580 2110 Domine,
607 2060 630 2087 *
655 2060 845 2112 intellige
871 2060 1026 2102 clamo-

223 2128 232 2140 *
308 2130 311 2131 ’
331 2132 334 2134 ·
380 2128 472 2157 rem
497 2129 650 2158 meum.

262 2170 442 2213 Intende
477 2173 576 2214 voci
612 2173 818 2215 orationis
856 2186 977 2224 meae,
1004 2174 1028 2199 *

212 2225 308 2267 Rex
335 2239 455 2269 meus
484 2234 526 2270 et
551 2229 670 2271 Deus
697 2242 829 2272 meus.

265 2283 476 2333 Quoniam
495 2284 550 2326 ad
568 2290 612 2326 te
632 2285 782 2328 orabo:
800 2287 824 2312 *
842 2286 1027 2328 Domine

212 2350 338 2380 mane
366 2339 570 2382 exaudies
597 2354 750 2383 vocem
776 2355 927 2384 meam.

263 2394 390 2436 Mane
425 2395 578 2437 astabo
611 2397 690 2438 tibi
723 2403 766 2440 et
797 2398 970 2441 videbo:
1003 2400 1027 2425 *

214 2451 416 2503 quoniam
442 2464 529 2493 non
555 2452 674 2494 Deus
700 2454 851 2495 volens
878 2455 1027 2508 iniqui-

212 2509 347 2548 tatem
373 2512 421 2549 tu
448 2520 504 2548 es.

263 2563 418 2616 Neque
448 2563 660 2606 habitabit
690 2565 807 2616 juxta
837 2571 880 2608 te
911 2567 1027 2608 mali-

213 2631 337 2670 gnus:
355 2620 378 2645 *
396 2632 537 2672 neque
555 2621 867 2673 permanebunt
886 2623 1028 2674 injusti

214 2680 313 2717 ante
341 2675 491 2718 oculos
517 2681 627 2718 tuos.

265 2731 407 2774 Odisti
426 2745 585 2782 omneS,
611 2733 683 2785 qui
703 2736 936 2786 operantur
954 2735 1027 2776 ini-

1085 314 1309 366 quitatem:
1328 314 1352 339 *
1370 313 1530 366 perdes
1554 325 1714 362 omnes,
1743 313 1816 365 qui
1842 312 1902 354 lo-

1085 373 1274 422 quuntur
1301 369 1585 411 mendacium.

1134 427 1289 468 Virum
1325 426 1580 476 sanguinum
1619 430 1662 467 et
1702 424 1903 467 dolosum

1083 482 1401 524 abominabitur
1419 482 1646 523 Dominus:
1672 482 1696 507 *
1724 494 1806 532 ego
1832 493 1903 522 au-

1082 544 1171 581 tem
1206 539 1249 580 in
1284 538 1559 580 multitudine
1593 536 1903 580 misericordiae

1081 601 1179 638 tuae.

1133 651 1330 694 Introibo
1357 651 1401 692 in
1429 650 1606 693 domum
1631 655 1764 692 tuam:
1787 650 1812 676 *
1830 649 1902 692 ad-

1083 708 1220 750 orabo
1248 708 1305 750 ad
1326 707 1537 760 templum
1560 711 1757 749 sanctum
1781 711 1904 748 tuum

1081 764 1125 805 in
1152 765 1308 806 timore
1335 769 1423 806 tuo.

1132 821 1318 862 Domine
1334 819 1476 862 deduc
1489 832 1559 861 me
1575 820 1619 860 in
1637 819 1798 871 justitia
1814 824 1903 861 tua:

1082 877 1104 902 *
1127 882 1309 930 propter
1331 877 1528 918 inimicos
1550 888 1673 917 meos
1697 875 1835 927 dirige
1859 875 1903 916 in

1082 935 1319 986 conspectu
1346 937 1422 975 tuo
1450 933 1565 974 viam
1591 944 1743 974 meam.

1133 990 1347 1040 Quoniam
1369 1002 1456 1031 non
1485 994 1550 1030 est
1576 989 1620 1029 in
1649 1000 1725 1030 ore
1753 989 1904 1030 eorum

1082 1046 1255 1088 veritas:
1282 1047 1305 1072 *
1334 1059 1410 1088 cor
1438 1047 1588 1087 eorum
1615 1057 1774 1086 vanum
1801 1049 1878 1086 est.

1133 1102 1420 1156 Sepulchrum
1459 1107 1613 1155 patens
1655 1106 1721 1143 est
1755 1105 1903 1152 guttur

1083 1161 1244 1209 eorum,
1262 1159 1418 1210 linguis
1433 1159 1521 1200 suis
1536 1157 1689 1200 dolose
1706 1156 1903 1208 agebant,

1081 1216 1104 1241 *
1131 1215 1274 1267 judica
1299 1215 1398 1257 illos
1425 1215 1556 1256 Deus.

1084 1286 1086 1289 ’
1132 1272 1348 1314 Decidant
1379 1285 1405 1313 a
1436 1269 1771 1322 cogitationibus
1803 1269 1903 1320 suis,

1081 1328 1320 1370 secundum
1355 1327 1676 1370 multitudinem
1707 1326 1902 1380 impieta-

1080 1390 1173 1427 tum
1192 1387 1343 1427 eorum
1362 1383 1531 1437 expelle
1551 1396 1638 1433 005,
1655 1383 1679 1409 *
1699 1383 1903 1436 quoniam

1079 1441 1357 1483 irritaverunt
1382 1446 1427 1483 te
1453 1440 1651 1482 Domine.

1131 1498 1188 1540 Et
1213 1498 1414 1540 laetentur
1442 1509 1603 1546 omneS,
1632 1495 1706 1549 qui
1726 1499 1903 1549 sperant

1079 1554 1123 1595 in
1153 1559 1212 1604 te,
1240 1555 1264 1580 *
1291 1555 1335 1595 in
1366 1555 1577 1596 aeternum
1609 1551 1902 1594 exsultabunt:

1080 1615 1124 1652 et
1149 1609 1366 1652 habitabis
1393 1611 1437 1651 in
1465 1610 1537 1652 eis.

1130 1668 1187 1709 Et
1205 1667 1505 1718 gloriabuntur
1523 1666 1567 1707 in
1585 1670 1629 1707 te
1649 1677 1810 1715 omnes,
1828 1664 1903 1717 qui

1080 1722 1263 1774 diligunt
1293 1735 1452 1765 nomen
1481 1728 1618 1772 tuum,
1645 1722 1669 1748 *
1698 1721 1902 1774 quoniam

1079 1784 1126 1821 tu
1152 1779 1385 1821 benedices
1412 1780 1536 1831 justo.

1130 1835 1331 1885 Domine,
1362 1840 1410 1878 ut
1441 1840 1566 1877 scuto
1595 1834 1724 1876 bonae
1752 1833 1899 1876 volun-

1077 1892 1180 1934 tatis
1207 1897 1296 1934 tuae
1323 1892 1346 1918 *
1374 1891 1596 1934 coronasti
1620 1896 1712 1932 nos.

1130 1949 1345 2001 Requiem
1372 1950 1590 1990 aeternam.

1136 2005 1235 2047 Ant.
1255 2005 1405 2056 Dirige
1426 2004 1614 2046 Domine
1634 2004 1754 2046 Deus
1777 2014 1902 2044 meus

1078 2060 1122 2101 in
1140 2063 1381 2114 conspectu
1397 2066 1473 2103 tuo
1493 2061 1608 2102 viam
1626 2073 1778 2102 meam.

1136 2118 1235 2159 Ant.
1265 2117 1531 2159 Convertere
1565 2117 1589 2143 *
1619 2116 1826 2165 Domine,
1857 2118 1901 2156 et

1080 2173 1198 2226 eripe
1216 2173 1403 2215 unimam
1418 2186 1575 2215 meam:
1595 2172 1799 2225 quoniam
1812 2183 1901 2212 11011

1082 2235 1148 2271 est
1167 2230 1210 2270 in
1228 2235 1380 2280 morte,
1400 2230 1474 2282 qui
1491 2242 1659 2271 memor
1677 2229 1734 2270 sit
1751 2227 1824 2270 tui.

1369 2287 1566 2329 Psalmus
1586 2288 1622 2329 6.

1170 2343 1330 2392 omine,
1348 2355 1402 2384 ne
1421 2343 1464 2383 in
1482 2342 1628 2386 furore
1646 2347 1722 2384 tuo
1743 2342 1900 2393 arguas

1178 2412 1264 2450 me,
1287 2400 1310 2425 *
1334 2411 1475 2451 neque
1506 2399 1550 2440 in
1578 2399 1642 2440 ira
1667 2403 1743 2440 tua
1770 2398 1898 2439 corri-

1079 2455 1173 2508 pias
1191 2469 1271 2497 me.

1129 2512 1335 2553 Miserere
1365 2512 1452 2554 mei
1478 2511 1664 2553 Domine
1696 2510 1900 2562 quoniam

1079 2567 1274 2609 infirmus
1302 2581 1410 2609 sum:
1434 2570 1457 2595 *
1484 2581 1589 2610 sana
1614 2580 1684 2609 me
1711 2565 1899 2608 Domine

1081 2625 1284 2676 quoniam
1299 2625 1556 2667 conturbata
1571 2629 1670 2666 sunt
1681 2636 1781 2666 ossa
1791 2634 1898 2664 mea.

1131 2681 1187 2722 Et
1205 2682 1346 2722 anima
1364 2695 1462 2723 mea
1479 2681 1655 2724 turbata
1674 2685 1740 2722 est
1757 2678 1898 2720 valde:

1079 2738 1102 2764 *
1122 2736 1201 2779 sed.
1218 2742 1266 2779 tu
1283 2738 1469 2780 Domine
1487 2734 1738 2790 usquequo?
