2040 2976
612 216 822 249 Commune
850 215 1096 250 Confessoris
1121 226 1197 249 non
1224 215 1434 261 Pontifici&

220 306 271 359 V.
287 308 314 350 J
314 312 461 351 ustum
481 308 666 351 deduxit
680 307 898 350 Dominus
916 319 998 359 per

167 365 262 407 vias
280 369 437 407 rectas.
472 366 523 416 R.
550 365 609 407 Et
632 363 828 406 ostendit
852 363 915 404 illi
932 376 996 404 re-

168 434 302 472 gnum
319 421 415 463 Dei.

370 507 431 547 In
457 506 518 547 11.
547 504 798 554 vesperis.

219 576 305 609 Ant.
335 575 382 609 de
412 575 530 609 Laud.
563 570 648 614 [75],
676 574 837 615 Psalmi,
870 573 992 617 Capit.

166 627 201 657 et
226 623 403 666 Hymnus
428 627 468 657 ut
492 622 531 656 in
554 622 580 656 I.
604 621 721 664 Vesp.
754 617 823 661 [67]

218 678 269 730 V.
288 679 314 719 J
314 682 462 720 ustum
482 677 666 720 dednxit
684 676 901 718 Dominus
917 688 997 728 per

168 735 262 776 vias
281 739 436 776 rectas.
467 738 518 790 R!—
543 734 602 775 Et
626 732 822 775 ostendit
845 731 908 773 illi
932 744 996 773 re-

167 804 302 843 gnum
320 791 414 832 Dei.

216 854 289 896 Ad
309 854 482 904 Magnis.
520 856 617 895 Ant.
653 853 738 894 Hic
760 853 828 895 vir
853 852 996 905 despi-

168 910 288 953 ciens
307 911 332 939 *
349 909 562 952 mundum
581 914 626 951 et
644 910 830 959 terrena,
847 909 996 950 trium-

166 966 327 1019 phans,
354 966 529 1009 divitias
553 966 669 1007 coelo
689 965 888 1007 cendidit
908 977 997 1014 ore,

167 1035 310 1064 manu.

217 1085 257 1119 Si
296 1089 471 1120 occurrat
503 1085 691 1119 celebrari
723 1084 880 1119 Festum
914 1086 994 1128 plu-

164 1133 261 1167 rium
305 1133 583 1168 Confessorum
625 1143 703 1167 non
747 1132 995 1172 Pontificum,

164 1180 342 1215 Officium
366 1181 406 1215 fit
429 1184 470 1215 ut
494 1190 626 1224 supra:
653 1181 722 1215 sed
747 1181 785 1214 in
812 1180 993 1214 Oratione

165 1232 201 1262 et
218 1228 412 1271 Sermone,
429 1238 516 1271 quae
532 1228 725 1262 habentur
742 1228 779 1261 in
796 1228 993 1270 singulari,

164 1275 341 1310 dicantur
366 1276 402 1309 in
428 1276 579 1318 plurali,

379 1343 791 1370 *ww-„-

329 1411 391 1452 11.
425 1410 554 1453 Aliae
580 1410 843 1452 Lectiones

205 1479 285 1517 pro
317 1466 579 1506 Confessore
610 1478 695 1506 non
726 1466 950 1507 pontifice.

401 1535 451 1574 In
478 1535 507 1573 I.
536 1535 759 1575 Nocturno.

309 1594 378 1635 De
403 1593 519 1635 libro
547 1593 858 1635 Ecclesiastici.

268 1654 421 1701 Lectio
442 1655 465 1694 i.
710 1654 811 1705 Cap.
831 1656 888 1695 31.

278 1711 403 1751 catus
417 1710 494 1760 vir,
510 1709 585 1762 qui
600 1709 802 1751 inventus
822 1715 890 1752 est
903 1710 998 1752 sine

179 1790 181 1792 -
205 1763 270 1793 »1
293 1765 480 1807 macula:
517 1770 562 1807 et
600 1766 675 1817 qui
706 1770 810 1818 post
842 1779 997 1807 aurum

176 1811 271 1846 *A
294 1834 383 1862 non
403 1821 526 1871 abiit,
544 1834 626 1863 nec
646 1822 842 1874 speravit
859 1822 905 1862 in
922 1835 996 1874 pe-

167 1877 295 1918 ci'mia
314 1881 358 1918 et
375 1877 607 1919 thesai'iris.
636 1877 744 1927 Quis
764 1882 832 1919 est
849 1877 932 1927 hic,
954 1883 998 1919 et

165 1932 443 1974 laudabimus
463 1931 585 1974 eum?
609 1932 715 1974 fecit
735 1933 852 1975 enim
870 1934 996 1975 mira-

165 1988 271 2030 bilia
289 1988 334 2028 in
352 1988 444 2029 vita
463 2001 551 2030 sua.
585 1989 671 2039 Qui
691 1988 909 2041 probatus
929 1994 997 2031 est

165 2044 210 2084 in
228 2043 316 2094 illo,
337 2048 380 2085 et
393 2046 617 2096 perfectus
635 2049 713 2094 est,
733 2045 816 2086 erit
830 2045 893 2086 illi
906 2045 996 2096 glo-

165 2100 230 2141 ria
255 2101 433 2141 aeterna:
461 2101 537 2152 qui
562 2101 711 2153 petuit
735 2101 995 2152 transgredi,

165 2160 211 2197 et
225 2168 314 2197 non
330 2160 397 2197 est
412 2158 728 2207 transgressus:
747 2157 893 2198 facere
907 2170 995 2198 ma-

164 2211 222 2261 la,
242 2216 287 2253 et
304 2224 394 2252 non
413 2212 533 2253 fecit:
556 2212 659 2254 ideo
679 2212 876 2254 stabilita
895 2219 996 2255 sunt

163 2267 282 2308 bona
304 2267 420 2308 illius
443 2268 488 2308 in
506 2268 716 2318 Demino,
743 2273 787 2309 et
811 2269 995 2310 eleemo-

166 2335 297 2375 synas
316 2323 432 2364 illius
452 2324 676 2366 enarrabit
696 2325 838 2366 omnis
859 2325 995 2367 eccle-

166 2379 230 2419 sia
248 2381 511 2420 sancterum.

222 2432 271 2498 Rz.
303 2435 426 2485 Euge
457 2447 585 2476 serve
615 2434 733 2477 bone
766 2440 811 2477 et
841 2435 996 2485 fidelis,

166 2490 270 2541 quia
294 2490 339 2530 in
363 2502 505 2541 pauca
529 2490 650 2531 fuisti
673 2490 834 2541 fidelis,
862 2504 997 2543 supra

165 2545 303 2586 multa
317 2550 361 2586 te
377 2547 657 2586 constituam:
671 2544 850 2588 *Intra‘
839 2560 884 2587 111
894 2550 996 2596 gau·

166 2600 287 2642 dium
306 2601 393 2641 Dni
411 2601 486 2641 tui.
518 2592 567 2643 V
587 2601 777 2643 Demine
802 2602 996 2654 quinque

165 2656 331 2698 talenta
363 2656 585 2698 tradidisti
617 2657 741 2707 mihi,
775 2670 878 2699 ecce
912 2658 997 2699 alia

167 2712 358 2765 quinque
378 2712 706 2765 superlucratus
727 2726 834 2755 sum.
861 2714 995 2756 Intra.

1812 209 1883 254 [77]

1154 310 1309 350 Lectio
1331 309 1369 349 ii.
1466 316 1557 358 Cap.
1571 316 1622 349 32.
1638 326 1666 349 c.
1686 320 1721 349 et
1735 317 1785 349 353.

1135 365 1179 405 ui
1197 365 1323 406 timet
1337 365 1588 416 D6minum,
1604 365 1795 418 excipiet
1811 364 1886 406 do-

1156 423 1343 462 ctrinam
1374 422 1478 472 ejus:
1508 426 1552 463 et
1581 422 1656 473 qui
1680 421 1884 473 vigilave-

1052 477 1140 518 rint
1155 476 1213 518 ad
1227 476 1360 526 illum,
1375 477 1600 519 invenient
1616 477 1886 520 benedictio-

1051 546 1162 575 nem.
1191 533 1276 583 Qui
1293 534 1452 585 quaerit
1470 534 1624 585 legem,
1643 534 1887 587 replebitur

1051 590 1107 631 ab
1128 602 1194 631 ea:
1223 594 1267 631 et
1293 590 1368 642 qui
1393 590 1605 632 insidiose
1629 591 1735 642 agit,
1764 603 1886 632 scan-

1052 646 1317 688 dalizabitur
1341 646 1386 686 in
1412 659 1474 688 ea.
1513 647 1598 697 Qui
1622 647 1779 688 timent
1798 647 1886 688 Do-

1051 703 1228 753 minum,
1248 703 1472 744 invenient
1488 703 1698 755 judicium
1712 705 1886 755 justum,

1053 763 1097 800 et
1114 759 1301 811 justitias
1322 759 1449 811 quasi
1464 759 1612 801 lumen
1631 759 1887 802 accendent.

1053 816 1137 865 Qui
1157 815 1299 857 credit
1317 816 1428 866 Deo,
1447 815 1637 856 attendit
1655 816 1886 866 mandatis,

1053 876 1098 913 et
1117 872 1193 924 qui
1212 871 1396 913 confidit
1414 872 1458 912 in
1477 872 1570 922 illo,
1592 884 1680 913 non
1698 872 1886 914 minora-

1050 928 1180 969 bitur.
1216 928 1409 969 Timenti
1433 904 1675 969 Deminum
1699 941 1788 969 non
1815 941 1885 970 oc-

1051 987 1229 1025 current
1264 984 1397 1034 mala,
1441 984 1522 1026 sed
1557 984 1602 1025 in
1639 985 1886 1026 tentatione

1050 1042 1174 1082 Deus
1192 1040 1317 1081 illum
1336 1040 1634 1091 conservabit,
1662 1045 1706 1082 et
1730 1041 1885 1082 libera—

1050 1097 1117 1139 bit
1136 1110 1162 1138 a
1180 1097 1318 1138 malis.
1345 1097 1531 1149 Sapiens
1551 1110 1640 1138 non
1658 1097 1754 1139 odit
1767 1110 1885 1138 man-

1052 1153 1157 1195 data
1182 1158 1227 1195 et
1249 1153 1455 1205 justitiaS,
1491 1158 1535 1195 et
1564 1166 1657 1195 non
1690 1153 1887 1195 illidetur

1052 1209 1179 1262 quasi
1196 1210 1242 1250 in
1258 1209 1455 1262 procella
1469 1210 1605 1251 navis.
1626 1210 1775 1251 Homo
1792 1223 1886 1252 sen-

1052 1268 1175 1307 satus
1200 1265 1342 1308 credit
1364 1266 1452 1317 legi
1470 1267 1572 1317 Dei,
1601 1271 1645 1308 et
1666 1266 1740 1308 lex
1758 1266 1822 1308 illi
1840 1267 1887 1307 fi-

1052 1322 1175 1364 delis.

1103 1386 1152 1437 R
1191 1383 1344 1424 Justus
1386 1383 1650 1448 germinabit
1690 1384 1805 1425 sicut
1839 1384 1886 1425 li-

1051 1439 1178 1490 lium,
1213 1443 1234 1466 *
1275 1439 1335 1480 Et
1377 1439 1554 1481 florebit
1590 1439 1635 1480 in
1672 1442 1887 1481 aeternum

1051 1500 1154 1537 ante
1187 1495 1438 1536 Dominum.
1491 1494 1540 1544 Y
1574 1495 1805 1538 Plantatus
1841 1497 1886 1537 in

1052 1551 1187 1593 domo
1205 1552 1428 1602 Demini,
1417 1566 1462 1592 m
1481 1552 1604 1594 atriis
1625 1552 1784 1594 domus
1800 1554 1887 1595 Dei

1050 1608 1203 1650 nostri.
1235 1608 1293 1650 Et
1317 1608 1504 1650 florebit.

1154 1688 1306 1729 Lectio
1328 1689 1382 1729 iii.
1532 1688 1632 1739 Cap.
1653 1691 1718 1728 34.
1740 1690 1777 1730 b.

1050 1755 1278 1862 Spiritus
1297 1758 1547 1800 timentium
1566 1760 1711 1801 Deum
1731 1761 1886 1812 quaeri-

1137 1820 1224 1864 tur,
1252 1820 1295 1856 et
1320 1815 1365 1855 in
1389 1817 1596 1868 respectu
1620 1816 1736 1857 illius
1755 1816 1885 1858 bene—

1051 1870 1234 1912 dicetur.
1266 1871 1378 1923 Spes
1405 1872 1520 1912 enim
1539 1871 1717 1913 illorum
1738 1872 1783 1913 in
1803 1873 1884 1914 sal-

1049 1929 1227 1969 vantem
1252 1927 1371 1977 illos,
1400 1932 1444 1968 et
1469 1928 1586 1969 oculi
1610 1928 1696 1970 Dei
1722 1928 1766 1968 in
1792 1928 1885 1971 dili-

1049 1985 1203 2034 gentes
1240 1996 1299 2025 se.
1355 1983 1440 2033 Qui
1476 1984 1602 2025 timet
1633 1984 1885 2035 Dominum,

1048 2039 1158 2080 nihil
1188 2038 1449 2091 trepidabit,
1489 2044 1533 2081 et
1567 2052 1656 2081 non
1687 2041 1885 2093 pavebit:

1050 2095 1259 2147 queniam
1273 2096 1370 2147 ipse
1385 2100 1453 2136 est
1468 2109 1571 2148 spes
1587 2097 1688 2148 ejus.
1710 2097 1884 2139 Timen—

1049 2151 1107 2192 tis
1122 2151 1362 2192 Dominum
1381 2151 1514 2193 beata
1533 2157 1601 2194 est
1618 2153 1763 2194 anima
1782 2155 1884 2205 ejus.

1049 2207 1122 2248 Ad
1143 2220 1274 2259 quem
1293 2207 1495 2259 respicit,
1523 2213 1567 2249 et
1591 2209 1689 2261 quis
1714 2214 1782 2251 est
1800 2210 1884 2251 for-

1050 2263 1196 2304 titudo
1229 2261 1342 2315 eius?
1385 2263 1514 2304 Oculi
1540 2265 1720 2306 Demini
1751 2279 1885 2319 super

1039 2319 1254 2360 vtimentes
1274 2332 1389 2369 eum,
1416 2322 1650 2372 protector
1662 2323 1885 2374 potentiae,

1048 2375 1372 2416 firmamentum
1389 2376 1582 2427 virtutis,
1606 2378 1798 2429 tegimen
1820 2391 1884 2419 ar-

1050 2430 1189 2481 doris,
1227 2436 1270 2472 et
1302 2431 1609 2474 umbraculum
1640 2433 1883 2485 meridiani,

1050 2462 1304 2538 deprecatio
1334 2487 1609 2539 offensienis,
1642 2494 1686 2531 et
1718 2489 1883 2542 adjuto-

1049 2542 1163 2583 rium
1195 2555 1340 2594 casus,
1375 2544 1573 2586 exaltans
1602 2545 1806 2596 animam,
1840 2550 1884 2587 et

1049 2598 1299 2640 iHuminans
1319 2600 1482 2651 oculos,
1506 2601 1616 2642 dans
1636 2601 1881 2650 sanitatem,

1050 2659 1093 2695 et
1113 2655 1259 2705 vitam,
1279 2660 1323 2697 et
1341 2656 1709 2698 benedictienem.

1102 2712 1151 2763 Rg.
1178 2717 1269 2758 Iste
1288 2717 1506 2768 cognevit·
1527 2717 1614 2768 [70]
