<?xml version="1.0" encoding="UTF-8"?>
<!DOCTYPE html PUBLIC "-//W3C//DTD XHTML 1.0 Transitional//EN"
    "http://www.w3.org/TR/xhtml1/DTD/xhtml1-transitional.dtd">
<html xmlns="http://www.w3.org/1999/xhtml" xml:lang="en" lang="en">
 <head>
  <title>
</title>
<meta http-equiv="Content-Type" content="text/html;charset=utf-8" />
  <meta name='ocr-system' content='tesseract 3.04.00' />
  <meta name='ocr-capabilities' content='ocr_page ocr_carea ocr_par ocr_line ocrx_word'/>
</head>
<body>
  <div class='ocr_page' id='page_1' title='image "./p3breviariumroma00cathuoft_0456.png"; bbox 0 0 2040 2976; ppageno 0'>
   <div class='ocr_carea' id='block_1_1' title="bbox 640 208 1440 244">
    <p class='ocr_par' dir='ltr' id='par_1_1' title="bbox 640 208 1440 244">
     <span class='ocr_line' id='line_1_1' title="bbox 640 208 1440 244; baseline 0.003 -3"><span class='ocrx_word' id='word_1_1' title='bbox 640 208 711 242; x_wconf 85' lang='lat' dir='ltr'>Dic</span> <span class='ocrx_word' id='word_1_2' title='bbox 739 209 787 242; x_wconf 84' lang='lat'>17.</span> <span class='ocrx_word' id='word_1_3' title='bbox 812 209 917 242; x_wconf 84' lang='lat' dir='ltr'>Julii.</span> <span class='ocrx_word' id='word_1_4' title='bbox 965 210 999 243; x_wconf 84' lang='lat' dir='ltr'>S.</span> <span class='ocrx_word' id='word_1_5' title='bbox 1026 210 1155 243; x_wconf 75' lang='lat' dir='ltr'>Alcxii</span> <span class='ocrx_word' id='word_1_6' title='bbox 1182 210 1440 244; x_wconf 79' lang='lat' dir='ltr'>Confessoris.</span> 
     </span>
    </p>
   </div>
   <div class='ocr_carea' id='block_1_2' title="bbox 181 269 1907 290">
    <p class='ocr_par' dir='ltr' id='par_1_2' title="bbox 181 269 1907 290">
     <span class='ocr_line' id='line_1_2' title="bbox 181 269 1907 290; baseline 0 2686"><span class='ocrx_word' id='word_1_7' title='bbox 181 269 1907 290; x_wconf 95' lang='lat' dir='ltr'> </span> 
     </span>
    </p>
   </div>
   <div class='ocr_carea' id='block_1_3' title="bbox 452 313 750 355">
    <p class='ocr_par' dir='ltr' id='par_1_3' title="bbox 452 313 750 355">
     <span class='ocr_line' id='line_1_3' title="bbox 452 313 750 355; baseline -0.007 0"><span class='ocrx_word' id='word_1_8' title='bbox 452 314 535 355; x_wconf 92' lang='lat' dir='ltr'>Die</span> <span class='ocrx_word' id='word_1_9' title='bbox 560 314 618 354; x_wconf 92' lang='lat'>17.</span> <span class='ocrx_word' id='word_1_10' title='bbox 637 314 662 354; x_wconf 89' lang='lat' dir='ltr'>J</span> <span class='ocrx_word' id='word_1_11' title='bbox 665 313 750 354; x_wconf 89' lang='lat' dir='ltr'>ulii.</span> 
     </span>
    </p>
   </div>
   <div class='ocr_carea' id='block_1_4' title="bbox 180 373 1017 867">
    <p class='ocr_par' dir='ltr' id='par_1_4' title="bbox 321 373 874 477">
     <span class='ocr_line' id='line_1_4' title="bbox 321 373 874 414; baseline -0.002 0"><span class='ocrx_word' id='word_1_12' title='bbox 321 374 363 414; x_wconf 81' lang='lat' dir='ltr'>S.</span> <span class='ocrx_word' id='word_1_13' title='bbox 390 373 559 414; x_wconf 84' lang='lat' dir='ltr'>Alexii</span> <span class='ocrx_word' id='word_1_14' title='bbox 586 373 874 414; x_wconf 88' lang='lat' dir='ltr'>Confessoris.</span> 
     </span>
     <span class='ocr_line' id='line_1_5' title="bbox 466 433 727 477; baseline 0.004 -10"><span class='ocrx_word' id='word_1_15' title='bbox 466 433 727 477; x_wconf 76' lang='lat' dir='ltr'>Semiduplex.</span> 
     </span>
    </p>

    <p class='ocr_par' dir='ltr' id='par_1_5' title="bbox 182 488 1013 580">
     <span class='ocr_line' id='line_1_6' title="bbox 235 488 1013 525; baseline 0.004 -5"><span class='ocrx_word' id='word_1_16' title='bbox 235 488 372 521; x_wconf 84' lang='lat' dir='ltr'>Omnia</span> <span class='ocrx_word' id='word_1_17' title='bbox 408 489 454 522; x_wconf 85' lang='lat' dir='ltr'>de</span> <span class='ocrx_word' id='word_1_18' title='bbox 484 490 629 524; x_wconf 87' lang='lat' dir='ltr'>Comm.</span> <span class='ocrx_word' id='word_1_19' title='bbox 660 490 769 525; x_wconf 85' lang='lat' dir='ltr'>Conf.</span> <span class='ocrx_word' id='word_1_20' title='bbox 797 500 875 524; x_wconf 90' lang='lat' dir='ltr'>non</span> <span class='ocrx_word' id='word_1_21' title='bbox 904 490 1013 523; x_wconf 83' lang='lat' dir='ltr'>Pont.</span> 
     </span>
     <span class='ocr_line' id='line_1_7' title="bbox 182 536 546 580; baseline 0 -9"><span class='ocrx_word' id='word_1_22' title='bbox 182 536 251 579; x_wconf 83' lang='lat'><strong>[67]</strong></span> <span class='ocrx_word' id='word_1_23' title='bbox 275 542 416 579; x_wconf 79' lang='lat' dir='ltr'>praetcr</span> <span class='ocrx_word' id='word_1_24' title='bbox 440 548 546 580; x_wconf 85' lang='lat' dir='ltr'>sequ.</span> 
     </span>
    </p>

    <p class='ocr_par' dir='ltr' id='par_1_6' title="bbox 182 585 1017 753">
     <span class='ocr_line' id='line_1_8' title="bbox 235 585 1016 638; baseline -0.004 -10"><span class='ocrx_word' id='word_1_25' title='bbox 235 590 334 628; x_wconf 84' lang='lat' dir='ltr'>Ant.</span> <span class='ocrx_word' id='word_1_26' title='bbox 359 586 569 628; x_wconf 80' lang='lat' dir='ltr'>Similabo</span> <span class='ocrx_word' id='word_1_27' title='bbox 587 599 687 627; x_wconf 93' lang='lat' dir='ltr'>eum</span> <span class='ocrx_word' id='word_1_28' title='bbox 702 586 797 627; x_wconf 90' lang='lat' dir='ltr'>viro</span> <span class='ocrx_word' id='word_1_29' title='bbox 816 585 1016 638; x_wconf 89' lang='lat' dir='ltr'>sapienti,</span> 
     </span>
     <span class='ocr_line' id='line_1_9' title="bbox 183 643 1017 696; baseline -0.004 -11"><span class='ocrx_word' id='word_1_30' title='bbox 183 645 258 696; x_wconf 92' lang='lat' dir='ltr'>qui</span> <span class='ocrx_word' id='word_1_31' title='bbox 277 643 515 685; x_wconf 80' lang='lat' dir='ltr'>aedificavit</span> <span class='ocrx_word' id='word_1_32' title='bbox 535 643 716 685; x_wconf 93' lang='lat' dir='ltr'>domum</span> <span class='ocrx_word' id='word_1_33' title='bbox 737 656 861 684; x_wconf 87' lang='lat' dir='ltr'>suam</span> <span class='ocrx_word' id='word_1_34' title='bbox 882 654 1017 694; x_wconf 86' lang='lat' dir='ltr'>supra</span> 
     </span>
     <span class='ocr_line' id='line_1_10' title="bbox 182 706 366 753; baseline -0.016 -10"><span class='ocrx_word' id='word_1_35' title='bbox 182 706 366 753; x_wconf 92' lang='lat' dir='ltr'>petram.</span> 
     </span>
    </p>

    <p class='ocr_par' dir='ltr' id='par_1_7' title="bbox 180 756 1015 867">
     <span class='ocr_line' id='line_1_11' title="bbox 232 756 1015 806; baseline -0.004 -8"><span class='ocrx_word' id='word_1_36' title='bbox 232 756 282 806; x_wconf 60' lang='lat' dir='ltr'>Y.</span> <span class='ocrx_word' id='word_1_37' title='bbox 308 757 488 798; x_wconf 79' lang='lat' dir='ltr'>Amavit</span> <span class='ocrx_word' id='word_1_38' title='bbox 512 769 611 798; x_wconf 91' lang='lat' dir='ltr'>eum</span> <span class='ocrx_word' id='word_1_39' title='bbox 631 756 858 805; x_wconf 90' lang='lat' dir='ltr'>Dominus,</span> <span class='ocrx_word' id='word_1_40' title='bbox 883 759 927 796; x_wconf 91' lang='lat' dir='ltr'>et</span> <span class='ocrx_word' id='word_1_41' title='bbox 948 767 1015 796; x_wconf 93' lang='lat' dir='ltr'>or-</span> 
     </span>
     <span class='ocr_line' id='line_1_12' title="bbox 180 812 1015 867; baseline -0.004 -13"><span class='ocrx_word' id='word_1_42' title='bbox 180 813 301 855; x_wconf 77' lang='lat' dir='ltr'>navit</span> <span class='ocrx_word' id='word_1_43' title='bbox 328 826 439 855; x_wconf 91' lang='lat' dir='ltr'>eum.</span> <span class='ocrx_word' id='word_1_44' title='bbox 499 817 547 867; x_wconf 69' lang='lat' dir='ltr'>R.</span> <span class='ocrx_word' id='word_1_45' title='bbox 577 812 744 854; x_wconf 90' lang='lat' dir='ltr'>Stolam</span> <span class='ocrx_word' id='word_1_46' title='bbox 772 812 926 863; x_wconf 80' lang='lat' dir='ltr'>gloriae</span> <span class='ocrx_word' id='word_1_47' title='bbox 955 813 1015 851; x_wconf 85' lang='lat' dir='ltr'>in-</span> 
     </span>
    </p>
   </div>
   <div class='ocr_carea' id='block_1_5' title="bbox 182 870 692 959">
    <p class='ocr_par' dir='ltr' id='par_1_8' title="bbox 182 870 692 959">
     <span class='ocr_line' id='line_1_13' title="bbox 182 870 414 912; baseline -0.009 0"><span class='ocrx_word' id='word_1_48' title='bbox 182 870 277 912; x_wconf 88' lang='lat' dir='ltr'>duit</span> <span class='ocrx_word' id='word_1_49' title='bbox 303 883 414 912; x_wconf 91' lang='lat' dir='ltr'>eum.</span> 
     </span>
     <span class='ocr_line' id='line_1_14' title="bbox 530 920 692 959; baseline 0 0"><span class='ocrx_word' id='word_1_50' title='bbox 530 920 692 959; x_wconf 80' lang='lat' dir='ltr'>Oratio.</span> 
     </span>
    </p>
   </div>
   <div class='ocr_carea' id='block_1_6' title="bbox 179 971 1023 2781">
    <p class='ocr_par' dir='ltr' id='par_1_9' title="bbox 179 971 1023 2777">
     <span class='ocr_line' id='line_1_15' title="bbox 273 971 1015 1026; baseline -0.007 -10"><span class='ocrx_word' id='word_1_51' title='bbox 273 988 361 1024; x_wconf 90' lang='lat' dir='ltr'>eus,</span> <span class='ocrx_word' id='word_1_52' title='bbox 388 975 463 1026; x_wconf 87' lang='lat' dir='ltr'>qui</span> <span class='ocrx_word' id='word_1_53' title='bbox 487 987 569 1015; x_wconf 91' lang='lat' dir='ltr'>nos</span> <span class='ocrx_word' id='word_1_54' title='bbox 590 973 710 1015; x_wconf 79' lang='lat' dir='ltr'>beati</span> <span class='ocrx_word' id='word_1_55' title='bbox 734 971 879 1012; x_wconf 80' lang='lat' dir='ltr'>Alexii</span> <span class='ocrx_word' id='word_1_56' title='bbox 903 971 1015 1012; x_wconf 92' lang='lat' dir='ltr'>Con-</span> 
     </span>
     <span class='ocr_line' id='line_1_16' title="bbox 292 1028 1016 1074; baseline -0.007 -1"><span class='ocrx_word' id='word_1_57' title='bbox 292 1031 472 1074; x_wconf 90' lang='lat' dir='ltr'>fessoris</span> <span class='ocrx_word' id='word_1_58' title='bbox 492 1031 556 1072; x_wconf 89' lang='lat' dir='ltr'>tui</span> <span class='ocrx_word' id='word_1_59' title='bbox 577 1032 719 1070; x_wconf 79' lang='lat' dir='ltr'>annua</span> <span class='ocrx_word' id='word_1_60' title='bbox 735 1028 1016 1070; x_wconf 80' lang='lat' dir='ltr'>solemnitate</span> 
     </span>
     <span class='ocr_line' id='line_1_17' title="bbox 179 1085 1016 1139; baseline -0.008 -7"><span class='ocrx_word' id='word_1_61' title='bbox 179 1090 395 1132; x_wconf 78' lang='lat' dir='ltr'>laetificas:</span> <span class='ocrx_word' id='word_1_62' title='bbox 412 1086 607 1129; x_wconf 92' lang='lat' dir='ltr'>concede</span> <span class='ocrx_word' id='word_1_63' title='bbox 622 1085 858 1139; x_wconf 82' lang='lat' dir='ltr'>propitius3</span> <span class='ocrx_word' id='word_1_64' title='bbox 877 1089 926 1126; x_wconf 90' lang='lat' dir='ltr'>ut</span> <span class='ocrx_word' id='word_1_65' title='bbox 945 1097 1016 1126; x_wconf 94' lang='lat' dir='ltr'>cu-</span> 
     </span>
     <span class='ocr_line' id='line_1_18' title="bbox 180 1141 1015 1198; baseline -0.007 -11"><span class='ocrx_word' id='word_1_66' title='bbox 180 1148 245 1198; x_wconf 93' lang='lat' dir='ltr'>jus</span> <span class='ocrx_word' id='word_1_67' title='bbox 271 1145 468 1187; x_wconf 83' lang='lat' dir='ltr'>natalitia</span> <span class='ocrx_word' id='word_1_68' title='bbox 497 1143 693 1192; x_wconf 87' lang='lat' dir='ltr'>colimus,</span> <span class='ocrx_word' id='word_1_69' title='bbox 722 1142 854 1184; x_wconf 88' lang='lat' dir='ltr'>etiam</span> <span class='ocrx_word' id='word_1_70' title='bbox 882 1141 1015 1182; x_wconf 89' lang='lat' dir='ltr'>actio-</span> 
     </span>
     <span class='ocr_line' id='line_1_19' title="bbox 179 1199 900 1244; baseline -0.006 -1"><span class='ocrx_word' id='word_1_71' title='bbox 179 1215 258 1244; x_wconf 86' lang='lat' dir='ltr'>nes</span> <span class='ocrx_word' id='word_1_72' title='bbox 278 1202 507 1243; x_wconf 88' lang='lat' dir='ltr'>imitemur.</span> <span class='ocrx_word' id='word_1_73' title='bbox 543 1200 629 1241; x_wconf 92' lang='lat' dir='ltr'>Per</span> <span class='ocrx_word' id='word_1_74' title='bbox 649 1199 900 1240; x_wconf 90' lang='lat' dir='ltr'>Dominum.</span> 
     </span>
     <span class='ocr_line' id='line_1_20' title="bbox 234 1264 1017 1302; baseline -0.005 0"><span class='ocrx_word' id='word_1_75' title='bbox 234 1269 276 1302; x_wconf 85' lang='lat' dir='ltr'>In</span> <span class='ocrx_word' id='word_1_76' title='bbox 309 1268 334 1301; x_wconf 91' lang='grc' dir='ltr'>Ι.</span> <span class='ocrx_word' id='word_1_77' title='bbox 366 1268 566 1302; x_wconf 80' lang='lat' dir='ltr'>Nocturno</span> <span class='ocrx_word' id='word_1_78' title='bbox 599 1266 805 1301; x_wconf 78' lang='lat' dir='ltr'>Lectiones</span> <span class='ocrx_word' id='word_1_79' title='bbox 840 1266 886 1299; x_wconf 91' lang='lat' dir='ltr'>de</span> <span class='ocrx_word' id='word_1_80' title='bbox 919 1264 1017 1299; x_wconf 88' lang='lat' dir='ltr'>Scri-</span> 
     </span>
     <span class='ocr_line' id='line_1_21' title="bbox 180 1320 554 1360; baseline -0.003 -10"><span class='ocrx_word' id='word_1_81' title='bbox 180 1322 293 1360; x_wconf 75' lang='lat' dir='ltr'>ptura</span> <span class='ocrx_word' id='word_1_82' title='bbox 320 1320 554 1350; x_wconf 71' lang='lat' dir='ltr'>oecurrente.</span> 
     </span>
     <span class='ocr_line' id='line_1_22' title="bbox 418 1381 781 1421; baseline -0.006 0"><span class='ocrx_word' id='word_1_83' title='bbox 418 1383 466 1421; x_wconf 90' lang='lat' dir='ltr'>In</span> <span class='ocrx_word' id='word_1_84' title='bbox 485 1382 536 1420; x_wconf 89' lang='grc' dir='ltr'>ΙΙ.</span> <span class='ocrx_word' id='word_1_85' title='bbox 557 1381 781 1420; x_wconf 78' lang='lat' dir='ltr'>Nocturno.</span> 
     </span>
     <span class='ocr_line' id='line_1_23' title="bbox 488 1442 716 1483; baseline -0.01 0"><span class='ocrx_word' id='word_1_86' title='bbox 488 1443 523 1482; x_wconf 94' lang='lat' dir='ltr'>L</span> <span class='ocrx_word' id='word_1_87' title='bbox 528 1443 642 1483; x_wconf 81' lang='lat' dir='ltr'>ectio</span> <span class='ocrx_word' id='word_1_88' title='bbox 663 1442 716 1481; x_wconf 79' lang='lat' dir='ltr'>iv.</span> 
     </span>
     <span class='ocr_line' id='line_1_24' title="bbox 185 1492 1015 1555; baseline -0.006 -17"><span class='ocrx_word' id='word_1_89' title='bbox 185 1501 256 1555; x_wconf 51' lang='grc' dir='ltr'>ξφ,</span> <span class='ocrx_word' id='word_1_90' title='bbox 270 1501 319 1548; x_wconf 54' lang='lat'>²³1*</span> <span class='ocrx_word' id='word_1_91' title='bbox 335 1496 475 1537; x_wconf 85' lang='lat' dir='ltr'>lexius</span> <span class='ocrx_word' id='word_1_92' title='bbox 503 1495 805 1536; x_wconf 89' lang='lat' dir='ltr'>Romanorum</span> <span class='ocrx_word' id='word_1_93' title='bbox 837 1492 1015 1534; x_wconf 84' lang='lat' dir='ltr'>nobilis-</span> 
     </span>
     <span class='ocr_line' id='line_1_25' title="bbox 222 1546 1016 1613; baseline -0.003 -21"><span class='ocrx_word' id='word_1_94' title='bbox 222 1546 299 1613; x_wconf 46' lang='lat' dir='ltr'>[fg]</span> <span class='ocrx_word' id='word_1_95' title='bbox 351 1553 499 1602; x_wconf 86' lang='lat' dir='ltr'>simus,</span> <span class='ocrx_word' id='word_1_96' title='bbox 518 1556 703 1604; x_wconf 91' lang='lat' dir='ltr'>propter</span> <span class='ocrx_word' id='word_1_97' title='bbox 723 1550 929 1592; x_wconf 83' lang='lat' dir='ltr'>eximium</span> <span class='ocrx_word' id='word_1_98' title='bbox 948 1549 972 1590; x_wconf 87' lang='lat' dir='ltr'>J</span> <span class='ocrx_word' id='word_1_99' title='bbox 976 1561 1016 1590; x_wconf 92' lang='lat' dir='ltr'>e</span> 
     </span>
     <span class='ocr_line' id='line_1_26' title="bbox 208 1606 1018 1658; baseline -0.004 -9"><span class='ocrx_word' id='word_1_100' title='bbox 208 1606 314 1633; x_wconf 36' lang='lat' dir='ltr'>»st-2</span> <span class='ocrx_word' id='word_1_101' title='bbox 351 1622 402 1649; x_wconf 92' lang='lat' dir='ltr'>su</span> <span class='ocrx_word' id='word_1_102' title='bbox 441 1608 602 1649; x_wconf 87' lang='lat' dir='ltr'><strong>Christi</strong></span> <span class='ocrx_word' id='word_1_103' title='bbox 644 1609 840 1648; x_wconf 90' lang='lat' dir='ltr'>amorem</span> <span class='ocrx_word' id='word_1_104' title='bbox 875 1606 1018 1658; x_wconf 92' lang='lat' dir='ltr'>prima</span> 
     </span>
     <span class='ocr_line' id='line_1_27' title="bbox 182 1662 1016 1717; baseline -0.005 -11"><span class='ocrx_word' id='word_1_105' title='bbox 182 1670 312 1706; x_wconf 92' lang='lat' dir='ltr'>nocte</span> <span class='ocrx_word' id='word_1_106' title='bbox 328 1666 582 1717; x_wconf 84' lang='lat' dir='ltr'>nuptiarum</span> <span class='ocrx_word' id='word_1_107' title='bbox 597 1663 811 1716; x_wconf 81' lang='lat' dir='ltr'>peculiari</span> <span class='ocrx_word' id='word_1_108' title='bbox 825 1662 909 1704; x_wconf 93' lang='lat' dir='ltr'>Dei</span> <span class='ocrx_word' id='word_1_109' title='bbox 925 1664 1016 1703; x_wconf 91' lang='lat' dir='ltr'>mo-</span> 
     </span>
     <span class='ocr_line' id='line_1_28' title="bbox 181 1721 1017 1773; baseline -0.002 -10"><span class='ocrx_word' id='word_1_110' title='bbox 181 1722 275 1763; x_wconf 90' lang='lat' dir='ltr'>nitu</span> <span class='ocrx_word' id='word_1_111' title='bbox 294 1721 546 1773; x_wconf 85' lang='lat' dir='ltr'>relinquens</span> <span class='ocrx_word' id='word_1_112' title='bbox 565 1721 777 1762; x_wconf 81' lang='lat' dir='ltr'>intactam</span> <span class='ocrx_word' id='word_1_113' title='bbox 795 1732 1017 1772; x_wconf 86' lang='lat' dir='ltr'>sponsam,</span> 
     </span>
     <span class='ocr_line' id='line_1_29' title="bbox 181 1776 1018 1820; baseline -0.001 -2"><span class='ocrx_word' id='word_1_114' title='bbox 181 1778 415 1820; x_wconf 80' lang='lat' dir='ltr'>illustrium</span> <span class='ocrx_word' id='word_1_115' title='bbox 435 1776 556 1819; x_wconf 90' lang='lat' dir='ltr'>orbis</span> <span class='ocrx_word' id='word_1_116' title='bbox 577 1781 709 1818; x_wconf 89' lang='lat' dir='ltr'>terrae</span> <span class='ocrx_word' id='word_1_117' title='bbox 730 1777 1018 1818; x_wconf 80' lang='lat' dir='ltr'>ecclesiarum</span> 
     </span>
     <span class='ocr_line' id='line_1_30' title="bbox 182 1832 1018 1887; baseline -0.002 -11"><span class='ocrx_word' id='word_1_118' title='bbox 182 1833 583 1887; x_wconf 88' lang='lat' dir='ltr'>peregrinationem</span> <span class='ocrx_word' id='word_1_119' title='bbox 604 1833 813 1885; x_wconf 88' lang='lat' dir='ltr'>suscepit.</span> <span class='ocrx_word' id='word_1_120' title='bbox 848 1832 1018 1883; x_wconf 90' lang='lat' dir='ltr'>Quibus</span> 
     </span>
     <span class='ocr_line' id='line_1_31' title="bbox 182 1890 1016 1942; baseline -0.002 -10"><span class='ocrx_word' id='word_1_121' title='bbox 182 1892 226 1932; x_wconf 86' lang='lat' dir='ltr'>in</span> <span class='ocrx_word' id='word_1_122' title='bbox 250 1890 479 1933; x_wconf 89' lang='lat' dir='ltr'>itineribus</span> <span class='ocrx_word' id='word_1_123' title='bbox 503 1903 603 1931; x_wconf 92' lang='lat' dir='ltr'>cum</span> <span class='ocrx_word' id='word_1_124' title='bbox 627 1890 804 1940; x_wconf 90' lang='lat' dir='ltr'>ignotus</span> <span class='ocrx_word' id='word_1_125' title='bbox 829 1891 1016 1942; x_wconf 90' lang='lat' dir='ltr'>septem-</span> 
     </span>
     <span class='ocr_line' id='line_1_32' title="bbox 183 1945 1017 1997; baseline -0.002 -9"><span class='ocrx_word' id='word_1_126' title='bbox 183 1947 327 1989; x_wconf 85' lang='lat' dir='ltr'>decim</span> <span class='ocrx_word' id='word_1_127' title='bbox 373 1959 513 1988; x_wconf 86' lang='lat' dir='ltr'>annos</span> <span class='ocrx_word' id='word_1_128' title='bbox 560 1946 732 1994; x_wconf 83' lang='lat' dir='ltr'>fuisset,</span> <span class='ocrx_word' id='word_1_129' title='bbox 778 1945 1017 1997; x_wconf 80' lang='lat' dir='ltr'>aliquando</span> 
     </span>
     <span class='ocr_line' id='line_1_33' title="bbox 183 2002 1019 2057; baseline -0.004 -12"><span class='ocrx_word' id='word_1_130' title='bbox 183 2003 302 2057; x_wconf 89' lang='lat' dir='ltr'>apud</span> <span class='ocrx_word' id='word_1_131' title='bbox 322 2003 554 2052; x_wconf 89' lang='lat' dir='ltr'>Edessam,</span> <span class='ocrx_word' id='word_1_132' title='bbox 579 2003 718 2055; x_wconf 71' lang='lat' dir='ltr'>Syriae</span> <span class='ocrx_word' id='word_1_133' title='bbox 744 2002 914 2052; x_wconf 92' lang='lat' dir='ltr'>urbem,</span> <span class='ocrx_word' id='word_1_134' title='bbox 939 2014 1019 2054; x_wconf 91' lang='lat' dir='ltr'>per</span> 
     </span>
     <span class='ocr_line' id='line_1_34' title="bbox 182 2058 1018 2111; baseline -0.002 -10"><span class='ocrx_word' id='word_1_135' title='bbox 182 2060 420 2111; x_wconf 80' lang='lat' dir='ltr'>imaginem</span> <span class='ocrx_word' id='word_1_136' title='bbox 439 2059 728 2101; x_wconf 79' lang='lat' dir='ltr'>sanctissimae</span> <span class='ocrx_word' id='word_1_137' title='bbox 749 2059 901 2100; x_wconf 83' lang='lat' dir='ltr'>Mariae</span> <span class='ocrx_word' id='word_1_138' title='bbox 920 2058 1018 2099; x_wconf 85' lang='lat' dir='ltr'>Vir-</span> 
     </span>
     <span class='ocr_line' id='line_1_35' title="bbox 183 2115 1019 2168; baseline -0.001 -10"><span class='ocrx_word' id='word_1_139' title='bbox 183 2117 307 2168; x_wconf 88' lang='lat' dir='ltr'>ginis,</span> <span class='ocrx_word' id='word_1_140' title='bbox 332 2117 424 2168; x_wconf 90' lang='lat' dir='ltr'>ejus</span> <span class='ocrx_word' id='word_1_141' title='bbox 447 2116 624 2157; x_wconf 91' lang='lat' dir='ltr'>nomine</span> <span class='ocrx_word' id='word_1_142' title='bbox 651 2115 891 2166; x_wconf 84' lang='lat' dir='ltr'>divulgato,</span> <span class='ocrx_word' id='word_1_143' title='bbox 916 2115 1019 2157; x_wconf 91' lang='lat' dir='ltr'>inde</span> 
     </span>
     <span class='ocr_line' id='line_1_36' title="bbox 183 2172 1017 2225; baseline -0.001 -11"><span class='ocrx_word' id='word_1_144' title='bbox 183 2173 285 2214; x_wconf 89' lang='lat' dir='ltr'>navi</span> <span class='ocrx_word' id='word_1_145' title='bbox 310 2172 526 2214; x_wconf 87' lang='lat' dir='ltr'>discessit.</span> <span class='ocrx_word' id='word_1_146' title='bbox 565 2172 638 2213; x_wconf 93' lang='lat' dir='ltr'>Ad</span> <span class='ocrx_word' id='word_1_147' title='bbox 657 2177 837 2225; x_wconf 90' lang='lat' dir='ltr'>portum</span> <span class='ocrx_word' id='word_1_148' title='bbox 856 2172 1017 2213; x_wconf 83' lang='lat' dir='ltr'>Roma-</span> 
     </span>
     <span class='ocr_line' id='line_1_37' title="bbox 184 2229 1018 2283; baseline -0.001 -12"><span class='ocrx_word' id='word_1_149' title='bbox 184 2243 288 2271; x_wconf 92' lang='lat' dir='ltr'>num</span> <span class='ocrx_word' id='word_1_150' title='bbox 319 2229 549 2283; x_wconf 83' lang='lat' dir='ltr'>appulsus,</span> <span class='ocrx_word' id='word_1_151' title='bbox 582 2241 607 2269; x_wconf 91' lang='lat' dir='ltr'>a</span> <span class='ocrx_word' id='word_1_152' title='bbox 638 2233 765 2281; x_wconf 88' lang='lat' dir='ltr'>patre</span> <span class='ocrx_word' id='word_1_153' title='bbox 798 2241 879 2270; x_wconf 93' lang='lat' dir='ltr'>suo</span> <span class='ocrx_word' id='word_1_154' title='bbox 912 2234 1018 2270; x_wconf 90' lang='lat' dir='ltr'>tam-</span> 
     </span>
     <span class='ocr_line' id='line_1_38' title="bbox 186 2284 1019 2339; baseline -0.002 -12"><span class='ocrx_word' id='word_1_155' title='bbox 186 2298 319 2339; x_wconf 86' lang='lat' dir='ltr'><strong>quam</strong></span> <span class='ocrx_word' id='word_1_156' title='bbox 334 2284 501 2326; x_wconf 88' lang='lat' dir='ltr'>alienus</span> <span class='ocrx_word' id='word_1_157' title='bbox 515 2297 685 2337; x_wconf 84' lang='lat' dir='ltr'>pauper</span> <span class='ocrx_word' id='word_1_158' title='bbox 698 2284 893 2337; x_wconf 84' lang='lat' dir='ltr'>hospitio</span> <span class='ocrx_word' id='word_1_159' title='bbox 909 2286 1019 2326; x_wconf 84' lang='lat' dir='ltr'>acci-</span> 
     </span>
     <span class='ocr_line' id='line_1_39' title="bbox 185 2341 1019 2396; baseline -0.002 -13"><span class='ocrx_word' id='word_1_160' title='bbox 185 2343 318 2396; x_wconf 89' lang='lat' dir='ltr'>pitur:</span> <span class='ocrx_word' id='word_1_161' title='bbox 344 2341 464 2394; x_wconf 92' lang='lat' dir='ltr'>apud</span> <span class='ocrx_word' id='word_1_162' title='bbox 484 2353 629 2392; x_wconf 89' lang='lat' dir='ltr'>quem,</span> <span class='ocrx_word' id='word_1_163' title='bbox 650 2341 853 2382; x_wconf 89' lang='lat' dir='ltr'>omnibus</span> <span class='ocrx_word' id='word_1_164' title='bbox 873 2341 1019 2392; x_wconf 89' lang='lat' dir='ltr'>incog-</span> 
     </span>
     <span class='ocr_line' id='line_1_40' title="bbox 185 2397 1020 2449; baseline -0.002 -9"><span class='ocrx_word' id='word_1_165' title='bbox 185 2399 314 2448; x_wconf 91' lang='lat' dir='ltr'>nitus,</span> <span class='ocrx_word' id='word_1_166' title='bbox 334 2410 435 2438; x_wconf 90' lang='lat' dir='ltr'>cum</span> <span class='ocrx_word' id='word_1_167' title='bbox 455 2397 609 2438; x_wconf 92' lang='lat' dir='ltr'>decem</span> <span class='ocrx_word' id='word_1_168' title='bbox 629 2402 672 2438; x_wconf 92' lang='lat' dir='ltr'>et</span> <span class='ocrx_word' id='word_1_169' title='bbox 691 2403 862 2449; x_wconf 83' lang='lat' dir='ltr'>septem</span> <span class='ocrx_word' id='word_1_170' title='bbox 881 2409 1020 2438; x_wconf 90' lang='lat' dir='ltr'>annos</span> 
     </span>
     <span class='ocr_line' id='line_1_41' title="bbox 186 2453 1019 2506; baseline -0.004 -10"><span class='ocrx_word' id='word_1_171' title='bbox 186 2455 384 2503; x_wconf 79' lang='lat' dir='ltr'>vixisset,</span> <span class='ocrx_word' id='word_1_172' title='bbox 413 2453 568 2495; x_wconf 83' lang='lat' dir='ltr'>relicto</span> <span class='ocrx_word' id='word_1_173' title='bbox 596 2453 763 2506; x_wconf 92' lang='lat' dir='ltr'>scripto</span> <span class='ocrx_word' id='word_1_174' title='bbox 790 2454 857 2494; x_wconf 91' lang='lat' dir='ltr'>sui</span> <span class='ocrx_word' id='word_1_175' title='bbox 885 2453 1019 2495; x_wconf 92' lang='lat' dir='ltr'>nomi-</span> 
     </span>
     <span class='ocr_line' id='line_1_42' title="bbox 186 2510 1020 2562; baseline -0.004 -10"><span class='ocrx_word' id='word_1_176' title='bbox 186 2511 269 2562; x_wconf 86' lang='lat' dir='ltr'>nis,</span> <span class='ocrx_word' id='word_1_177' title='bbox 296 2510 537 2561; x_wconf 86' lang='lat' dir='ltr'>sanguinis,</span> <span class='ocrx_word' id='word_1_178' title='bbox 563 2522 614 2550; x_wconf 90' lang='lat' dir='ltr'>ac</span> <span class='ocrx_word' id='word_1_179' title='bbox 639 2512 776 2551; x_wconf 85' lang='lat' dir='ltr'>totius</span> <span class='ocrx_word' id='word_1_180' title='bbox 797 2510 901 2551; x_wconf 85' lang='lat' dir='ltr'>vitae</span> <span class='ocrx_word' id='word_1_181' title='bbox 926 2522 1020 2550; x_wconf 91' lang='lat' dir='ltr'>cur-</span> 
     </span>
     <span class='ocr_line' id='line_1_43' title="bbox 188 2565 1021 2625; baseline -0.005 -16"><span class='ocrx_word' id='word_1_182' title='bbox 188 2574 273 2618; x_wconf 88' lang='lat' dir='ltr'>sus,</span> <span class='ocrx_word' id='word_1_183' title='bbox 291 2566 498 2618; x_wconf 86' lang='lat' dir='ltr'>migravit</span> <span class='ocrx_word' id='word_1_184' title='bbox 516 2566 559 2606; x_wconf 90' lang='lat' dir='ltr'>in</span> <span class='ocrx_word' id='word_1_185' title='bbox 576 2565 747 2614; x_wconf 90' lang='lat' dir='ltr'>coelum‚</span> <span class='ocrx_word' id='word_1_186' title='bbox 762 2565 1021 2625; x_wconf 80' lang='lat' dir='ltr'>Innocentio</span> 
     </span>
     <span class='ocr_line' id='line_1_44' title="bbox 187 2621 779 2677; baseline -0.005 -12"><span class='ocrx_word' id='word_1_187' title='bbox 187 2624 331 2677; x_wconf 86' lang='lat' dir='ltr'>primo</span> <span class='ocrx_word' id='word_1_188' title='bbox 352 2623 532 2664; x_wconf 91' lang='lat' dir='ltr'>Summo</span> <span class='ocrx_word' id='word_1_189' title='bbox 551 2621 779 2663; x_wconf 78' lang='lat' dir='ltr'>Pontifice.</span> 
     </span>
     <span class='ocr_line' id='line_1_45' title="bbox 242 2676 1022 2732; baseline -0.007 -11"><span class='ocrx_word' id='word_1_190' title='bbox 242 2682 291 2732; x_wconf 70' lang='lat' dir='ltr'>Rz.</span> <span class='ocrx_word' id='word_1_191' title='bbox 324 2680 572 2720; x_wconf 88' lang='lat' dir='ltr'>Honestum</span> <span class='ocrx_word' id='word_1_192' title='bbox 616 2678 718 2719; x_wconf 88' lang='lat' dir='ltr'>fecit</span> <span class='ocrx_word' id='word_1_193' title='bbox 757 2676 880 2718; x_wconf 92' lang='lat' dir='ltr'>illum</span> <span class='ocrx_word' id='word_1_194' title='bbox 916 2677 1022 2725; x_wconf 66' lang='lat' dir='ltr'>Dus,</span> 
     </span>
     <span class='ocr_line' id='line_1_46' title="bbox 190 2733 1023 2781; baseline -0.006 -4"><span class='ocrx_word' id='word_1_195' title='bbox 190 2741 234 2777; x_wconf 90' lang='lat' dir='ltr'>et</span> <span class='ocrx_word' id='word_1_196' title='bbox 253 2735 492 2777; x_wconf 84' lang='lat' dir='ltr'>custodivit</span> <span class='ocrx_word' id='word_1_197' title='bbox 512 2747 613 2775; x_wconf 91' lang='lat' dir='ltr'>eum</span> <span class='ocrx_word' id='word_1_198' title='bbox 632 2733 720 2774; x_wconf 91' lang='lat' dir='ltr'>ab</span> <span class='ocrx_word' id='word_1_199' title='bbox 709 2733 913 2781; x_wconf 86' lang='lat' dir='ltr'>mimicis,</span> <span class='ocrx_word' id='word_1_200' title='bbox 933 2737 977 2774; x_wconf 93' lang='lat' dir='ltr'>et</span> <span class='ocrx_word' id='word_1_201' title='bbox 997 2745 1023 2772; x_wconf 92' lang='lat' dir='ltr'>a</span> 
     </span>
    </p>
   </div>
   <div class='ocr_carea' id='block_1_7' title="bbox 179 1498 335 1640">
    <p class='ocr_par' dir='ltr' id='par_1_10' title="bbox 179 1498 335 1640">
     <span class='ocr_line' id='line_1_47' title="bbox 179 1498 335 1640; baseline 0 0"><span class='ocrx_word' id='word_1_202' title='bbox 179 1498 335 1640; x_wconf 95' lang='lat' dir='ltr'>  </span> 
     </span>
    </p>
   </div>
   <div class='ocr_carea' id='block_1_8' title="bbox 1069 307 1904 528">
    <p class='ocr_par' dir='ltr' id='par_1_11' title="bbox 1069 307 1904 528">
     <span class='ocr_line' id='line_1_48' title="bbox 1069 307 1903 350; baseline 0.002 -2"><span class='ocrx_word' id='word_1_203' title='bbox 1069 307 1377 349; x_wconf 82' lang='lat' dir='ltr'>seductoribus</span> <span class='ocrx_word' id='word_1_204' title='bbox 1391 308 1552 350; x_wconf 80' lang='lat' dir='ltr'>tutavit</span> <span class='ocrx_word' id='word_1_205' title='bbox 1565 308 1703 350; x_wconf 90' lang='lat' dir='ltr'>illum:</span> <span class='ocrx_word' id='word_1_206' title='bbox 1722 310 1745 333; x_wconf 82' lang='lat'>¹⁸¹</span> <span class='ocrx_word' id='word_1_207' title='bbox 1759 309 1817 350; x_wconf 91' lang='lat' dir='ltr'>Et</span> <span class='ocrx_word' id='word_1_208' title='bbox 1832 308 1903 350; x_wconf 89' lang='lat' dir='ltr'>de-</span> 
     </span>
     <span class='ocr_line' id='line_1_49' title="bbox 1069 362 1903 413; baseline 0.001 -9"><span class='ocrx_word' id='word_1_209' title='bbox 1069 363 1133 405; x_wconf 90' lang='lat' dir='ltr'>dit</span> <span class='ocrx_word' id='word_1_210' title='bbox 1151 363 1213 404; x_wconf 87' lang='lat' dir='ltr'>illi</span> <span class='ocrx_word' id='word_1_211' title='bbox 1233 363 1478 406; x_wconf 68' lang='lat' dir='ltr'>claritatem</span> <span class='ocrx_word' id='word_1_212' title='bbox 1498 366 1717 406; x_wconf 86' lang='lat' dir='ltr'>aetemam.</span> <span class='ocrx_word' id='word_1_213' title='bbox 1755 362 1806 413; x_wconf 64' lang='lat' dir='ltr'>V.</span> <span class='ocrx_word' id='word_1_214' title='bbox 1831 365 1856 405; x_wconf 91' lang='lat' dir='ltr'><strong>J</strong></span> <span class='ocrx_word' id='word_1_215' title='bbox 1858 376 1903 405; x_wconf 88' lang='lat' dir='ltr'>u·-</span> 
     </span>
     <span class='ocr_line' id='line_1_50' title="bbox 1069 419 1902 474; baseline 0.004 -14"><span class='ocrx_word' id='word_1_216' title='bbox 1069 425 1186 461; x_wconf 93' lang='lat' dir='ltr'>stum</span> <span class='ocrx_word' id='word_1_217' title='bbox 1223 419 1408 462; x_wconf 82' lang='lat' dir='ltr'>deduxit</span> <span class='ocrx_word' id='word_1_218' title='bbox 1442 421 1538 462; x_wconf 81' lang='lat' dir='ltr'>Dfis</span> <span class='ocrx_word' id='word_1_219' title='bbox 1579 434 1678 474; x_wconf 91' lang='lat' dir='ltr'>per.</span> <span class='ocrx_word' id='word_1_220' title='bbox 1701 422 1795 463; x_wconf 88' lang='lat' dir='ltr'>vias</span> <span class='ocrx_word' id='word_1_221' title='bbox 1838 434 1902 463; x_wconf 90' lang='lat' dir='ltr'>re-</span> 
     </span>
     <span class='ocr_line' id='line_1_51' title="bbox 1070 476 1904 528; baseline 0.001 -11"><span class='ocrx_word' id='word_1_222' title='bbox 1070 481 1175 525; x_wconf 85' lang='lat' dir='ltr'>ctas,</span> <span class='ocrx_word' id='word_1_223' title='bbox 1191 481 1235 518; x_wconf 92' lang='lat' dir='ltr'>et</span> <span class='ocrx_word' id='word_1_224' title='bbox 1246 476 1441 518; x_wconf 86' lang='lat' dir='ltr'>ostendit</span> <span class='ocrx_word' id='word_1_225' title='bbox 1454 477 1516 517; x_wconf 89' lang='lat' dir='ltr'>illi</span> <span class='ocrx_word' id='word_1_226' title='bbox 1530 486 1714 528; x_wconf 86' lang='lat' dir='ltr'>regnum</span> <span class='ocrx_word' id='word_1_227' title='bbox 1724 478 1819 519; x_wconf 92' lang='lat' dir='ltr'>Dei.</span> <span class='ocrx_word' id='word_1_228' title='bbox 1835 478 1904 519; x_wconf 85' lang='lat' dir='ltr'>Et.</span> 
     </span>
    </p>
   </div>
   <div class='ocr_carea' id='block_1_9' title="bbox 1071 550 1905 718">
    <p class='ocr_par' dir='ltr' id='par_1_12' title="bbox 1071 550 1905 718">
     <span class='ocr_line' id='line_1_52' title="bbox 1071 550 1905 649; baseline 0.001 -58"><span class='ocrx_word' id='word_1_229' title='bbox 1071 553 1136 591; x_wconf 84' lang='lat' dir='ltr'>Ex</span> <span class='ocrx_word' id='word_1_230' title='bbox 1155 550 1270 592; x_wconf 95' lang='lat' dir='ltr'>libro</span> <span class='ocrx_word' id='word_1_231' title='bbox 1290 551 1525 594; x_wconf 87' lang='lat' dir='ltr'>Moralium</span> <span class='ocrx_word' id='word_1_232' title='bbox 1544 553 1683 594; x_wconf 86' lang='lat' dir='ltr'>sancti</span> <span class='ocrx_word' id='word_1_233' title='bbox 1699 551 1905 649; x_wconf 82' lang='lat' dir='ltr'>Gregorii</span> 
     </span>
     <span class='ocr_line' id='line_1_53' title="bbox 1413 608 1561 662; baseline 0.007 -13"><span class='ocrx_word' id='word_1_234' title='bbox 1413 608 1561 662; x_wconf 88' lang='lat' dir='ltr'>Papae.</span> 
     </span>
     <span class='ocr_line' id='line_1_54' title="bbox 1145 664 1823 718; baseline 0.006 -12"><span class='ocrx_word' id='word_1_235' title='bbox 1145 673 1227 707; x_wconf 87' lang='lat' dir='ltr'>lib</span> <span class='ocrx_word' id='word_1_236' title='bbox 1248 674 1304 706; x_wconf 79' lang='lat'>10.</span> <span class='ocrx_word' id='word_1_237' title='bbox 1324 673 1416 717; x_wconf 85' lang='lat' dir='ltr'>Cap.</span> <span class='ocrx_word' id='word_1_238' title='bbox 1440 675 1487 708; x_wconf 79' lang='grc'>16.</span> <span class='ocrx_word' id='word_1_239' title='bbox 1507 675 1546 708; x_wconf 91' lang='lat' dir='ltr'>in</span> <span class='ocrx_word' id='word_1_240' title='bbox 1564 664 1646 718; x_wconf 84' lang='lat' dir='ltr'>cap</span> <span class='ocrx_word' id='word_1_241' title='bbox 1667 675 1717 709; x_wconf 85' lang='lat'>12.</span> <span class='ocrx_word' id='word_1_242' title='bbox 1735 674 1823 710; x_wconf 84' lang='lat' dir='ltr'>Job.</span> 
     </span>
    </p>
   </div>
   <div class='ocr_carea' id='block_1_10' title="bbox 1382 735 1592 776">
    <p class='ocr_par' dir='ltr' id='par_1_13' title="bbox 1382 735 1592 776">
     <span class='ocr_line' id='line_1_55' title="bbox 1382 735 1592 776; baseline 0 -1"><span class='ocrx_word' id='word_1_243' title='bbox 1382 735 1535 776; x_wconf 78' lang='lat' dir='ltr'>Lectio</span> <span class='ocrx_word' id='word_1_244' title='bbox 1555 750 1592 775; x_wconf 82' lang='lat' dir='ltr'>v.</span> 
     </span>
    </p>
   </div>
   <div class='ocr_carea' id='block_1_11' title="bbox 1069 790 1908 2432">
    <p class='ocr_par' dir='ltr' id='par_1_14' title="bbox 1069 790 1906 1527">
     <span class='ocr_line' id='line_1_56' title="bbox 1071 790 1904 897; baseline -0.001 -60"><span class='ocrx_word' id='word_1_245' title='bbox 1071 790 1355 897; x_wconf 89' lang='lat' dir='ltr'>Deridetur</span> <span class='ocrx_word' id='word_1_246' title='bbox 1378 795 1479 847; x_wconf 88' lang='lat' dir='ltr'>justi</span> <span class='ocrx_word' id='word_1_247' title='bbox 1505 794 1776 848; x_wconf 84' lang='lat' dir='ltr'>simplicitas.</span> <span class='ocrx_word' id='word_1_248' title='bbox 1814 795 1904 836; x_wconf 92' lang='lat' dir='ltr'>Hu-</span> 
     </span>
     <span class='ocr_line' id='line_1_57' title="bbox 1183 851 1905 904; baseline -0.003 -10"><span class='ocrx_word' id='word_1_249' title='bbox 1183 853 1248 904; x_wconf 86' lang='lat' dir='ltr'>jus</span> <span class='ocrx_word' id='word_1_250' title='bbox 1280 851 1431 893; x_wconf 88' lang='lat' dir='ltr'>mundi</span> <span class='ocrx_word' id='word_1_251' title='bbox 1459 851 1676 904; x_wconf 79' lang='lat' dir='ltr'>sapientia</span> <span class='ocrx_word' id='word_1_252' title='bbox 1709 856 1794 902; x_wconf 88' lang='lat' dir='ltr'>est,</span> <span class='ocrx_word' id='word_1_253' title='bbox 1827 864 1905 893; x_wconf 93' lang='lat' dir='ltr'>cor</span> 
     </span>
     <span class='ocr_line' id='line_1_58' title="bbox 1069 907 1904 959; baseline -0.001 -8"><span class='ocrx_word' id='word_1_254' title='bbox 1069 907 1465 951; x_wconf 88' lang='lat' dir='ltr'>machinationibus</span> <span class='ocrx_word' id='word_1_255' title='bbox 1510 910 1681 959; x_wconf 88' lang='lat' dir='ltr'>tegere,</span> <span class='ocrx_word' id='word_1_256' title='bbox 1727 920 1904 950; x_wconf 89' lang='lat' dir='ltr'>sensum</span> 
     </span>
     <span class='ocr_line' id='line_1_59' title="bbox 1069 964 1906 1016; baseline -0.002 -9"><span class='ocrx_word' id='word_1_257' title='bbox 1069 965 1216 1008; x_wconf 92' lang='lat' dir='ltr'>verbis</span> <span class='ocrx_word' id='word_1_258' title='bbox 1235 965 1398 1015; x_wconf 75' lang='lat' dir='ltr'>velare3</span> <span class='ocrx_word' id='word_1_259' title='bbox 1420 977 1520 1016; x_wconf 83' lang='lat' dir='ltr'>quae</span> <span class='ocrx_word' id='word_1_260' title='bbox 1539 964 1650 1005; x_wconf 88' lang='lat' dir='ltr'>falsa</span> <span class='ocrx_word' id='word_1_261' title='bbox 1669 969 1780 1013; x_wconf 91' lang='lat' dir='ltr'>sunt,</span> <span class='ocrx_word' id='word_1_262' title='bbox 1800 976 1906 1005; x_wconf 90' lang='lat' dir='ltr'>vera</span> 
     </span>
     <span class='ocr_line' id='line_1_60' title="bbox 1071 1018 1903 1073; baseline -0.002 -9"><span class='ocrx_word' id='word_1_263' title='bbox 1071 1022 1323 1073; x_wconf 81' lang='lat' dir='ltr'>ostendere3</span> <span class='ocrx_word' id='word_1_264' title='bbox 1339 1035 1438 1073; x_wconf 89' lang='lat' dir='ltr'>quae</span> <span class='ocrx_word' id='word_1_265' title='bbox 1455 1034 1560 1063; x_wconf 83' lang='lat' dir='ltr'>vera</span> <span class='ocrx_word' id='word_1_266' title='bbox 1575 1025 1687 1068; x_wconf 92' lang='lat' dir='ltr'>sunt,</span> <span class='ocrx_word' id='word_1_267' title='bbox 1706 1020 1817 1063; x_wconf 88' lang='lat' dir='ltr'>falsa</span> <span class='ocrx_word' id='word_1_268' title='bbox 1831 1018 1903 1062; x_wconf 91' lang='lat' dir='ltr'>de-</span> 
     </span>
     <span class='ocr_line' id='line_1_61' title="bbox 1069 1078 1904 1131; baseline -0.001 -11"><span class='ocrx_word' id='word_1_269' title='bbox 1069 1081 1328 1121; x_wconf 82' lang='lat' dir='ltr'>monstrare.</span> <span class='ocrx_word' id='word_1_270' title='bbox 1360 1079 1472 1120; x_wconf 86' lang='lat' dir='ltr'>Haec</span> <span class='ocrx_word' id='word_1_271' title='bbox 1490 1078 1696 1119; x_wconf 85' lang='lat' dir='ltr'>nimirum</span> <span class='ocrx_word' id='word_1_272' title='bbox 1716 1078 1904 1131; x_wconf 91' lang='lat' dir='ltr'>pruden-</span> 
     </span>
     <span class='ocr_line' id='line_1_62' title="bbox 1069 1134 1905 1187; baseline -0.001 -10"><span class='ocrx_word' id='word_1_273' title='bbox 1069 1136 1131 1178; x_wconf 87' lang='lat' dir='ltr'>tia</span> <span class='ocrx_word' id='word_1_274' title='bbox 1154 1149 1238 1177; x_wconf 92' lang='lat' dir='ltr'>usu</span> <span class='ocrx_word' id='word_1_275' title='bbox 1264 1149 1290 1177; x_wconf 91' lang='lat' dir='ltr'>a</span> <span class='ocrx_word' id='word_1_276' title='bbox 1316 1134 1545 1187; x_wconf 88' lang='lat' dir='ltr'>juvenibus</span> <span class='ocrx_word' id='word_1_277' title='bbox 1573 1135 1726 1184; x_wconf 90' lang='lat' dir='ltr'>scitur,</span> <span class='ocrx_word' id='word_1_278' title='bbox 1753 1134 1851 1177; x_wconf 87' lang='lat' dir='ltr'>haec</span> <span class='ocrx_word' id='word_1_279' title='bbox 1879 1148 1905 1176; x_wconf 86' lang='lat' dir='ltr'>a</span> 
     </span>
     <span class='ocr_line' id='line_1_63' title="bbox 1070 1190 1905 1245; baseline -0.002 -11"><span class='ocrx_word' id='word_1_280' title='bbox 1070 1193 1221 1245; x_wconf 82' lang='lat' dir='ltr'>pueris</span> <span class='ocrx_word' id='word_1_281' title='bbox 1258 1191 1402 1245; x_wconf 88' lang='lat' dir='ltr'>pretio</span> <span class='ocrx_word' id='word_1_282' title='bbox 1441 1191 1643 1233; x_wconf 79' lang='lat' dir='ltr'>discitur:</span> <span class='ocrx_word' id='word_1_283' title='bbox 1678 1190 1793 1232; x_wconf 90' lang='lat' dir='ltr'>hanc</span> <span class='ocrx_word' id='word_1_284' title='bbox 1830 1191 1905 1243; x_wconf 92' lang='lat' dir='ltr'>qui</span> 
     </span>
     <span class='ocr_line' id='line_1_64' title="bbox 1071 1247 1903 1301; baseline -0.002 -10"><span class='ocrx_word' id='word_1_285' title='bbox 1071 1250 1225 1299; x_wconf 89' lang='lat' dir='ltr'>sciunt,</span> <span class='ocrx_word' id='word_1_286' title='bbox 1250 1250 1424 1291; x_wconf 89' lang='lat' dir='ltr'>ceteros</span> <span class='ocrx_word' id='word_1_287' title='bbox 1447 1247 1734 1301; x_wconf 90' lang='lat' dir='ltr'>despiciendo</span> <span class='ocrx_word' id='word_1_288' title='bbox 1754 1250 1903 1300; x_wconf 91' lang='lat' dir='ltr'>super-</span> 
     </span>
     <span class='ocr_line' id='line_1_65' title="bbox 1069 1304 1906 1357; baseline -0.002 -9"><span class='ocrx_word' id='word_1_289' title='bbox 1069 1306 1211 1348; x_wconf 90' lang='lat' dir='ltr'>biunt:</span> <span class='ocrx_word' id='word_1_290' title='bbox 1239 1304 1353 1346; x_wconf 92' lang='lat' dir='ltr'>hanc</span> <span class='ocrx_word' id='word_1_291' title='bbox 1380 1305 1455 1357; x_wconf 91' lang='lat' dir='ltr'>qui</span> <span class='ocrx_word' id='word_1_292' title='bbox 1478 1304 1694 1354; x_wconf 89' lang='lat' dir='ltr'>nesciunt,</span> <span class='ocrx_word' id='word_1_293' title='bbox 1720 1304 1906 1357; x_wconf 89' lang='lat' dir='ltr'>subjecti</span> 
     </span>
     <span class='ocr_line' id='line_1_66' title="bbox 1071 1360 1904 1415; baseline -0.001 -11"><span class='ocrx_word' id='word_1_294' title='bbox 1071 1367 1115 1404; x_wconf 89' lang='lat' dir='ltr'>et</span> <span class='ocrx_word' id='word_1_295' title='bbox 1133 1361 1276 1404; x_wconf 76' lang='lat' dir='ltr'>timidi</span> <span class='ocrx_word' id='word_1_296' title='bbox 1294 1361 1339 1403; x_wconf 90' lang='lat' dir='ltr'>in</span> <span class='ocrx_word' id='word_1_297' title='bbox 1359 1361 1455 1402; x_wconf 77' lang='lat' dir='ltr'>aliis</span> <span class='ocrx_word' id='word_1_298' title='bbox 1474 1361 1703 1404; x_wconf 79' lang='lat' dir='ltr'>mirantur:</span> <span class='ocrx_word' id='word_1_299' title='bbox 1728 1361 1830 1415; x_wconf 84' lang='lat' dir='ltr'>quia</span> <span class='ocrx_word' id='word_1_300' title='bbox 1849 1360 1904 1403; x_wconf 89' lang='lat' dir='ltr'>ab</span> 
     </span>
     <span class='ocr_line' id='line_1_67' title="bbox 1071 1417 1905 1470; baseline -0.001 -10"><span class='ocrx_word' id='word_1_301' title='bbox 1071 1419 1134 1460; x_wconf 90' lang='lat' dir='ltr'>eis</span> <span class='ocrx_word' id='word_1_302' title='bbox 1158 1419 1256 1460; x_wconf 89' lang='lat' dir='ltr'>haec</span> <span class='ocrx_word' id='word_1_303' title='bbox 1281 1417 1438 1459; x_wconf 89' lang='lat' dir='ltr'>eadem</span> <span class='ocrx_word' id='word_1_304' title='bbox 1463 1417 1733 1470; x_wconf 67' lang='lat' dir='ltr'>duplicitatis</span> <span class='ocrx_word' id='word_1_305' title='bbox 1751 1417 1905 1470; x_wconf 79' lang='lat' dir='ltr'>iniqui-</span> 
     </span>
     <span class='ocr_line' id='line_1_68' title="bbox 1070 1472 1905 1527; baseline -0.002 -10"><span class='ocrx_word' id='word_1_306' title='bbox 1070 1481 1139 1517; x_wconf 89' lang='lat' dir='ltr'>tas</span> <span class='ocrx_word' id='word_1_307' title='bbox 1158 1475 1335 1517; x_wconf 83' lang='lat' dir='ltr'>nomjne</span> <span class='ocrx_word' id='word_1_308' title='bbox 1359 1474 1541 1527; x_wconf 80' lang='lat' dir='ltr'>palliata</span> <span class='ocrx_word' id='word_1_309' title='bbox 1565 1472 1775 1525; x_wconf 84' lang='lat' dir='ltr'>diligitur,</span> <span class='ocrx_word' id='word_1_310' title='bbox 1800 1472 1905 1516; x_wconf 91' lang='lat' dir='ltr'>dum</span> 
     </span>
    </p>

    <p class='ocr_par' dir='ltr' id='par_1_15' title="bbox 1070 1530 1907 2137">
     <span class='ocr_line' id='line_1_69' title="bbox 1070 1530 1905 1584; baseline -0.001 -10.94"><span class='ocrx_word' id='word_1_311' title='bbox 1070 1532 1230 1574; x_wconf 90' lang='lat' dir='ltr'>mentis</span> <span class='ocrx_word' id='word_1_312' title='bbox 1250 1531 1519 1584; x_wconf 89' lang='lat' dir='ltr'>perversitas</span> <span class='ocrx_word' id='word_1_313' title='bbox 1533 1530 1760 1573; x_wconf 79' lang='lat' dir='ltr'>urbanitas</span> <span class='ocrx_word' id='word_1_314' title='bbox 1776 1532 1905 1572; x_wconf 77' lang='lat' dir='ltr'>voca-</span> 
     </span>
     <span class='ocr_line' id='line_1_70' title="bbox 1070 1587 1903 1641; baseline -0.001 -12"><span class='ocrx_word' id='word_1_315' title='bbox 1070 1594 1153 1630; x_wconf 91' lang='lat' dir='ltr'>tur.</span> <span class='ocrx_word' id='word_1_316' title='bbox 1189 1589 1301 1630; x_wconf 87' lang='lat' dir='ltr'>Haec</span> <span class='ocrx_word' id='word_1_317' title='bbox 1321 1587 1405 1629; x_wconf 91' lang='lat' dir='ltr'>sibi</span> <span class='ocrx_word' id='word_1_318' title='bbox 1425 1587 1774 1640; x_wconf 88' lang='lat' dir='ltr'>obsequentibus</span> <span class='ocrx_word' id='word_1_319' title='bbox 1793 1589 1903 1641; x_wconf 82' lang='lat' dir='ltr'>prae-</span> 
     </span>
     <span class='ocr_line' id='line_1_71' title="bbox 1072 1643 1905 1698; baseline -0.002 -11"><span class='ocrx_word' id='word_1_320' title='bbox 1072 1646 1179 1698; x_wconf 92' lang='lat' dir='ltr'>cipit</span> <span class='ocrx_word' id='word_1_321' title='bbox 1215 1644 1434 1686; x_wconf 92' lang='lat' dir='ltr'>honorum</span> <span class='ocrx_word' id='word_1_322' title='bbox 1471 1643 1662 1686; x_wconf 80' lang='lat' dir='ltr'>culmina</span> <span class='ocrx_word' id='word_1_323' title='bbox 1694 1646 1905 1696; x_wconf 82' lang='lat' dir='ltr'>quaerere,</span> 
     </span>
     <span class='ocr_line' id='line_1_72' title="bbox 1071 1700 1905 1755; baseline -0.002 -11"><span class='ocrx_word' id='word_1_324' title='bbox 1071 1702 1235 1755; x_wconf 86' lang='lat' dir='ltr'>adepta</span> <span class='ocrx_word' id='word_1_325' title='bbox 1258 1701 1516 1754; x_wconf 78' lang='lat' dir='ltr'>temporalis</span> <span class='ocrx_word' id='word_1_326' title='bbox 1539 1701 1692 1753; x_wconf 80' lang='lat' dir='ltr'>gloriae</span> <span class='ocrx_word' id='word_1_327' title='bbox 1711 1700 1905 1743; x_wconf 80' lang='lat' dir='ltr'>vanitate</span> 
     </span>
     <span class='ocr_line' id='line_1_73' title="bbox 1070 1755 1905 1809; baseline -0.002 -9"><span class='ocrx_word' id='word_1_328' title='bbox 1070 1757 1275 1809; x_wconf 86' lang='lat' dir='ltr'>gaudere,</span> <span class='ocrx_word' id='word_1_329' title='bbox 1290 1757 1483 1809; x_wconf 77' lang='lat' dir='ltr'>irrogata</span> <span class='ocrx_word' id='word_1_330' title='bbox 1500 1757 1556 1798; x_wconf 93' lang='lat' dir='ltr'>ab</span> <span class='ocrx_word' id='word_1_331' title='bbox 1567 1757 1663 1798; x_wconf 77' lang='lat' dir='ltr'>aliis</span> <span class='ocrx_word' id='word_1_332' title='bbox 1673 1756 1790 1798; x_wconf 88' lang='lat' dir='ltr'>mala</span> <span class='ocrx_word' id='word_1_333' title='bbox 1797 1755 1905 1798; x_wconf 88' lang='lat' dir='ltr'>mul-</span> 
     </span>
     <span class='ocr_line' id='line_1_74' title="bbox 1070 1813 1906 1867; baseline -0.002 -11"><span class='ocrx_word' id='word_1_334' title='bbox 1070 1815 1264 1867; x_wconf 82' lang='lat' dir='ltr'>tiplicius</span> <span class='ocrx_word' id='word_1_335' title='bbox 1294 1813 1496 1855; x_wconf 87' lang='lat' dir='ltr'>reddere:</span> <span class='ocrx_word' id='word_1_336' title='bbox 1533 1826 1634 1855; x_wconf 92' lang='lat' dir='ltr'>cum</span> <span class='ocrx_word' id='word_1_337' title='bbox 1661 1813 1778 1855; x_wconf 88' lang='lat' dir='ltr'>vires</span> <span class='ocrx_word' id='word_1_338' title='bbox 1805 1816 1906 1866; x_wconf 81' lang='lat' dir='ltr'>sup-</span> 
     </span>
     <span class='ocr_line' id='line_1_75' title="bbox 1071 1868 1907 1924; baseline -0.004 -11"><span class='ocrx_word' id='word_1_339' title='bbox 1071 1876 1238 1924; x_wconf 90' lang='lat' dir='ltr'>petunt,</span> <span class='ocrx_word' id='word_1_340' title='bbox 1256 1870 1386 1912; x_wconf 90' lang='lat' dir='ltr'>nullis</span> <span class='ocrx_word' id='word_1_341' title='bbox 1406 1869 1713 1911; x_wconf 88' lang='lat' dir='ltr'>resistentibus</span> <span class='ocrx_word' id='word_1_342' title='bbox 1733 1868 1907 1911; x_wconf 87' lang='lat' dir='ltr'>cedere:</span> 
     </span>
     <span class='ocr_line' id='line_1_76' title="bbox 1073 1924 1906 1979; baseline 0 -10"><span class='ocrx_word' id='word_1_343' title='bbox 1073 1941 1174 1969; x_wconf 93' lang='lat' dir='ltr'>cum</span> <span class='ocrx_word' id='word_1_344' title='bbox 1218 1927 1395 1968; x_wconf 79' lang='lat' dir='ltr'>virtutis</span> <span class='ocrx_word' id='word_1_345' title='bbox 1450 1926 1722 1979; x_wconf 81' lang='lat' dir='ltr'>possibilitas</span> <span class='ocrx_word' id='word_1_346' title='bbox 1769 1924 1906 1971; x_wconf 82' lang='lat' dir='ltr'>deest,</span> 
     </span>
     <span class='ocr_line' id='line_1_77' title="bbox 1074 1982 1907 2037; baseline -0.004 -12"><span class='ocrx_word' id='word_1_347' title='bbox 1074 1983 1290 2037; x_wconf 92' lang='lat' dir='ltr'>quidquid</span> <span class='ocrx_word' id='word_1_348' title='bbox 1305 1982 1484 2036; x_wconf 83' lang='lat' dir='ltr'>explere</span> <span class='ocrx_word' id='word_1_349' title='bbox 1499 1995 1579 2035; x_wconf 92' lang='lat' dir='ltr'>per</span> <span class='ocrx_word' id='word_1_350' title='bbox 1593 1982 1804 2024; x_wconf 77' lang='lat' dir='ltr'>malitiam</span> <span class='ocrx_word' id='word_1_351' title='bbox 1818 1993 1907 2022; x_wconf 91' lang='lat' dir='ltr'>non</span> 
     </span>
     <span class='ocr_line' id='line_1_78' title="bbox 1072 2037 1907 2090; baseline -0.005 -8"><span class='ocrx_word' id='word_1_352' title='bbox 1072 2040 1231 2089; x_wconf 88' lang='lat' dir='ltr'>valent,</span> <span class='ocrx_word' id='word_1_353' title='bbox 1254 2038 1340 2081; x_wconf 90' lang='lat' dir='ltr'>hoc</span> <span class='ocrx_word' id='word_1_354' title='bbox 1364 2039 1407 2079; x_wconf 92' lang='lat' dir='ltr'>in</span> <span class='ocrx_word' id='word_1_355' title='bbox 1425 2038 1612 2090; x_wconf 85' lang='lat' dir='ltr'>pacifica</span> <span class='ocrx_word' id='word_1_356' title='bbox 1633 2037 1834 2080; x_wconf 81' lang='lat' dir='ltr'>bonitate</span> <span class='ocrx_word' id='word_1_357' title='bbox 1853 2037 1907 2078; x_wconf 91' lang='lat' dir='ltr'>si-</span> 
     </span>
     <span class='ocr_line' id='line_1_79' title="bbox 1072 2096 1253 2137; baseline -0.006 0"><span class='ocrx_word' id='word_1_358' title='bbox 1072 2096 1253 2137; x_wconf 74' lang='lat' dir='ltr'>mulare.</span> 
     </span>
    </p>

    <p class='ocr_par' dir='ltr' id='par_1_16' title="bbox 1073 2155 1908 2423">
     <span class='ocr_line' id='line_1_80' title="bbox 1126 2155 1906 2207; baseline -0.003 -11"><span class='ocrx_word' id='word_1_359' title='bbox 1126 2156 1177 2207; x_wconf 69' lang='lat' dir='ltr'>R.</span> <span class='ocrx_word' id='word_1_360' title='bbox 1203 2156 1383 2198; x_wconf 79' lang='lat' dir='ltr'>Amavit</span> <span class='ocrx_word' id='word_1_361' title='bbox 1402 2169 1502 2198; x_wconf 92' lang='lat' dir='ltr'>eum</span> <span class='ocrx_word' id='word_1_362' title='bbox 1520 2155 1753 2204; x_wconf 86' lang='lat' dir='ltr'>Dominus,</span> <span class='ocrx_word' id='word_1_363' title='bbox 1776 2158 1820 2197; x_wconf 89' lang='lat' dir='ltr'>et</span> <span class='ocrx_word' id='word_1_364' title='bbox 1840 2166 1906 2195; x_wconf 94' lang='lat' dir='ltr'>or-</span> 
     </span>
     <span class='ocr_line' id='line_1_81' title="bbox 1073 2207 1908 2262; baseline -0.005 -8"><span class='ocrx_word' id='word_1_365' title='bbox 1073 2212 1194 2254; x_wconf 76' lang='lat' dir='ltr'>navit</span> <span class='ocrx_word' id='word_1_366' title='bbox 1231 2224 1345 2253; x_wconf 85' lang='lat' dir='ltr'>eum:</span> <span class='ocrx_word' id='word_1_367' title='bbox 1386 2211 1546 2254; x_wconf 92' lang='lat' dir='ltr'>stolam</span> <span class='ocrx_word' id='word_1_368' title='bbox 1581 2211 1734 2262; x_wconf 89' lang='lat' dir='ltr'>gloriae</span> <span class='ocrx_word' id='word_1_369' title='bbox 1767 2207 1908 2251; x_wconf 85' lang='lat' dir='ltr'>induit</span> 
     </span>
     <span class='ocr_line' id='line_1_82' title="bbox 1074 2265 1906 2321; baseline -0.004 -11"><span class='ocrx_word' id='word_1_370' title='bbox 1074 2282 1190 2317; x_wconf 91' lang='lat' dir='ltr'>eum,</span> <span class='ocrx_word' id='word_1_371' title='bbox 1215 2271 1237 2293; x_wconf 88' lang='lat'>*</span> <span class='ocrx_word' id='word_1_372' title='bbox 1259 2268 1317 2309; x_wconf 92' lang='lat' dir='ltr'>Et</span> <span class='ocrx_word' id='word_1_373' title='bbox 1345 2268 1402 2310; x_wconf 88' lang='lat' dir='ltr'>ad</span> <span class='ocrx_word' id='word_1_374' title='bbox 1431 2273 1585 2321; x_wconf 90' lang='lat' dir='ltr'>portas</span> <span class='ocrx_word' id='word_1_375' title='bbox 1613 2265 1808 2320; x_wconf 84' lang='lat' dir='ltr'>paradisi</span> <span class='ocrx_word' id='word_1_376' title='bbox 1836 2278 1906 2307; x_wconf 93' lang='lat' dir='ltr'>co-</span> 
     </span>
     <span class='ocr_line' id='line_1_83' title="bbox 1074 2319 1907 2371; baseline -0.004 -6"><span class='ocrx_word' id='word_1_377' title='bbox 1074 2323 1249 2366; x_wconf 83' lang='lat' dir='ltr'>ronavit</span> <span class='ocrx_word' id='word_1_378' title='bbox 1277 2336 1387 2365; x_wconf 93' lang='lat' dir='ltr'>eum.</span> <span class='ocrx_word' id='word_1_379' title='bbox 1439 2319 1492 2371; x_wconf 66' lang='lat' dir='ltr'>V.</span> <span class='ocrx_word' id='word_1_380' title='bbox 1511 2322 1661 2365; x_wconf 91' lang='lat' dir='ltr'>Induit</span> <span class='ocrx_word' id='word_1_381' title='bbox 1689 2335 1790 2364; x_wconf 91' lang='lat' dir='ltr'>eum</span> <span class='ocrx_word' id='word_1_382' title='bbox 1813 2321 1907 2362; x_wconf 87' lang='lat' dir='ltr'>Dns</span> 
     </span>
     <span class='ocr_line' id='line_1_84' title="bbox 1074 2376 1906 2432; baseline -0.004 -11"><span class='ocrx_word' id='word_1_383' title='bbox 1074 2381 1256 2423; x_wconf 81' lang='lat' dir='ltr'>loricam</span> <span class='ocrx_word' id='word_1_384' title='bbox 1278 2380 1397 2432; x_wconf 86' lang='lat' dir='ltr'>fidei,</span> <span class='ocrx_word' id='word_1_385' title='bbox 1426 2386 1470 2423; x_wconf 92' lang='lat' dir='ltr'>et</span> <span class='ocrx_word' id='word_1_386' title='bbox 1493 2379 1666 2421; x_wconf 81' lang='lat' dir='ltr'>ornavit</span> <span class='ocrx_word' id='word_1_387' title='bbox 1689 2391 1799 2420; x_wconf 92' lang='lat' dir='ltr'>eum.</span> <span class='ocrx_word' id='word_1_388' title='bbox 1839 2376 1906 2419; x_wconf 86' lang='lat' dir='ltr'>Et.</span> 
     </span>
    </p>
   </div>
   <div class='ocr_carea' id='block_1_12' title="bbox 1076 2447 1906 2781">
    <p class='ocr_par' dir='ltr' id='par_1_17' title="bbox 1076 2447 1906 2781">
     <span class='ocr_line' id='line_1_85' title="bbox 1380 2447 1609 2488; baseline -0.009 0"><span class='ocrx_word' id='word_1_389' title='bbox 1380 2447 1535 2488; x_wconf 86' lang='lat' dir='ltr'>Lectio</span> <span class='ocrx_word' id='word_1_390' title='bbox 1555 2447 1609 2487; x_wconf 87' lang='lat' dir='ltr'>vi.</span> 
     </span>
     <span class='ocr_line' id='line_1_86' title="bbox 1152 2506 1906 2559; baseline -0.008 -9"><span class='ocrx_word' id='word_1_391' title='bbox 1152 2513 1171 2550; x_wconf 91' lang='lat' dir='ltr'>t</span> <span class='ocrx_word' id='word_1_392' title='bbox 1185 2513 1350 2556; x_wconf 88' lang='lat' dir='ltr'>contra,</span> <span class='ocrx_word' id='word_1_393' title='bbox 1365 2506 1580 2559; x_wconf 87' lang='lat' dir='ltr'>sapientia</span> <span class='ocrx_word' id='word_1_394' title='bbox 1594 2507 1808 2557; x_wconf 87' lang='lat' dir='ltr'>justorum</span> <span class='ocrx_word' id='word_1_395' title='bbox 1824 2509 1906 2545; x_wconf 88' lang='lat' dir='ltr'>est:</span> 
     </span>
     <span class='ocr_line' id='line_1_87' title="bbox 1187 2561 1906 2616; baseline -0.006 -12"><span class='ocrx_word' id='word_1_396' title='bbox 1187 2563 1247 2604; x_wconf 90' lang='lat' dir='ltr'>nil</span> <span class='ocrx_word' id='word_1_397' title='bbox 1279 2575 1359 2616; x_wconf 93' lang='lat' dir='ltr'>per</span> <span class='ocrx_word' id='word_1_398' title='bbox 1396 2562 1694 2604; x_wconf 91' lang='lat' dir='ltr'>ostensionem</span> <span class='ocrx_word' id='word_1_399' title='bbox 1729 2561 1906 2611; x_wconf 82' lang='lat' dir='ltr'>fingere,</span> 
     </span>
     <span class='ocr_line' id='line_1_88' title="bbox 1076 2618 1906 2671; baseline -0.007 -9"><span class='ocrx_word' id='word_1_400' title='bbox 1076 2633 1254 2662; x_wconf 90' lang='lat' dir='ltr'>sensum</span> <span class='ocrx_word' id='word_1_401' title='bbox 1266 2618 1413 2661; x_wconf 91' lang='lat' dir='ltr'>verbis</span> <span class='ocrx_word' id='word_1_402' title='bbox 1428 2620 1611 2671; x_wconf 80' lang='lat' dir='ltr'>aperire,</span> <span class='ocrx_word' id='word_1_403' title='bbox 1625 2629 1730 2658; x_wconf 90' lang='lat' dir='ltr'>vera</span> <span class='ocrx_word' id='word_1_404' title='bbox 1743 2621 1792 2658; x_wconf 92' lang='lat' dir='ltr'>ut</span> <span class='ocrx_word' id='word_1_405' title='bbox 1805 2621 1906 2656; x_wconf 88' lang='lat' dir='ltr'>sunt</span> 
     </span>
     <span class='ocr_line' id='line_1_89' title="bbox 1077 2672 1906 2727; baseline -0.007 -9"><span class='ocrx_word' id='word_1_406' title='bbox 1077 2676 1271 2727; x_wconf 80' lang='lat' dir='ltr'>diligere,</span> <span class='ocrx_word' id='word_1_407' title='bbox 1285 2675 1395 2716; x_wconf 87' lang='lat' dir='ltr'>falsa</span> <span class='ocrx_word' id='word_1_408' title='bbox 1411 2673 1622 2723; x_wconf 78' lang='lat' dir='ltr'>devitare3</span> <span class='ocrx_word' id='word_1_409' title='bbox 1636 2672 1755 2714; x_wconf 89' lang='lat' dir='ltr'>bona</span> <span class='ocrx_word' id='word_1_410' title='bbox 1769 2672 1906 2723; x_wconf 88' lang='lat' dir='ltr'>gratis</span> 
     </span>
     <span class='ocr_line' id='line_1_90' title="bbox 1077 2727 1906 2781; baseline -0.006 -8"><span class='ocrx_word' id='word_1_411' title='bbox 1077 2731 1298 2781; x_wconf 82' lang='lat' dir='ltr'>exhibere,</span> <span class='ocrx_word' id='word_1_412' title='bbox 1330 2730 1446 2772; x_wconf 88' lang='lat' dir='ltr'>mala</span> <span class='ocrx_word' id='word_1_413' title='bbox 1471 2727 1678 2770; x_wconf 84' lang='lat' dir='ltr'>libentius</span> <span class='ocrx_word' id='word_1_414' title='bbox 1703 2727 1906 2777; x_wconf 75' lang='lat' dir='ltr'>tolerare,</span> 
     </span>
    </p>
   </div>
  </div>
 </body>
</html>
