2040 2976
618 206 721 240 Infra
746 206 1039 239 Hebdomadam
1065 206 1116 240 iii.
1142 206 1317 247 Augusti.

1751 211 1818 246 249

115 305 171 348 de
183 318 314 347 manu
328 305 519 346 Domini:
540 305 745 356 quoniam
761 304 941 346 dextera

115 375 194 404 sua
227 366 348 413 teget
380 374 474 411 eos,
507 365 551 403 et
576 361 758 403 brachio
787 366 940 404 sancto

115 431 195 460 suo
216 418 421 460 defendet
439 417 550 460 illos.
582 417 786 471 Accipiet
805 431 940 459 arma-

114 478 257 517 turam
275 475 396 516 zelus
414 474 539 524 illius,
559 479 603 516 et
621 474 808 516 armabit
825 487 940 516 crea-

114 534 258 573 turam
302 530 359 573 ad
403 530 613 573 ultionem
657 531 941 572 inimicorum.

116 587 275 630 Induet
305 600 387 640 pro
418 586 600 629 thorace
634 587 857 639 justitiam,
899 592 942 629 et

117 644 304 697 accipiet
337 657 420 697 pro
457 644 583 695 galea
612 643 819 696 judicium
852 656 941 686 cer-

115 706 219 743 tum.
246 701 395 743 Sumet
415 706 586 743 scutum
605 700 942 753 inexpugnabile

117 758 383 810 aequitatem:
428 759 556 800 acuet
599 763 746 799 autem
789 757 942 799 duram

115 814 225 856 iram
242 814 287 855 in
306 815 519 866 lanceam,
545 819 589 857 et
611 815 824 868 pugnabit
844 828 943 857 cum

116 870 192 913 illo
225 871 344 913 orbis
375 873 592 913 terrarum
624 877 777 914 contra
803 872 941 914 insen-

117 929 251 970 satos.

170 982 221 1034 R.
248 985 358 1035 Quae
377 989 489 1027 sunt.
507 985 597 1026 237.

356 1093 499 1130 Feria
523 1093 706 1130 Tertia.

292 1145 358 1187 De
385 1145 499 1188 libro
526 1146 771 1199 Sapientiae.

218 1205 370 1247 Lectio
390 1206 415 1245 i.
682 1205 783 1257 Cap.
800 1206 837 1245 6.

197 1314 200 1316 ,
233 1266 340 1309 elior
360 1271 427 1309 est
441 1267 654 1321 sapientia
670 1279 800 1319 quam
814 1267 943 1308 vires:

141 1340 144 1345 ⁴
194 1328 195 1331 ’
259 1328 303 1365 et
329 1324 395 1365 vir
426 1323 618 1377 prudens
648 1337 778 1376 quam
806 1323 943 1365 fortis.

117 1378 280 1421 Audite
315 1392 420 1431 ergo
454 1393 597 1432 reges,
630 1385 674 1422 et
704 1380 943 1431 intelligite,

117 1433 274 1478 discite
293 1436 460 1488 judices
482 1437 633 1478 finium
650 1441 792 1479 terrae.
826 1437 941 1478 Prae-

117 1491 219 1534 bete
239 1505 366 1535 aures
381 1506 473 1543 vos,
494 1493 568 1546 qui
587 1493 819 1535 continetis
836 1493 943 1534 mul-

117 1547 343 1599 titudines,
371 1554 415 1592 et
441 1549 624 1603 placetis
643 1549 770 1592 vobis
794 1550 837 1591 in
856 1554 942 1592 tur-

116 1603 186 1646 bis
203 1605 444 1648 nationum:
473 1606 678 1659 quoniam
701 1606 804 1648 data
829 1611 896 1648 est
918 1619 943 1648 a

116 1660 307 1704 Domino
335 1665 535 1716 potestas
562 1662 707 1714 vobis,
735 1668 779 1705 et
806 1664 943 1705 virtus

117 1717 173 1759 ab
188 1717 428 1770 Altissimo,
450 1720 525 1773 qui
539 1720 826 1772 interrogabit
841 1722 942 1773 ope-

116 1786 166 1815 ra
183 1779 345 1832 vestra,
365 1781 409 1818 et
429 1777 714 1829 cogitationes
734 1777 942 1819 scrutabi-

115 1834 202 1872 tur:
229 1832 433 1883 quoniam
459 1846 558 1875 cum
581 1833 735 1875 essetis
757 1833 942 1875 ministri

115 1887 238 1938 regni
269 1887 401 1939 illius,
436 1902 525 1931 non
556 1895 676 1932 recte
706 1890 942 1942 judicastis,

115 1955 197 1985 nec
216 1943 470 1987 custodistis
494 1946 637 1997 legem
658 1946 847 1998 justitiae,
871 1959 941 1988 ne-

119 2011 203 2051 que
254 2001 494 2043 secundum
543 2002 815 2045 voluntatem
858 2003 942 2044 Dei

118 2055 384 2099 ambulastis.

169 2112 220 2166 R.
245 2113 402 2155 Praebe
420 2113 494 2155 fili.
512 2116 606 2156 238.

422 2170 573 2212 Lectio
594 2171 633 2211 ii.

211 2226 397 2268 orrende
426 2232 469 2269 et
500 2228 587 2269 cito
612 2227 842 2280 apparebit
866 2239 939 2268 vo-

225 2281 309 2324 bis:
338 2284 544 2335 queniam
570 2283 775 2335 judicium
804 2283 939 2324 duris-

117 2338 273 2379 simum
291 2338 373 2390 his,
402 2340 476 2392 qui
491 2345 704 2393 praesunt,
730 2340 815 2381 fiet.
856 2339 940 2380 Ex-

115 2395 219 2444 iguo
258 2395 371 2436 enim
409 2394 665 2438 conceditur
698 2396 939 2437 misericor-

117 2449 203 2491 dia:
230 2453 434 2503 potentes
460 2457 606 2494 autem
629 2454 831 2505 potenter
853 2456 940 2493 tor-

116 2507 263 2548 menta
287 2508 519 2559 patientur.
560 2508 662 2549 Non
694 2508 808 2550 enim
841 2507 939 2549 sub-

116 2562 260 2604 trahet
279 2565 515 2615 persenam
535 2565 791 2616 cujusquam
809 2563 940 2613 Deus,

115 2630 196 2659 nec
209 2619 430 2661 verebitur
443 2619 785 2670 magnit1'1dinem
803 2620 939 2671 cujus-

118 2680 272 2724 quam:‘
302 2675 508 2727 quoniam
538 2675 745 2727 pusillum
778 2679 821 2716 et
852 2688 938 2716 ma-

116 2741 249 2779 gnum
266 2730 362 2782 ipse
381 2731 498 2780 fecit,
523 2737 567 2772 et
591 2731 818 2783 aequaliter
835 2743 939 2772 cura

270 2870 334 2895 Pars
347 2870 456 2895 AEativn.

994 309 1061 346 est
1092 305 1153 346 illi
1186 304 1241 346 de
1276 305 1486 347 omnibus.
1543 306 1817 348 Fortioribus

994 366 1140 403 autem
1158 361 1313 403 fortior
1331 362 1463 403 instat
1483 362 1702 404 cruciatio.

1047 419 1099 471 R.
1125 418 1301 459 Initium
1322 419 1558 471 sapientiae.
1576 419 1668 460 247.

1297 475 1447 517 Lectio
1468 477 1521 516 iii.

996 527 1102 633 Ad
1130 543 1209 572 vos
1244 543 1346 582 ergo
1379 543 1504 581 reges
1533 536 1633 573 sunt
1660 532 1704 572 hi
1733 545 1818 574 ser-

1107 589 1260 629 mones
1279 587 1374 637 mei,
1389 592 1437 628 ut
1457 587 1635 630 discatis
1652 589 1818 641 sapien-

995 645 1117 694 tiam,
1147 648 1191 686 et
1217 657 1306 685 non
1334 644 1558 685 excidatis.
1595 646 1678 695 Qui
1707 646 1819 687 enim

996 699 1283 742 custodierint
1315 701 1427 753 justa
1459 701 1586 752 juste,
1619 702 1818 753 justifica—

995 757 1171 799 buntur:
1200 763 1243 799 et
1273 757 1346 810 qui
1375 756 1606 799 didicerint
1632 758 1731 809 ista,
1759 759 1819 799 in—

995 815 1170 856 venient
1195 813 1299 866 quid
1318 813 1623 866 respondeant.
1656 815 1819 857 Concu-

995 871 1152 924 piscite
1179 884 1283 922 ergo
1309 873 1534 912 sermones
1557 884 1696 921 meos,
1729 872 1819 914 dili-

995 928 1084 978 gite
1102 927 1216 978 illos,
1237 933 1280 970 et
1298 927 1516 969 habebitis
1538 927 1820 981 disciplinam.

997 984 1124 1026 Clara
1143 989 1224 1034 est,
1254 989 1297 1026 et
1327 997 1424 1036 quae
1453 998 1689 1037 numquam
1712 998 1820 1026 mar-

996 1041 1132 1082 cescit
1159 1041 1388 1094 sapientia,
1423 1046 1466 1083 et
1494 1041 1622 1083 facile
1650 1041 1821 1084 videtur

996 1097 1050 1139 ab
1069 1097 1137 1138 his
1159 1098 1233 1150 qui
1253 1097 1436 1148 diligunt
1456 1110 1569 1148 eam,
1597 1103 1641 1140 et
1660 1099 1820 1140 inveni-

995 1159 1066 1196 tur
1085 1153 1141 1195 ab
1160 1153 1227 1195 his
1249 1154 1323 1207 qui
1346 1159 1545 1207 quaerunt
1563 1154 1692 1196 illam.

1048 1211 1097 1262 R.
1124 1210 1323 1253 Verbum
1341 1211 1546 1263 iniquum.
1565 1212 1659 1252 248.

1227 1320 1372 1356 Feria
1397 1320 1591 1367 Quarta.

1171 1373 1236 1414 De
1262 1373 1374 1415 libro
1403 1373 1647 1426 Sapientiae.

1099 1434 1250 1475 Lectio
1274 1434 1298 1473 i.
1558 1433 1658 1485 Cap.
1679 1434 1714 1473 7.

998 1500 1059 1547 fg*
1072 1507 1144 1534 um
1165 1494 1342 1546 quidem
1363 1500 1405 1537 et
1426 1507 1508 1547 ego
1528 1496 1724 1537 mortalis
1743 1497 1817 1538 ho-

1001 1540 1064 1597 Q)
1087 1563 1176 1600 mo,
1201 1551 1351 1592 similis
1373 1551 1589 1602 omnibuS,
1616 1557 1658 1594 et
1678 1566 1731 1594 ex
1749 1555 1818 1605 ge-

995 1619 1097 1648 nere
1117 1608 1278 1649 terreni
1295 1608 1427 1658 illius,
1448 1609 1522 1660 qui
1541 1609 1662 1661 prior
1679 1609 1819 1651 factus

996 1667 1078 1713 est,
1112 1669 1156 1705 et
1183 1664 1226 1704 in
1254 1669 1404 1707 ventre
1429 1666 1579 1706 matris
1607 1665 1817 1717 figuratus

995 1733 1091 1761 sum
1112 1733 1224 1771 caro,
1249 1720 1403 1763 decem
1421 1722 1634 1763 mensium
1654 1724 1819 1776 tempo-

994 1789 1042 1818 re
1061 1777 1317 1828 coagulatus
1337 1791 1433 1819 sum
1455 1778 1499 1818 in
1518 1779 1740 1830 sanguine,
1766 1792 1819 1821 ex

995 1833 1158 1874 semine
1185 1833 1388 1884 hominis,
1427 1839 1470 1876 et
1498 1833 1817 1878 delectamento

995 1890 1137 1930 somni
1165 1891 1461 1932 conveniente.
1498 1891 1554 1932 Et
1583 1903 1664 1942 ego
1690 1897 1818 1933 natus

994 1946 1146 1998 accepi
1166 1949 1441 1988 communem
1461 1949 1620 1997 aerem,
1641 1953 1684 1990 et
1702 1949 1745 1989 in
1766 1949 1817 1989 si-

993 2002 1153 2044 militer
1184 2003 1344 2045 factam
1380 2003 1524 2044 decidi
1555 2008 1732 2054 terram,
1774 2010 1817 2046 et

992 2058 1178 2110 primam
1208 2072 1363 2101 vocem
1399 2059 1583 2100 similem
1617 2060 1816 2102 omnibus

993 2115 1117 2155 emisi
1131 2115 1321 2167 plorans.
1348 2116 1398 2156 In
1416 2115 1723 2158 involumentis
1742 2131 1816 2158 nu·

992 2173 1120 2212 tritus
1138 2184 1244 2222 sum,
1265 2176 1308 2213 et
1327 2171 1442 2213 curis
1461 2173 1652 2223 magnis..
1673 2173 1815 2215 Nemo

993 2227 1108 2268 enim
1131 2240 1185 2269 ex
1208 2227 1383 2280 regibus
1403 2228 1520 2270 aliud
1539 2229 1690 2271 habuit
1708 2230 1815 2271 nati-

992 2283 1139 2325 vitatis
1154 2284 1333 2326 initium.
1352 2284 1475 2326 Unus
1492 2298 1596 2336 ergo
1611 2286 1814 2327 introitus

993 2344 1060 2380 est
1088 2340 1289 2382 omnibus
1318 2340 1375 2383 ad
1401 2341 1553 2391 vitam,
1594 2347 1637 2383 et
1665 2342 1814 2383 similis

993 2396 1144 2437 exitus,

1047 2452 1099 2502 Rg.
1120 2452 1307 2494 Domine
1326 2457 1462 2505 pater.
1480 2453 1570 2494 237.

1300 2507 1451 2547 Lectio
1474 2507 1511 2546 ii.

1077 2568 1227 2616 ropter
1245 2563 1330 2606 hoc
1350 2565 1515 2617 optavi,
1538 2570 1580 2606 et
1600 2564 1726 2606 datus
1747 2569 1812 2606 est

1085 2620 1189 2661 mihi
1207 2633 1375 2662 sensus:
1394 2625 1438 2662 et
1455 2620 1663 2671 invocavi,
1684 2624 1728 2661 et
1741 2632 1809 2661 ve-

990 2676 1053 2717 nit
1063 2676 1106 2716 in
1116 2689 1186 2717 me
1197 2677 1373 2728 spiritus
1384 2677 1623 2728 sapientiae:
1643 2681 1686 2717 et
1698 2688 1808 2728 prae-

990 2732 1118 2783 posui
1144 2731 1263 2772 illam
1290 2732 1434 2783 regnis
1467 2737 1510 2774 et
1537 2731 1728 2781 sedibus,
1766 2736 1809 2773 et

1565 2860 1603 2892 17
