2040 2976
748 203 777 235 F
781 202 859 235 caril
884 208 919 235 tc
913 201 993 235 ···1ti1
1020 200 1068 234 ud
1094 199 1330 233 Matutinum.

192 314 283 342 rem
302 306 433 342 tuam:
444 300 466 323 *
478 303 521 339 et
532 297 791 339 obliviscere
804 294 1015 359 populum

192 363 323 404 tuum,
352 361 395 396 et
423 354 601 395 domum
627 352 764 405 patris
792 351 865 392 tui.

243 412 298 453 Et
313 412 600 477 concupiscet
611 409 709 449 Rex
728 407 934 448 decorem
951 410 1015 446 tu-

191 481 277 508 um:
304 468 327 491 ¹⁸¹
357 466 561 518 quoniam
588 465 682 516 ipse
710 468 776 504 est
803 462 1016 503 Dominus

191 523 309 563 Deus
337 527 448 569 tuus,
477 526 521 562 et
548 519 795 561 adorabunt
823 531 931 559 eum.

242 579 298 619 Et
315 577 416 618 filiae
436 577 541 629 Tyri
562 577 606 616 in
624 574 875 616 muneribus
888 575 911 598 *
927 572 1015 614 vul-

190 639 282 675 tum
315 639 437 675 tuum
465 631 831 684 deprecabuntur·
865 641 1016 671 omnes

191 689 348 730 divites
376 688 528 741 plebis.

244 745 395 786 Omnis
413 744 552 795 gloria
573 744 662 795 ejus
688 742 788 783 filiae
807 741 941 791 Regis
961 740 1015 781 ab

190 800 316 849 intus,
342 801 366 825 *
390 801 433 840 in
459 799 640 840 fimbriis
665 798 808 840 aureis
837 797 1015 838 circum-

191 859 349 897 amicta
376 854 669 896 varietatibus.

243 911 529 952 Adducentur
557 911 668 960 Regi
695 909 883 960 virgines
914 912 1017 961 post

193 980 303 1008 eam:
313 968 336 992 *
347 967 559 1019 proximae
576 967 665 1017 ejus
681 965 915 1007 afferentur
927 964 1016 1006 tibi.

244 1022 494 1063 Afferentur
520 1022 564 1062 in
583 1022 735 1063 laetitia
763 1026 806 1062 et
832 1020 1016 1062 exsulta-

192 1078 324 1120 tione:
358 1079 382 1103 *
416 1077 686 1119 adducentur
726 1077 769 1117 in
805 1076 1016 1128 templum

192 1134 337 1184 Regis.

244 1189 331 1230 Pro
359 1189 556 1241 patribus
584 1189 669 1230 tuis
695 1189 784 1230 nati
812 1193 912 1229 sunt
938 1186 1018 1228 tibi

192 1244 284 1285 filii:
303 1245 326 1270 *
346 1247 584 1286 constitues
605 1257 682 1285 eos
706 1245 926 1296 principes
949 1256 1016 1283 su-

193 1313 273 1352 per
301 1313 474 1341 omnem
500 1306 672 1341 terram.

244 1355 462 1397 Memores
483 1360 609 1397 erunt
627 1355 813 1396 nominis
837 1354 914 1396 tui:
931 1355 954 1380 *
973 1355 1017 1395 in

194 1411 310 1452 omni
325 1412 603 1461 generatione
622 1416 665 1453 et
681 1410 1017 1461 generationem.

243 1467 487 1519 Propterea
513 1467 665 1519 populi
693 1466 1017 1508 confitebuntur

193 1522 272 1564 tibi
299 1523 343 1562 in
370 1525 596 1564 aeternum:
619 1523 642 1548 *
667 1528 711 1564 et
737 1523 781 1563 in
809 1522 1018 1563 saeculum

195 1577 353 1619 saeculi.

247 1632 344 1673 Ant.
373 1633 605 1675 Eructavit
639 1647 715 1675 cor
748 1647 894 1675 meum
925 1647 1017 1675 ver-

196 1689 300 1730 bum
326 1689 499 1731 bonum.

246 1745 343 1784 ΛΠῘἼ.
373 1744 571 1797 Adjutor.

459 1800 653 1840 Psalmus
681 1801 747 1839 45.

194 1852 363 1957 Deus
388 1862 536 1898 noster
558 1857 781 1907 refugium,
805 1862 848 1898 et
867 1858 1018 1899 virtus:

200 1968 208 1976 ⁸
299 1913 323 1938 *
330 1912 500 1964 adjutor
508 1913 551 1953 in
561 1912 911 1955 tribulationibus
921 1927 1018 1966 quae

197 1970 452 2010 mvenerunt
479 1981 559 2010 nos
586 1969 722 2010 nimis.

248 2024 487 2076 Propterea
520 2037 607 2065 non
639 2024 887 2066 timebimus
915 2024 1019 2066 dum

197 2079 442 2121 turbabitur
458 2085 589 2121 terra:
606 2081 629 2105 *
645 2086 688 2122 et
706 2081 1019 2122 transferentur

198 2140 368 2176 montes
395 2135 438 2175 in
467 2148 542 2176 cor
570 2137 711 2177 maris.

249 2191 505 2240 Sonuerunt‚
522 2196 565 2233 et
579 2192 766 2234 turbatae
783 2197 883 2234 sunt
893 2205 1019 2244 aquae

199 2248 365 2287 eorum:
391 2247 415 2271 *
444 2247 690 2289 conturbati
722 2254 822 2290 sunt
848 2253 1020 2290 montes

198 2301 241 2342 in
270 2301 521 2343 fortitudine
550 2303 649 2354 ejus.

250 2357 458 2398 Fluminis
486 2359 673 2410 impetus
699 2360 893 2401 laetificat
921 2360 1020 2401 civi-

198 2414 334 2454 tatem
367 2413 464 2454 Dei:
498 2414 521 2438 *
558 2416 844 2458 sanctificavit
879 2416 1020 2458 taber-

199 2468 400 2509 naculum
428 2481 552 2510 suum
579 2470 838 2513 Altissimus.

250 2528 370 2569 Deus
403 2528 445 2568 in
472 2529 616 2571 medio
646 2531 751 2582 ejus,
784 2545 872 2573 non
906 2545 1020 2576 com-

199 2583 459 2625 movebitur:
483 2585 506 2610 *
531 2585 750 2636 adjuvabit
778 2601 874 2629 eam
900 2588 1021 2630 Deus

199 2652 326 2680 mane
355 2639 557 2681 dilaculo.

253 2694 535 2737 Conturbatae
565 2701 664 2738 sunt
688 2697 862 2748 GenteS,
894 2703 938 2741 et
962 2698 1021 2740 in-

1067 293 1227 334 clinata
1254 295 1355 343 sunt
1382 301 1531 339 regna:
1549 288 1572 313 *
1592 285 1714 328 dedit
1741 297 1897 327 vocem

1067 361 1200 396 suam,
1227 351 1348 387 mota
1376 350 1444 386 est
1470 349 1599 386 terra.

1117 402 1332 444 Dominus
1363 401 1573 442 virtutum
1601 398 1846 440 nobiscum:
1873 397 1897 422 ¹⁸¹

1067 461 1297 511 susceptor
1323 461 1475 498 noster
1502 455 1624 496 Deus
1651 453 1801 496 Jacob.

1119 515 1289 563 Venite,
1309 518 1353 555 et
1367 511 1513 554 videte
1530 513 1666 563 opera
1680 510 1778 559 Dni‚
1799 521 1898 561 quae

1067 571 1215 624 posuit
1230 569 1433 622 prodigia
1447 580 1580 620 super
1594 571 1773 608 terram:
1787 567 1811 592 *
1825 567 1898 606 au-

1068 627 1211 668 ferens
1230 625 1346 667 bella
1364 636 1504 676 usque
1523 622 1581 665 ad
1599 623 1732 664 finem
1755 626 1899 664 terrae.

1119 684 1286 724 Arcum
1323 683 1539 729 conteret,
1577 684 1620 721 et
1655 678 1900 728 confringet

1068 752 1203 780 arma:
1230 739 1253 763 *
1282 743 1325 779 et
1353 741 1478 778 scuta
1505 734 1736 777 comburet
1762 733 1863 785 igni.

1119 795 1306 843 Vacate‚
1335 798 1378 835 et
1405 792 1553 834 videte
1582 791 1789 844 quoniam
1816 801 1899 840 ego

1068 864 1165 901 sum
1179 851 1316 891 Deus:
1330 850 1353 875 *
1369 848 1598 890 exaltabor
1612 847 1658 888 in
1673 846 1900 895 Gentibus,

1069 912 1112 949 et
1140 906 1369 948 exaltabor
1395 905 1440 945 in
1467 910 1595 946 terra.

1120 963 1334 1011 Dominus
1365 961 1577 1002 virtutum
1603 958 1848 1001 nobiscum:
1875 957 1900 983 *

1069 1020 1298 1071 susceptor
1325 1022 1477 1059 noster
1503 1016 1626 1058 Deus
1653 1014 1802 1056 Jacob.

1336 1075 1531 1116 Psalmus
1560 1075 1628 1114 46.

1071 1127 1275 1234 Omnes
1291 1131 1457 1171 Gentes
1472 1126 1670 1181 plaudite
1684 1124 1901 1167 manibus:

1172 1188 1195 1212 *
1213 1186 1390 1238 jubilate
1406 1185 1504 1227 Deo
1522 1184 1567 1225 in
1581 1195 1691 1225 voce
1714 1181 1901 1224 exsulta·

1067 1243 1210 1285 tionis.

1122 1299 1339 1349 Quoniam
1352 1297 1568 1339 Dominus
1585 1295 1796 1345 excelsus,
1816 1299 1902 1336 ter-

1069 1354 1221 1396 ribilis:
1231 1355 1254 1380 *
1266 1355 1364 1395 Rex
1381 1365 1566 1405 magnus
1581 1364 1714 1405 super
1727 1363 1903 1393 omnem

1068 1416 1243 1452 terram.

1121 1467 1313 1519 Subjecit
1326 1466 1518 1519 populos
1533 1465 1677 1507 nobis:
1688 1464 1713 1491 *
1725 1468 1769 1506 et
1788 1463 1902 1505 Gen-

1069 1528 1136 1564 tes
1164 1523 1245 1564 sub
1274 1522 1462 1575 pedibus
1490 1522 1664 1563 nostris.

1121 1579 1265 1630 Elegit
1283 1578 1412 1620 nobis
1433 1577 1740 1620 haereditatem
1761 1588 1902 1618 suam:

1069 1636 1092 1661 *
1121 1635 1315 1688 speciem
1341 1634 1491 1684 Jacob,
1521 1646 1651 1686 quam
1680 1632 1843 1675 dilexit.

1121 1690 1336 1733 Ascendit
1350 1691 1471 1732 Deus
1486 1691 1531 1731 in
1547 1689 1697 1742 jubilo:
1712 1689 1736 1715 *
1753 1693 1799 1730 et
1813 1688 1902 1729 Do·

1069 1747 1211 1789 minus
1238 1748 1283 1788 in
1310 1759 1421 1788 voce
1447 1746 1578 1788 tubae.

1121 1803 1300 1845 Psallite
1327 1803 1426 1844 Deo
1459 1807 1628 1851 nostro,
1660 1800 1852 1854 psallite:
1878 1801 1903 1827 *

1070 1859 1244 1911 psallite
1272 1859 1386 1910 Regi
1412 1863 1577 1908 nostro,
1604 1857 1792 1910 psallite.

1123 1915 1339 1965 Quoniam
1355 1915 1454 1956 Rex
1467 1914 1608 1956 omnis
1622 1918 1754 1956 terrae
1766 1913 1903 1955 Deus:

1070 1971 1298 2024 *psallite
1322 1971 1556 2023 sapienter.

1123 2027 1344 2079 Regnabit
1370 2028 1493 2068 Deus
1521 2038 1657 2079 super
1676 2018 1859 2067 Gentes:
1878 2024 1902 2051 *

1070 2084 1192 2126 Deus
1217 2082 1343 2125 sedet
1365 2095 1499 2136 super
1527 2081 1680 2124 sedem
1705 2085 1903 2123 sanctam

1071 2153 1206 2181 suam.

1122 2195 1349 2248 Principes
1363 2194 1633 2248 populorum
1647 2192 1904 2244 congregati

1072 2256 1173 2293 sunt
1208 2264 1308 2293 cum
1339 2251 1437 2292 Deo
1471 2250 1712 2292 Abraham:
1744 2250 1768 2275 *
1798 2250 1902 2302 quo-

1072 2308 1187 2348 niam
1208 2307 1269 2349 dii
1291 2307 1429 2348 fortes
1453 2311 1596 2356 terrae,
1620 2306 1904 2348 vehementer

1074 2363 1232 2405 elevati
1260 2367 1371 2404 sunt.

1124 2419 1223 2459 Ant.
1252 2418 1441 2471 Adjutor
1467 2419 1512 2459 in
1535 2418 1902 2461 tribulationibus.

1122 2474 1222 2515 Ant.
1251 2473 1437 2526 Magnus
1465 2475 1693 2517 Dominus.
1829 2486 1833 2489 ·

1338 2529 1539 2570 Psalmus
1566 2530 1630 2570 47.

1071 2580 1316 2685 Magnus
1343 2588 1571 2638 Dominus,
1599 2592 1643 2629 et
1669 2585 1902 2629 laudabilis

1077 2699 1085 2707 ο
1202 2644 1329 2684 nimis
1351 2644 1433 2684 *in
1453 2644 1631 2708 civitate
1650 2643 1734 2684 Dei
1752 2641 1903 2691 nostri,

1074 2713 1118 2739 1n
1145 2705 1295 2742 monte
1322 2705 1476 2742 sancto
1504 2712 1606 2751 elus.
1670 2722 1684 2736 ·
