2040 2976
728 194 839 228 Fcria
863 194 997 237 quinta
1022 195 1071 228 ad
1088 195 1293 238 Vcspcras.

1805 192 1868 228 117

204 288 348 330 Aures
367 286 547 337 habent,
570 291 614 328 et
635 300 724 329 non
747 287 941 329 aiidient:
959 288 983 314 *

151 357 296 397 neque
337 344 452 385 enim
492 347 560 385 est
597 344 776 396 spiritus
818 345 863 385 in
905 357 983 386 ore

151 402 360 454 ipsorum.

203 456 375 499 Similes
399 456 484 497 illis
503 455 610 497 fiant
635 456 710 508 qui
734 457 898 499 faciunt
918 470 983 499 ea:

151 515 175 541 *
196 518 240 556 et
259 526 422 558 omnes,
445 513 520 565 qui
539 512 766 554 confidunt
784 513 828 554 in
851 514 925 555 eis.

203 571 374 612 Domus
397 568 535 610 Israel
562 568 810 611 benedicite
833 570 982 611 Domi-

151 640 225 668 no:
243 627 267 652 *
286 626 444 668 domus
463 625 614 666 Aaron
632 625 880 668 benedicite
894 627 982 668 Do-

149 696 279 725 nuno.

202 740 373 781 Domus
386 738 497 781 Levi
514 737 762 780 benedicite
776 739 983 782 Domino:

151 797 175 822 *
196 796 271 848 qui
285 796 448 837 timetis
466 794 716 845 Dominum,
735 795 982 838 benedicite

150 852 359 894 Domino:

202 908 470 950 Benedictus
493 907 710 949 Dominus
736 921 791 950 ex
814 908 934 959 Sion,
958 910 982 935 *

152 965 227 1018 qui
244 964 415 1006 habitat
432 965 476 1005 in
494 964 519 1005 J
522 964 749 1006 erfisalem.

200 1030 300 1071 Ant.
339 1029 496 1073 Omnia
525 1032 815 1082 quaecamque
844 1030 983 1072 voluit

149 1086 364 1127 Dominus
382 1085 496 1127 fecit.

201 1151 299 1192 Ant.
329 1150 548 1202 Quoniam
564 1150 608 1190 in
628 1151 851 1193 aeternum.

408 1233 610 1274 Psalmus
633 1234 720 1274 135.

224 1303 465 1344 onfitemini
520 1302 714 1343 Domino
775 1302 982 1354 quoniam

246 1359 404 1401 bonus:
423 1359 447 1386 *
469 1359 676 1411 quoniam
699 1358 744 1399 in
770 1360 982 1400 aeternum

148 1415 451 1457 misericordia
471 1416 574 1467 ejus.

203 1472 482 1513 Confitemini
494 1472 593 1513 Deo
614 1470 814 1516 deorum:
832 1471 856 1497 *
877 1474 981 1524 quo-

148 1529 265 1569 niam
278 1528 322 1569 in
337 1530 550 1569 aeternum
563 1527 865 1569 misericordia
879 1529 981 1580 ejus.

202 1584 478 1626 Confitemini
487 1584 680 1625 Domino
689 1583 965 1625 dominorum
974 1601 981 1624 :

148 1641 173 1667 *
199 1641 406 1693 quoniam
429 1641 474 1682 in
502 1642 714 1682 aeternum
737 1640 980 1682 misericor-

149 1697 221 1739 dia
240 1698 342 1749 ejus.

201 1754 287 1804 Qui
304 1753 408 1794 facit
426 1752 642 1795 mirabilia
664 1766 823 1805 magna
845 1754 981 1796 solus:

147 1810 172 1836 *
193 1810 400 1862 quoniam
427 1809 472 1850 in
499 1811 711 1851 aeternum
737 1809 980 1852 misericor-

148 1866 220 1908 dia
240 1867 342 1918 ejus.

200 1923 286 1973 Qui
317 1923 421 1965 fecit
448 1922 587 1964 coelos
615 1923 659 1963 in
684 1923 923 1965 intellectu:
955 1924 979 1949 *

148 1980 356 2031 quoniam
376 1980 420 2020 in
443 1980 656 2020 aetemum
678 1979 980 2022 misericordia

148 2047 251 2087 ejus.

200 2092 286 2142 Qui
299 2092 490 2134 firmavit
502 2096 666 2134 terram
679 2105 813 2144 super
827 2106 979 2145 aquas:

147 2147 172 2173 *
198 2148 404 2200 quoniam
431 2148 476 2189 in
500 2150 713 2190 aeternum
735 2149 978 2190 misericor-

149 2202 222 2244 dia
243 2204 345 2255 ejus.

200 2259 285 2309 Qui
330 2260 434 2301 fecit
477 2260 705 2301 luminaria
742 2274 919 2311 magna:
954 2262 978 2288 *

148 2315 355 2367 quoniam
394 2316 439 2356 in
479 2318 691 2357 aeternum
735 2317 978 2358 misericor-

148 2370 220 2412 dia
247 2372 349 2423 ejus.

198 2427 346 2469 Solem
364 2428 408 2468 in
425 2430 693 2479 potestatem
708 2428 808 2470 diei:
828 2429 852 2454 *
874 2431 978 2481 quo-

146 2483 263 2524 niam
277 2484 321 2524 in
335 2485 548 2524 aeternum
560 2484 860 2526 misericordia
877 2485 978 2535 ejus.

197 2540 382 2590 Lunam,
409 2543 452 2581 et
475 2539 625 2580 stellas
647 2540 692 2580 in
710 2542 978 2592 potestatem

146 2596 303 2637 noctis:
322 2596 345 2622 *
368 2595 575 2648 quoniam
600 2596 644 2636 in
666 2598 879 2637 aetemum
901 2597 977 2638 mi-

149 2651 389 2694 sericordia
408 2652 509 2703 ejus.

199 2708 283 2758 Qui
329 2708 547 2760 permissit
588 2707 831 2759 AEgyptum
877 2721 977 2749 cum

1036 288 1339 340 primogenitis
1359 291 1525 331 eorum:
1545 291 1568 316 *
1594 290 1802 342 quoniam
1824 290 1867 330 in

1037 346 1251 386 aeternum
1269 345 1570 388 misericordia
1590 347 1692 398 ejus.

1090 401 1175 451 Qui
1202 401 1354 443 edlixit
1374 402 1511 443 Isra'el
1540 403 1595 444 de
1620 403 1767 445 medio
1797 405 1866 444 eo-

1036 470 1148 498 rum:
1166 458 1191 484 *
1214 459 1420 510 quoniam
1443 458 1487 498 in
1511 461 1723 500 aetemum
1741 460 1866 500 mise-

1037 513 1227 555 ricordia
1245 515 1347 566 ejus.

1088 571 1139 610 In
1163 583 1296 611 manu
1314 571 1501 623 potenti,
1527 576 1570 612 et
1594 571 1774 613 brachio
1797 585 1866 613 ex-

1037 626 1172 668 celso:
1185 627 1209 652 *
1226 627 1432 679 quoniam
1451 628 1494 667 in
1512 629 1723 669 aeternum
1742 629 1867 670 mise-

1036 682 1226 724 ricordia
1246 684 1349 735 ejus.

1089 740 1175 789 Qui
1194 739 1342 781 divisit
1357 739 1480 781 Mare
1502 739 1681 781 rubrum
1702 741 1745 781 in
1764 741 1867 782 divi-

1036 796 1202 837 siones:
1221 796 1244 821 *
1267 796 1474 848 quoniam
1495 796 1538 836 in
1558 799 1771 838 aeternum
1791 798 1866 837 mi-

1037 852 1277 894 sericordia
1298 853 1400 905 ejus.

1088 909 1146 950 Et
1157 908 1308 950 ediixit
1319 909 1457 950 Israel
1467 921 1547 962 per
1559 909 1752 950 medium
1765 911 1869 962 ejus:

1036 965 1060 991 *
1085 966 1291 1018 quoniam
1316 966 1360 1006 in
1388 967 1600 1007 aeternum
1625 966 1867 1007 misericor-

1036 1021 1108 1063 dia
1129 1022 1230 1073 ejus.

1087 1078 1145 1119 Et
1164 1078 1358 1119 excstssit
1371 1078 1658 1129 Pharaonem,
1679 1083 1723 1121 et
1738 1080 1868 1121 vittil-

1034 1138 1125 1176 tem
1146 1136 1237 1186 ejus
1260 1135 1304 1175 in
1322 1135 1434 1176 Mari
1451 1135 1599 1177 rubro:
1618 1136 1641 1161 *
1663 1137 1869 1188 quoniam

1034 1191 1078 1231 in
1102 1193 1315 1232 aeternum
1333 1192 1635 1233 misericordia
1655 1193 1756 1244 ejus.

1088 1248 1173 1297 Qui
1191 1247 1387 1289 tradiixit
1406 1248 1621 1300 populum
1645 1262 1771 1289 suum
1789 1262 1869 1301 per

1035 1303 1274 1345 desertum:
1299 1305 1323 1330 *
1351 1305 1558 1356 quoniam
1586 1305 1629 1344 in
1655 1307 1867 1346 aeternum

1034 1360 1336 1402 misericordia
1356 1362 1458 1412 ejus.

1089 1417 1174 1466 Qui
1205 1417 1425 1469 perci'issit
1459 1430 1585 1468 reges
1616 1430 1815 1469 magnos:
1843 1419 1866 1443 *

1036 1473 1243 1525 quoniam
1266 1474 1310 1514 in
1335 1475 1547 1515 aeternum
1567 1474 1867 1515 misericordia

1034 1530 1136 1581 eius.

1085 1586 1143 1627 Et
1177 1586 1339 1627 occidit
1373 1599 1499 1638 reges
1531 1586 1685 1627 fortes:
1708 1587 1731 1612 *
1762 1589 1865 1638 quo-

1033 1642 1151 1683 niam
1165 1643 1209 1683 in
1226 1644 1438 1684 aeternum
1448 1642 1749 1683 misericordia
1765 1643 1866 1694 ejus.

1084 1698 1232 1740 Sehon
1260 1711 1409 1750 1686111
1437 1699 1815 1740 Amorrhaeorum:
1842 1700 1865 1725 *

1035 1756 1243 1807 quoniam
1261 1755 1305 1796 in
1330 1757 1542 1796 aeternum
1564 1755 1864 1797 misericordia

1033 1812 1136 1863 ejus.

1084 1867 1142 1909 Et
1164 1868 1233 1919 08
1255 1880 1405 1919 regem
1428 1868 1590 1908 Basan:
1608 1867 1632 1893 *
1658 1868 1864 1920 quoniam

1031 1923 1077 1964 in
1096 1926 1309 1965 aeternum
1327 1923 1629 1965 misericordia
1649 1925 1751 1976 ejus.

1082 1980 1140 2022 Et
1164 1980 1287 2022 dedit
1310 1985 1473 2022 terram
1503 1982 1656 2021 eorum
1681 1979 1862 2021 haeredi-

1030 2038 1182 2078 tatem:
1201 2037 1225 2063 *
1246 2037 1453 2089 quoniam
1477 2037 1522 2076 in
1547 2038 1759 2077 aeternum
1787 2037 1861 2076 mi-

1032 2092 1271 2134 sericordia
1293 2094 1395 2145 ejus.

1082 2148 1401 2190 Haereditatem
1419 2148 1558 2190 Israel
1578 2160 1707 2189 servo
1727 2161 1822 2189 suo:
1837 2148 1861 2173 *

1032 2205 1240 2256 quoniam
1262 2205 1306 2245 in
1330 2207 1542 2246 aeternum
1560 2204 1861 2246 misericordia

1031 2273 1133 2312 ejus.

1083 2317 1195 2366 Quia
1212 2316 1257 2356 in
1271 2315 1516 2358 humilitate
1529 2321 1680 2358 nostra
1694 2328 1862 2357 memor

1030 2372 1110 2414 fuit
1132 2373 1286 2414 nostri:
1305 2373 1329 2398 *
1350 2373 1558 2424 quoniam
1581 2373 1626 2413 in
1651 2374 1861 2413 aeternum

1029 2428 1333 2470 misericordia
1353 2429 1455 2480 ejus.

1081 2485 1138 2526 Et
1165 2484 1351 2527 redemit
1379 2498 1461 2526 nos
1489 2484 1545 2526 ab
1573 2484 1759 2525 inimicis
1786 2496 1859 2524 no-

1031 2541 1146 2582 stris:
1165 2542 1189 2567 *
1211 2541 1418 2593 quoniam
1440 2541 1483 2581 in
1505 2542 1716 2587 aeternum
1735 2539 1858 2579 mise-

1030 2597 1220 2638 ricordia
1239 2598 1341 2648 ejus.

1083 2653 1167 2703 Qui
1186 2653 1262 2695 dat
1281 2665 1428 2695 escam
1444 2652 1561 2693 omni
1577 2651 1742 2693 carniz*
1755 2651 1858 2701 quo-

1029 2709 1146 2750 niam
1160 2709 1204 2749 in
1219 2711 1431 2751 aeternum
1444 2706 1742 2750 misericordia
1757 2706 1859 2756 ejus.
