2040 2976
618 202 688 235 Die
712 202 765 235 29.
790 200 895 234 Julii.
944 198 978 233 S.
1003 199 1164 232 Marthae
1189 198 1372 239 Virginis.

1791 198 1857 234 451

195 300 240 334 In
270 300 297 334 Ι.
327 300 527 334 Nocturno
558 298 763 332 Lectiones
796 297 843 330 de
874 297 972 330 Scri-

142 352 255 392 ptura
279 352 513 382 occurrente.

373 408 423 446 In
445 408 496 445 ΙΙ.
520 407 744 446 Nocturno.

446 468 599 507 Lectio
620 467 673 506 iv.

147 533 264 587 g.
289 522 428 568 artha
457 521 679 563 nobilibus
710 526 753 563 et
781 522 974 574 copiosis

173 569 261 626 Α)
289 595 297 620 1
318 578 575 631 parentibus
600 583 720 627 nata,
748 577 829 620 sed
856 577 974 619 Chri-

167 653 255 655 *
318 636 374 677 sti
393 634 571 676 Demini
589 634 783 698 hospitio
804 634 975 684 clarior,

143 696 247 744 post
265 693 356 744 ejus
376 693 607 733 ascensum
625 691 669 730 in
686 690 856 740 coelum,
876 704 975 732 eum

142 748 294 798 fratre,
324 750 495 797 sordre,
525 753 569 789 et
595 747 803 788 Marcella
830 747 974 800 pedis-

143 817 291 857 sequa,
308 817 359 846 ac
369 804 618 854 Maximino,
632 817 721 845 uno
737 817 790 845 ex
802 809 974 856 septua-

142 863 263 911 ginta
282 861 455 903 duobus
476 860 702 913 discipulis
719 860 880 902 Christi
894 861 977 901 De-

142 919 264 968 mini,
294 918 368 970 qui
393 923 533 959 totam
558 917 678 958 illam
703 916 883 958 domum
902 917 974 959 ba-

142 975 406 1028 ptizaverat,
446 974 684 1026 multisque
721 974 818 1015 aliis
857 975 975 1015 Chri-

144 1031 311 1081 stianis,
338 1030 659 1083 comprehensa
679 1044 704 1072 a
725 1030 906 1081 Judaeis,
933 1031 976 1071 in

142 1101 300 1129 navem
324 1088 417 1129 sine
436 1087 536 1128 velo
561 1100 613 1128 ac
632 1088 813 1138 remigio
838 1087 974 1140 impo-

143 1145 278 1194 nitur,
303 1144 644 1196 vastissim6que
670 1143 779 1184 mari
805 1142 862 1184 ad
887 1157 975 1185 cer-

143 1205 238 1242 tum
264 1200 539 1251 naufragium
567 1200 869 1241 committitur:
898 1199 977 1242 sed

145 1257 287 1306 navis,
319 1257 417 1298 Deo
447 1256 736 1308 gubernante,
771 1256 903 1297 salvis
932 1258 975 1297 ό-

145 1313 319 1354 mnibus
338 1313 578 1354 Massiliam
597 1312 786 1365 appulsa
803 1317 880 1353 est.

198 1376 249 1427 R
286 1369 476 1422 Propter
503 1369 752 1418 veritatem,
785 1374 829 1410 et
860 1381 977 1409 man-

147 1425 440 1475 suetudinem,
469 1430 513 1467 et
538 1425 760 1477 justitiam:
779 1431 802 1456 *
822 1426 879 1467 Et
906 1425 977 1466 de-

147 1481 279 1523 ducet
313 1487 358 1524 te
392 1481 650 1524 mirabiliter
683 1481 866 1522 dextera
892 1486 978 1523 tua.

147 1537 197 1590 V.
216 1538 373 1591 Specie
392 1543 469 1580 tua
488 1543 532 1580 et
556 1536 883 1591 pulchritudine
903 1543 978 1579 tua

146 1594 340 1645 intende,
368 1597 581 1648 prospere
606 1594 814 1647 procede,
844 1599 888 1636 et
914 1607 977 1636 re-

147 1663 244 1702 gna.
271 1651 328 1693 Et
348 1651 549 1693 deducet.

456 1712 608 1752 Lectio
630 1715 676 1750 v?

231 1777 259 1806 0
278 1764 507 1814 miraculo,
528 1768 572 1805 et
590 1764 746 1805 horum
764 1762 976 1816 praedica-

249 1821 385 1870 tiene,
431 1821 621 1873 primum
665 1819 979 1869 Massilienses,

148 1890 254 1918 mox
272 1879 521 1929 Aquenses‚
541 1889 592 1918 ac
610 1876 807 1917 finitimae
825 1881 979 1927 gentes

148 1933 193 1973 in
213 1932 434 1974 Christum
454 1931 750 1974 crediderunt:
767 1931 978 1972 Lazarus-

152 2002 237 2041 que
263 1989 618 2038 Massiliensium,
647 1994 690 2030 et
717 1988 979 2029 Maximinus

150 2045 424 2097 Aquensium
488 2047 726 2097 episcopus
794 2046 979 2086 creatur.

152 2101 413 2152 Magdalena
442 2114 548 2143 vero
581 2102 756 2142 assueta
793 2101 980 2142 orationi

153 2161 196 2198 et
213 2155 401 2210 pedibus
420 2157 609 2206 Domini,
628 2162 677 2198 ut
697 2156 865 2209 eptima
882 2169 979 2208 par-

151 2219 195 2255 te
234 2213 588 2266 contemplandae
621 2213 813 2254 coelestis
845 2212 979 2254 beati—

78 2273 85 2278 '
152 2268 333 2317 tudinis,
364 2281 495 2321 quam
522 2269 727 2320 elegerat,
754 2269 980 2317 frueretur,

153 2326 197 2365 in
215 2329 386 2366 vastam
409 2324 609 2366 altissimi
626 2325 788 2366 montis
808 2324 979 2376 spelun-

154 2394 251 2422 cam
270 2393 317 2422 se
337 2380 533 2422 eontulit:
554 2379 630 2422 ubi
648 2381 824 2431 triginta
844 2392 981 2420 annos

154 2437 274 2486 vixit,
295 2436 350 2478 ab
370 2437 486 2477 omni
504 2436 730 2477 hominum
750 2439 981 2477 consuetu-

156 2492 256 2534 dine
277 2493 510 2544 disjuncta,
537 2491 821 2544 quotidieque
839 2504 918 2544 per
936 2491 982 2532 id

155 2554 331 2602 tempus
367 2548 424 2590 ad
460 2547 700 2589 audiendas
737 2547 983 2589 coelestium

155 2604 309 2646 laudes
336 2605 380 2645 in
407 2604 543 2646 altum
568 2603 622 2644 ab
647 2603 828 2653 Angelis
858 2602 982 2644 elata.

202 2666 256 2726 R.
290 2660 493 2702 Dilexisti
519 2660 745 2712 justitiam,
779 2663 823 2699 et
850 2658 984 2700 odisti

156 2717 446 2768 iniquitatem·
473 2717 495 2739 *
522 2716 766 2767 Propterea
792 2714 916 2755 unxit
939 2719 984 2756 te

1025 292 1171 342 Deus,
1218 293 1340 334 Deus
1386 298 1487 334 tuus
1535 294 1634 335 oleo
1680 294 1857 336 laetitiae.

1028 348 1078 399 V.
1102 349 1291 401 Propter
1319 349 1564 399 veritatem,
1592 355 1636 392 et
1658 363 1856 392 mansue·

1026 403 1242 454 tudinem,
1271 411 1314 447 et
1341 406 1559 458 justitiam.
1603 406 1856 460 Propterea.

1330 469 1481 509 Lectio
1502 469 1555 509 vi.

1029 521 1257 627 Martha
1274 527 1430 572 autem,
1449 523 1638 564 mirabili
1652 524 1754 565 vitae
1771 538 1859 566 san-

1159 579 1310 619 ctitate
1347 584 1392 619 et
1427 580 1626 628 caritate,
1663 581 1857 622 omnium

1027 635 1366 675 Massiliensium
1394 635 1548 676 animis
1575 636 1618 676 in
1647 637 1713 677 sui
1741 640 1857 678 amo-

1028 703 1121 732 rem
1145 696 1188 732 et
1212 691 1548 733 admirationem
1569 691 1788 743 adductis,
1813 694 1858 734 in

1028 747 1174 788 locum
1211 760 1236 788 a
1267 748 1372 789 viris
1404 750 1622 789 remetum
1654 762 1753 790 cum
1786 750 1858 791 ali-

1031 809 1139 855 quot
1168 803 1490 845 honestissimis
1517 804 1688 845 feminis
1720 818 1767 846 se
1794 819 1858 847 re-

1030 860 1163 912 cepit:
1189 860 1264 902 ubi
1292 873 1462 901 summa
1489 873 1588 901 cum
1614 861 1743 903 laude
1769 863 1858 914 pie-

1028 917 1132 958 tatis
1153 922 1196 958 et
1214 917 1461 969 prudentiae
1482 916 1556 958 diu
1573 917 1696 959 vixit:
1715 931 1767 960 ac
1786 918 1858 960 de-

1029 987 1165 1024 mum,
1193 979 1335 1015 morte
1362 986 1441 1014 sua
1463 973 1602 1015 multo
1627 979 1727 1015 ante
1749 989 1858 1027 prae-

1030 1029 1164 1081 dicta,
1189 1030 1410 1071 miraculis
1437 1029 1555 1071 clara
1579 1030 1783 1080 migravit
1803 1031 1859 1072 ad

1028 1087 1284 1136 Deminum,
1322 1091 1480 1138 quarto
1512 1086 1739 1128 Kalendas
1772 1087 1858 1128 Au-

1029 1144 1157 1194 gusti.
1208 1144 1339 1195 Cujus
1377 1155 1537 1195 corpus
1574 1143 1693 1195 apud
1726 1144 1858 1185 Tara-

1030 1212 1152 1240 scum
1195 1212 1398 1250 magnam
1440 1198 1574 1240 habet
1616 1200 1859 1241 venerati&-

1029 1268 1141 1297 nem.

1082 1315 1133 1365 R.
1159 1312 1410 1353 Afferentur
1430 1312 1552 1363 Regi.
1570 1311 1647 1364 [91]

1259 1392 1308 1429 In
1327 1392 1397 1429 ΠΙ.
1417 1391 1639 1429 Nocturno.

1031 1454 1185 1496 Lectio
1207 1455 1347 1496 sancti
1367 1454 1594 1506 Evangelii
1616 1454 1860 1496 secundum

1357 1511 1536 1552 Lucam.

1112 1573 1264 1613 Lectio
1286 1573 1355 1613 vii.
1541 1572 1643 1623 Cap.
1664 1573 1726 1611 10.
1747 1584 1783 1621 g.

1029 1628 1105 1734 In
1125 1632 1200 1673 illo
1226 1634 1443 1684 tempore:
1466 1632 1652 1673 Intravit
1671 1633 1695 1673 J
1699 1645 1798 1674 esus
1818 1633 1861 1673 in

1097 1688 1322 1742 quoddam
1354 1689 1598 1730 castellum:
1631 1694 1675 1730 et
1706 1689 1862 1730 mulier

1032 1745 1251 1798 quaedam,
1276 1745 1449 1787 Martha
1472 1746 1662 1794 nomine,
1687 1746 1862 1798 excepit

1029 1801 1152 1842 illum
1174 1802 1219 1842 in
1239 1801 1419 1843 domum
1437 1814 1572 1842 suam.
1608 1801 1665 1842 Et
1683 1801 1862 1853 reliqua.

1063 1874 1254 1917 Homilia
1281 1875 1322 1916 S.
1350 1874 1585 1925 Augustini
1612 1873 1836 1926 Episcopi.

1150 1937 1267 1971 Serm
1284 1936 1335 1969 20
1355 1935 1402 1969 de
1420 1935 1453 1968 V
1457 1934 1559 1968 erbis
1576 1933 1743 1967 Domini.

1040 1987 1519 2092 (⁶¹¹3
1537 1986 1862 2083 111ἶῖῗὲἳέξὲῗῖ

1036 2060 1104 2121 Q
1124 2043 1381 2150 ΔῘε11130110
1412 2056 1598 2140 §ecitata
1633 2103 1751 2147 sunt,
1789 2098 1861 2139 ad-

1030 2160 1211 2197 monent
1247 2167 1345 2204 nos,
1393 2167 1490 2196 esse
1525 2167 1660 2195 unum
1696 2153 1863 2206 aliquid

1033 2224 1121 2263 quo
1157 2210 1405 2259 tendamus,
1443 2210 1620 2262 quando
1657 2210 1701 2250 in
1736 2209 1862 2262 hujus

1033 2267 1182 2309 saeculi
1192 2261 1472 2308 multitudine
1482 2266 1744 2308 laboramus.
1760 2266 1864 2306 Ten-

1032 2323 1175 2365 dimus
1194 2328 1341 2364 autem
1360 2321 1505 2364 adhuc
1520 2322 1862 2386 peregrinantes,

1031 2378 1230 2421 nondum
1257 2380 1498 2420 manentes:
1531 2378 1674 2420 adhuc
1705 2378 1749 2418 in
1781 2378 1862 2426 via,

1031 2434 1228 2477 nondum
1254 2435 1297 2475 in
1325 2435 1484 2487 patria:
1517 2434 1660 2476 adhuc
1693 2432 1861 2475 deside·

1032 2490 1188 2540 rando,
1222 2491 1417 2532 nondum
1448 2490 1645 2532 fruendo.
1694 2489 1861 2529 Tamen

1032 2547 1280 2596 tendamus,
1313 2552 1357 2588 et
1384 2547 1476 2588 sine
1495 2546 1670 2599 pigritia
1698 2550 1742 2586 et
1769 2545 1861 2584 sine

1032 2604 1354 2645 intermissione
1398 2602 1649 2650 tendamus,
1697 2605 1745 2641 ut
1788 2599 1860 2640 ali-

1035 2660 1212 2712 quando
1236 2660 1465 2711 pervenire
1484 2658 1718 2699 valeamus.
1750 2655 1860 2695 Mar-

1033 2715 1110 2757 tha
1141 2721 1185 2756 et
1214 2715 1353 2755 Maria
1385 2713 1485 2755 duae
1515 2715 1690 2754 soreres
1728 2714 1861 2759 erant,
