2040 2976
822 230 878 263 Ss.
905 230 1044 264 Cordis
1070 232 1173 266 Jesu.

1759 233 1850 277 [275]

194 327 252 367 Et
283 326 481 368 refloruit
508 338 611 367 caro
639 338 756 367 mea:
788 327 812 352 *
845 330 888 367 et
917 338 971 367 ex

143 382 371 423 voluntate
391 394 491 423 mea
510 381 757 423 confitebor
777 382 827 423 ei.

193 438 410 479 Dominus
428 436 642 478 fortitudo
661 437 805 489 plebis
825 451 932 480 suae:
946 440 970 465 *

142 498 186 535 et
216 495 444 546 protector
481 493 772 534 salvationum
810 494 971 535 Christi

142 550 209 590 sui
230 554 308 590 est.

192 605 371 646 Salvum
395 605 465 646 fac
491 604 706 657 populum
731 610 854 646 tuum
882 607 970 648 Do-

142 662 268 711 mine,
290 666 334 702 et
350 660 536 702 benedic
554 660 805 703 haereditati
824 667 928 703 tuae:
947 664 970 689 *

143 722 186 758 et
210 729 313 767 rege
340 729 427 766 eos,
453 721 496 757 et
521 715 682 757 extolle
707 717 807 758 illos
831 731 970 769 usque

141 773 187 813 in
206 774 428 814 aeternum.

194 831 293 872 Ant.
327 828 532 880 Speravit
557 840 634 869 cor
654 840 800 869 meum
818 829 863 869 in
881 830 968 871 Do-

140 884 271 933 mino,
297 889 341 925 et
365 883 539 935 adjutus
565 896 675 924 sum:
701 889 745 926 et
771 885 971 927 refloruit

142 952 245 981 caro
264 953 372 981 mea.

190 996 291 1036 Ant.
308 996 578 1037 Convertisti
587 996 814 1047 planctum
825 1010 970 1038 meum

139 1053 184 1093 in
202 1052 410 1102 gaudium
428 1052 545 1102 mihi,
571 1057 616 1093 et
640 1053 970 1095 circumdedisti

139 1121 210 1149 me
228 1108 391 1149 laetitia.

410 1167 609 1207 Psalmus
628 1169 693 1208 29.

136 1216 418 1341 Exaltabo
443 1224 488 1260 te
526 1219 717 1260 Domine
762 1220 969 1271 quoniam

242 1276 477 1328 suscepisti
494 1288 579 1316 me:
594 1276 718 1317 *nec
738 1275 969 1317 delectasti

138 1332 339 1373 inimicos
357 1343 480 1372 meos
501 1344 633 1383 super
651 1344 733 1372 me.

190 1388 381 1429 Domine
404 1388 526 1429 Deus
550 1400 675 1428 meus
700 1387 884 1429 clamavi
912 1374 970 1429 ad

139 1444 238 1492 te‚*
257 1449 301 1485 et
320 1444 484 1485 sanasti
502 1456 584 1484 me.

186 1475 379 1540 'Domine
400 1498 589 1540 eduxisti
612 1499 668 1540 ab
687 1499 855 1540 inferno
882 1500 968 1539 ani-

137 1568 255 1596 mam
267 1568 426 1597 meam:
435 1556 459 1581 *
471 1555 651 1596 salvasti
664 1567 735 1596 me
750 1567 775 1595 a
791 1554 968 1597 descen·
1025 1551 1040 1564 ’“

139 1610 375 1652 dentibus
363 1624 407 1651 1n
425 1611 580 1652 lacum.

189 1666 370 1707 Psallite
389 1667 582 1707 Domino
603 1667 745 1708 sancti
764 1668 870 1718 ejus.
885 1668 969 1708 *et

139 1722 408 1763 confitemini
451 1723 677 1763 memoriae
722 1723 968 1764 sanctitatis

139 1779 241 1830 ejus.

190 1833 428 1883 Quoniam
417 1846 482 1874 1ra
495 1834 540 1874 in
550 1832 851 1884 indignatione
863 1821 968 1884 ejus:

137 1889 225 1930 *et
241 1889 332 1931 vita
349 1889 394 1929 in
411 1889 638 1931 voluntate
658 1890 760 1941 ejus.

190 1944 264 1987 Ad
272 1946 507 1997 vesperum
514 1944 815 1987 demorabitur
824 1944 968 1986 fletus:

138 2002 162 2028 *
182 2005 226 2042 et
245 2000 302 2042 ad
319 2002 582 2042 matutinum
599 2001 763 2043 laetitia.

141 2086 145 2090 .
189 2056 285 2107 Ego
318 2060 466 2097 autem
497 2055 590 2098 dixi
622 2057 667 2097 in
700 2055 968 2097 abundantia

138 2123 251 2152 mea:
273 2112 298 2138 *
322 2111 425 2153 Non
443 2112 657 2154 movebor
679 2112 725 2152 in
744 2114 967 2153 aeternum.

190 2167 379 2208 Domine
398 2168 442 2208 in
462 2167 691 2209 voluntate
709 2172 796 2216 tua,
814 2167 838 2193 *
856 2179 966 2219 prae-

139 2223 290 2264 stitisti
309 2222 459 2264 decori
477 2236 576 2264 meo
596 2223 816 2265 virtutem.

190 2279 404 2320 Avertisti
421 2279 578 2320 faciem
596 2283 717 2320 tuam
735 2291 761 2319 a
779 2291 860 2327 me,
879 2278 903 2303 *
925 2282 968 2319 et

138 2333 281 2374 factus
301 2347 397 2375 sum
416 2334 714 2376 conturbatus.

192 2389 265 2430 Ad
287 2394 332 2431 te
350 2390 539 2431 Domine
559 2390 774 2431 clamabo:

139 2445 284 2486 Deum
301 2458 447 2486 meum
466 2445 751 2497 deprecabor.

171 2524 173 2527 f
192 2501 300 2550 Quae
323 2500 488 2541 utilitas
509 2501 554 2541 in
579 2501 790 2551 sanguine
813 2500 967 2549 meo‚*

142 2555 246 2596 dum
265 2554 487 2597 descendo
507 2556 552 2596 in
571 2554 921 2607 corruptionem?

191 2610 418 2662 Numquid
450 2611 727 2653 confitebitur
757 2610 838 2652 tibi
874 2610 967 2662 pul-

141 2666 221 2715 vis,
258 2666 286 2751 ’ζ
318 2671 393 2708 aut
428 2667 702 2709 annuntiabit
736 2666 967 2707 veritatem

142 2726 280 2763 tuam.

798 2390 886 2430 *et
911 2389 967 2430 ad

1073 325 1257 366 Audivit
1293 326 1523 376 Dominus,
1566 332 1610 368 et
1644 329 1849 370 misertus

1024 386 1092 422 est
1118 382 1218 422 mei:
1237 383 1260 407 *
1279 382 1494 423 Dominus
1519 383 1660 424 factus
1685 389 1753 425 est
1776 384 1849 426 ad-

1021 438 1136 489 jutor
1155 449 1289 477 meus.

1073 492 1338 534 Convertisti
1373 493 1599 545 planctum
1629 508 1775 536 meum
1806 495 1850 535 in

1019 547 1228 599 gaudium
1259 549 1378 589 mihi:
1410 550 1434 574 *
1467 550 1721 591 conscidisti
1757 563 1848 591 sac-

1021 617 1120 645 cum
1147 616 1308 653 meum,
1343 610 1386 646 et
1418 605 1746 647 circumdedisti
1779 619 1849 647 me

1019 660 1188 702 laetitia:

1073 717 1132 757 Ut
1150 720 1296 757 cantet
1314 715 1394 757 tibi
1412 716 1551 766 gloria
1569 729 1676 766 mea,
1701 722 1745 758 et
1762 730 1850 758 non

1022 775 1307 823 compungar:
1325 772 1348 796 *
1368 771 1557 812 Domine
1580 773 1701 813 Deus
1726 786 1850 814 meus

1020 829 1064 868 in
1084 829 1298 868 aeternum
1318 827 1562 868 confitebor
1581 828 1673 868 tibi.

1075 895 1172 934 Ant.
1193 891 1458 934 Convertisti
1468 891 1694 942 planctum
1704 905 1850 933 meum

1020 948 1064 987 in
1083 946 1293 997 gaudium
1316 946 1432 995 mihi,
1458 953 1501 987 et
1521 947 1850 990 circumdedisti

1020 1015 1090 1044 me
1109 1003 1272 1044 laetitia.

1073 1059 1123 1110 V.
1150 1063 1246 1112 Ego
1276 1066 1423 1102 autem
1453 1062 1496 1102 in
1525 1063 1715 1103 Domino
1748 1075 1850 1112 gau-

1021 1117 1149 1158 debo.
1175 1120 1226 1170 R.
1245 1117 1302 1158 Et
1321 1117 1551 1159 exsultabo
1572 1118 1615 1157 in
1631 1118 1728 1158 Deo
1744 1118 1769 1158 J
1773 1130 1849 1158 esu

1019 1186 1131 1214 meo.

1037 1254 1104 1293 De
1124 1250 1325 1302 Epistola
1342 1250 1462 1291 beati
1480 1251 1604 1291 Pauli
1625 1251 1833 1303 Apostoli

1281 1305 1337 1346 ad
1360 1306 1590 1358 Ephesios.

1143 1376 1291 1416 Lectio
1314 1377 1337 1415 i.
1573 1377 1676 1427 Cap.
1697 1378 1725 1415 1.

1032 1456 1105 1491 ξ
1133 1439 1358 1481 enedictus
1386 1440 1508 1480 Deus
1536 1444 1580 1480 et
1604 1441 1735 1481 Pater
1761 1441 1849 1481 Do-

1024 1490 1040 1551 ἶ
1157 1496 1262 1536 mini
1287 1496 1425 1536 nostri
1448 1496 1472 1535 J
1475 1508 1553 1536 esu
1579 1496 1751 1545 Christi,
1777 1497 1850 1548 qui

1099 1547 1121 1570 '·
1157 1551 1381 1593 benedixit
1405 1564 1485 1592 nos
1510 1552 1555 1591 in
1579 1552 1697 1592 omni
1720 1552 1848 1592 bene-

1020 1608 1212 1649 dictione
1233 1607 1448 1659 spirituali
1466 1607 1509 1647 in
1530 1607 1784 1648 coelestibus
1804 1608 1848 1647 in

1021 1664 1216 1713 Christo,
1252 1664 1364 1704 sicut
1396 1663 1528 1712 elegit
1563 1675 1644 1703 nos
1676 1663 1720 1702 in
1751 1663 1849 1714 ipso

1020 1724 1120 1760 ante
1144 1719 1295 1760 mundi
1319 1719 1688 1767 constitutionem,
1711 1724 1759 1759 ut
1786 1731 1849 1759 es-

1019 1778 1166 1816 semus
1186 1775 1325 1816 sancti
1341 1779 1384 1815 et
1402 1774 1668 1815 immaculati
1687 1774 1731 1813 in
1751 1786 1848 1814 con-

1019 1833 1175 1883 spectu
1190 1831 1280 1881 ejus
1300 1831 1343 1870 in
1359 1830 1553 1870 caritate.
1583 1830 1667 1878 Qui
1681 1829 1848 1880 praede-

1019 1886 1195 1928 stinavit
1208 1898 1291 1926 nos
1305 1885 1349 1925 in
1363 1884 1648 1936 adoptionem
1658 1884 1849 1924 filiorum

1018 1955 1099 1994 per
1117 1942 1142 1982 J
1145 1954 1268 1982 esum
1289 1941 1511 1982 Christum
1536 1940 1580 1979 in
1603 1940 1762 1991 ipsum:
1784 1952 1847 1980 se-

1019 1996 1211 2039 cundum
1267 1996 1546 2048 propesitum
1608 1995 1848 2035 voluntatis

1019 2066 1121 2103 suae,
1141 2053 1186 2093 in
1205 2052 1380 2093 laudem
1398 2051 1550 2101 gloriae
1570 2051 1724 2100 gratiae
1745 2063 1848 2099 suae,

1018 2110 1062 2149 in
1094 2121 1180 2160 qua
1211 2107 1473 2158 gratificavit
1504 2119 1586 2147 nos
1614 2106 1658 2146 in
1686 2106 1847 2147 dilecto

1019 2164 1130 2205 Filio
1151 2176 1242 2204 suo.
1270 2163 1322 2202 In
1343 2175 1430 2230 quo
1450 2161 1662 2203 habemus
1679 2161 1847 2202 redem-

1018 2221 1215 2287 ptionem
1241 2231 1320 2270 per
1352 2218 1608 2268 sanguinem
1641 2218 1747 2268 ejus,
1782 2229 1846 2258 re-

1018 2276 1272 2316 missionem
1298 2275 1583 2339 peccaterum
1605 2271 1846 2314 secundum

1019 2331 1193 2372 divitias
1208 2331 1360 2381 gratiae
1377 2330 1478 2381 ejus.
1500 2329 1743 2380 Propterea
1757 2339 1845 2368 non

1019 2399 1145 2428 cesso
1165 2386 1328 2436 gratias
1349 2397 1482 2436 agens
1500 2397 1583 2436 pro
1602 2383 1739 2431 vobis,
1758 2395 1844 2423 me-

1017 2443 1203 2483 moriam
1226 2442 1362 2483 vestri
1384 2441 1548 2481 faciens
1572 2440 1616 2479 in
1641 2437 1845 2479 orationi-

1017 2498 1101 2539 bus
1126 2498 1248 2538 meis:
1274 2502 1322 2538 ut
1346 2497 1479 2545 Deus,
1504 2493 1683 2535 Domini
1706 2493 1846 2533 nostri

1018 2554 1042 2593 J
1045 2566 1122 2594 esu
1134 2553 1294 2595 Chnstl
1303 2553 1434 2593 Pater
1448 2551 1610 2602 gloriae,
1629 2548 1703 2590 det
1717 2548 1844 2589 vobis

1019 2610 1222 2674 spiritum
1242 2608 1468 2661 sapientiae
1492 2611 1536 2647 et
1555 2603 1844 2652 revelationis,

1018 2666 1062 2706 in
1081 2665 1302 2716 agnitione
1327 2665 1432 2714 ejus:
1455 2660 1721 2702 illuminatos
1744 2660 1844 2700 ocu-

1018 2721 1087 2762 los
1107 2719 1254 2762 cordis
1272 2718 1419 2767 vestri,
1433 2721 1482 2758 ut
1500 2715 1649 2757 sciatis
1669 2726 1768 2765 quae
1787 2714 1844 2755 sit
