2040 2976
619 251 690 284 Die
719 252 766 285 16.
790 251 895 285 Julii.
942 251 1144 294 Triumphi
1170 252 1204 286 S.
1231 252 1376 286 Crucis.

1758 249 1848 294 [333]

478 346 641 387 Oratio.

229 418 322 454 euS‚
349 404 423 456 qui
445 417 526 457 per
545 405 729 446 Crucem
751 409 872 446 tuam
891 407 968 457 po-

231 461 337 516 pulo
357 461 402 502 in
418 465 463 502 te
483 461 679 503 credenti
697 461 970 514 triumphum

139 524 293 562 contra
328 518 528 559 inimicos
566 516 811 559 concedere
848 517 968 559 volu-

137 576 225 618 isti:
251 577 520 627 quaesumus3
546 579 595 616 ut
613 579 690 615 tua
708 574 876 627 pietate
896 574 967 615 ad-

138 631 365 674 orantibus
390 630 575 673 Crucem
601 631 832 672 victoriam
858 644 966 672 sem-

136 702 216 743 per
234 688 415 738 tribuas,
436 693 481 730 et
499 687 728 730 honorem:
747 687 831 738 Qui
847 688 968 730 vivis.

300 766 387 808 Ad
414 764 804 807 matutinum.

192 826 316 867 Invit.
350 826 511 875 Regem
530 822 780 873 Deminum‚
802 823 875 875 qui
894 837 966 876 pe-

136 882 291 936 pendit
323 882 366 922 in
398 880 535 931 ligno,
570 882 593 906 *
623 880 784 922 Venite
816 880 967 922 adore-

137 953 451 1047 ml11³Ss.Venite‚
471 995 749 1039 exsultemus,
767 996 804 1036 2.

191 1054 349 1106 Hymn.
364 1055 507 1105 Pange
516 1053 663 1104 lingua
674 1051 865 1103 gloriosi.
875 1052 968 1092 279.

376 1125 426 1164 In
453 1125 483 1164 Ι.
511 1124 735 1164 Nocturno.

192 1185 292 1225 Ant.
326 1184 465 1227 Dulce
490 1184 670 1235 lignum,
706 1181 858 1224 dulces
885 1181 968 1223 cla-

137 1254 236 1292 VOS‚
266 1241 395 1284 dulce
419 1240 596 1295 pondus
621 1239 840 1281 sustinuit:
870 1251 968 1291 quae

139 1299 233 1341 sola
271 1297 402 1350 digna
441 1298 522 1339 fuit
561 1299 741 1350 portare
778 1296 969 1348 pretium

138 1355 264 1407 hujus
283 1354 445 1397 saeculi.

190 1414 337 1449 Psalmi
360 1418 401 1448 ut
424 1414 463 1448 in
484 1414 511 1448 Ι.
531 1414 731 1448 Nocturno
755 1415 801 1449 de
824 1415 968 1450 Comm.

139 1463 244 1506 Virg.
274 1464 347 1508 [86]

192 1516 291 1556 Ant.
328 1515 365 1556 O
396 1516 513 1557 Crux
547 1514 836 1564 admirabilis,
871 1527 967 1555 eva-

140 1573 285 1616 cuatio
305 1573 549 1623 vulnerum,
571 1572 790 1614 restitutio
810 1571 967 1612 sanita-

139 1635 243 1671 tum.

192 1687 291 1728 Ant.
340 1686 588 1731 Adoramus
619 1691 664 1728 te
697 1685 885 1735 Christe,
926 1689 970 1726 et

138 1742 439 1785 benedicimus
457 1743 552 1786 tibi:
574 1744 675 1796 quia
688 1756 769 1796 per
785 1743 970 1784 Crucem

139 1804 261 1842 tuam
279 1798 504 1842 redemisti
521 1800 744 1843 mundum.

191 1851 243 1904 V.
280 1857 381 1899 Hoc
416 1857 588 1908 signum
621 1857 774 1899 Crucis
812 1856 893 1898 erit
927 1855 971 1896 in

142 1913 269 1956 coelo.
312 1914 363 1967 Rz.
399 1914 509 1956 Cum
535 1914 751 1956 Dominus
782 1913 839 1955 ad
866 1912 970 1965 judi-

142 1969 332 2012 candum
349 1971 529 2013 venerit.

145 2039 210 2081 De
237 2039 440 2092 Epistola
465 2040 585 2083 beati
611 2040 736 2082 Pauli
766 2039 972 2092 Apostoli

424 2097 481 2140 ad
504 2097 696 2140 Galatas.

217 2156 370 2197 Lectio
390 2157 415 2196 i.
681 2155 783 2207 Cap.
800 2155 835 2194 3.
851 2153 891 2194 b.

148 2219 509 2272 Quicumque
543 2233 598 2262 ex
626 2217 835 2272 operibus
863 2217 971 2269 legis

171 2279 265 2337 j
291 2281 409 2326 sunt,
455 2276 536 2319 sub
582 2275 818 2318 maledicto
859 2278 971 2316 sunt.

148 2333 227 2355 ἘΞ
290 2333 512 2386 Scriptum
540 2338 607 2375 est
636 2332 765 2374 enim:
792 2330 970 2373 Maledi-

144 2394 240 2431 ctus
271 2389 429 2440 omnis,
462 2389 538 2442 qui
567 2402 656 2445 non
681 2387 973 2442 permanserit

142 2446 187 2486 in
215 2445 435 2496 omnibus,
468 2459 568 2498 quae
601 2445 765 2498 scripta
797 2448 898 2485 sunt
928 2449 972 2484 in

142 2501 255 2544 libro
284 2502 394 2553 legis
421 2507 470 2544 ut
498 2502 629 2544 faciat
657 2514 720 2543 ea.
757 2500 973 2551 Quouiam

145 2563 292 2600 autem
331 2559 375 2599 in
415 2558 513 2610 lege
548 2571 679 2600 nemo
715 2557 973 2610 justificatur

145 2614 264 2667 apud
281 2615 441 2664 Deum,
464 2616 744 2657 manifestum
763 2618 844 2655 est:
871 2612 973 2665 quia

144 2671 282 2723 justus
319 2684 373 2713 ex
408 2672 497 2714 fide
530 2672 648 2714 vivit.
701 2671 795 2712 Lex
826 2673 973 2710 autem

144 2740 233 2769 non
253 2733 320 2771 est
339 2742 394 2771 ex
411 2729 511 2778 fide,
531 2728 620 2778 sed,
641 2727 725 2778 Qui
744 2726 896 2768 fecerit
910 2739 972 2776 ea,

145 2785 265 2827 vivet
282 2785 327 2826 in
344 2785 440 2827 illis.
470 2785 668 2827 Christus
685 2796 767 2825 nos
786 2782 973 2825 redemit

1022 347 1077 390 de
1098 347 1334 390 maledicto
1353 347 1478 399 legis,
1503 349 1644 390 factus
1667 361 1749 401 pro
1773 361 1848 390 no-

1020 404 1090 445 bis
1108 404 1404 446 maledictum:
1424 405 1525 456 quia
1541 405 1752 457 scriptum
1768 410 1849 447 est:

1021 460 1282 502 Maledictus
1321 461 1462 502 omnis
1500 462 1574 513 qui
1609 461 1774 514 pendet
1806 462 1849 502 in

1020 517 1155 567 ligno:
1193 522 1241 558 ut
1271 518 1316 558 in
1349 518 1566 559 Gentibus
1598 518 1848 559 benedictio

1021 573 1215 615 Abrahae
1240 573 1365 616 fieret
1390 575 1434 615 in
1461 573 1635 615 Christo
1655 574 1679 615 J
1682 587 1775 624 esu,
1802 579 1850 616 ut

1021 630 1384 683 pollicitationem
1430 630 1618 683 Spiritus
1665 631 1848 683 accipia-

1020 699 1117 727 mus
1135 699 1216 739 per
1236 685 1379 728 fidem.

1075 746 1126 796 Ru
1151 747 1188 788 Ο
1211 748 1327 788 Crux
1346 746 1589 798 benedicta,
1612 748 1634 770 *
1652 749 1761 798 Quae
1781 761 1848 789 so-

1019 804 1062 845 la
1086 804 1205 845 fuisti
1231 803 1362 854 digna
1386 806 1566 856 portare
1590 817 1739 855 regem
1764 818 1848 847 coe-

1020 861 1165 901 lorum
1185 865 1229 901 et
1244 859 1479 901 deminum.
1506 856 1556 907 V.
1573 861 1610 901 O
1627 861 1744 902 Crux
1758 862 1847 912 glo-

1021 917 1148 967 riosa,
1169 929 1195 958 o
1217 917 1334 958 Crux
1353 916 1615 958 veneranda.
1643 918 1761 967 Quae.

1089 992 1154 1033 De
1173 991 1374 1044 Epistola
1394 990 1451 1033 ad
1470 990 1785 1044 Philippenses.

1127 1053 1279 1094 Lectio
1302 1053 1339 1093 ii.
1594 1053 1696 1104 Cap.
1712 1054 1747 1092 2.

1025 1105 1173 1210 Hoc
1192 1110 1306 1151 enim
1326 1111 1483 1151 sentite
1502 1109 1547 1149 in
1566 1108 1709 1159 vobis,
1730 1109 1850 1161 quod
1874 1137 1877 1140 -

1133 1171 1176 1208 et
1195 1166 1238 1206 in
1259 1165 1432 1207 Christo
1452 1166 1477 1206 J
1480 1179 1572 1207 esu:
1596 1166 1670 1218 qui
1690 1179 1788 1207 cum
1807 1166 1850 1206 in

1022 1224 1162 1265 forma
1181 1223 1265 1264 Dei
1291 1227 1423 1272 esset,
1451 1235 1539 1263 non
1565 1224 1761 1274 rapinam
1787 1235 1850 1263 ar-

1021 1281 1209 1323 bitratus
1229 1284 1295 1322 est
1316 1292 1414 1321 esse
1436 1292 1483 1321 se
1503 1279 1719 1332 aequalem
1738 1280 1850 1321 Deo:

1022 1337 1101 1379 sed
1116 1339 1401 1390 semetipsum
1417 1336 1653 1377 exinanivit
1666 1335 1850 1377 formam

1023 1395 1138 1444 servi
1170 1393 1408 1446 accipiens,
1446 1393 1489 1433 in
1522 1392 1850 1434 similitudinem

1021 1451 1249 1492 hominum
1273 1450 1429 1500 factus,
1459 1454 1502 1491 et
1527 1449 1680 1491 habitu
1704 1450 1850 1491 inven-

1022 1513 1092 1550 tus
1124 1513 1172 1549 ut
1203 1507 1349 1548 homo.
1403 1506 1661 1548 Humiliavit
1696 1511 1850 1548 semet-

1021 1567 1166 1618 ipsum
1201 1564 1342 1606 factus
1378 1563 1588 1605 obediens
1621 1575 1760 1616 usque
1795 1563 1850 1604 ad

1022 1626 1227 1671 mortem,
1271 1625 1460 1662 mortem
1505 1625 1651 1661 autem
1697 1620 1851 1661 crucis.

1022 1679 1211 1730 Propter
1249 1677 1370 1728 quod
1408 1682 1451 1718 et
1483 1677 1604 1718 Deus
1642 1676 1851 1718 exaltavit

1022 1735 1161 1784 illum,
1187 1739 1231 1776 et
1250 1734 1431 1777 donavit
1448 1733 1510 1774 illi
1529 1746 1703 1783 nomen,
1731 1733 1851 1785 quod

1024 1797 1092 1833 est
1117 1804 1250 1844 super
1280 1803 1408 1832 omne
1432 1802 1608 1831 nomen:
1636 1794 1684 1830 ut
1708 1789 1751 1830 in
1776 1792 1850 1830 no-

1023 1849 1139 1890 mine
1175 1848 1281 1889 Jesu
1322 1859 1468 1900 omne,
1493 1859 1608 1898 genu
1648 1846 1851 1887 flectatur

1024 1905 1283 1955 coelestium,
1309 1904 1583 1947 terrestrium
1603 1907 1646 1944 et
1665 1903 1850 1944 inferno-

1024 1977 1138 2013 rum,
1167 1967 1211 2004 et
1239 1962 1380 2003 omnis
1405 1961 1553 2012 lingua
1579 1960 1850 2010 confiteatur,

1025 2021 1127 2074 quia
1157 2019 1372 2061 Deminus
1406 2019 1534 2060 Jesus
1569 2017 1767 2059 Christus
1807 2017 1849 2057 in

1024 2078 1163 2129 gleria
1183 2082 1250 2120 est
1268 2075 1352 2118 Dei
1370 2075 1523 2121 Patris.

1076 2138 1127 2189 R.
1154 2137 1192 2179 O
1213 2137 1331 2178 Crux
1354 2135 1565 2187 gloriosa,
1592 2148 1619 2177 o
1640 2134 1758 2176 Crux
1781 2147 1850 2175 ve-

1023 2193 1235 2244 neranda,
1264 2206 1290 2234 o
1318 2193 1483 2244 lignum
1510 2192 1772 2245 pretiesum‚
1808 2195 1852 2232 et

1025 2250 1283 2294 admirabile
1302 2250 1489 2301 signum:
1508 2250 1530 2273 *
1550 2249 1636 2290 Per
1663 2247 1782 2301 quod
1808 2252 1850 2289 et

1025 2308 1228 2351 diabolus
1248 2311 1315 2348 est
1334 2307 1476 2348 victus
1497 2310 1540 2347 et
1553 2305 1740 2347 mundus
1754 2303 1848 2346 red-

1025 2367 1208 2417 emptus.
1259 2357 1311 2408 Ys-
1344 2363 1381 2405 Ο
1414 2363 1533 2404 Crux
1565 2357 1849 2410 admirabilis,

1025 2421 1254 2463 evacuatio
1274 2420 1519 2470 vulnerum,
1545 2418 1764 2461 restitutio
1784 2429 1848 2458 sa-

1024 2478 1220 2519 nitatum.
1248 2477 1333 2519 Per
1354 2476 1487 2529 quod.

1101 2553 1167 2593 De
1186 2550 1389 2604 Epistola
1408 2549 1465 2592 ad
1484 2549 1780 2591 Colossenses.

1153 2607 1306 2647 Lectio
1327 2607 1381 2646 iii.
1509 2606 1613 2655 Cap.
1628 2606 1664 2643 2.
1680 2603 1718 2643 b.

1071 2682 1099 2709 n
1120 2668 1297 2710 Christo
1322 2667 1536 2709 inhabitat
1554 2665 1694 2707 omnis
1714 2663 1848 2717 pleni-

1088 2725 1198 2768 tudo
1218 2724 1456 2767 divinitatis
1476 2721 1780 2775 corporaliter:
1805 2726 1850 2762 et

1025 2782 1130 2824 estis
1154 2782 1198 2823 in
1223 2782 1299 2824 illo
1325 2780 1498 2834 repleti,
1526 2779 1600 2831 qui
1628 2782 1694 2820 est
1717 2781 1850 2829 caput
