2040 2976
197 225 266 269 [12]

788 221 997 253 Commune
1024 220 1311 262 Apostolorum.

256 319 409 359 Bencd.
448 320 595 371 Cujus,
632 320 694 359 vel
733 322 927 367 Quorum
963 319 1021 361 fe-

197 382 310 418 stum
339 376 533 418 colimus.

482 432 630 472 Lectio
654 432 734 471 viii.

244 504 269 530 n
290 491 632 541 regeneratione,
658 503 757 531 cum
777 490 940 531 sederit
954 490 1020 530 F1‘-

263 547 347 587 lius
371 546 561 587 hominis
583 547 627 587 in
652 546 757 588 sede
782 546 1019 598 majestatis

196 617 287 644 suae
315 603 504 655 (quando
534 608 577 644 et
603 603 764 644 mortui
793 602 847 644 de
873 615 1018 644 eorru-

195 660 345 712 ptione
365 662 594 710 resurgent
609 660 875 712 incorrupti),
897 658 1018 700 sede-

194 715 297 758 bitis
326 722 370 757 et
397 729 476 757 vos
504 716 549 756 in
577 716 698 757 soliis
727 715 1018 768 judicantium,

195 772 540 814 condemnantes
555 772 788 814 duodecim
805 771 944 813 tribus
958 772 1018 812 Is-

195 828 302 869 rael:
340 829 442 881 quia
470 828 594 870 vobis
625 828 921 877 credentibus,
958 827 1019 868 illi

195 885 375 927 credere
404 885 647 926 noluerunt.
690 885 746 926 Et
774 885 916 926 omnis
945 884 1019 936 qui

194 942 418 994 reliquerit
442 941 631 990 domum,
659 941 728 982 vel
750 941 916 990 fratres,
944 946 1019 982 aut

195 1000 386 1046 sorores,
414 1003 489 1039 aut
511 1003 695 1050 patrem,
724 1002 798 1038 aut
822 1002 1017 1047 matrem,

194 1060 269 1096 aut
293 1057 491 1103 uxorem,
529 1059 603 1095 aut
626 1054 755 1103 filios,
789 1059 863 1095 aut
888 1067 1017 1104 agros

194 1116 375 1163 propter
395 1123 554 1152 nomen
573 1123 735 1159 meum,
765 1110 1017 1163 centuplum

194 1168 394 1220 accipiet,
424 1173 467 1209 et
490 1167 623 1208 vitam
647 1169 856 1208 aeternam
880 1167 1016 1219 possi-

192 1223 322 1265 debit.
362 1224 508 1265 Locus
532 1224 614 1264 iste
635 1237 734 1264 cum
754 1223 827 1264 illa
847 1225 1016 1265 senten-

190 1281 250 1322 tia
279 1281 494 1331 congruit,
536 1280 579 1320 in
609 1293 694 1332 qua
721 1280 922 1322 Salvator
954 1280 1014 1322 lo-

192 1337 350 1388 quitur:
390 1337 491 1378 Non
521 1337 620 1378 veni
648 1350 804 1389 pacem
831 1339 1015 1386 mittere,

191 1392 270 1434 sed
293 1392 496 1443 gladium.
537 1393 652 1434 Veni
676 1393 792 1434 enim
811 1396 1016 1446 separare

189 1449 411 1491 hominem
439 1463 464 1490 a
491 1455 615 1502 patre
639 1462 735 1499 suo,
765 1456 808 1491 et
831 1456 1016 1492 matrem

189 1519 214 1546 a
229 1506 327 1555 filia,
349 1512 392 1548 et
406 1519 562 1547 nurum
583 1519 607 1547 a
626 1519 771 1547 socru:
791 1512 835 1548 et
853 1507 1016 1548 inimici

188 1562 376 1603 hominis
402 1563 634 1604 domestici
660 1564 761 1614 ejus.
801 1564 884 1613 Qui
910 1576 1015 1614 ergo

188 1624 371 1671 propter
390 1619 522 1660 fidem
541 1619 713 1668 Christi,
743 1625 786 1661 et
805 1619 1015 1672 praedica-

189 1676 353 1716 tionem
376 1675 617 1726 Evangelii,
655 1688 808 1717 omnes
833 1676 1015 1718 affectus

191 1733 551 1784 contempserint,
594 1738 726 1784 atque
762 1732 936 1774 divitias
974 1739 1017 1774 et

191 1788 338 1829 saeculi
366 1788 630 1841 voluptates:
666 1789 737 1830 isti
766 1790 1017 1842 centuplum

192 1845 416 1896 recipient,
436 1850 479 1886 et
498 1846 632 1887 vitam
652 1847 861 1887 aeternam
880 1847 1016 1898 possi-

195 1899 370 1942 debunt.

246 1959 292 1998 R„
322 1958 399 1998 Isti
420 1963 520 1999 sunt
538 1959 618 1999 viri
637 1959 786 2008 sancti,
808 1972 919 2011 quos
935 1959 1017 2001 ele-

195 2013 257 2063 git
276 2013 526 2055 Dominus
515 2029 559 2055 1n
583 2016 765 2057 caritate
790 2029 877 2057 non
905 2017 1018 2066 ficta,

196 2074 239 2110 et
259 2069 380 2111 dedit
398 2070 482 2111 illis
496 2071 679 2122 gloriam
694 2073 1018 2125 sempiternam:

191 2128 211 2148 ¹*
235 2126 430 2174 Quorum
446 2127 644 2169 doctrina
660 2129 795 2179 fulget
810 2129 1017 2179 Ecclesia,

196 2187 243 2222 ut
267 2182 359 2223 sole
384 2183 495 2224 luna.
533 2181 578 2230 Υ.
612 2185 758 2226 Sancti
783 2199 862 2238 per
886 2186 1018 2228 fidem

195 2238 392 2279 vicerunt
414 2252 561 2290 regna:
589 2242 758 2293 operati
778 2248 878 2284 sunt
902 2243 1018 2294 justi-

195 2294 311 2334 tiam.
340 2295 545 2345 Quorum.
572 2297 734 2338 (J'loria.
764 2299 970 2348 Quorum.

246 2351 404 2391 Bened.
442 2351 512 2393 Ad
530 2354 795 2396 societatem.

492 2411 639 2452 Lectio
663 2414 712 2451 ix.

275 2477 302 2504 x
345 2465 575 2506 occasione
620 2465 743 2515 hujus
791 2468 1016 2508 sententiae

300 2519 477 2572 quidam
504 2521 785 2563 introducunt
808 2523 924 2564 mille
948 2537 1018 2564 an-

196 2589 276 2617 nos
294 2583 396 2629 post
416 2578 791 2626 resurrectionem,
813 2578 1019 2628 dieentes,

196 2638 299 2674 tunc
324 2632 450 2674 nobis
475 2633 725 2686 centuplum
748 2635 938 2675 omnium
958 2649 1019 2677 re-

197 2703 292 2730 rum
320 2703 428 2741 quas
452 2689 709 2738 dimisimus,
745 2696 788 2731 et
808 2691 942 2731 vitam
966 2705 1020 2733 ae-

196 2747 364 2787 ternam
391 2759 486 2787 esse
515 2745 800 2787 reddendam:
843 2760 930 2788 non
959 2748 1019 2788 in—

1072 318 1333 369 telligentes,
1363 318 1499 370 quod,
1529 318 1566 359 si
1591 318 1635 359 in
1659 319 1816 360 ceteris
1840 318 1901 361 di-

1071 388 1155 426 gna
1189 375 1244 416 sit
1277 375 1577 427 repromissio,
1614 375 1656 415 in
1689 375 1901 418 uxoribus

1072 433 1284 484 appareat
1310 431 1557 484 turpitudo:
1594 436 1643 472 ut
1668 432 1742 484 qui
1769 445 1901 474 unam

1071 500 1152 540 pro
1176 488 1368 530 Domino
1389 487 1612 538 dimiserit,
1640 493 1815 530 centum
1836 502 1900 531 re·

1071 545 1204 597 cipiat
1227 545 1271 585 in
1296 545 1456 586 futoro.
1499 545 1661 586 Sensus
1688 557 1792 597 ergo
1817 546 1900 588 iste

1071 606 1152 643 est:
1181 601 1263 651 Qui
1283 601 1472 642 camalia
1491 614 1573 654 pro
1591 601 1820 644 Salvatore
1839 601 1899 644 di-

1070 658 1252 707 miserit,
1290 658 1531 710 spiritualia
1564 659 1761 711 recipiet:
1801 672 1899 712 quae

1071 715 1399 767 comparatione
1429 720 1472 756 et
1498 715 1656 756 merito
1685 715 1753 756 sui
1773 716 1834 757 ita
1859 729 1899 757 e-

1070 776 1187 821 runt,
1201 772 1326 823 quasi
1345 772 1382 812 si
1395 784 1534 824 parvo
1554 774 1738 813 numero
1757 778 1900 814 cente-

1070 827 1217 869 narius
1235 831 1443 869 numerus
1463 830 1754 881 comparetur.

1128 889 1274 923 Deinde
1293 891 1433 924 dicitur
1451 890 1643 934 Hymnus:

1127 942 1186 982 Te
1204 941 1348 982 Deum
1368 941 1609 983 laudamus.
1634 943 1691 983 13.

1334 1014 1414 1055 Ad
1435 1013 1633 1055 Laudes

1292 1081 1310 1102 e
1326 1076 1337 1102 t
1375 1079 1398 1111 p
1415 1082 1433 1102 e
1448 1079 1465 1101 r
1501 1068 1536 1102 H
1552 1079 1574 1102 o
1592 1079 1607 1101 r
1621 1081 1641 1101 a
1657 1080 1683 1102 s.

1127 1125 1223 1164 Ant.
1251 1127 1276 1163 l.
1314 1125 1407 1165 Hoc
1427 1129 1494 1166 est
1517 1126 1790 1178 praeceptum
1811 1138 1898 1166 me-

1068 1194 1157 1230 um,
1181 1181 1204 1206 *
1237 1186 1285 1222 ut
1318 1180 1507 1232 diligatis
1543 1181 1747 1231 invicem,
1785 1182 1898 1223 sieut

1069 1237 1201 1278 dilexi
1228 1249 1319 1278 vos.

1127 1295 1278 1334 l’salm.
1313 1295 1525 1336 Dominus
1558 1295 1766 1346 regnavit.
1803 1309 1901 1336 cum

1074 1351 1262 1402 reliquis.
1287 1352 1345 1391 14.

1123 1409 1158 1447 2.
1198 1408 1406 1460 Majorem
1445 1408 1672 1450 caritatem
1708 1409 1731 1434 *
1767 1421 1896 1450 nemo

1068 1463 1212 1513 habet,
1231 1470 1280 1506 ut
1299 1465 1489 1506 animam
1509 1478 1633 1506 suam
1649 1470 1786 1517 ponat
1801 1465 1898 1518 quis

1067 1534 1149 1574 pro
1170 1521 1321 1562 amicis
1341 1522 1441 1562 suis.

1124 1580 1159 1617 33.
1191 1578 1279 1619 Vos
1301 1578 1428 1620 amici
1446 1579 1532 1620 mei
1553 1578 1669 1627 estis,
1688 1579 1712 1603 *
1732 1578 1767 1619 si
1788 1578 1898 1620 feee-

1069 1635 1162 1676 ritis
1183 1648 1281 1687 quae
1300 1635 1511 1688 praeeipio
1530 1634 1669 1684 vobis,
1689 1634 1796 1676 dicit
1810 1635 1898 1676 Do-

1068 1705 1221 1732 mmus.

1122 1750 1159 1787 4.
1189 1749 1310 1790 Beati
1334 1749 1520 1801 pacifici,
1539 1749 1563 1774 *
1590 1748 1710 1790 beati
1733 1747 1897 1790 mundo

1070 1803 1218 1846 corde:
1258 1806 1463 1858 quoniam
1490 1805 1576 1858 ipsi
1603 1805 1747 1846 Deum
1781 1805 1898 1846 vide-

1070 1861 1190 1903 bunt

1122 1920 1159 1958 Γ).
1193 1920 1239 1959 ln
1263 1919 1473 1972 patientia
1492 1924 1639 1960 vestra
1659 1920 1683 1944 *
1702 1917 1898 1972 posside-

1069 1974 1171 2016 bitis
1191 1976 1358 2017 animas
1377 1981 1557 2018 vestras.

1150 2046 1409 2096 Capitulum.
1561 2046 1714 2098 Ephes.
1729 2048 1764 2086 2.
1781 2046 1820 2087 d.

1070 2101 1305 2207 Fratres:
1333 2107 1430 2147 Jam
1453 2119 1540 2148 non
1566 2107 1671 2148 estis
1690 2105 1899 2158 hospites,

1167 2168 1211 2205 et
1226 2162 1422 2204 advenae:
1449 2163 1528 2204 sed
1547 2164 1652 2204 estis
1671 2163 1788 2204 cives
1805 2175 1899 2203 san-

1071 2221 1258 2269 ctorum,
1292 2225 1335 2261 et
1363 2219 1592 2262 domestici
1620 2220 1717 2262 Dei:
1750 2231 1899 2272 super-

1071 2275 1275 2318 aedificati
1291 2289 1422 2329 super
1437 2276 1767 2319 fundamentum
1781 2276 1899 2328 Apo-

1072 2332 1285 2373 stolorum
1327 2338 1371 2374 et
1406 2333 1748 2386 Prophetarum,
1800 2332 1905 2385 ipso.

1072 2394 1197 2430 sumo
1218 2389 1413 2440 angulari
1432 2389 1578 2442 lapide
1594 2389 1768 2431 Christo
1784 2389 1807 2430 J
1811 2401 1899 2431 esu.

1125 2446 1171 2497 Rg.
1200 2446 1298 2487 Deo
1318 2447 1493 2497 gratias.

1382 2514 1587 2564 Hymnus.

1175 2581 1339 2623 xsultet
1360 2581 1479 2623 orbis
1499 2581 1687 2633 gaudiis:

1202 2637 1372 2679 Coelum
1392 2638 1575 2679 resultet
1593 2637 1813 2679 laudibus:

1151 2694 1470 2746 Apostolorum
1489 2694 1675 2745 gloriam

1150 2750 1300 2791 Tellus
1320 2755 1363 2792 et
1381 2756 1499 2792 astra
1517 2750 1763 2791 concinunt.
