2040 2976
302 174 373 207 Die
392 174 445 208 18.
460 174 547 207 Jun.
573 174 629 208 Ss.
644 174 765 207 Marci
782 178 817 207 et
830 173 1069 207 Marcelliani
1086 152 1171 207 Mm.
1186 192 1198 197 -
1216 175 1266 218 19.
1285 175 1319 208 S
1334 175 1410 209 Jul.
1425 176 1471 209 de
1486 176 1587 209 Falc.
1605 176 1708 218 Virg.

456 270 608 311 Lectio
628 270 684 310 iii.

156 312 327 436 Quos
341 336 418 378 ubi
430 338 752 379 constantiares
765 350 863 402 esse
874 339 990 379 com-

260 393 389 445 perit,
422 393 593 435 demitti
619 393 739 446 jubet
765 394 809 434 in
837 407 989 445 mgens

156 462 234 491 vas
249 449 418 502 liquato
434 449 627 502 plumbo,
646 450 830 492 ferventi
845 453 990 492 resina

157 519 209 547 ac
227 506 327 558 pice
347 506 541 558 plenum:
566 506 611 546 in
631 519 718 559 quo
740 519 839 547 cum
858 507 990 548 trium

156 563 452 604 Hebraeorum
475 565 715 615 puerorum
736 575 860 604 more
881 563 987 604 divi·
1058 585 1065 614 χ
1082 582 1109 617 ιι-ζὲ

155 631 236 660 nos
262 619 450 671 hymnos
471 621 691 669 canerent,
719 618 821 660 inde
847 620 988 672 erepti

155 675 274 716 leeni
297 675 575 727 objiciuntur:
602 676 677 727 qui
700 677 988 728 prosternens

156 744 219 780 se,
243 734 396 773 eorum
415 730 555 785 pedes
573 731 807 773 lambebat.
842 732 987 782 Quare

155 787 451 829 inflammatus
479 788 544 829 ira
571 788 829 840 imperator,
866 788 988 840 quod

154 843 481 885 multitudinem
536 843 717 885 videbat
773 844 987 886 miraculo

155 900 441 950 commoveri,
474 913 552 941 eos
580 900 623 941 in
654 903 823 956 catasta
852 901 988 942 sterni

153 955 290 1007 jubet,
320 962 364 997 et
382 956 444 997 ita
463 955 576 998 caedi
600 959 753 999 eorum
778 957 986 1007 membra,

153 1016 287 1064 atque
322 1025 424 1053 ossa
457 1012 615 1054 divelli.
657 1014 754 1064 Quo
787 1015 987 1066 tempore

154 1070 359 1119 tonitrua,
378 1068 562 1120 fulgura,
584 1072 820 1122 magnique
839 1075 986 1112 terrae-

153 1127 298 1166 motus
327 1125 468 1175 fuere,
503 1125 662 1177 quibus
690 1127 856 1179 templa
885 1127 987 1168 dea-

153 1193 251 1222 rum
270 1183 548 1232 corruerunt,
575 1187 619 1224 et
637 1183 762 1225 multi
783 1183 988 1236 oppressi

154 1242 264 1279 sunt.
318 1238 485 1279 Eorum
522 1239 730 1291 reliquias
762 1239 988 1281 Florentia

152 1292 313 1335 nabilis
333 1294 503 1344 femina,
522 1296 755 1346 unguentis
776 1296 987 1345 conditas,

152 1348 396 1392 honorifice
415 1351 629 1403 sepelivit.

205 1411 270 1451 Te
288 1411 434 1452 Deum
452 1411 695 1453 laudamus.
714 1414 772 1453 13.

200 1474 273 1517 Ad
305 1475 439 1518 Laud.
498 1476 599 1518 Ant.
658 1477 806 1519 Vestri
838 1479 985 1531 capilli

153 1531 311 1583 capitis
340 1545 493 1574 omnes
520 1534 737 1575 numerati
766 1540 881 1576 sunt:
908 1548 982 1576 110-

151 1587 228 1629 lite
251 1587 420 1630 timere:
445 1589 591 1632 multis
616 1591 870 1642 passeribus
895 1605 982 1634 me·

150 1642 282 1685 liores
303 1645 409 1686 estis
428 1658 520 1687 vos.

199 1704 251 1756 V.
280 1708 577 1752 Exsultabunt
606 1712 747 1753 sancti
770 1712 814 1753 in
833 1713 981 1763 gleria.

147 1763 198 1815 R.
219 1763 509 1807 Laetabuntur
527 1767 572 1807 in
591 1767 808 1810 cubilibus
828 1769 929 1810 suis.

414 1860 497 1901 Die
516 1861 575 1901 18.
595 1861 620 1901 J
621 1862 721 1903 unii.

233 1927 303 1968 Ss.
329 1927 488 1969 Marci
515 1936 558 1972 et
580 1929 899 1972 Marcelliani

435 1988 686 2039 Martyrum.

202 2050 276 2093 Ad
290 2051 426 2104 Vesp.
445 2053 546 2093 Ant.
566 2052 759 2093 Istorum
780 2058 848 2095 est
867 2055 981 2096 enim

151 2118 335 2156 regnum
354 2106 585 2157 coelorum,
612 2108 686 2160 qui
706 2113 981 2163 contempse-

149 2166 250 2204 runt
269 2163 406 2204 vitam
423 2162 590 2214 mundi,
619 2169 664 2206 et
687 2169 982 2217 pervenerunt

150 2217 208 2259 ad
230 2218 413 2271 praemia
423 2220 574 2270 ‘regni‚
603 2225 646 2262 et
668 2220 871 2264 laverunt
894 2228 980 2265 sto-

150 2272 215 2314 las
234 2287 335 2316 suas
353 2275 398 2315 in
417 2276 627 2327 sanguine
646 2277 774 2328 Agni.

196 2334 247 2385 V.
278 2339 512 2381 Laetamini
534 2341 579 2382 in
602 2341 812 2392 Domino,
841 2348 884 2384 et
911 2356 980 2384 ex-

151 2393 312 2436 sultate
339 2396 450 2448 justi.
486 2397 538 2448 Rz.
573 2398 630 2439 Et
662 2398 909 2449 gloriamini
938 2412 981 2440 o-

150 2463 274 2492 mnes
293 2452 400 2493 recti
423 2453 569 2495 corde.

482 2518 645 2559 Oratio.

235 2581 367 2618 raesta
410 2580 661 2629 quaesumus
703 2581 982 2631 omnipotens

245 2632 382 2674 Deus:
410 2638 459 2675 ut
488 2634 562 2685 qui
590 2636 843 2675 sanctarum
870 2636 981 2676 Mar-

150 2691 297 2738 tyrum
310 2690 490 2730 tuorum
504 2689 642 2730 Marci
657 2694 700 2731 et
714 2690 982 2732 Marcelliani

1809 181 1876 217 339

1042 272 1242 314 natalitia
1266 274 1465 324 calimus3
1499 288 1524 316 a
1552 276 1721 318 cunctis
1748 277 1875 318 malis

1042 329 1370 371 imminentibus
1390 333 1542 372 eorum
1555 333 1874 375 intercessieni-

1042 385 1125 426 bus
1146 384 1392 427 liberemur.
1419 387 1505 428 Per
1522 388 1771 431 Deminum.

1092 444 1143 495 R.
1163 443 1203 483 ii.
1230 442 1343 483 Haec
1363 448 1430 484 est
1448 456 1564 485 vera.
1583 444 1666 497 [43]

1341 510 1493 551 Lectio
1514 511 1568 550 iii.

1062 621 1066 625 μ
1115 607 1126 628 ,-
1157 584 1285 613 arcus
1310 578 1354 614 et
1378 573 1687 616 Marcellianus
1716 575 1875 618 fratres

1062 628 1075 654 ‘4
1096 627 1122 664 ΣΒ)
1147 627 1149 629 ’
1172 629 1372 678 Romani,
1391 635 1577 682 propter
1593 631 1875 673 christianam

1040 683 1174 726 fidem
1185 697 1210 725 a
1220 684 1418 727 Fabiano
1434 685 1546 727 duce
1558 688 1874 740 comprehensi,

1041 741 1097 782 ad
1123 742 1320 794 stipitem
1345 741 1514 792 alligati
1539 749 1657 794 sunt,
1685 744 1875 797 pedibus

1041 797 1176 839 clavis
1205 798 1401 848 confixi-s.
1443 798 1516 840 Ad
1546 813 1658 851 quos
1687 814 1786 842 cum
1813 802 1875 843 ita

1039 854 1296 906 loqueretur
1322 854 1469 906 judex:
1500 855 1767 909 Resipiscite
1799 861 1874 899 mi-

1041 911 1143 961 seri,
1177 915 1221 952 et
1245 923 1326 952 vos
1350 911 1474 964 ipsos
1500 912 1556 954 ab
1582 912 1650 954 his
1678 914 1874 956 cruciati-

1045 967 1128 1008 bus
1162 969 1333 1020 eripite:
1366 968 1704 1021 responderunt:
1740 970 1873 1011 Num-

1042 1038 1174 1077 quam
1198 1031 1289 1067 tam
1312 1025 1501 1077 jucunde
1526 1025 1692 1078 epulati
1713 1039 1874 1076 sumus,

1042 1094 1174 1133 quam
1209 1081 1306 1123 haec
1345 1082 1534 1124 libenter
1570 1082 1595 1122 J
1599 1095 1676 1123 esu
1714 1083 1875 1125 Christi

1042 1151 1174 1180 causa
1199 1139 1478 1190 perferimus,
1506 1139 1550 1179 in
1577 1140 1698 1191 cujus
1725 1142 1874 1181 amore

1040 1207 1155 1235 nunc
1192 1195 1269 1236 fixi
1306 1208 1404 1236 esse
1439 1195 1671 1248 coepimus:
1707 1196 1874 1237 utinam

1039 1250 1209 1292 tamdiu
1230 1264 1311 1292 nos
1336 1251 1433 1293 haec
1452 1251 1546 1304 pati
1566 1252 1696 1301 sinat,
1727 1255 1872 1304 quam-

1041 1307 1115 1348 diu
1130 1308 1215 1349 hoc
1230 1307 1508 1360 corruptibili
1525 1310 1713 1361 cerpore
1728 1310 1875 1351 vestiti

1040 1364 1212 1404 erimus.
1266 1365 1350 1414 Qui
1384 1364 1502 1406 diem
1533 1367 1798 1417 noctemque
1830 1366 1873 1406 in

1038 1420 1269 1462 tormentis
1290 1420 1460 1462 divinas
1479 1421 1635 1463 laudes
1656 1424 1872 1471 canentes,

1038 1475 1229 1528 denique
1249 1477 1348 1518 telis
1368 1477 1579 1527 transfixi,
1600 1477 1657 1519 ad
1676 1479 1874 1530 martyrii

1037 1532 1223 1582 gloriam
1239 1535 1544 1585 pervenerunt.
1566 1534 1765 1584 Quorum
1780 1537 1871 1576 cor-

1036 1601 1147 1640 pora
1166 1589 1237 1630 via
1257 1589 1500 1632 Ardeatina
1521 1590 1696 1643 sepulta
1715 1596 1824 1632 sunt.

1090 1649 1152 1690 Te
1171 1650 1317 1691 Deum
1334 1650 1578 1692 laudamus.
1598 1653 1657 1692 13.

1086 1716 1158 1757 Ad
1190 1716 1325 1757 Laud.
1376 1717 1476 1757 Ant.
1536 1717 1683 1758 Vestri
1725 1717 1872 1770 capilli

1037 1770 1194 1822 capitis
1222 1784 1375 1814 omnes
1404 1773 1623 1814 numerati
1652 1778 1769 1815 sunt:
1798 1787 1871 1815 no·
1915 1783 1917 1786 ⁴

1034 1825 1110 1867 lite
1129 1827 1301 1869 timere:
1328 1828 1476 1870 multis
1504 1829 1759 1881 passeribus
1784 1842 1871 1870 me-

1035 1881 1167 1923 liores
1188 1884 1294 1925 estis
1314 1897 1406 1926 vos.

1086 1939 1138 1989 V.
1162 1944 1460 1986 Exsultabunt
1486 1946 1626 1987 sancti
1649 1946 1693 1986 in
1717 1946 1871 1997 gleria.

1034 2003 1085 2053 Rz.
1103 1999 1394 2042 Laetabuntur
1413 2001 1457 2041 in
1479 2001 1696 2043 cubilibus
1716 2002 1819 2043 suis.

1301 2095 1385 2136 Die
1405 2096 1465 2136 19.
1484 2096 1509 2136 J
1510 2096 1610 2137 unii.

1035 2162 1078 2203 S.
1099 2162 1130 2203 J
1131 2161 1318 2204 ulianae
1340 2163 1401 2204 de
1419 2163 1732 2206 Falconeriis
1744 2163 1863 2212 virg.

1367 2226 1533 2269 Duplex.

1086 2283 1222 2317 Omnia
1256 2283 1303 2317 de
1329 2283 1534 2318 Communi
1557 2283 1762 2327 Virginum
1795 2283 1866 2326 [83]

1031 2336 1174 2374 praeter
1198 2341 1304 2374 sequ.

1207 2398 1258 2437 In
1276 2399 1467 2450 utrisque
1485 2400 1696 2451 Vesperis.

1343 2461 1554 2511 Hymnus.
1618 2477 1627 2485 »

1084 2511 1154 2619 C
1165 2526 1332 2569 oelestis
1352 2530 1468 2580 Agni
1485 2530 1664 2583 nuptias

1181 2583 1219 2624 O
1239 2584 1264 2624 J
1266 2584 1424 2635 uliana‚
1445 2586 1549 2628 dum
1567 2587 1693 2639 petis,

1138 2639 1332 2682 Domum
1350 2643 1581 2693 paternam
1600 2642 1777 2690 deseris,

1139 2694 1422 2748 Choramque
1442 2696 1566 2738 ducis
1584 2697 1825 2747 Virginum.
