2040 2976
741 191 951 225 Commune
978 192 1091 225 unius
1118 190 1308 233 Martyris

222 292 319 329 Ant.
351 290 395 329 In
418 289 619 330 universa
646 293 764 330 terra
791 288 932 339 gleria
953 293 996 329 et

166 345 333 386 honere
362 345 585 386 coronasti
613 358 723 386 eum.

222 398 581 448 X'.PosuistiDfie
598 415 729 454 super
745 406 876 455 caput
894 403 995 453 ejus.

175 460 219 510 Rg.
237 458 457 498 Coronam
477 457 532 499 de
553 457 700 510 lapide
721 459 929 511 pretioso.

226 516 349 556 l'ater
377 519 537 556 noster.

223 571 467 611 Absolutis).
500 573 637 623 Ipsius
655 573 807 624 pietas.

225 626 271 674 Y.
296 628 320 668 J
324 627 409 669 ube
438 628 599 670 domne
620 627 901 670 benedicere.

227 684 384 725 Bencd.
414 684 532 726 Deus
551 685 681 726 Pater
707 687 996 737 omnipotens.

170 750 320 792 Sermo
349 751 488 791 sancti
516 751 748 806 Augustini
776 750 997 803 Episcopi.

355 807 471 839 scrin.
497 806 548 838 44.
576 806 621 839 de
647 804 809 838 Sanctis.

472 856 622 896 Lectio
644 856 694 895 iv.

170 944 207 970 «2
235 917 252 918 ’
282 915 546 968 riumphalis
569 915 687 956 beati
713 915 918 966 Martyris
947 912 998 951 N-

170 961 211 1021 53³2„
238 968 284 1031 '14'ss
310 971 403 1013 dies
436 971 567 1012 hodie
595 971 724 1012 nobis
749 972 996 1013 anniversa-

181 1025 203 1036 '‘
310 1029 372 1069 ria
385 1028 638 1070 celebritate
659 1029 856 1069 recurrit:
876 1029 996 1080 cujus

167 1084 473 1135 glorificationi
503 1085 614 1126 sicut
641 1079 890 1135 congaudet
917 1085 996 1126 Ec-

168 1141 314 1191 clesia,
350 1142 412 1183 sic
433 1143 523 1194 ejus
544 1142 755 1194 propenit
774 1141 998 1193 sequenda

168 1199 363 1248 vestigia.
406 1198 451 1239 Si
479 1199 595 1239 enim
623 1198 929 1250 compatimur,
955 1203 998 1239 et

169 1254 607 1306 conglorificabimur.
634 1256 685 1295 In
701 1256 821 1306 cujus
836 1255 996 1306 glorio-

167 1324 217 1352 so
236 1314 377 1362 agene
397 1311 484 1353 duo
504 1311 633 1353 nobis
652 1315 878 1364 praecipue
898 1325 997 1353 con-

168 1367 402 1409 sideranda
427 1374 542 1409 sunt:
570 1369 771 1410 indurata
791 1369 997 1411 videlicet

166 1425 348 1466 tortoris
364 1426 543 1475 saevitia,
560 1431 603 1467 et
614 1426 821 1478 Martyris
837 1426 997 1467 invicta

168 1482 389 1534 patientia.
425 1482 603 1524 Saevitia
621 1483 815 1532 torteris,
834 1488 881 1524 ut
902 1496 998 1524 eam

169 1538 450 1579 detestemur:
477 1540 690 1591 patientia
709 1540 927 1592 Martyris,
951 1545 998 1581 ut

169 1608 265 1636 eam
298 1596 527 1636 imitemur.
573 1596 691 1637 Audi
721 1596 999 1637 Psalmistam

168 1651 380 1692 adversus
423 1652 635 1693 malitiam
679 1653 997 1705 increpantem:

168 1708 271 1749 Noli
314 1708 510 1749 aemulari
550 1709 593 1749 in
639 1709 998 1760 malignantibus:

171 1765 377 1816 queniam
420 1770 645 1817 tamquam
685 1766 851 1807 foenum
883 1766 998 1808 velo-

169 1821 278 1862 citer
315 1823 526 1863 arescent.
575 1822 705 1873 Quod
741 1829 890 1864 autem
926 1823 997 1865 ad-

169 1880 321 1919 versus
359 1879 647 1929 malignantes
682 1881 895 1933 patientia
929 1894 998 1922 ex-

169 1934 359 1976 hibenda
386 1936 456 1985 sit,
490 1936 592 1978 audi
610 1937 878 1990 Apestolum
902 1951 996 1979 sua-

170 1991 360 2033 dentem:
379 1993 593 2034 Patientia
607 1993 735 2035 vobis
751 1995 999 2036 necessaria

171 2053 248 2097 est,
276 2053 323 2089 ut
344 2051 576 2101 reportetis
596 2052 923 2103 promissiones.

228 2105 273 2155 lxffv.
302 2106 547 2147 Honestum
572 2107 676 2149 fecit
702 2108 825 2149 illum
849 2109 997 2150 Domi-

171 2174 263 2210 nus,
286 2166 329 2202 et
349 2162 588 2205 custodivit
608 2177 707 2205 eum
727 2165 782 2206 ab
802 2165 998 2215 inimicis,

172 2222 215 2259 et
243 2231 269 2258 a
294 2217 601 2261 seductoribus
627 2222 787 2263 tutavit
811 2222 948 2263 illum:
977 2224 998 2247 *

172 2275 228 2316 Et
257 2274 380 2316 dedit
412 2275 473 2315 illi
508 2276 751 2319 claritatem
781 2281 999 2320 aeternam.

173 2322 222 2374 V.
249 2331 577 2384 Descenditque
597 2346 695 2375 cum
721 2335 795 2377 illo
819 2336 863 2376 in
883 2336 999 2378 fove-

172 2401 257 2437 am,
295 2388 409 2481 eltztin
437 2389 619 2431 vinculis
649 2404 737 2432 non
766 2392 1000 2446 dereliquit

173 2453 283 2481 eum.
370 2472 378 2480 .

230 2494 384 2535 Bened.
415 2497 615 2539 Christus
634 2502 872 2551 perpetuae.

484 2553 633 2593 Lectio
657 2568 691 2594 v.

174 2601 433 2709 Coronata
452 2612 600 2662 itaque
621 2616 688 2652 est
706 2611 825 2653 beati
839 2612 999 2665 Marty-

264 2667 321 2707 ris
341 2667 567 2719 patientia:
591 2668 839 2720 mancipata
857 2674 924 2710 est
945 2682 999 2710 ae-

172 2724 308 2765 ternis
328 2723 594 2766 cruciatibus
612 2725 793 2766 torteris
813 2725 999 2768 incorre-

1048 293 1119 329 cta
1132 287 1309 328 malitia.
1320 288 1421 329 Hoc
1434 287 1665 330 attendens
1679 289 1723 329 in
1737 291 1879 341 agene

1048 357 1127 385 suo
1151 344 1370 394 gloriosus
1397 344 1559 386 Christi
1585 345 1765 396 athleta,
1790 358 1879 387 non

1049 400 1274 442 exherruit
1302 403 1534 442 carcerem.
1575 401 1648 443 Ad
1673 402 1878 444 imitatie-

1048 470 1147 499 nem
1178 457 1335 509 capitis
1369 458 1435 499 sui
1466 458 1673 500 toleravit
1704 459 1879 512 probra,

1049 514 1255 555 sustinuit
1274 515 1511 564 irrisic'mes,
1532 515 1704 566 flagella
1722 528 1811 557 non
1829 518 1879 557 ti-

1050 571 1174 612 muit:
1216 577 1259 613 et
1295 576 1404 623 quot
1438 576 1538 613 ante
1571 577 1762 614 mortem
1795 585 1879 625 pro

1050 627 1225 670 Christo
1259 628 1440 681 pertulit
1471 628 1705 681 supplicia,
1739 634 1808 671 tot
1841 629 1881 671 ei

1050 684 1105 726 de
1124 698 1170 726 se
1191 685 1353 727 obtulit
1372 685 1598 726 sacrificia.
1619 685 1751 736 Quod
1765 686 1881 727 enim

1049 742 1309 794 propinante
1329 742 1551 795 Apostolo
1571 742 1761 792 biberat,
1793 743 1881 785 alte

1054 798 1285 840 retinebat:
1305 799 1417 849 Quia
1430 811 1518 840 non
1534 804 1636 841 sunt
1650 799 1881 851 condignae

1049 856 1280 908 passiones
1300 855 1426 907 hujus
1452 856 1666 908 temporis
1690 855 1748 898 ad
1770 856 1881 898 futu-

1050 925 1143 953 ram
1170 912 1374 963 gloriam,
1413 925 1512 964 quae
1540 913 1808 954 revelabitur
1837 914 1882 954 in

1050 968 1188 1010 nobis.
1220 970 1276 1010 Et
1298 970 1400 1021 quia
1419 973 1776 1012 momentaneum
1796 970 1882 1011 hoc

1051 1030 1094 1066 et
1114 1025 1211 1067 leve
1230 1032 1395 1067 nostrae
1418 1026 1730 1077 tribulationis,
1758 1029 1882 1069 aeter-

1050 1095 1153 1123 num
1185 1082 1338 1134 gleriae
1378 1083 1554 1135 pondus
1592 1086 1802 1136 operatur
1838 1084 1882 1125 in

1051 1139 1187 1180 coelis.
1225 1140 1366 1191 Hujus
1395 1140 1702 1192 promissienis
1731 1142 1883 1182 amore

1050 1208 1075 1236 a
1111 1196 1298 1238 terrenis
1334 1198 1593 1249 suspensus,
1636 1202 1679 1239 et
1712 1210 1882 1250 praegu-

1051 1255 1167 1294 stata
1183 1255 1386 1306 supernae
1404 1254 1633 1296 suavitatis
1649 1254 1883 1296 dulcedine

1050 1309 1330 1351 ineffabiliter
1350 1309 1550 1360 affectus,
1585 1310 1762 1352 dicebat
1782 1323 1883 1352 cum

1050 1366 1298 1408 psalmista:
1328 1367 1445 1417 Quid
1466 1367 1573 1422 mihi
1597 1373 1665 1409 est
1690 1368 1735 1408 in
1756 1367 1883 1418 coelo,

1053 1429 1096 1465 et
1125 1437 1150 1465 a
1177 1429 1222 1465 te
1251 1424 1358 1476 quid
1384 1424 1503 1465 valui
1531 1437 1664 1477 super
1692 1422 1882 1466 terram?

1051 1481 1224 1522 Defecit
1258 1494 1361 1522 caro
1399 1494 1498 1522 mea
1531 1487 1574 1523 et
1608 1494 1685 1523 cor
1717 1494 1883 1523 meum:

1050 1538 1171 1579 Deus
1188 1537 1335 1579 cordis
1350 1539 1447 1589 mei,
1470 1543 1512 1580 et
1527 1551 1633 1591 pars
1647 1551 1746 1580 mea
1760 1538 1883 1580 Deus

1051 1594 1094 1634 in
1113 1596 1338 1636 aeternum.

1107 1651 1156 1702 R.
1189 1651 1471 1692 Desiderium
1504 1651 1662 1693 animae
1691 1652 1782 1703 ejus
1810 1651 1884 1692 tri-

1051 1707 1186 1749 buisti
1219 1708 1259 1749 ei
1287 1708 1491 1759 Demine,
1518 1708 1540 1731 *
1572 1708 1629 1749 Et
1656 1707 1884 1749 voluntate

1051 1764 1269 1806 labierum
1297 1766 1388 1816 ejus
1415 1777 1503 1806 non
1528 1763 1742 1806 fraudasti
1773 1777 1884 1805 eum.

1055 1814 1105 1866 V·
1121 1821 1340 1871 Quoniam
1359 1821 1615 1874 praevenisti
1631 1834 1730 1862 eum
1749 1821 1794 1862 in
1807 1820 1880 1862 be-

1050 1877 1377 1919 nedictionibus
1406 1877 1668 1920 dulcedinis:
1695 1877 1883 1930 posuisti

1051 1935 1095 1975 in
1124 1935 1269 1987 capite
1297 1936 1388 1987 ejus
1417 1936 1627 1976 corenam
1652 1933 1708 1975 de
1733 1933 1883 1987 lapide

1052 1992 1262 2044 pretioso.
1291 1992 1358 2044 Et.

1108 2041 1269 2082 Bened.
1300 2043 1447 2095 Ignem
1468 2044 1535 2085 sui
1554 2043 1728 2087 ameris

1358 2100 1509 2140 Lectio
1532 2100 1583 2139 vi.

1057 2149 1489 2258 Contemplabatur
1519 2161 1634 2202 enim
1672 2165 1883 2213 quantum

1154 2217 1198 2258 in
1223 2219 1455 2268 aenigmate
1481 2217 1711 2259 infirmitas
1735 2217 1882 2258 huma-

1051 2287 1107 2315 na
1127 2274 1304 2316 oculum
1323 2275 1484 2316 mentis
1504 2275 1548 2315 in
1568 2274 1816 2316 aeternitate
1835 2274 1882 2315 fi-

1051 2344 1154 2382 gere
1180 2336 1340 2385 potest,
1373 2336 1535 2383 quanta
1564 2332 1650 2372 sint
1678 2332 1882 2384 supernae

1051 2389 1240 2430 civitatis
1255 2387 1430 2439 gaudia:
1451 2394 1494 2429 et
1511 2401 1561 2430 ea
1577 2390 1780 2429 enarrare
1794 2400 1883 2428 non

1052 2445 1292 2494 sufficiens,
1339 2444 1600 2486 admirando
1647 2444 1883 2486 clamabat:

1052 2502 1168 2552 Quid
1192 2501 1299 2542 mihi
1326 2506 1393 2543 est
1417 2502 1461 2542 in
1485 2500 1625 2543 coelo?
1664 2501 1799 2552 Quasi
1821 2500 1882 2542 di-

1051 2564 1186 2600 ceret:
1213 2558 1399 2600 Excedit
1418 2559 1534 2600 vires
1553 2571 1686 2608 meas,
1709 2556 1882 2599 excedit

1051 2615 1305 2657 facultatem
1325 2615 1589 2667 eloquentiae
1612 2627 1739 2664 meae,
1766 2618 1882 2655 tran-

1052 2671 1223 2713 scendit
1253 2672 1547 2724 capacitatem
1579 2670 1881 2722 intelligentiae

1051 2740 1162 2769 meae
1190 2728 1298 2770 illud
1325 2728 1482 2778 decus,
1515 2727 1590 2769 illa
1616 2727 1774 2778 gloria,
1807 2726 1882 2768 illa
