2040 2976
194 337 244 389 V.
277 341 395 382 Dixi:
433 339 691 382 Custodiam
719 340 813 381 vias
839 351 972 380 meas.

140 398 192 450 Rz.
233 398 293 440 Ut
332 410 421 438 non
456 396 708 448 delinquam
743 396 788 436 in
826 396 973 446 lingua

143 467 251 496 mea.

420 513 488 549 Ad
511 514 695 548 Nonam.

193 570 290 612 A'nt.
327 572 496 611 Beatus.

194 631 453 683 Capitulum.
649 631 781 671 Eccli.
795 632 861 671 28.
878 630 916 671 d.

141 686 347 793 Aurum
374 694 498 730 tuum
526 693 569 730 et
597 690 826 738 argentum
849 691 973 727 tuum

248 745 409 795 confla,
454 750 497 786 et
533 744 680 786 verbis
716 744 802 785 tuis
839 743 972 784 facito

144 804 367 851 stateram,
394 806 438 842 et
462 801 609 842 frenos
630 800 696 841 ori
713 805 791 842 tuo
811 804 973 840 rectos:

144 863 188 900 et
236 856 412 899 attende
461 870 516 898 ne
562 857 675 898 forte
723 856 885 901 labaris
930 856 973 895 in

143 914 301 965 lingua.

195 969 246 1022 Rz.
270 968 332 1009 br.
382 969 503 1010 Dixi:
533 970 556 995 *
592 967 849 1010 Custodiam
880 968 973 1008 vias

143 1039 275 1067 meas.
313 1026 426 1066 Dixi.
456 1019 507 1071 V.
535 1025 595 1067 Ut
613 1037 701 1066 non
721 1024 973 1076 delinquam

143 1082 188 1122 in
204 1080 351 1133 lingua
368 1094 477 1123 mea.
517 1080 785 1122 Custodiam.
821 1080 974 1121 Gloria

34 1169 69 1203 p
143 1138 273 1180 Patri.
317 1138 430 1179 Dixi.

193 1189 243 1241 V.
294 1195 429 1235 Posui
466 1194 532 1235 ori
573 1206 673 1234 meo
715 1192 973 1233 custodiam.

141 1250 192 1302 R.
223 1251 332 1292 Cum
365 1252 625 1292 consisteret
657 1251 868 1302 peccator
900 1247 972 1289 ad-

143 1308 320 1348 versum
338 1319 420 1348 me.

355 1384 416 1424 In
434 1383 495 1424 11.
513 1381 765 1432 vesperis.

192 1443 281 1478 Ant.
307 1446 343 1477 et
367 1442 460 1486 Cap.
487 1442 534 1476 de
559 1442 678 1477 Laud.
707 1442 813 1486 [257];
847 1443 909 1478 Ps.
930 1447 971 1478 ut

140 1491 220 1525 inI.
234 1490 350 1535 Vesp.
368 1494 405 1525 et
420 1491 508 1525 loco
528 1491 604 1534 ult.‚
626 1490 687 1525 Ps.
706 1490 877 1526 Credidi.
904 1490 973 1533 [31]

446 1545 658 1596 Hymnus.

213 1617 285 1646 am
303 1603 422 1646 faces
440 1604 570 1646 lictor
594 1603 720 1653 ferat,
747 1608 790 1644 et
809 1603 973 1643 minan-

455 1665 546 1701 tem

195 1717 294 1758 Jam
325 1715 451 1758 ferox
484 1728 650 1766 ensem,
683 1714 974 1767 rabidumque

455 1772 584 1814 tortis

197 1828 395 1870 Vinculis
413 1828 592 1878 ferrum,
621 1841 745 1870 sacra
767 1829 812 1869 ni
834 1830 973 1870 sacer-

455 1883 537 1925 dos

300 1939 465 1982 Abdita
485 1939 663 1993 pandat.

145 2005 312 2046 Sentiet
330 2005 457 2055 vires,
477 2004 721 2057 animaeque
742 2017 912 2055 magnae

195 2059 437 2112 Prodigum
454 2066 625 2113 pectus:
644 2060 862 2102 violentus
881 2061 945 2101 ira

197 2117 300 2158 Non
324 2117 464 2169 quatit
486 2117 595 2158 recti
616 2116 758 2158 solida
776 2119 975 2158 tenacem

301 2173 448 2215 Mente
468 2173 655 2215 satelles.

143 2240 213 2280 En
231 2237 318 2279 ruit
334 2250 536 2290 praeceps
555 2236 797 2279 tumulatus
815 2236 933 2277 unda

197 2294 374 2345 Martyr,
385 2298 429 2335 et
440 2294 576 2335 fluctu
586 2293 764 2346 placido
776 2293 976 2334 silentem

197 2350 446 2401 Naufragus
467 2350 661 2401 linguam
679 2349 872 2391 melioris
893 2348 976 2389 aevi

302 2406 457 2447 Servat
475 2406 520 2446 in
538 2419 676 2447 usum.

151 2472 209 2512 At
228 2471 486 2522 superjectae
505 2470 621 2511 facili
639 2472 841 2511 natantes

200 2526 341 2568 Amne
393 2526 659 2590 discurrunt,
708 2525 975 2577 rutilantque

200 2638 440 2690 Martyrem
458 2595 674 2679 cdlacigmae:
705 2637 819 2678 bene
849 2641 975 2687 gesta

458 2693 674 2745 plaudens

306 2749 444 2790 Ornat
464 2749 689 2802 Olympus.

526 240 598 274 Die
622 241 673 274 21.
700 241 799 283 Maji.
847 239 881 273 S.
908 239 1047 273 Felicis
1076 250 1095 272 a
1122 239 1337 274 Cantalicio
1365 240 1472 274 Conf.

1028 339 1164 379 Ornat
1180 344 1223 379 et
1236 338 1439 389 linguam,
1459 340 1575 381 rosei
1585 342 1722 382 instar
1733 341 1855 392 ignis,

1077 393 1285 435 Vividam
1313 407 1510 445 servans,
1544 402 1587 437 et
1615 396 1759 438 adhuc
1786 411 1854 438 ru÷

1336 450 1523 500 bentem,

1076 505 1264 555 Indicat,
1290 519 1491 557 quaenam
1515 507 1646 549 fuerit
1669 509 1855 550 tacentis

1183 562 1338 604 Gratia
1356 562 1526 613 linguae.

1025 626 1088 667 Sit
1108 625 1244 667 decus
1263 627 1393 676 Patri,
1413 628 1661 679 genitaeque
1680 628 1808 677 Proli,

1078 682 1288 734 Spiritum
1330 683 1523 733 laudent,
1570 683 1624 724 ab
1666 686 1855 735 utroque

1338 752 1461 791 puris

1079 796 1163 845 Qui
1183 795 1297 837 calet
1317 796 1513 844 fiammis,
1533 796 1626 836 sine
1641 795 1726 836 fine
1740 795 1854 847 psal-

1339 851 1434 892 lens

1184 907 1314 949 Orbis
1333 909 1529 960 uterque.
1559 908 1710 948 Amen.

1077 961 1128 1013 V.
1170 968 1305 1009 Posui
1346 968 1412 1009 ori
1457 980 1555 1009 meo
1599 968 1856 1010 custodiam.

1026 1024 1076 1075 R.
1111 1024 1220 1065 Cum
1248 1026 1510 1065 consisteret
1540 1026 1751 1076 peccator
1784 1024 1856 1065 ad-

1027 1093 1203 1121 versum
1221 1093 1302 1120 me.

1078 1141 1149 1182 Ad
1178 1142 1351 1192 Magnif.
1397 1144 1492 1185 Ant.
1535 1145 1584 1184 In
1614 1146 1856 1196 conspectu

1026 1201 1272 1254 potentium
1301 1200 1568 1242 admirabilis
1598 1213 1691 1249 ero,
1725 1205 1768 1241 et
1796 1201 1854 1241 fa-

1028 1258 1116 1298 cies
1135 1257 1383 1309 principum
1402 1256 1673 1298 mirabuntur
1691 1269 1775 1297 me:
1795 1262 1855 1297 ta-

1027 1315 1198 1354 centem
1217 1326 1287 1354 me
1307 1313 1592 1361 sustinebunt,
1615 1318 1658 1353 et
1677 1313 1855 1364 loquen-

1026 1374 1116 1411 tem
1136 1382 1204 1410 me
1225 1369 1473 1421 respicient.

1298 1481 1382 1521 Die
1400 1481 1458 1521 21.
1476 1480 1589 1531 Maji.

1067 1552 1110 1592 S.
1133 1550 1312 1591 Felicis
1337 1561 1368 1591 a
1393 1548 1668 1591 Cantalicio
1696 1549 1830 1590 Conf:

1313 1607 1573 1649 Semiduplcx.

1079 1667 1215 1701 Omnia
1245 1667 1291 1700 cle
1323 1667 1467 1700 Comm.
1498 1666 1606 1700 Conf.
1640 1676 1717 1699 non
1746 1665 1854 1699 Pont.

1027 1715 1097 1758 [67]
1130 1719 1271 1758 praeter
1296 1724 1401 1758 seqii.
1426 1713 1486 1756 (m.
1510 1717 1534 1748 t.
1558 1712 1607 1755 v.)

1365 1770 1528 1810 Oratio.

1027 1830 1157 1934 Fac
1175 1844 1267 1880 nOS,
1287 1830 1475 1871 Domine
1495 1830 1520 1870 J
1523 1843 1610 1879 esu,
1633 1830 1677 1869 in
1698 1827 1858 1880 simpli-

1120 1888 1251 1929 citate
1276 1892 1319 1928 et
1342 1886 1591 1927 innocentia
1616 1885 1763 1926 cordis
1783 1896 1857 1924 no-

1029 1945 1107 1985 stri
1137 1942 1375 1984 ambulare:
1413 1955 1596 1994 quarum
1624 1943 1773 1981 amore
1803 1940 1857 1981 de

1029 2000 1127 2040 sinu
1143 1999 1293 2040 Matris
1312 1999 1425 2039 inter
1443 1998 1561 2039 beati
1575 1997 1732 2038 Felicis
1747 1996 1856 2037 Con-

1029 2055 1207 2096 fessoris
1248 2055 1311 2095 tui
1353 2053 1532 2095 brachia
1577 2052 1858 2095 descendisti:

1029 2111 1113 2161 Qui
1132 2111 1243 2152 vivis
1264 2116 1307 2152 et
1326 2122 1494 2160 regnas.

1080 2180 1124 2213 In
1152 2180 1179 2213 I.
1209 2179 1409 2213 Nocturno
1441 2177 1647 2211 Lectiones
1679 2176 1726 2210 de
1758 2175 1856 2210 Scri-

1027 2232 1141 2273 ptura
1165 2231 1398 2262 occurrente.

1256 2287 1306 2326 In
1331 2286 1382 2325 ΙΙ.
1406 2286 1630 2324 Nocturno.

1329 2347 1480 2388 Lectio
1501 2347 1554 2386 iv.

1032 2417 1053 2459 εἴ
1063 2431 1093 2471 75
1100 2412 1232 2475 elix
1264 2424 1289 2452 a
1322 2410 1561 2452 Cantalicio
1594 2409 1638 2449 in
1669 2407 1854 2457 Sabinis,

1033 2470 1040 2474 ”
1080 2495 1084 2503 ·
1158 2467 1392 2508 humilibus
1408 2464 1488 2508 sed
1501 2466 1587 2518 piis
1602 2462 1854 2517 parentibus

1032 2493 1041 2521 J·
1067 2494 1139 2537 ἔξω

1032 2524 1139 2548 *fi*
1158 2529 1296 2573 natus,
1315 2537 1341 2565 a
1360 2526 1500 2575 puero
1514 2519 1747 2574 pascendis
1761 2520 1854 2569 gre-

1028 2580 1173 2631 gibus,
1201 2592 1305 2620 mox
1330 2585 1373 2620 et
1397 2591 1503 2629 agro
1527 2575 1714 2618 colendo
1734 2573 1854 2615 addi-

1029 2642 1142 2685 etus,
1170 2635 1309 2676 multo
1337 2633 1575 2687 impensius
1600 2643 1746 2672 rerum
1769 2642 1853 2671 coe-

1027 2692 1202 2733 lestium
1235 2690 1521 2732 meditatione
1559 2687 1748 2728 animum
1779 2698 1853 2725 nu-

1027 2750 1148 2798 trire,
1175 2753 1218 2788 et
1237 2759 1400 2799 corpus
1419 2743 1606 2786 assiduis
1625 2741 1782 2793 vigiliis
1801 2753 1854 2783 ac
