2040 2976
177 192 250 228 288

331 292 398 330 Ex
417 287 601 329 Daniele
620 288 855 341 Propheta.

258 356 409 396 Lectio
431 356 453 395 i.
727 358 829 409 Cap.
845 358 881 397 7.
898 371 931 397 c.

191 431 253 466 «χ,
268 430 316 466 ,ὲ
334 417 573 470 spiciebam
598 417 740 460 donec
764 418 910 460 throni
934 421 1011 472 pe-

189 468 265 546 βξ
351 474 422 515 siti
455 480 572 524 sunt,
610 480 654 516 et
685 477 890 527 antiquus
924 475 1010 517 die-

199 542 218 556 ss
349 543 445 572 rum
456 530 583 572 sedit:
598 532 906 573 vestimentum
920 534 1012 585 ejus

179 586 415 628 candidum
440 588 565 639 quasi
588 588 679 637 nix,
708 594 752 629 et
776 589 922 642 capilli
943 591 1010 631 ca-

178 643 282 696 pitis
309 644 398 695 ejus
424 644 550 695 quasi
568 644 668 685 lana
686 644 864 686 munda:
892 645 1011 687 thro-

178 713 260 740 nus
288 700 379 751 ejus
407 700 596 742 flammae
623 700 750 751 ignis:
782 706 894 742 rotae
921 702 1012 753 ejus

178 755 289 807 ignis
309 758 532 797 aecensus.
560 756 740 798 Flavius
759 759 927 808 igneus,
946 771 1010 799 ra-

178 811 398 865 pidusque
415 812 723 863 egrediebatur
741 827 767 855 a
783 814 894 855 facie
909 814 1011 866 ejus.

179 868 315 910 Millia
343 868 526 910 millium
551 869 859 911 ministrabant
883 870 940 920 ei,
969 876 1013 912 et

180 924 326 966 decies
353 925 510 966 millies
539 927 724 967 centena
748 926 883 967 millia
908 927 1010 967 assi-

180 981 355 1023 stebant
375 981 429 1022 ei:
455 981 662 1034 judicium
688 982 819 1032 sedit,
845 988 888 1024 et
913 982 1013 1025 libri

179 1038 321 1090 aperti
356 1044 467 1079 sunt.
513 1038 798 1091 Aspiciebam
827 1044 1013 1092 propter

179 1107 335 1135 vocem
355 1097 608 1136 sermenum
627 1095 873 1145 grandium,
901 1108 1013 1147 quos

179 1163 314 1192 cornu
331 1149 438 1192 illud
452 1150 732 1203 loquebatur:
748 1157 792 1193 et
806 1151 897 1193 vidi
912 1154 1011 1203 que-

179 1207 296 1247 niam
309 1206 540 1248 interfecta
555 1213 673 1249 esset
686 1207 839 1258 bestia,
860 1214 903 1250 et
916 1221 1012 1261 per-

179 1263 302 1305 iisset
322 1276 484 1316 corpus
505 1265 614 1315 ejus,
643 1270 687 1306 et
707 1264 924 1306 'traditum
948 1277 1012 1306 es-

180 1325 247 1362 set
267 1319 324 1361 ad
343 1319 691 1362 comburendum
710 1322 811 1372 igni.

230 1385 280 1436 R.
299 1381 483 1422 Factum
504 1386 571 1423 est
590 1381 809 1423 silentium
827 1382 871 1422 in
886 1382 1013 1432 coelo,

179 1436 284 1478 dum
304 1440 552 1479 comitteret
573 1438 738 1480 bellum
758 1437 893 1480 draco
914 1451 1014 1480 cum

180 1493 394 1535 Michaele
411 1493 706 1545 Archangeloz
721 1497 743 1520 *
761 1494 928 1537 Audita
948 1500 1015 1537 est

180 1563 268 1591 vox
292 1550 427 1591 millia
452 1551 635 1592 millium
661 1551 912 1594 dicentium:
940 1552 1013 1593 Sa-

179 1606 264 1656 lus,
300 1606 443 1648 honor
475 1613 519 1649 et
552 1608 689 1650 virtus
723 1608 1015 1662 omnipotenti

178 1663 289 1704 Deo.
324 1660 374 1712 V.
406 1663 542 1705 Millia
578 1665 761 1706 millium
797 1665 1014 1706 ministra-

180 1719 287 1761 bant
320 1720 374 1769 ei‚
407 1725 450 1762 et
484 1720 632 1763 decies
663 1724 847 1764 centena
879 1720 1015 1762 millia

181 1775 445 1818 assistebant
465 1778 515 1818 ei.
547 1777 712 1820 Audita
733 1784 810 1821 est.

283 1865 434 1905 Lectio
457 1865 494 1904 ii.
725 1865 827 1916 Cap.
845 1865 908 1903 1o.

271 1929 311 1970 ie
348 1934 494 1971 autem
530 1930 742 1981 vigesima
778 1935 822 1972 et
860 1934 1015 1982 quarta

285 1986 447 2027 mensis
475 1986 620 2038 primi,
650 1999 769 2028 eram
792 1988 912 2039 juxta
938 1987 1015 2027 flu-

180 2042 299 2083 vium
324 2055 547 2092 magnum,
575 2043 650 2095 qui
676 2049 743 2084 est
762 2043 918 2094 Tigris.
958 2043 1016 2084 Et

180 2097 324 2139 levavi
345 2098 498 2139 eculos
513 2111 648 2149 meos,
668 2104 712 2140 et
727 2098 831 2141 vidi:
851 2104 895 2141 et
912 2112 1014 2141 ecce

181 2154 247 2195 vir
278 2167 390 2195 unus
423 2158 608 2197 vestitus
637 2156 780 2205 lineis,
814 2161 858 2198 et
887 2169 1014 2198 renes

182 2212 273 2263 ejus
302 2212 486 2253 accincti
515 2225 622 2253 auro
650 2212 820 2254 obrizo:
855 2218 898 2255 et
922 2226 1015 2254 cor-

181 2280 265 2320 pus
289 2268 379 2319 ejus
405 2268 530 2319 quasi
550 2268 864 2320 chrysolithus,
893 2275 936 2311 et
956 2270 1015 2310 fa-

182 2323 272 2365 cies
297 2325 388 2376 ejus
407 2324 526 2366 velut
550 2326 720 2377 species
744 2325 943 2376 fulguris,
972 2331 1016 2367 et

186 2380 303 2421 eculi
341 2381 431 2432 ejus
467 2386 515 2422 ut
550 2380 718 2433 lampas
752 2382 926 2423 ardens:
973 2387 1016 2423 et

181 2436 361 2478 brachia
381 2437 483 2488 ejus,
503 2442 547 2478 et
567 2450 666 2489 quae
686 2437 894 2479 deersum
914 2443 1015 2479 sunt

181 2505 323 2544 usque
338 2491 394 2534 ad
408 2492 558 2545 pedes,
579 2494 704 2545 quasi
724 2494 895 2546 species
913 2495 1014 2535 aeris

182 2547 423 2590 candentis:
456 2554 500 2590 et
527 2562 616 2591 vox
645 2552 896 2591 sermenum
923 2551 1014 2602 ejus

182 2610 230 2647 ut
263 2617 351 2646 vox
381 2604 683 2647 multitudinis.
729 2605 835 2647 Vidi
868 2611 1014 2647 autem

183 2674 266 2712 ego
290 2661 450 2703 Daniel
474 2661 596 2703 solus
621 2662 850 2703 visienem:
877 2676 1014 2715 porro

113 2752 117 2756 ,
182 2718 264 2758 viri
280 2718 354 2770 qui
369 2724 492 2760 erant
507 2731 680 2760 mecum
694 2731 782 2760 non
797 2718 1015 2761 viderunt:

484 195 553 228 Dic
578 198 610 229 S.
637 196 735 234 Maii.
778 196 816 228 ln
836 197 1093 239 Apparitione
1120 198 1155 230 ὃ.
1180 196 1381 229 Michaelis
1408 197 1599 237 Art-hang.

1065 289 1145 332 sed
1164 295 1309 332 terror
1332 293 1490 335 nimius
1510 295 1636 337 irruit
1656 309 1790 350 super
1809 310 1898 347 eos,

1065 352 1109 388 et
1137 346 1341 397 sugerunt
1369 348 1413 389 in
1442 349 1761 394 abscenditum.
1802 354 1897 404 Ego

1067 408 1213 444 autem
1232 404 1410 446 relictus
1435 406 1556 448 solus
1576 407 1666 449 vidi
1684 409 1898 451 visionem

1065 459 1275 509 grandem
1295 460 1421 503 hanc:
1447 468 1492 504 et
1515 476 1603 505 non
1626 466 1835 508 remansit
1854 467 1896 507 in

1065 529 1135 557 me
1161 516 1392 567 fortitudo,
1421 519 1501 560 sed
1530 525 1574 561 et
1601 521 1772 573 species
1799 535 1898 564 mea

1065 572 1294 615 immutata
1326 580 1393 616 est
1424 576 1468 616 in
1499 589 1586 626 me,
1620 582 1664 618 et
1695 576 1898 629 emarcui{

1066 641 1147 670 nec
1166 628 1299 671 habui
1319 630 1559 683 quidquam
1577 633 1744 674 virium.

1117 692 1167 742 R.
1212 686 1342 728 Stetit
1378 687 1575 738 Angelus
1618 690 1737 739 juxta
1778 703 1899 732 aram

1065 742 1230 794 templi,
1251 743 1418 785 habens
1432 744 1703 787 thuribulum
1718 750 1900 788 aureum

1065 798 1109 838 in
1136 812 1268 840 manu
1297 813 1390 850 sua,
1433 806 1477 843 et
1510 800 1614 843 data
1642 808 1744 845 sunt
1773 803 1812 845 ei
1838 804 1899 844 in-

1067 856 1198 895 censa
1225 856 1375 897 multa:
1399 864 1421 886 *
1446 858 1502 899 Et
1530 858 1728 901 ascendit
1755 859 1899 902 fumus

1066 913 1310 952 arematum
1330 912 1385 954 de
1403 927 1535 954 manu
1555 915 1712 965 Angeli
1734 916 1779 956 in
1797 929 1897 958 con-

1067 969 1221 1019 spectu
1237 968 1334 1009 Dfii.
1357 969 1408 1019 Y.
1428 971 1478 1010 In
1492 973 1741 1024 conspectu
1757 973 1898 1024 Ange-

1066 1022 1209 1064 lerum
1245 1025 1431 1077 psallam
1465 1026 1561 1068 tibi:
1608 1026 1808 1070 adorabo
1843 1029 1901 1071 ad

1068 1080 1281 1132 templum
1296 1087 1497 1124 sanctum
1507 1088 1641 1133 tuum,
1658 1089 1702 1126 et
1721 1085 1900 1127 confite-

1067 1134 1150 1176 bor
1173 1137 1339 1178 nemini
1358 1143 1436 1180 tuo
1463 1139 1572 1181 Dfie.
1612 1140 1670 1182 Et
1693 1141 1901 1184 ascendit.

1370 1202 1521 1243 Lectio
1542 1203 1595 1242 iii.

1065 1243 1164 1348 Et
1183 1249 1332 1292 audivi
1350 1264 1507 1293 vocem
1526 1255 1777 1295 sermenum
1796 1255 1902 1306 ejus:

1160 1311 1204 1348 et
1226 1306 1409 1349 audiens
1433 1308 1630 1360 jacebam
1649 1313 1900 1352 consterna-

1067 1367 1139 1404 tus
1163 1376 1296 1416 super
1320 1364 1477 1406 faciem
1500 1378 1659 1416 meam,
1688 1371 1732 1408 et
1754 1366 1901 1409 vultus

1067 1431 1192 1460 meus
1215 1419 1412 1462 haerebat
1435 1426 1577 1462 terrae.
1611 1423 1669 1464 Et
1690 1435 1794 1464 ecce
1812 1436 1900 1464 ma-

1067 1488 1149 1516 nus
1168 1476 1312 1527 tetigit
1331 1490 1416 1527 me,
1444 1482 1488 1519 et
1515 1479 1654 1520 erexit
1677 1490 1747 1521 me
1767 1492 1902 1533 super

1067 1534 1210 1583 genua
1227 1546 1341 1583 mea,
1370 1539 1414 1575 et
1432 1547 1567 1587 super
1586 1535 1796 1577 articulos
1812 1538 1901 1578 ma-

1068 1602 1202 1629 nuum
1232 1591 1440 1631 mearum.
1494 1591 1551 1632 Et
1584 1590 1695 1633 dixit
1725 1591 1783 1634 ad
1814 1605 1902 1634 me:

1067 1645 1226 1686 Daniel
1249 1646 1315 1687 vir
1341 1646 1679 1697 desideriorum,
1707 1648 1902 1699 intellige

1067 1700 1220 1751 verba,
1255 1715 1354 1754 quae
1384 1715 1466 1753 ego
1494 1703 1655 1755 loquor
1681 1703 1739 1746 ad
1764 1709 1824 1755 te,
1858 1710 1902 1747 et

1068 1762 1136 1798 sta
1159 1758 1203 1798 in
1227 1758 1368 1809 gradu
1395 1764 1487 1801 tuo:
1518 1773 1635 1801 nunc
1662 1761 1778 1802 enim
1805 1774 1902 1802 sum

1067 1814 1227 1856 missus
1262 1814 1319 1856 ad
1355 1820 1410 1857 te.
1480 1817 1678 1869 Cumque
1716 1816 1902 1859 dixisset

1069 1869 1173 1911 mihi
1205 1874 1454 1914 sermenem
1486 1873 1636 1923 istum,
1682 1873 1785 1916 steti
1815 1878 1900 1916 tre-

1069 1939 1204 1968 mens.
1236 1928 1294 1970 Et
1313 1928 1374 1970 ait
1392 1929 1450 1970 ad
1467 1942 1552 1971 me:
1576 1929 1681 1971 Noli
1704 1930 1901 1972 metuere

1067 1983 1239 2025 Daniel:
1259 1986 1363 2037 quia
1381 1998 1436 2026 ex
1455 1985 1528 2027 die
1547 1986 1700 2039 primo,
1721 1999 1809 2038 quo
1823 1999 1901 2040 po·

1068 2041 1193 2082 suisti
1224 2053 1302 2082 cor
1331 2047 1456 2083 tuum
1484 2041 1542 2084 ad
1568 2042 1902 2094 intelligendum

1068 2101 1116 2138 ut
1146 2102 1190 2138 te
1223 2098 1443 2149 affligeres
1473 2099 1517 2139 in
1546 2101 1790 2151 conspectu
1817 2099 1902 2141 Dei

1067 2153 1148 2203 tui,
1188 2153 1394 2196 exaudita
1427 2159 1528 2196 sunt
1560 2155 1696 2197 verba
1728 2160 1818 2197 tua:
1858 2161 1902 2197 et

1069 2222 1152 2260 ego
1184 2211 1285 2252 veni
1316 2216 1502 2263 propter
1536 2214 1763 2253 sermones
1790 2217 1902 2253 tuos.

1068 2267 1280 2320 Princeps
1319 2273 1467 2309 autem
1508 2268 1632 2319 regni
1667 2269 1903 2310 Persarum

1068 2323 1231 2365 restitit
1254 2323 1359 2364 mihi
1382 2325 1536 2375 viginti
1561 2330 1605 2366 et
1622 2337 1711 2366 uno
1731 2324 1901 2366 diebus:

1068 2385 1112 2421 et
1139 2392 1242 2422 ecce
1265 2380 1453 2422 Michael
1478 2395 1590 2423 unus
1617 2381 1673 2423 de
1697 2381 1900 2434 principi-

1068 2435 1150 2477 bus
1194 2437 1345 2489 primis
1392 2439 1511 2479 venit
1555 2438 1599 2478 in
1638 2437 1902 2490 adjuterium

1067 2505 1231 2542 meum,
1269 2499 1313 2536 et
1347 2507 1428 2545 ego
1462 2494 1653 2536 remansi
1687 2493 1749 2535 ibi
1781 2494 1901 2545 juxta

1068 2561 1218 2599 regem
1240 2550 1486 2591 Persarum.
1527 2550 1643 2592 Veni
1676 2554 1821 2590 autem
1852 2554 1900 2591 ut

1068 2605 1275 2647 docerem
1298 2613 1342 2648 te
1368 2620 1466 2659 quae
1492 2609 1676 2648 ventura
1699 2610 1800 2646 sunt
1823 2607 1899 2657 po-

1067 2663 1171 2714 pulo
1191 2669 1268 2704 tuo
1290 2663 1334 2704 in
1349 2662 1600 2705 novissimis
1616 2661 1781 2711 diebus,
1802 2663 1900 2712 que-

1067 2719 1183 2760 niam
1202 2719 1347 2761 adhuc
1366 2719 1477 2761 visio
1497 2719 1541 2760 in
1560 2718 1666 2760 dies.
