2040 2976
720 176 921 210 Dominica
948 176 997 209 ad
1020 175 1255 209 Matutinum.
1832 181 1853 216 7

194 274 410 324 Quoniam
429 275 566 326 justus
585 274 818 323 Dominus,
844 278 887 315 et
911 274 970 325 ju-

141 330 280 371 stitias
314 330 482 372 dilexit:
514 331 537 356 *
576 330 830 383 aequitatem
862 329 970 372 vidit

140 387 286 428 vultus
306 387 408 439 ejus.

192 446 274 486 Per
294 446 478 485 Annum.
502 446 600 486 Ant.
621 446 743 486 Deus
762 443 893 495 judex
911 444 968 495 ju-

141 503 244 548 stus,
260 499 386 540 fortis
402 504 446 541 et
459 499 737 551 longanimis:
756 500 969 553 numquid

138 555 354 597 irascetur
372 569 452 609 per
471 556 665 607 singulos
686 555 804 599 dies?

195 615 291 655 Ant.
311 615 380 654 Tu
398 613 597 655 Domine.

414 671 613 711 Psalmus
643 672 691 709 11.

1022 288 1146 316 meus
1171 288 1302 328 super
1321 275 1412 318 me?
1441 278 1464 303 *
1492 278 1681 330 respice,
1710 282 1753 319 et
1782 291 1851 319 ex-

1023 331 1126 372 andi
1145 345 1214 373 me
1234 333 1422 375 Domine
1441 335 1562 375 Deus
1582 348 1716 376 meus.

1074 388 1275 430 Ilh'1mina
1316 390 1468 431 oculos
1504 404 1628 432 meos
1669 404 1723 432 ne
1762 405 1850 432 um-

1024 457 1154 496 quam
1188 445 1465 487 obdormiam
1492 447 1535 487 in
1563 453 1719 489 morte:
1737 449 1760 473 *
1780 462 1850 490 ne-

1024 501 1201 554 quando
1222 502 1340 543 dicat
1358 503 1556 544 inimicus
1575 517 1712 545 meus:
1735 506 1850 546 Prae-

1022 559 1139 599 valui
1158 558 1369 600 adversus
1390 572 1499 600 eum.

1075 611 1159 662 Qui
1177 611 1387 653 tribulant
1405 625 1491 662 me,
1517 613 1796 655 exsultabunt
1815 615 1851 655 si

991 685 995 727 3
1021 672 1167 709 motus
1187 668 1327 709 fuero:
1351 669 1374 694 *
1399 681 1480 719 ego
1501 675 1646 710 autem
1665 670 1707 710 in
1727 671 1851 712 mise-

211 726 357 767 alvum
375 739 445 768 me
464 727 533 768 fac
546 726 746 776 Domine,
763 727 969 779 quoniam
991 729 995 768 i
1022 724 1212 766 ricordia
1231 729 1305 766 tua
1325 726 1510 777 speravi.

232 782 391 824 defecit
414 788 604 824 sanctus:
628 783 651 808 *
677 783 883 836 quoniam
908 782 968 824 di-
991 770 995 825 Ι

1073 780 1323 823 Exsultabit
1343 794 1419 822 cor
1438 795 1583 823 meum
1609 784 1652 824 in
1672 784 1851 825 salutari

139 839 318 881 minutae
346 845 447 881 sunt
471 840 680 882 veritates
713 853 738 881 a
765 839 865 880 filiis
893 840 968 881 ho·
990 826 995 895 ξ
1021 842 1113 879 tuo:
1133 837 1321 879 cantabo
1337 838 1529 880 Domino
1551 840 1624 892 qui
1643 840 1759 882 bona
1778 843 1850 882 tri-

139 896 314 937 minum.

191 953 318 994 Vana
359 952 495 994 locuti
532 958 632 995 sunt
668 956 968 1006 unusquisque
990 938 994 962 ⁵

141 1008 197 1050 ad
211 1009 462 1062 proximum
476 1023 618 1051 suum:
632 1010 655 1035 *
670 1009 786 1051 labia
802 1010 967 1059 dolosa,

139 1065 183 1106 in
203 1065 336 1108 corde
358 1071 401 1108 et
420 1066 554 1108 corde
573 1067 707 1108 locuti
728 1072 838 1108 sunt.

191 1121 431 1175 Disperdat
449 1123 664 1188 Dominus
689 1106 993 1192 universa'la-}
1197 1182 1205 1191 ρ
1270 1179 1278 1187 .
1670 1181 1678 1189 .
1723 1183 1731 1192 '
1774 1181 1781 1189 .

429 1180 453 1205 *
482 1185 525 1221 et
550 1180 741 1231 linguam
761 1180 993 1259 magnilo-i
1021 1234 1062 1275 fa
1074 1178 1281 1231 Corrupt1
1309 1184 1425 1228 sunt,
1459 1184 1503 1220 et
1535 1179 1849 1223 abommabiles

138 1177 211 1220 bia
230 1178 401 1230 dolosa,

141 1248 282 1287 quam.

191 1292 275 1342 Qui
295 1291 512 1334 dixerunt:
536 1294 749 1345 Linguam
773 1298 967 1334 nostram

990 897 994 937 Ξ
1020 893 1115 935 buit
1134 894 1253 935 mihi:
1271 895 1295 920 *
1315 900 1358 936 et
1377 895 1563 947 psallam
1581 897 1745 937 nomini
1762 898 1850 938 Do-

1021 951 1125 991 mini
1144 951 1353 993 altissimi.

1297 1009 1490 1049 psalmus
1523 1011 1575 1048 123.

1108 1064 1187 1106 ixit
1218 1065 1426 1117 insipiens
1457 1065 1501 1106 in
1529 1066 1663 1108 corde
1696 1080 1795 1109 suo:
1827 1069 1850 1093 *

1136 1122 1237 1162 Non
1257 1127 1324 1163 est
1342 1122 1474 1163 Deus.

1022 1291 1095 1345 qui
1127 1291 1258 1333 faciat
1284 1291 1465 1342 bonum,
1498 1306 1587 1335 non
1616 1299 1682 1336 est
1710 1308 1850 1347 usque

138 1348 524 1399 magnificabimus,
543 1350 659 1391 labia
678 1355 829 1391 nostra
849 1363 874 1391 a
892 1363 967 1391 no·
989 1360 993 1406 ζ
1021 1352 1078 1393 ad
1097 1366 1241 1393 unum.

138 1403 206 1445 bis
239 1410 358 1454 sunt,
386 1405 410 1430 *
444 1406 540 1458 quis
571 1411 723 1448 noster
751 1407 967 1448 Dominus

139 1458 227 1502 est?

189 1517 377 1570 Propter
391 1518 610 1560 miseriam
625 1521 817 1572 inopum,
837 1523 881 1560 et
895 1521 966 1570 ge-

137 1573 291 1615 mitum
322 1578 584 1627 pauperum,
616 1576 639 1601 *
671 1589 787 1617 nunc
819 1579 966 1617 exsur-

137 1642 248 1680 gam,
269 1630 374 1672 dicit
391 1631 618 1673 Dominus.

188 1687 355 1728 Ponam
373 1687 417 1728 in
436 1688 630 1730 salutari:
653 1690 676 1715 *
705 1689 966 1731 fiducialiter

137 1755 265 1794 agam
282 1743 327 1784 in
347 1756 411 1785 eo.

188 1799 375 1853 Eloquia
390 1801 578 1851 Domini,
599 1802 773 1855 eloquia
793 1807 927 1844 casta:
941 1803 965 1828 *

137 1858 365 1907 argentum
392 1857 492 1908 igne
520 1859 833 1908 examinatum,
865 1871 965 1912 pro-

136 1911 288 1954 batum
306 1918 437 1955 terrae
452 1917 687 1967 purgatum
703 1915 964 1968 septuplum.

189 1969 259 2011 Tu
278 1970 464 2012 Domine
484 1971 680 2014 servabis
698 1984 798 2013 nos:
827 1976 870 2013 et
894 1985 964 2013 cu-

137 2025 304 2068 stodies
322 2038 403 2067 nos
426 2027 449 2053 *
475 2040 501 2068 a
519 2029 800 2079 generatione
819 2029 902 2070 hac
920 2029 964 2069 in

138 2083 360 2124 aetornum.

187 2139 239 2179 In
259 2139 441 2181 circuitu
459 2141 581 2193 impii
600 2141 838 2183 ambulant:
857 2142 879 2167 *
900 2155 963 2183 se-

138 2195 329 2236 cundum
362 2196 635 2239 altitudinem
666 2203 787 2239 tuam
822 2198 963 2239 multi-

135 2250 310 2302 plicasti
326 2251 441 2294 filios
460 2252 695 2295 hominum.

409 2312 607 2353 Psalmus
634 2314 688 2352 12.

227 2375 424 2416 squequo
465 2366 652 2407 Domine
694 2366 963 2409 oblivisceris

238 2432 308 2461 me
324 2420 366 2460 in
381 2420 533 2462 finem?
549 2423 572 2447 *
587 2423 827 2476 Usquequo
843 2427 962 2466 aver-

136 2474 191 2515 tis
211 2475 366 2517 faciem
385 2482 505 2518 tuam
525 2491 550 2519 a
567 2478 660 2521 me?

158 2556 160 2558 -
189 2532 408 2582 Quamdiu
431 2546 592 2586 ponam
613 2536 794 2577 consilia
812 2536 855 2577 in
876 2538 962 2578 ani-

135 2600 207 2628 ma
224 2602 342 2639 mea,
370 2590 393 2615 *
423 2590 623 2632 dolorem
645 2592 689 2632 in
709 2592 844 2634 corde
862 2607 961 2635 meo

136 2657 215 2695 per
235 2644 373 2686 diem?

187 2701 427 2754 Usquequo
465 2703 727 2745 exaltabitur
762 2705 961 2748 inimicus

1071 1409 1287 1450 Dominus
1314 1409 1368 1450 de
1391 1409 1505 1450 coelo
1530 1408 1759 1461 prospexit
1782 1421 1848 1449 su-

1019 1478 1099 1517 per
1126 1465 1240 1507 filios
1268 1465 1509 1515 hominum,
1529 1467 1551 1490 *
1580 1470 1628 1506 ut
1647 1464 1794 1506 videat
1813 1466 1850 1506 si

1020 1527 1087 1563 est
1101 1522 1356 1573 intelligens,
1373 1527 1447 1563 aut
1458 1524 1684 1574 requirens
1694 1522 1848 1563 Deum.

1073 1579 1236 1620 Omnes
1262 1578 1609 1628 declinaverunt,
1638 1578 1765 1619 simul
1789 1579 1848 1619 in-

1018 1635 1147 1676 ntiles
1171 1635 1274 1677 facti
1294 1640 1409 1676 sunt:
1437 1636 1460 1661 *
1488 1649 1576 1677 non
1601 1639 1668 1676 est
1693 1635 1765 1687 qui
1790 1635 1848 1676 fa-

1020 1691 1106 1732 ciat
1145 1691 1328 1741 bonum,
1374 1704 1460 1733 non
1503 1697 1570 1733 est
1610 1704 1750 1743 usque
1792 1691 1848 1733 ad

1018 1761 1162 1789 unum.

1069 1804 1359 1858 Sepulchrum
1403 1810 1559 1858 patens
1597 1809 1664 1846 est
1698 1810 1847 1855 guttur

1018 1862 1187 1902 eorum:
1201 1861 1357 1912 linguis
1374 1862 1462 1903 suis
1478 1861 1631 1903 dolose
1647 1860 1843 1911 agebant,

1017 1918 1040 1942 *
1085 1920 1299 1960 venenum
1345 1918 1547 1971 aspidum
1593 1917 1673 1958 sub
1718 1917 1844 1959 labiis

1018 1976 1180 2016 eorum.

1069 2032 1265 2082 Quorum
1281 2044 1330 2073 os
1349 2031 1656 2072 maledictione
1673 2035 1716 2072 et
1730 2044 1843 2072 ama-

1016 2087 1205 2129 ritudine
1225 2088 1402 2141 plenum
1423 2093 1504 2129 est:
1527 2088 1550 2113 *
1576 2087 1752 2129 veloces
1770 2101 1842 2140 pe-

1017 2143 1094 2185 des
1127 2146 1281 2186 eorum
1318 2144 1374 2186 ad
1406 2144 1716 2186 effundendum
1749 2146 1842 2184 san-

1014 2201 1199 2251 guinem.
1615 2209 1624 2217 ’

1068 2257 1283 2299 Contritio
1304 2262 1348 2299 et
1366 2257 1594 2299 infelicitas
1613 2257 1655 2298 in
1673 2257 1752 2298 viis
1772 2259 1842 2299 eo-

1015 2327 1130 2363 rum,
1159 2319 1203 2355 et
1226 2315 1342 2355 viam
1369 2314 1490 2367 pacis
1518 2326 1605 2355 non
1629 2315 1841 2364 cognove-

1015 2375 1130 2411 runt:
1148 2371 1171 2395 *
1191 2383 1278 2411 non
1299 2376 1365 2412 est
1384 2371 1513 2412 timor
1527 2371 1611 2411 Dei
1627 2375 1726 2411 ante
1742 2372 1840 2411 ocu-

1014 2426 1081 2468 los
1104 2429 1266 2468 eorum.

1065 2483 1222 2525 Nonne
1265 2485 1533 2534 cognoscent
1574 2495 1725 2524 omnes
1767 2482 1839 2534 qui

1015 2541 1251 2591 operantur
1279 2540 1571 2592 iniquitatem,
1605 2540 1628 2565 *
1663 2539 1736 2591 qui
1768 2538 1838 2579 de-

1015 2601 1170 2637 vorant
1195 2596 1370 2649 plebem
1393 2609 1535 2637 meam
1559 2596 1670 2637 sicut
1695 2607 1838 2636 escam

1012 2650 1160 2704 panis?

1064 2708 1302 2749 Dominum
1333 2721 1421 2749 non
1452 2708 1782 2756 invocavorunt,
1813 2706 1836 2732 *

1895 687 1902 781 ἰ

1895 782 1901 905 ἒ

1895 905 1901 924 1

1895 927 1901 1025 ἒ

1895 1034 1901 1086 3

1895 1125 1901 1147 1,

1065 1235 1124 1276 cti
1143 1240 1243 1276 sunt
1261 1235 1304 1276 in
1324 1235 1480 1277 studiis
1501 1237 1604 1278 suis:
1627 1238 1651 1263 *
1677 1250 1762 1279 non
1783 1243 1850 1280 est
1894 1162 1901 1313 ἔ
