2040 2976
179 223 277 267 [188]

704 223 808 256 Ordo
834 223 1191 256 Commendationis
1218 223 1379 256 Animae.

179 316 367 358 mundus
395 316 501 358 dare
529 329 617 358 non
642 321 808 368 potest,
839 328 1010 367 pacem,

180 378 228 413 ut
257 378 301 413 et
329 373 466 415 corda
494 378 647 414 nostra
678 371 896 413 mandatis
924 372 1010 412 tuis

180 427 346 477 dedita,
379 435 423 470 et
448 429 642 470 hostium
669 429 841 470 sublata
866 428 1009 468 formi-

180 483 292 533 dine,
314 487 515 538 tempora
535 486 621 526 sint
638 490 714 526 tua
733 485 1010 536 protectione

179 541 425 592 tranquilla.

184 602 319 707 Ure
352 610 451 660 igne
489 610 627 651 sancti
660 609 846 662 Spiritus
883 621 1010 650 renes

300 671 475 706 nostros
509 671 552 706 et
585 678 662 706 cor
694 671 892 707 nostrum
922 665 1009 704 Do-

178 722 309 762 mine:
332 726 380 762 ut
397 722 621 763 tibi-casto
642 723 830 774 co'rpore
850 716 1010 761 servia-

178 791 287 826 mus,
308 783 352 819 et
371 777 537 819 mundo
558 777 692 819 corde
711 778 976 830 placeamus.

182 839 457 943 Fidelium,
478 847 615 895 Deus,
641 847 834 887 omnium
854 845 1010 886 Condi-

283 909 354 944 tor
386 908 430 944 et
460 903 751 954 Redemptor,
783 901 1011 943 animabus

178 960 441 1002 famulorum
464 959 813 1010 famularumque
836 959 1011 998 tuarum

178 1016 480 1058 remissionem
492 1016 750 1055 cunctorum
763 1014 907 1055 tribue
918 1027 1012 1066 pec-

178 1075 391 1114 catorum:
428 1075 477 1112 ut
511 1070 845 1121 indulgentiam,
880 1083 1011 1122 quam

178 1141 351 1180 semper
376 1129 656 1180 optaverunt,
671 1127 768 1184 *piis
792 1126 1009 1178 supplica-

178 1184 370 1225 ti6nibus
390 1185 725 1234 consequantur.

182 1240 424 1343 Aztienes
445 1253 631 1297 nostras,
654 1249 906 1298 quaesumus
921 1247 1009 1287 Do-

286 1305 419 1353 mine,
454 1303 690 1355 aspirando
718 1303 932 1355 praeveni,
968 1307 1011 1344 et

177 1360 424 1412 adjuvando
456 1362 742 1412 prosequere:
775 1364 823 1400 ut
852 1364 1010 1400 cuncta

176 1422 329 1458 nostra
375 1416 516 1457 oratio
563 1422 606 1456 et
647 1416 850 1468 operatio
895 1428 921 1455 a
965 1421 1010 1456 te

177 1485 352 1524 semper
379 1472 579 1524 incipiat,
613 1476 655 1512 et
683 1484 763 1523 per
790 1477 840 1512 te>
862 1476 1010 1523 coepta

177 1528 365 1569 finiatur.

1146 315 1397 364 mnipotens
1447 313 1712 365 sempiterne
1757 313 1896 362 Deus,

1175 369 1248 421 qui
1275 369 1476 409 vivorum
1501 367 1740 410 dominaris
1769 368 1898 410 simul

1064 431 1108 466 et
1134 427 1427 474 mortuorum,
1460 424 1743 475 omniumque
1770 424 1896 465 mise-

1064 482 1172 522 reris
1199 493 1311 532 quos
1334 486 1436 521 tuos
1456 479 1544 521 fide
1565 484 1608 521 et
1628 482 1765 532 opere
1784 480 1896 521 futu-

1063 550 1138 577 ros
1171 550 1267 578 esse
1300 536 1560 588 praenescis:
1596 541 1641 577 te
1674 535 1896 588 supplices

1065 595 1315 641 exoramus;
1361 597 1409 633 ut
1445 605 1526 644 pro
1567 591 1726 644 quibus
1764 591 1896 633 effun-

1065 648 1169 690 dere
1195 661 1351 700 preces
1376 648 1669 697 decrevimus,
1697 660 1898 700 quosque

1063 705 1134 746 vel
1178 717 1375 756 praesens
1421 704 1632 745 saeculum
1673 703 1818 745 adhuc
1853 704 1897 744 in

1064 774 1195 802 carne
1234 761 1411 809 retinet,
1458 760 1529 801 vel
1573 760 1768 801 futurum
1814 761 1898 811 jam

1065 820 1223 858 exutos
1255 819 1442 868 corpore
1473 816 1683 868 suscepit,
1714 816 1897 857 interce-

1065 871 1269 914 dentibus
1288 872 1492 914 6mnibus
1506 873 1678 913 Sanctis
1692 872 1790 921 tuis,
1809 871 1897 924 pie-

1063 930 1169 970 tatis
1197 934 1286 970 tuae
1315 929 1547 970 clementia
1574 929 1769 969 omnium
1794 927 1897 969 deli-

1065 987 1237 1026 ctorum
1252 987 1433 1026 suorum
1448 985 1620 1025 veniam
1635 986 1899 1036 consequan-

1063 1046 1144 1082 tur.
1171 1041 1256 1082 Per
1275 1041 1524 1082 Dominum.

1119 1110 1167 1161 V.
1200 1114 1418 1155 Dominus
1456 1114 1697 1155 vobiscum.
1750 1114 1801 1165 Rz.
1841 1112 1899 1154 Et

1064 1183 1163 1210 cum
1189 1170 1348 1222 spiritu
1366 1175 1455 1211 tuo.

1119 1236 1167 1284 V.
1194 1238 1414 1279 Exaudiat
1436 1251 1518 1279 nos
1547 1239 1827 1289 omnipotens
1854 1240 1898 1277 et

1063 1295 1314 1336 misericors
1335 1294 1562 1335 Deminus.

1119 1353 1167 1403 Rg.
1195 1351 1349 1392 Amen.

1116 1412 1167 1462 V.
1193 1416 1250 1456 Et
1274 1415 1469 1456 fidelium
1494 1415 1651 1456 animae
1670 1426 1750 1466 per
1769 1413 1896 1455 mise-

1063 1471 1298 1513 ricordiam
1314 1472 1398 1512 Dei
1415 1471 1696 1523 requiescant
1714 1470 1758 1510 in
1775 1482 1897 1522 pace.

1118 1530 1167 1579 R.
1195 1527 1350 1569 Amen.

488 1686 669 1734 ORDO
705 1684 1310 1735 COMMENDATIONIS
1343 1688 1597 1738 ANIMAE.

235 1771 402 1804 Primum
429 1772 608 1806 dicuntur
636 1772 796 1805 Litaniae
822 1773 960 1807 breves

420 1820 457 1852 in
484 1820 584 1853 hunc
609 1821 776 1854 modum.

186 1916 187 1919 ,
218 1893 292 1930 22²?st
314 1886 392 1926 ''rie
413 1885 588 1926 eleison.

185 1940 188 1995 ζ
211 1896 489 2020 [giljJChriste
510 1941 686 1982 eleison.

223 1984 256 2015 [γ’
281 1999 289 2024 ss
317 1997 455 2048 Kyrie
476 1997 652 2038 eleison.

178 2051 337 2092 Sancta
356 2053 503 2102 Maria,
524 2065 602 2094 ora
621 2065 703 2105 pro
726 2065 790 2094 eo.

179 2106 343 2148 Omnes
377 2109 515 2150 sancti
547 2108 704 2159 Angeli
737 2114 780 2150 et
813 2108 1007 2149 Archan-

230 2163 326 2213 geli,
346 2167 470 2205 orate
489 2177 572 2216 pro
593 2177 657 2205 eo.

177 2218 335 2260 Sancte
356 2219 479 2269 Abel,

179 2274 332 2315 Omnis
353 2275 513 2316 chorus
533 2277 553 2315 J
559 2279 769 2326 ustorum,

177 2330 336 2372 Sancte
356 2331 591 2381 Abraham,

177 2387 336 2428 Sancte
355 2387 380 2427 J
383 2389 548 2428 oannes
568 2388 781 2440 Baptista,
919 2401 1007 2429 ora.

177 2443 335 2484 Sancte
355 2443 380 2483 J
383 2443 534 2495 oseph,
917 2457 1006 2485 ora.

179 2498 343 2539 Omnes
373 2499 514 2540 sancti
537 2499 806 2540 Patriarchae
834 2505 878 2541 et
902 2501 1006 2541 Pro-

229 2554 386 2606 phetae,
873 2558 1006 2597 orate.

177 2611 335 2651 Sancte
356 2611 496 2659 Petre,
919 2624 1007 2652 ora.

177 2667 336 2707 Sancte
354 2666 499 2714 Paule,

129 2758 131 2761 Α
177 2723 335 2763 Sancte
355 2722 541 2770 Andrea,

920 2233 1007 2261 01⁴3.

919 2290 1008 2318 0Γᾶ.

920 2345 1007 2373 Ora.

920 2735 1007 2762 Ora.

1061 1773 1221 1814 Sancte
1239 1773 1264 1814 J
1267 1775 1443 1822 oannes,
1805 1786 1895 1815 ora.

1063 1830 1227 1870 Omnes
1247 1829 1387 1870 sancti
1406 1829 1614 1881 Apostoli
1636 1834 1680 1870 et
1698 1829 1894 1880 Evange-

1114 1885 1239 1934 listae,
1404 1923 1411 1929 .
1759 1887 1895 1927 orate.

1063 1941 1226 1982 Omnes
1246 1942 1386 1982 sancti
1404 1941 1622 1993 Discipuli
1640 1941 1830 1990 Domini,

1759 1999 1894 2039 orate.

1063 2053 1228 2094 Omnes
1249 2053 1389 2094 sancti
1407 2053 1684 2101 Innocentes‚
1758 2055 1893 2095 orate.

1061 2109 1220 2150 Sancte
1240 2108 1472 2160 Stephane,
1805 2121 1894 2150 ora.

1061 2165 1222 2206 Sancte
1241 2164 1460 2213 Laurenti,
1805 2178 1894 2206 ora.

1063 2220 1227 2261 Omnes
1247 2220 1387 2261 sancti
1405 2220 1635 2272 Martyres,
1759 2222 1894 2262 orate.

1061 2277 1220 2318 Sancte
1240 2276 1461 2325 Silvester,
1805 2289 1893 2318 ora.

1061 2333 1221 2374 Sancte
1242 2333 1440 2383 Gregori,
1805 2346 1894 2374 ora.

1061 2389 1219 2429 Sancte
1239 2390 1497 2438 Augustine,
1804 2401 1892 2429 ora.

1062 2445 1227 2485 Omnes
1247 2445 1387 2485 sancti
1399 2444 1638 2485 Pontifices
1657 2449 1701 2485 et
1717 2444 1894 2486 Confes-

1114 2503 1249 2548 sores,
1760 2503 1894 2542 orate.

1062 2556 1221 2597 Sancte
1240 2556 1492 2605 Benedicte,
1807 2569 1893 2602 Qra.

1062 2612 1221 2653 Sancte
1239 2612 1275 2652 F
1278 2615 1485 2662 rancisce,
1807 2625 1893 2653 ora.

921 2680 1007 2707 ora.
1062 2668 1222 2709 Sancte
1242 2668 1435 2717 Camille,
1805 2680 1892 2708 ora.

1035 2708 1039 2774 Ι
1062 2724 1220 2764 Sancte
1241 2724 1264 2763 J
1267 2726 1433 2764 oannes
1454 2723 1509 2765 de
1528 2723 1637 2772 Deo,
1804 2735 1892 2764 ora.
