2040 2976
196 210 287 252 [274]

196 316 334 345 meos:
379 303 403 328 *
450 302 835 343 dinumeraverunt
881 299 1027 340 omnia

197 372 299 401 ossa
318 371 426 400 mea.

249 415 341 467 Ipsi
362 427 467 455 vero
494 413 885 455 consideraverunt
905 416 948 452 et
966 410 1026 450 in-

197 472 436 523 spexerunt
454 482 539 510 me:
554 471 577 495 *
593 468 836 510 diviserunt
855 466 939 508 sibi
957 479 1027 506 ve-

196 527 401 568 stimenta
414 537 524 572 mea,
545 529 588 566 et
608 536 741 576 super
756 528 926 565 vestem
940 534 1027 562 me-

196 595 267 623 am
285 582 499 622 miserunt
518 586 693 621 sortem.

248 638 318 678 Tu
343 642 490 678 autem
508 637 698 677 Domine
723 648 778 676 ne
797 635 1027 683 elongave-

197 695 256 735 ris
285 693 494 735 auxilium
521 698 646 733 tuum
674 705 699 732 a
727 703 812 732 me:
830 691 854 715 *
874 689 931 730 ad
956 688 1027 729 de-

197 750 439 791 fensionem
458 761 602 789 meam
623 747 839 799 conspice.

248 807 365 846 Erue
407 818 433 846 a
473 805 639 846 framea
677 804 798 844 Deus
840 800 1028 842 animam

196 874 354 903 meam:
374 862 398 886 *
418 865 461 901 et
486 858 542 901 de
565 873 697 900 manu
717 858 837 900 canis
855 856 1029 896 unicam

197 930 357 959 meam:

248 974 378 1015 Salva
406 985 477 1013 me
506 985 560 1013 ex
589 984 666 1012 ore
694 969 852 1011 leonis:
879 969 902 993 *
933 971 977 1008 et
1004 979 1030 1007 a

197 1029 404 1071 cornibus
436 1028 709 1068 unicornium
739 1024 1030 1067 humilitatem

196 1098 351 1126 meam.
702 1098 706 1102 ·

248 1139 451 1181 Narrabo
479 1151 640 1180 nomen
666 1142 790 1179 tuum
821 1135 1029 1177 fratribus

199 1197 326 1237 meis:
363 1195 387 1221 *
427 1195 471 1235 in
511 1193 659 1235 medio
702 1192 901 1234 ecclesiae
940 1191 1029 1232 lau-

199 1251 316 1293 dabo
344 1256 399 1292 te.

251 1307 335 1356 Qui
367 1306 530 1348 timetis
561 1305 815 1353 Dominum,
851 1302 1031 1344 laudate

201 1376 317 1404 eum:
351 1363 374 1388 *
408 1362 660 1403 universum
701 1372 852 1402 semen
891 1357 1030 1400 Jacob

198 1419 442 1469 glorificate
462 1431 572 1459 eum.

251 1475 423 1515 Timeat
444 1487 543 1515 eum
563 1485 691 1514 omne
712 1485 862 1513 semen
879 1470 1031 1512 Israel:

200 1531 223 1555 *
245 1530 450 1582 quoniam
474 1541 560 1570 non
584 1528 765 1580 sprevit,
791 1539 934 1579 neque
959 1526 1030 1567 de-

200 1587 345 1638 spexit
365 1585 723 1637 deprecationem
741 1583 967 1636 pauperis:

252 1642 347 1682 Nec
366 1641 524 1682 avertit
543 1640 702 1681 faciem
721 1653 844 1680 suam
864 1652 889 1680 a
907 1652 992 1679 me:
1008 1638 1032 1663 *

203 1703 247 1738 et
267 1710 365 1738 cum
386 1696 620 1737 clamarem
639 1695 696 1736 ad
716 1709 832 1744 eum,
857 1693 1032 1736 exaudi-

202 1753 264 1794 vit
282 1765 363 1794 me.

253 1808 387 1861 Apud
424 1813 468 1849 te
505 1807 600 1848 laus
635 1815 735 1848 mea
768 1807 814 1847 in
848 1805 1033 1847 ecclesia

201 1877 373 1915 magna:
388 1864 411 1889 ¹⁸¹
427 1868 532 1904 vota
550 1876 648 1904 mea
667 1862 851 1904 reddam
869 1862 1032 1910 incon-

202 1922 358 1972 spectu
376 1919 623 1961 timentium
642 1932 753 1960 eum.

254 1975 398 2017 Edent
425 1979 664 2028 pauperes,
699 1980 742 2016 et
777 1972 1032 2015 saturabun-

202 2037 288 2073 tur:
333 2037 376 2072 et
411 2030 653 2073 laudabunt
686 2030 924 2072 Dominum
959 2029 1033 2081 qui

203 2089 429 2138 requirunt
454 2100 567 2127 eum:
586 2090 610 2114 *
629 2086 778 2128 vivent
802 2085 939 2127 corda
963 2087 1034 2127 eo-

203 2155 300 2183 rum
318 2143 362 2182 in
381 2143 590 2183 saeculum
610 2142 771 2183 saeculi.

256 2198 609 2239 Reminiscentur
646 2203 690 2239 et
724 2198 1035 2239 convertentur

206 2253 262 2295 ad
278 2253 514 2294 Dominum
524 2254 547 2279 *
558 2254 749 2295 universi
766 2254 876 2295 fines
890 2258 1035 2293 terrae:

257 2309 315 2350 Et
337 2308 586 2350 adorabunt
608 2309 651 2349 in
676 2310 918 2361 conspectu
944 2309 1035 2360 ejus

206 2366 229 2391 *
248 2365 466 2406 universae
486 2364 660 2405 familiae
681 2365 899 2405 Gentium.

258 2420 476 2470 Quoniam
495 2419 672 2459 Domini
700 2426 767 2462 est
794 2433 990 2471 regnum:
1012 2421 1036 2446 *

207 2481 251 2518 et
268 2476 363 2528 ipse
383 2474 678 2516 dominabitur
698 2476 915 2517 Gentium.

259 2536 635 2577 Manducaverunt
667 2541 711 2577 et
743 2535 1038 2578 adoraverunt

209 2605 360 2634 omnes
379 2592 565 2644 pingues
583 2596 730 2632 terrae:
749 2593 772 2617 *
791 2592 835 2632 in
854 2594 1035 2644 conspe-

209 2653 283 2689 ctu
303 2649 393 2699 ejus
414 2647 573 2689 cadent
593 2660 744 2688 omnes
764 2647 838 2699 qui
858 2647 1036 2689 descen-

209 2703 317 2745 dunt
336 2704 379 2744 in
398 2709 570 2745 terram.

876 209 931 243 SS.
957 209 1096 243 Cordis
1122 208 1225 240 Jusu.

1129 298 1186 338 Et
1211 296 1355 337 anima
1378 307 1477 336 mea
1500 294 1563 335 illi
1581 294 1712 335 vivet:
1734 294 1758 320 *
1779 297 1823 334 et
1844 305 1908 334 se-

1077 366 1177 394 men
1196 364 1342 392 meum
1361 350 1523 392 serviet
1540 349 1636 402 ipsi.

1130 407 1472 449 Annuntiabitur
1480 405 1671 447 Domino
1683 402 1909 455 generatio

1079 467 1278 505 ventura:
1315 464 1338 490 *
1376 467 1419 504 et
1456 461 1774 503 annuntiabunt
1809 458 1910 500 coeli

1079 520 1286 571 justitiam
1306 520 1398 570 ejus
1417 517 1586 571 populo
1607 517 1682 570 qui
1695 517 1910 564 nascetur,

1081 588 1212 627 quem
1230 575 1333 616 fecit
1353 575 1581 615 Dominus.

1135 649 1233 686 Ant.
1262 646 1445 685 Factum
1462 648 1529 684 est
1549 655 1625 684 cor
1643 654 1790 683 meum
1803 644 1911 681 tam-

1082 713 1213 752 quam
1256 713 1357 742 cera
1398 700 1647 751 liquescens
1682 698 1727 738 in
1763 695 1911 737 medio

1080 757 1246 798 ventris
1265 757 1362 798 mei.

1135 822 1234 861 Ant.
1263 820 1465 873 Speravit
1488 831 1566 860 cor
1590 830 1738 859 meum
1759 817 1805 857 in
1822 815 1911 856 Do-

1079 877 1210 926 mino,
1235 882 1279 918 et
1306 875 1480 928 adjutus
1506 888 1618 916 sum:
1645 879 1691 915 et
1714 871 1913 915 refloruit

1081 945 1185 974 caro
1204 945 1313 975 mea.

1354 1005 1554 1044 Psalmus
1582 1003 1647 1043 27.

1162 1079 1192 1120 d
1230 1084 1275 1120 te
1312 1077 1500 1119 Domine
1541 1076 1756 1126 clamabo,
1792 1076 1914 1117 Deus

1202 1147 1327 1175 meus
1358 1146 1413 1174 ne
1447 1133 1576 1174 sileas
1610 1146 1636 1173 a
1667 1145 1754 1173 me:
1785 1132 1809 1157 *
1842 1143 1913 1172 ne-

1083 1191 1261 1243 quando
1291 1193 1440 1232 taceas
1468 1202 1494 1230 a
1517 1202 1605 1239 me,
1633 1193 1678 1230 et
1707 1186 1915 1229 assimila-

1082 1247 1171 1288 bor·
1184 1245 1555 1288 descendentibus
1573 1245 1619 1286 in
1637 1245 1792 1286 lacum.

1136 1302 1308 1344 Exaudi
1323 1301 1513 1343 Domine
1532 1313 1689 1343 vocem
1709 1299 1916 1352 depreca-

1082 1359 1215 1400 tionis
1238 1371 1349 1400 meae
1377 1357 1483 1399 dum
1507 1369 1586 1398 oro
1611 1355 1668 1398 ad
1690 1361 1750 1397 te:
1768 1356 1792 1382 *
1812 1354 1917 1397 dum

1084 1415 1249 1456 extollo
1282 1427 1437 1455 manus
1463 1426 1584 1455 meas
1613 1412 1670 1454 ad
1700 1411 1916 1465 templum

1084 1476 1286 1512 sanctum
1305 1475 1440 1512 tuum.

1136 1527 1205 1568 Ne
1225 1526 1353 1568 simul
1371 1526 1520 1568 trahas
1543 1538 1614 1566 me
1638 1538 1740 1566 cum
1762 1535 1916 1576 pecca-

1083 1583 1270 1624 toribus:
1295 1584 1319 1609 *
1340 1587 1384 1624 et
1408 1595 1508 1623 cum
1532 1580 1816 1634 operantibus
1839 1579 1916 1620 ini-

1085 1639 1299 1690 quitatem
1318 1651 1373 1679 ne
1391 1638 1555 1691 perdas
1573 1649 1659 1678 me:

1137 1695 1222 1744 Qui
1244 1695 1485 1746 loquuntur
1509 1706 1670 1746 pacem
1694 1705 1794 1733 cum
1818 1692 1916 1743 pro-

1084 1751 1204 1792 ximo
1221 1763 1312 1800 suo,
1323 1751 1347 1775 *
1361 1749 1477 1790 mala
1492 1754 1639 1790 autem
1653 1748 1699 1789 in
1709 1746 1918 1789 cordibus

1086 1808 1250 1847 eorum.

1136 1863 1207 1903 Da
1225 1862 1312 1903 illis
1332 1861 1575 1904 secundum
1598 1862 1735 1912 opera
1754 1860 1918 1907 eorum,

1086 1919 1109 1944 ²⁸¹
1131 1923 1175 1959 et
1195 1918 1439 1971 secundum
1452 1916 1695 1970 nequitiam
1715 1915 1919 1956 adinven-

1086 1975 1255 2016 tionum
1274 1975 1483 2027 ipsorum.

1139 2030 1390 2072 Secundum
1401 2032 1538 2082 opera
1546 2030 1756 2070 manuum
1767 2029 1920 2068 eorum

1086 2087 1232 2128 tribue
1251 2087 1352 2127 illis:
1375 2087 1399 2112 *
1422 2085 1560 2127 redde
1583 2083 1920 2126 retributionem

1087 2145 1241 2184 eorum
1260 2143 1378 2195 ipsis.

1140 2199 1358 2249 Quoniam
1367 2211 1455 2240 non
1466 2197 1774 2239 intellexerunt
1783 2198 1919 2249 opera

1086 2255 1277 2304 Domini,
1300 2259 1344 2296 et
1368 2255 1414 2295 in
1440 2256 1578 2306 opera
1594 2255 1803 2294 manuum
1827 2253 1918 2303 ejus

1087 2312 1111 2338 *
1137 2311 1338 2352 destrues
1362 2310 1474 2359 illos,
1496 2314 1541 2351 et
1564 2322 1655 2350 non
1677 2307 1918 2350 aedificabis

1088 2379 1177 2408 eos.

1140 2422 1409 2464 Benedictus
1424 2421 1656 2462 Dominus:
1670 2420 1694 2446 *
1710 2419 1918 2472 quoniam

1089 2478 1314 2520 exaudivit
1376 2490 1533 2519 vocem
1593 2475 1918 2529 deprecationis

1089 2548 1210 2576 meae.
1840 2574 1848 2585 ‚

1140 2590 1358 2631 Dominus
1371 2589 1545 2641 adjutor
1559 2602 1694 2638 meuS‚
1714 2594 1759 2630 et
1773 2589 1917 2640 prote-

1090 2651 1187 2687 ctor
1214 2658 1353 2687 meus:
1379 2647 1404 2672 ¹⁸¹
1428 2646 1473 2686 in
1498 2647 1597 2698 ipso
1624 2644 1819 2697 speravit
1842 2655 1919 2684 cor

1089 2715 1245 2751 meum,
1264 2707 1309 2743 et
1328 2701 1502 2753 adjutus
1522 2714 1630 2743 sum.
