2040 2976
670 195 779 229 Feria
806 200 940 237 quarta
967 195 1015 228 ad
1039 195 1275 229 Matutinum.
1796 198 1840 233 65

138 287 293 339 spectu
332 286 430 328 Dei:
472 288 496 314 *
536 287 879 329 misericordiam
921 293 964 330 et

138 343 367 384 veritatem
394 343 483 395 ejus
513 344 608 395 quis
637 343 850 396 requiret?

190 399 261 440 Sic
279 399 503 452 'psalmum
531 399 672 441 dicam
697 401 860 442 nomini
886 406 962 444 tuo

137 455 181 496 in
213 455 422 497 saeculum
458 456 621 497 saeculi:
649 458 672 484 *
699 462 747 498 ut
782 457 964 500 reddam

138 517 242 554 vota
268 525 366 554 mea
394 512 449 554 de
477 512 547 554 die
574 513 619 553 in
647 513 774 554 diem.

186 573 283 612 Ant.
317 572 385 610 Da
403 569 530 611 nobis
550 569 738 611 Domine
757 570 963 612 auxilium

140 625 194 667 de
211 625 510 667 -tribulatione

185 684 284 724 Ant.
320 685 474 724 Nonne
500 682 610 724 Deo.

403 742 600 782 Psalmus
630 744 687 782 61.

228 807 342 836 onne
367 795 464 836 Deo
493 795 686 847 subjecta
716 796 796 837 erit
818 797 959 838 anima

256 850 378 893 mea?
415 853 439 878 *
475 851 530 894 ab
566 852 663 905 ipso
701 853 815 894 enim
852 854 961 895 salu-

136 910 231 949 tare
258 920 414 949 meum.

187 964 301 1005 Nam
330 970 372 1006 et
399 965 494 1017 ipse
515 965 635 1006 Deus
659 978 796 1016 meUS,
826 971 870 1008 et
897 980 961 1008 sa-

136 1021 288 1062 lutaris
328 1034 468 1063 meus:
503 1024 527 1049 *
564 1024 793 1075 susceptor
827 1036 961 1074 meus,

136 1091 224 1119 non
251 1077 463 1120 movebor
490 1078 687 1144 amplius.

189 1135 428 1187 Quousque
455 1135 616 1176 irruitis
646 1135 690 1176 in
717 1135 960 1178 hominem?

135 1192 159 1218 *
169 1190 410 1233 interficitis
421 1192 610 1233 universi
625 1205 720 1233 vos:
738 1197 962 1260 tamquam

135 1248 291 1300 parieti
326 1247 531 1290 inclinato
569 1253 612 1290 et
646 1249 848 1290 maceriae
890 1249 960 1291 de-

135 1302 299 1356 pulsae?

187 1360 501 1401 Verumtamen
520 1361 708 1412 pretium
727 1374 872 1402 meum
892 1375 960 1404 co—

136 1416 382 1466 gitaverunt
392 1416 614 1469 repellere,
629 1419 799 1459 cucurri
813 1418 857 1459 in
875 1419 961 1460 siti:

136 1474 160 1499 *
188 1485 264 1514 ore
292 1485 372 1514 suo
398 1472 727 1524 benedicebant,
756 1479 799 1516 et
827 1475 960 1516 corde

135 1541 215 1570 suo
243 1527 571 1570 maledicebant.

186 1585 500 1627 Verumtamen
523 1586 620 1628 Deo
647 1586 842 1639 subjecta
865 1593 960 1630 esto

136 1641 279 1683 anima
296 1654 408 1683 mea:
431 1643 455 1669 *
476 1643 679 1694 quoniam
696 1643 751 1685 ab
770 1644 867 1697 ipso
886 1658 959 1698 pa-

133 1698 284 1739 tientia
310 1711 419 1740 mea.

188 1755 300 1804 Quia
325 1755 419 1807 ipse
446 1755 567 1797 Deus
595 1768 729 1806 meus,
758 1761 801 1798 et
822 1757 959 1799 salva-

134 1814 205 1852 tor
246 1823 385 1852 meus:
421 1813 445 1839 *
482 1811 654 1864 adjutor
697 1826 835 1863 meus,
871 1820 959 1855 non

136 1867 371 1918 emigrabo.

186 1924 238 1964 In
255 1923 353 1966 Deo
372 1924 561 1966 salutare
579 1938 735 1975 meum,
760 1931 804 1968 et
821 1926 959 1977 gloria

135 1993 246 2022 mea:
274 1982 298 2008 *
325 1981 446 2022 Deus
474 1982 620 2023 auxilii
646 1983 747 2033 mei,
782 1987 826 2024 et
858 1996 959 2036 spes

135 2049 233 2078 mea
259 2037 303 2077 in
329 2038 426 2080 Deo
456 2043 532 2080 est.

187 2094 369 2146 Sperate
383 2095 427 2135 in
448 2107 499 2136 eo
518 2095 658 2136 omnis
677 2097 959 2147 congregatio

135 2149 298 2201 pepuli,
326 2150 533 2192 effundite
559 2164 707 2193 coram
728 2152 803 2194 illo
823 2152 958 2194 corda

135 2210 294 2247 vestra:
326 2208 350 2234 *
377 2207 498 2249 Deus
530 2208 702 2260 adjutor
734 2213 885 2250 noster
915 2210 959 2250 in

136 2264 356 2304 aeternum.

187 2319 499 2362 Verumtamen
512 2321 613 2362 vani
631 2321 708 2362 filii
726 2321 959 2373 hominum,

134 2374 369 2416 mendaces
385 2376 461 2417 filii
474 2376 698 2418 hominum
713 2378 757 2418 in
772 2379 959 2420 stateris:

136 2431 159 2455 *
182 2435 230 2472 ut
258 2430 477 2484 decipiant
503 2434 587 2486 ipsi
615 2432 670 2475 de
698 2434 889 2476 vanitate
915 2435 959 2476 in

136 2486 337 2539 idipsum.

187 2543 334 2585 Nolite
363 2547 539 2596 sperare
569 2546 614 2586 in
643 2546 885 2598 iniquitate,
915 2553 958 2590 et

136 2601 310 2651 rapinas
338 2600 472 2641 nolite
501 2604 823 2654 concupiscere:
847 2604 870 2629 *
899 2604 957 2645 di—

136 2655 252 2696 vitiae
282 2656 317 2696 si
345 2656 539 2706 affluant,
567 2657 701 2699 nolite
730 2671 806 2699 cor
825 2662 957 2712 appo-

136 2723 250 2752 nere.

1067 290 1211 332 Semel
1225 290 1396 332 locutus
1413 298 1480 334 est
1494 293 1626 343 Deus,
1642 292 1729 334 duo
1744 293 1840 335 haec

1016 346 1177 396 audivi,
1216 347 1316 399 quia
1342 351 1539 400 potestas
1566 350 1650 391 Dei
1678 355 1760 400 est,
1798 356 1841 391 et

1015 403 1093 444 tibi
1125 404 1313 445 Domine
1344 405 1660 447 misericordia:
1687 407 1710 432 *
1740 407 1840 458 quia

1016 465 1063 501 tu
1095 459 1254 502 reddes
1291 461 1523 513 unicuique
1556 463 1673 513 juxta
1706 465 1841 516 opera

1017 529 1104 557 sua.

1284 569 1480 608 I'salmus
1503 570 1566 608 (33.

1012 620 1230 747 Exaudi
1267 628 1388 669 Deus
1425 630 1665 672 orationem
1698 645 1839 673 meam

1111 696 1209 724 cum
1238 683 1464 753 deprecor:
1492 687 1515 712 *
1544 699 1569 727 a
1596 688 1751 729 timore
1779 689 1838 728 in-

1066 796 1301 838 Protexisti
1328 811 1398 839 me
1428 811 1453 839 a
1481 802 1697 841 conventu
1721 801 1838 841 mali-

1014 853 1252 902 gnantium:
1272 854 1295 879 *
1315 867 1339 895 a
1363 855 1638 898 multitudine
1658 860 1839 909 operan-

1014 909 1122 949 tium
1140 910 1423 962 iniquitatem.

1067 965 1178 1015 Quia
1197 969 1463 1009 exacuerunt
1486 974 1534 1010 ut
1552 968 1838 1019 gladium'lin-

1013 1034 1122 1072 guas
1163 1035 1277 1063 suas:
1313 1024 1336 1049 *
1372 1024 1650 1066 intenderunt
1692 1039 1839 1067 arcum

1014 1091 1107 1119 rem
1135 1082 1346 1130 amaram,
1380 1086 1428 1122 ut
1460 1084 1667 1132 sagittent
1698 1083 1740 1122 in
1769 1095 1838 1124 oc-

1015 1135 1142 1176 cultis
1169 1136 1505 1178 immaculatum.

1065 1191 1218 1233 Subito
1244 1193 1511 1244 sagittabunt
1537 1207 1651 1244 eum,
1686 1201 1729 1237 et
1752 1209 1839 1237 non

1013 1247 1246 1296 timebunt:
1274 1250 1297 1275 *
1325 1249 1608 1292 firmaverunt
1639 1251 1721 1293 sibi
1754 1265 1830 1294 ser·

1013 1306 1188 1345 monem
1207 1318 1405 1357 nequam.

1065 1360 1362 1403 Narraverunt
1381 1367 1429 1403 ut
1445 1362 1767 1406 absconderent
1781 1365 1838 1406 la—

1015 1429 1166 1468 queos:
1177 1417 1200 1442 *
1211 1416 1425 1459 dixerunt:
1441 1419 1546 1469 Quis
1562 1419 1727 1461 videbit
1738 1420 1837 1462 eos?

1064 1473 1254 1515 Scrutati
1274 1479 1374 1515 sunt
1396 1475 1661 1527 iniquitates:
1681 1477 1703 1502 *
1724 1477 1838 1518 defe-

1013 1531 1165 1570 cerunt
1183 1533 1428 1572 scrutantes
1448 1533 1667 1573 scrutinio.

1064 1585 1261 1627 Accedet
1286 1586 1419 1628 homo
1448 1587 1505 1629 ad
1533 1601 1609 1629 cor
1637 1589 1786 1630 altum:
1816 1591 1838 1615 *

1013 1646 1056 1683 et
1076 1642 1338 1684 exaltabitur
1356 1644 1488 1685 Deus.

1063 1699 1242 1749 Sagittae
1270 1700 1551 1752 parvulorum
1584 1702 1710 1743 factae
1740 1708 1839 1744 sunt

1010 1755 1152 1807 plagae
1181 1758 1346 1797 eorum:
1366 1757 1456 1798 *et
1479 1758 1709 1799 infirmatae
1738 1764 1838 1800 sunt

1011 1816 1164 1853 contra
1184 1825 1260 1853 eos
1279 1812 1437 1863 linguae
1457 1816 1619 1855 eorum.

1065 1868 1321 1910 Conturbati
1340 1875 1440 1911 sunt
1460 1883 1611 1912 omnes
1633 1872 1706 1923 qui
1721 1872 1835 1913 vide-

1010 1923 1117 1966 bant
1141 1937 1232 1966 eos:
1251 1926 1274 1950 *
1295 1930 1339 1966 et
1362 1927 1505 1967 timuit
1529 1928 1669 1968 omnis
1693 1927 1836 1969 homo.

1062 1981 1120 2022 Et
1143 1982 1506 2024 annuntiaverunt
1534 1985 1670 2036 opera
1692 1985 1789 2034 Dei,
1813 1986 1836 2010 *

1012 2042 1056 2078 et
1074 2037 1189 2078 facta
1209 2038 1299 2089 ejus
1318 2038 1632 2081 intellexerunt.

1062 2093 1303 2135 Laetabitur
1326 2094 1464 2146 justus
1490 2095 1533 2135 in
1556 2096 1763 2146 Domino,
1793 2102 1836 2138 et

1012 2149 1236 2202 sperabit'
1225 2163 1268 2190 1n
1288 2151 1399 2200 eo,*
1419 2155 1463 2192 et
1482 2129 1773 2194 laudabuntur
1793 2166 1835 2193 o-

1011 2219 1134 2248 mnes
1154 2207 1261 2249 recti
1281 2206 1425 2248 corde.

1062 2261 1160 2302 Ant.
1204 2262 1356 2304 Nonne
1393 2264 1490 2306 Deo
1525 2264 1718 2315 subjecta
1754 2266 1835 2306 erit

1012 2319 1153 2360 anima
1172 2317 1292 2360 mea?

1061 2374 1159 2415 Ant.
1195 2376 1457 2419 Benedicite.

1226 2479 1230 2484 ,
1280 2432 1476 2474 Psalmus
1498 2434 1562 2472 65.

1007 2483 1247 2589 Jubilate
1271 2493 1368 2534 Deo
1395 2494 1534 2535 omnis
1563 2499 1693 2543 terra,
1721 2494 1831 2546 psal-

1104 2563 1223 2590 mum
1243 2549 1374 2591 dicite
1389 2551 1551 2590 nomini
1566 2551 1670 2602 ejus:
1690 2550 1712 2575 *
1732 2549 1831 2590 date

1009 2605 1191 2655 gloriam
1210 2605 1328 2647 laudi
1348 2607 1448 2657 ejus.

1061 2662 1204 2703 Dicite
1223 2662 1336 2710 Deo,
1359 2675 1487 2714 quam
1507 2660 1713 2702 terribilia
1732 2665 1831 2700 sunt

1011 2719 1145 2770 opera
1159 2723 1234 2759 tua
1247 2717 1450 2760 Domine!
1464 2719 1487 2743 *
1500 2718 1543 2759 in
1558 2715 1831 2759 multitudine
