2040 2976
631 202 702 235 Die
729 202 781 235 18.
805 203 903 245 Aug.
950 203 985 237 S.
1011 203 1170 238 Helcnae
1195 204 1342 247 Imper.,
1366 205 1453 239 Vid.

185 296 252 333 est
282 292 325 332 in
356 293 431 335 illo
461 294 632 337 caritas.
686 295 774 338 Sed
801 299 1015 351 numquid

184 361 298 400 mox,
318 355 367 391 ut
384 351 590 402 nascitur,
614 353 698 404 jam
716 365 899 406 prorsus
918 369 1015 408 per-

184 404 297 446 fecta
323 405 413 448 est?
447 407 506 449 Ut
531 408 786 460 perficiatur
811 412 1015 463 nascitur,

184 474 283 503 cum
309 462 440 506 fuerit
466 470 569 506 nata
596 468 802 517 nutritur,
830 480 929 509 cum
952 470 1014 511 fu-

184 518 266 559 erit
284 522 446 561 nutrita
471 521 802 574 corroboratur,
828 537 928 566 cum
952 525 1013 567 fu-

184 574 266 616 erit
297 575 507 618 roborata
539 578 783 631 perficitur,
826 593 926 622 cum
958 582 1014 624 ad

182 631 500 683 perfectionem
537 636 707 678 venerit
746 636 851 689 quid
884 637 1013 680 dicit?

182 687 290 728 Mihi
315 691 463 731 vivere
491 690 691 734 Christus
719 698 802 743 est,
831 700 875 736 et
902 696 1014 736 mori

181 744 366 786 lucrum:
392 747 603 799 optabam
624 749 822 800 dissolvi,
849 757 892 792 et
916 764 1014 794 esse

182 814 282 842 cum
318 802 510 845 Christo:
546 805 686 847 multo
724 807 839 848 enim
875 809 1014 859 magis

183 859 412 910 optimum,
440 863 618 903 manere
642 863 686 903 in
712 876 842 905 carne
865 877 1013 906 neces-

182 916 346 957 sarium
374 924 559 970 propter
586 932 678 961 vos.
718 921 908 973 Propter
936 935 1013 964 eos

183 971 362 1014 volebat
390 976 554 1024 vivere,
586 988 669 1028 pro
703 977 861 1029 quibus
888 981 1013 1031 para-

182 1033 254 1070 tus
273 1034 367 1070 erat
383 1031 507 1072 mori.

236 1090 286 1141 R.
304 1086 482 1128 Amavit
506 1100 605 1129 eum
623 1089 850 1141 Dominus,
878 1097 922 1133 et
947 1105 1012 1134 or-

181 1142 302 1183 navit
338 1155 452 1184 eum:
488 1145 648 1186 stolam
684 1146 835 1197 gloriae
872 1148 1014 1191 induit

182 1210 291 1248 eum,
308 1203 329 1226 *
350 1199 407 1242 Et
425 1200 483 1242 ad
502 1207 655 1254 portas
674 1203 870 1255 paradisi
889 1217 1013 1247 coro-

181 1256 301 1297 navit
317 1269 427 1297 eum.
454 1255 504 1305 V.
521 1257 668 1300 Induit
683 1271 783 1300 eum
797 1260 1012 1303 Dominus

180 1311 362 1353 loricam
388 1312 502 1363 fidei,
530 1319 574 1355 et
601 1316 775 1358 ornavit
800 1329 911 1359 eum.
956 1318 1013 1361 Et

180 1367 237 1410 ad
263 1375 428 1421 portas.

483 1427 633 1467 Lectio
655 1428 706 1467 vi.

276 1495 341 1524 aec
361 1488 428 1524 est
447 1484 660 1536 perfectio
685 1487 898 1538 caritatiS,
923 1502 1010 1530 ma—

291 1539 357 1590 jor
386 1543 563 1582 omnino
597 1555 686 1583 non
714 1548 865 1595 potest
892 1545 1008 1587 inve-

178 1595 275 1636 niri:
297 1595 376 1637 sed
397 1597 498 1648 quia
520 1611 609 1640 non
627 1599 671 1639 in
691 1600 894 1642 omnibus
912 1615 1009 1654 per-

179 1652 293 1694 fecta
318 1659 402 1703 est,
432 1659 475 1696 et
500 1654 739 1708 desperare
763 1669 853 1698 non
878 1657 1011 1701 debet

178 1709 221 1749 in
255 1722 343 1762 quo
375 1711 572 1763 perfecta
603 1725 692 1754 non
725 1718 809 1763 est,
851 1714 888 1754 si
926 1716 1011 1767 jam

178 1770 279 1808 nata
299 1772 367 1808 est
387 1781 486 1820 quae
505 1769 775 1822 perficiatur3
795 1776 839 1812 et
858 1771 1010 1825 utique

178 1823 215 1863 si
241 1829 343 1865 nata
369 1830 451 1874 est,
480 1825 712 1868 nutrienda
738 1832 822 1878 est,
851 1833 895 1870 et
921 1829 1008 1881 qui-

176 1878 365 1922 busdam
385 1881 474 1922 suis
494 1883 771 1925 nutrimentis
791 1883 849 1926 ad
867 1886 1008 1938 perfe-

179 1936 369 1978 ctionem
426 1939 655 1991 propriam
714 1941 1010 1993 perducenda.

179 1992 471 2042 Quaesivimus
499 1995 827 2039 inchoationem
856 1999 1008 2041 carita-

178 2048 235 2090 tis
262 2050 378 2092 unde
406 2051 603 2104 incipiat,
639 2059 682 2096 et
709 2054 770 2095 ibi
799 2058 1008 2098 continuo

178 2105 435 2149 invenimus:
471 2109 516 2150 Si
544 2110 641 2162 quis
670 2110 803 2153 habet
830 2112 1008 2154 faculta-

177 2168 245 2204 tes
263 2163 425 2214 mundi,
446 2170 489 2207 et
506 2166 667 2209 viderit
686 2168 866 2210 fratrem
883 2182 1009 2211 suum

179 2221 395 2271 egentem,
427 2226 470 2263 et
499 2222 706 2266 clauserit
734 2227 905 2267 viscera
930 2239 1009 2267 sua
1067 2252 1081 2283 χ
1111 2236 1151 2281 ³25²

179 2275 390 2318 adversus
423 2291 537 2329 eum,
571 2280 797 2332 quomodo
830 2282 1008 2324 dilectio

179 2332 322 2374 Patris
341 2341 488 2377 manet
507 2335 550 2376 in
569 2336 667 2378 illo?
688 2338 806 2389 Ergo
827 2339 928 2381 hinc
947 2342 1007 2381 in-
1072 2339 1130 2359 ‘
1160 2334 1203 2364 '⁷³'

179 2389 286 2442 cipit
304 2391 388 2432 ista
407 2392 578 2443 caritas,
597 2394 765 2444 fratres,
784 2401 832 2437 ut
847 2395 902 2437 de
918 2397 1008 2437 suis

180 2448 412 2498 superfluis
441 2449 606 2491 tribuat
633 2452 777 2501 egenti
804 2452 848 2493 in
876 2456 1007 2504 angu-

180 2504 274 2545 stiis
311 2504 530 2557 aliquibus
568 2507 826 2558 constituto,
868 2521 922 2550 ex
955 2522 1008 2551 eo

181 2560 301 2612 quod
320 2561 404 2603 sibi
423 2562 619 2604 abundat
640 2565 883 2605 secundum
901 2571 1007 2607 tem-

180 2630 280 2669 pus,
306 2631 331 2659 a
349 2618 633 2661 tribulatione
652 2622 885 2672 temporali
904 2622 1007 2664 libe-

180 2679 247 2715 ret
266 2674 460 2717 fratrem:
485 2675 586 2718 hinc
606 2676 834 2717 exordium
855 2684 921 2720 est
940 2691 1007 2720 ca-

180 2730 332 2773 ritatis.
361 2733 487 2774 Hanc
504 2733 567 2774 ita
586 2739 795 2786 coeptam,
814 2734 852 2774 si
870 2735 1007 2776 verbo

1068 300 1152 342 Dei
1181 306 1224 342 et
1251 313 1331 353 spe
1359 300 1519 342 futurae
1546 300 1650 343 vitae
1681 302 1897 352 nutrieris,

1067 357 1298 409 pervenies
1331 355 1389 398 ad
1419 356 1539 398 illam
1570 357 1898 410 perfectionem,

1067 419 1116 455 ut
1146 415 1327 466 paratus
1358 413 1417 454 sis
1448 414 1637 455 animam
1669 419 1789 456 tuam
1819 417 1896 467 po-

1067 482 1171 511 nere
1191 483 1274 523 pro
1293 470 1501 512 fratribus
1521 471 1622 513 tuis.

1120 532 1171 583 R«.
1196 531 1286 573 Iste
1305 530 1452 574 homo.
1471 532 1553 585 [72]

1119 605 1162 640 In
1187 605 1251 639 111.
1267 605 1467 640 Nocturno
1492 605 1665 640 Homilia
1688 607 1727 641 in
1751 607 1898 651 Evang.

1068 653 1194 688 Nolite
1237 653 1381 689 timere.
1426 654 1473 689 de
1519 655 1656 690 eodem
1694 654 1899 691 Communi

1067 702 1096 735 2.
1119 701 1217 735 loco.
1243 701 1314 745 [79]

1119 762 1162 796 In
1187 762 1386 797 Laudibus
1409 764 1449 797 fit
1474 763 1716 798 commemor.
1740 764 1898 800 Octavae

1067 812 1361 855 Assumptionis
1387 816 1423 846 et
1448 811 1483 846 S.
1506 812 1713 847 Laurentii.

1291 911 1375 953 Die
1394 912 1453 953 18.
1472 913 1673 963 Augusti.

1121 1002 1124 1005 -
1150 980 1192 1020 S.
1215 979 1421 1023 Helenae
1444 982 1618 1033 Imper„
1645 981 1815 1024 Viduae.

1400 1046 1565 1089 Duplex.

1123 1100 1259 1134 Omnia
1290 1099 1336 1133 de
1367 1098 1571 1133 Communi
1598 1110 1669 1134 nec
1693 1100 1798 1143 virg.
1825 1112 1896 1136 nec

1068 1149 1174 1183 Mart.
1201 1148 1275 1192 [99]
1300 1152 1442 1191 praeter
1466 1157 1572 1191 sequ.

1401 1206 1565 1248 Oratio.

1067 1264 1299 1369 Domine
1318 1273 1342 1315 J
1346 1286 1423 1315 esu
1443 1273 1626 1325 Christe,
1647 1274 1722 1327 qui
1739 1274 1896 1325 locum,

1170 1328 1245 1371 ubi
1283 1343 1389 1372 crux
1422 1336 1498 1373 tua
1531 1331 1714 1381 latebat,
1753 1331 1896 1389 beatae

1064 1385 1248 1427 Helenae
1273 1387 1495 1438 revelasti,
1521 1393 1569 1430 ut
1591 1401 1672 1441 per
1696 1401 1793 1430 eam
1815 1388 1895 1430 Ec-

1065 1441 1245 1484 clesiam
1283 1449 1403 1486 tuam
1444 1444 1531 1488 hoc
1567 1445 1767 1498 pretioso
1802 1444 1895 1488 the-

1065 1502 1196 1541 sauro
1217 1499 1397 1543 ditares:
1423 1503 1514 1555 ejus
1537 1501 1666 1544 nobis
1688 1502 1894 1544 interces-

1065 1556 1188 1598 sione
1209 1557 1421 1609 concede;
1445 1563 1494 1600 ut
1511 1558 1656 1601 vitalis
1674 1558 1781 1610 ligni
1798 1561 1894 1612 pre—

1063 1613 1126 1655 tio
1142 1616 1322 1656 aeternae
1337 1615 1440 1657 vitae
1455 1615 1639 1668 praemia
1653 1617 1894 1668 consequa-

1063 1683 1175 1711 mur:
1197 1671 1281 1721 Qui
1300 1671 1411 1712 vivis
1430 1677 1474 1714 et
1493 1684 1661 1723 regnas.

1118 1739 1325 1774 Commem.
1343 1740 1637 1783 Assumptionis
1651 1741 1731 1784 524;
1755 1742 1895 1778 deinde

1065 1787 1100 1822 s,
1125 1787 1287 1831 Agapiti
1311 1788 1419 1823 Mart.
1445 1788 1538 1823 ibid.

1115 1844 1159 1878 In
1190 1844 1215 1879 Ι.
1234 1844 1448 1880 'Nocturno
1479 1845 1684 1880 Lectiones
1718 1846 1765 1881 de
1794 1846 1894 1883 Scri-

1065 1898 1177 1937 ptura
1203 1898 1436 1928 occurrente.

1289 1966 1339 2005 In
1365 1965 1416 2005 Π.
1444 1964 1669 2005 Nocturno.

1064 2030 1218 2074 Sermo
1247 2033 1389 2075 sancti
1416 2033 1643 2076 Ambrosii
1670 2033 1894 2087 Episcopi.

1202 2099 1303 2134 Orat.
1330 2099 1377 2134 de
1402 2098 1511 2134 obitu
1534 2097 1760 2134 Theodosii.

1367 2159 1521 2201 Lectio
1539 2159 1593 2200 iv.

1152 2231 1307 2278 3en1t
1332 2237 1437 2277 ergo
1457 2225 1644 2275 Helena,
1671 2226 1809 2279 coepit
1827 2239 1891 2268 re-

1066 2282 1099 2339 3‘·
1145 2276 1148 2278 ’
1235 2285 1377 2324 visere
1406 2282 1504 2325 loca
1533 2287 1700 2333 sancta,
1734 2282 1893 2325 infudit

1236 2339 1275 2381 ei
1289 2339 1488 2392 Spiritus,
1507 2344 1556 2381 ut
1571 2338 1736 2390 lignum
1751 2339 1893 2381 crucis

1062 2398 1317 2448 requireret,
1337 2395 1524 2437 accessit
1538 2395 1595 2437 ad
1611 2395 1892 2446 Golgotham,

1063 2458 1106 2494 et
1126 2453 1202 2494 ait:
1229 2453 1345 2494 Ecce
1368 2452 1493 2494 locus
1516 2465 1694 2506 pugnae,
1723 2452 1798 2494 ubi
1825 2457 1892 2494 est

1062 2508 1266 2551 victoria?
1301 2522 1454 2562 quaero
1486 2509 1696 2551 vexillum
1728 2509 1891 2559 salutis,

1062 2572 1106 2608 et
1138 2579 1226 2608 non
1258 2567 1444 2608 invenio.
1503 2567 1618 2617 Ego,
1657 2566 1891 2619 inquit,*in

1062 2624 1218 2675 regnis,
1239 2629 1282 2665 et
1301 2636 1409 2664 crux
1423 2623 1603 2664 Domini
1620 2623 1664 2663 in
1683 2621 1890 2676 pulvere?

1062 2680 1155 2731 Ego
1183 2680 1227 2720 in
1255 2679 1382 2729 aulis,
1417 2685 1461 2721 et
1493 2679 1538 2720 in
1565 2679 1701 2720 ruinis
1730 2678 1890 2721 Christi

1060 2735 1331 2789 triumphus?
1388 2735 1469 2777 Ille
1508 2735 1653 2778 adhuc
1683 2735 1808 2785 latet,
1846 2740 1890 2777 et
