2040 2976
589 212 655 246 Die
680 214 730 245 2⁴3.
757 212 911 255 Aprilis.
960 212 998 245 B.
1025 212 1070 245 M.
1098 212 1137 244 V.
1164 212 1209 245 de
1238 212 1344 245 Bono
1370 212 1553 246 Consilio.

384 309 470 350 Ad
497 310 881 351 Matutinum.

276 373 442 412 Invitat.
472 372 630 413 Sancta
650 371 788 412 Maria
810 370 893 411 Dei
914 369 1040 411 Geni-

221 429 305 470 trix
328 428 483 479 Virgo,
512 428 652 469 Mater
676 426 788 468 Boni
815 425 994 468 Consilii
1020 430 1041 453 *

221 483 448 526 Intercede
467 479 555 537 pro'
567 483 706 525 nobis.

280 546 342 584 l's.
368 546 516 587 Venite
537 544 811 594 exsultemus.
828 544 865 584 2.

534 615 739 666 llymnus.

302 674 431 717 laude
447 675 616 725 festivo,
635 674 708 727 pia
727 686 844 725 gens,
863 673 1039 721 honore,

335 732 452 773 Dum
489 731 784 773 Genestanam
819 728 1040 771 veneraris

272 845 367 895 Qua
385 845 468 886 Dei
487 787 907 896 mffgxffg'Genitricis
927 841 1040 882 alma

373 900 581 954 Splendet
599 901 754 952 imago.

225 971 328 1012 Ilaec
346 970 423 1011 ubi
439 970 593 1011 miram
612 969 803 1022 speciem
821 968 1001 1020 repente

272 1026 441 1068 Obtulit
464 1026 576 1068 laetis
599 1025 774 1078 populis
797 1022 1040 1071 videndam,

272 1083 409 1125 Multa
426 1081 825 1180 moxssceggm‘bona
839 1080 951 1121 ferre
966 1091 1039 1121 no-

374 1196 482 1238 Visa
498 1207 578 1247 per
597 1206 707 1236 oras.
764 1212 766 1214 v

224 1266 320 1318 Ipsa
338 1270 442 1306 tunc
461 1264 588 1315 aegris
609 1262 770 1310 aderat,
789 1260 999 1301 molestos

273 1321 480 1374 Corporis
505 1320 683 1362 morbos
708 1317 926 1369 animique
950 1315 1037 1368 pel-

526 1377 620 1418 lens

264 1434 420 1486 Longe
445 1438 487 1475 et
511 1436 727 1475 aerumnas
750 1429 878 1471 Latio
903 1428 1038 1469 immi-

525 1491 677 1531 nentes

373 1548 475 1600 Ipsa
494 1545 682 1597 fugabat.

221 1614 373 1667 Virgo,
413 1629 511 1668 quae
545 1614 711 1666 magnis
748 1613 956 1655 decorata
988 1613 1039 1654 si-

527 1685 632 1722 gms,

270 1728 397 1769 Nunc
430 1740 605 1780 quoque
641 1726 837 1777 effulges,
870 1726 1039 1768 miseris

527 1785 726 1835 juvamen

273 1840 402 1890 Affer‚
423 1845 466 1882 et
484 1840 589 1881 fusis
607 1840 778 1892 patiens
798 1838 1002 1880 clientum

375 1897 529 1938 Annue
549 1896 676 1937 votis.

219 1965 284 2007 Sit
303 1966 418 2007 salus
437 1966 508 2015 illi,
528 1965 662 2008 decus
681 1969 812 2017 atque
831 1963 981 2013 virtus,

273 2023 355 2075 Qui
373 2035 503 2075 super
523 2022 622 2064 coeli
641 2021 752 2062 solio
770 2023 1015 2069 coruscans,

275 2078 431 2119 Totius
449 2078 602 2120 mundi·
617 2078 774 2119 seriem
792 2076 1005 2128 gubernat

373 2134 532 2175 Trinus
551 2139 594 2176 et
612 2147 734 2175 unus.
780 2133 931 2174 Amen.

461 2217 508 2256 In
527 2217 557 2256 I.
576 2216 795 2257 Nocturno.

274 2286 370 2326 Ant.
419 2285 579 2337 Accipe
618 2285 845 2327 consilium
877 2284 1038 2326 intelle-

221 2347 335 2392 ctus,
391 2347 434 2383 et
483 2354 538 2382 ne
588 2341 763 2392 abjicias
812 2341 1040 2382 consilium

220 2411 375 2439 meum.

274 2456 417 2490 Psalmi
434 2456 547 2490 trium
560 2454 841 2489 Nocturnorum
858 2460 897 2490 ut
916 2456 952 2489 in
970 2456 1035 2490 Fe-

220 2504 288 2538 stis
308 2505 346 2538 13.
366 2504 400 2537 M
432 2503 473 2536 V.
498 2505 586 2548 [136]

274 2557 367 2597 Ant.
412 2558 511 2598 Sine
548 2556 728 2597 consilio
762 2556 866 2597 nihil
901 2557 1036 2598 facias

222 2620 265 2656 et
286 2619 387 2667 post
406 2614 567 2655 factum
586 2625 674 2653 non
692 2612 937 2664 poenitebis.

274 2675 367 2714 Ant.
408 2674 565 2716 Audite
581 2673 854 2725 disciplinam
870 2678 912 2713 et
927 2675 1038 2714 esto-

220 2736 264 2773 te
279 2732 507 2784 sapientes,
523 2735 566 2772 et
583 2729 716 2771 nolite
731 2729 915 2779 abjicere
931 2741 1037 2769 eam.

1148 301 1197 353 V.
1228 305 1454 347 Venerunt
1482 303 1588 346 mihi
1620 304 1765 345 omnia
1795 303 1911 346 bona

1092 362 1254 414 pariter
1282 374 1381 403 cum
1407 360 1490 402 illa.
1524 361 1574 413 R.
1589 360 1646 402 Et
1671 360 1909 402 innumera-

1092 417 1190 459 bilis
1208 417 1416 459 honestas
1433 429 1514 470 per
1531 429 1684 458 manus
1702 415 1827 458 illius.

1223 506 1287 545 De
1305 503 1418 544 libro
1436 502 1785 544 Proverbiorum.

1198 582 1348 623 Lectio
1369 582 1391 621 i.
1605 581 1708 633 Cap.
1722 581 1759 621 2.
1773 580 1814 622 b.

1097 656 1207 713 Ῡξᾞι
1223 651 1447 692 intraverit
1462 650 1675 704 sapientia
1689 663 1765 692 cor
1778 655 1911 701 tuum,

1097 704 1186 785 *Q
1210 706 1912 806 ἓξῑῖ-ΟὲῖἶξὲῑὲἓξῙὲἓίὧᾟῗθῗέἓοὲἑ

1092 819 1323 872 prudentia
1342 819 1532 862 servabit
1550 825 1610 870 te,
1633 824 1681 862 ut
1703 795 1867 861 eruari’s
1887 833 1911 862 a

1092 876 1160 917 via
1183 877 1312 927 mala,
1346 881 1389 918 et
1414 876 1468 918 ab
1493 876 1684 926 homine,
1719 876 1792 928 qui
1814 889 1910 929 per-

1092 934 1218 974 versa
1235 933 1442 986 loquitur:
1467 933 1542 985 qui
1564 933 1813 985 relinquunt
1829 933 1912 975 iter

1092 994 1270 1040 rectum,
1289 995 1332 1032 et
1350 989 1573 1031 ambulant
1591 1002 1670 1042 per
1685 989 1778 1031 vias
1795 994 1911 1031 tene-

1092 1045 1260 1087 brosas:
1285 1046 1359 1099 qui
1381 1046 1587 1087 laetantur
1606 1059 1704 1090 cum
1722 1045 1836 1087 male
1854 1046 1911 1087 fe-

1093 1102 1244 1152 cerint,
1266 1107 1311 1144 et
1329 1101 1548 1144 exsultant
1566 1102 1610 1143 in
1628 1101 1759 1143 rebus
1777 1102 1911 1155 pessi-

1091 1158 1188 1199 mis:
1220 1171 1406 1211 quorum
1439 1158 1522 1200 viae
1553 1159 1776 1212 perversae
1803 1163 1912 1208 sunt,

1093 1219 1136 1256 et
1154 1214 1336 1257 infames
1354 1228 1532 1267 gressus
1551 1216 1713 1256 eorum.

1146 1278 1195 1330 R.
1219 1279 1264 1320 Si
1283 1279 1541 1332 sapientiam
1559 1278 1845 1328 invocaveris,
1870 1283 1914 1320 et

1091 1335 1365 1377 inclinaveris
1397 1347 1474 1376 cor
1503 1339 1626 1376 tuum
1653 1334 1913 1387 prudentiae:

1094 1390 1116 1413 *
1135 1391 1258 1433 Tunc
1276 1391 1490 1443 intelliges
1507 1391 1710 1432 timorem
1727 1390 1913 1440 Domini,

1093 1453 1136 1490 et
1154 1448 1379 1490 scientiam
1397 1447 1481 1490 Dei
1498 1447 1702 1489 invenies.
1735 1444 1784 1495 V.
1799 1447 1913 1498 Quia

1091 1505 1306 1546 Dominus
1326 1504 1401 1546 dat
1420 1503 1679 1557 sapientiam
1703 1508 1747 1545 et
1765 1516 1820 1545 ex
1838 1515 1913 1545 ore

1093 1563 1183 1613 eius
1215 1560 1446 1614 prudentia
1478 1565 1522 1602 et
1553 1560 1745 1601 scientia.
1790 1559 1915 1601 Tunc

1093 1618 1317 1669 intelliges.

1196 1692 1348 1733 Lectio
1368 1692 1406 1732 ii.
1609 1693 1710 1744 Cap.
1724 1693 1761 1733 3.
1777 1705 1811 1733 c.

1178 1764 1223 1805 ili
1240 1764 1314 1814 mi,
1342 1776 1397 1805 ne
1421 1763 1600 1804 effluant
1618 1762 1714 1804 haec
1737 1762 1791 1804 ab
1815 1764 1914 1804 ocu·

1186 1820 1239 1861 lis
1266 1820 1362 1862 tuis.
1406 1818 1588 1861 Custodi
1614 1818 1756 1870 legem
1783 1822 1914 1871 atque

1094 1877 1336 1918 eonsilium:
1361 1880 1405 1918 et
1425 1876 1506 1918 erit
1524 1875 1613 1917 vita
1636 1875 1792 1916 animae
1814 1879 1913 1925 tuae,

1093 1938 1136 1975 et
1162 1933 1301 1984 gratia
1325 1932 1524 1974 faucibus
1548 1931 1645 1973 tuis.
1680 1930 1804 1975 Tunc
1827 1943 1913 1972 am-

1091 1989 1262 2032 bulabis
1295 1988 1554 2030 fiducialiter
1582 1988 1626 2028 in
1652 1987 1723 2029 via
1748 1992 1838 2038 tua,
1871 1991 1914 2029 et

1093 2058 1173 2099 pes
1197 2051 1298 2087 tuus
1323 2058 1410 2087 non
1435 2045 1662 2098 impinget:
1693 2043 1730 2084 si
1756 2043 1912 2085 dormi-

1093 2103 1194 2152 eris,
1213 2115 1300 2143 non
1319 2101 1505 2144 timebis:
1525 2101 1738 2153 quiesceS‚
1757 2105 1801 2142 et
1819 2102 1912 2141 sua-

1092 2159 1158 2200 vis
1189 2159 1270 2200 erit
1302 2170 1479 2200 somnus
1510 2162 1621 2199 tuus.
1657 2157 1726 2198 Ne
1749 2158 1913 2209 paveas

1092 2217 1319 2268 repentino
1338 2216 1519 2263 terrore,
1539 2218 1582 2255 et
1599 2213 1814 2254 irruentes
1832 2211 1912 2254 tibi

1091 2271 1310 2323 potentias
1320 2270 1563 2322 impiorum.
1577 2268 1791 2310 Dominus
1799 2267 1913 2310 enim

1093 2327 1173 2368 erit
1191 2328 1235 2368 in
1260 2327 1395 2368 latere
1418 2331 1511 2376 tuo,
1541 2330 1584 2367 et
1603 2323 1821 2366 custodiet
1838 2337 1911 2377 pe-

1093 2382 1192 2425 dem
1210 2389 1332 2425 tuum
1352 2396 1406 2424 ne
1427 2382 1622 2435 capiaris.

1144 2446 1193 2497 Rz-
1217 2449 1263 2490 Si
1280 2447 1504 2490 intraverit
1522 2446 1736 2500 sapientia
1754 2459 1830 2488 cor
1848 2450 1912 2488 tu-

1092 2518 1180 2555 um,
1207 2509 1251 2546 et
1273 2504 1454 2545 scientia
1477 2503 1632 2545 animae
1655 2508 1743 2544 tuae
1766 2502 1910 2555 placu-

1092 2561 1187 2602 erit:
1216 2560 1238 2584 *
1271 2560 1506 2602 Consilium
1533 2558 1751 2601 custodiet
1777 2563 1841 2608 tes
1870 2563 1912 2600 et

1091 2617 1321 2669 prudentia
1336 2616 1528 2658 servabit
1543 2621 1597 2658 te.
1614 2609 1664 2662 V.
1675 2615 1734 2657 Ut
1748 2615 1911 2656 eruaris

1091 2686 1116 2713 a
1139 2674 1209 2714 via
1233 2673 1358 2723 mala,
1382 2678 1427 2714 et
1446 2672 1501 2714 ab
1521 2672 1695 2714 homine
1716 2671 1794 2723 qui
1814 2683 1909 2722 per—

1091 2731 1217 2770 versa
1233 2730 1437 2781 loquitur.
1466 2728 1713 2770 Consilium.
