2040 2976
516 220 585 253 Die
608 222 638 254 f).
665 221 839 263 Augusti.
874 220 909 255 S.
934 222 1112 265 Emygdii
1136 222 1262 265 Episc.
1290 228 1325 257 et
1348 223 1452 256 Mart.

1769 220 1834 256 25*

142 319 361 361 Christum
385 319 429 360 in
453 319 543 361 vita
567 332 656 369 sua,
682 319 876 361 imitatus
897 324 964 361 est

143 389 242 418 eum
260 376 304 416 in
322 380 464 416 morte
484 388 575 416 sua:
603 374 624 398 *
641 376 697 417 Et
716 375 816 417 ideo
836 375 964 426 glori-

142 432 290 474 ficavit
315 444 415 473 eum
439 431 483 472 in
507 431 641 473 coelis.
676 426 726 478 V.
751 432 842 473 Iste
870 444 963 472 5311-

144 494 240 531 ctus
259 487 486 530 confessus
502 492 568 529 est
581 488 605 528 J
608 500 731 529 esum
747 487 966 529 Christum

145 558 292 587 coram
309 544 568 586 hominibus.
600 545 656 586 Et
674 544 786 586 ideo.
814 544 966 586 Gloria

144 601 273 643 Patri.
298 601 356 642 Et
374 600 486 642 ideo.

194 662 295 696 Lect.
312 662 362 696 ix.
386 661 433 696 de
453 662 623 697 Homilia
639 663 795 707 Vigiliae
820 664 854 699 S.
872 665 967 699 Lau-

145 710 268 753 rentii,
293 710 328 744 si
351 721 444 746 vero
470 711 674 754 contigerit
698 712 774 746 alia
796 713 856 746 die
874 714 967 747 cele-

145 758 259 801 brari,
284 758 355 793 erit
378 769 543 803 sequens

446 815 598 857 Lectio
619 817 671 856 ix.

147 865 312 972 Nam
335 876 510 923 gentem
535 876 687 913 contra
706 876 879 922 gentem
899 884 967 912 ex-

260 933 451 980 surgere,
471 931 706 979 earumque
721 930 969 980 pressuram

147 986 275 1029 terris
293 986 494 1026 insistere
518 984 617 1036 plus
641 985 725 1036 jam
749 984 792 1024 in
810 984 970 1024 nostris

147 1039 421 1096 temperibus
440 1041 668 1088 cernimus,
691 1052 820 1091 quam
838 1040 881 1080 in
900 1052 969 1081 co-

149 1098 319 1141 dicibus
335 1097 530 1148 legimus.
552 1096 681 1146 Quod
695 1098 970 1137 terraemotus

148 1154 281 1197 urbes
311 1154 561 1194 innumeras
590 1151 764 1202 ebruat‚
796 1164 850 1193 ex
878 1151 971 1192 aliis

148 1210 299 1252 mundi
335 1209 533 1262 partibus
570 1209 688 1250 scitis
725 1221 856 1259 quam
892 1208 971 1248 fre-

151 1269 333 1320 quenter
381 1264 636 1308 audivimus.
696 1264 972 1306 Pestilentias

150 1324 243 1366 sine
264 1322 509 1365 cessatione
526 1321 728 1374 patimur.
755 1320 886 1371 Signa
904 1333 972 1361 ve-

150 1392 200 1422 ro
219 1380 264 1421 in
282 1379 387 1429 sole,
410 1383 454 1420 et
471 1379 583 1428 luna,
605 1383 648 1419 et
666 1377 813 1426 5101115,
833 1375 974 1418 31111110

151 1438 302 1490 aperte
329 1435 508 1477 minime
535 1434 739 1484 vidimus3
767 1432 846 1475 sed
876 1433 975 1485 quia

151 1498 196 1536 et
213 1492 310 1535 haec
330 1505 419 1534 non
436 1491 566 1543 longe
585 1491 681 1540 sint,
705 1503 759 1532 ex
778 1491 874 1542 ipsa
891 1490 975 1541 jam

152 1550 264 1592 aeris
281 1548 583 1591 immutatiene
604 1547 856 1598 colligimus.

207 1607 267 1649 Te
285 1606 429 1647 Deum
448 1604 687 1646 laudamus.

419 1676 498 1718 Ad
514 1675 711 1717 Laudes

358 1743 377 1768 e
395 1738 410 1767 t
447 1743 472 1776 p
490 1743 509 1767 e
526 1743 544 1766 r
582 1733 617 1766 H
635 1743 657 1767 o
674 1743 693 1766 r
709 1742 730 1766 3
748 1742 775 1765 s.

206 1786 305 1827 Ant.
324 1787 353 1826 1.
384 1784 440 1825 Ut
459 1781 667 1833 cognevit
685 1781 708 1806 *
726 1780 977 1833 Emygdius,

153 1839 274 1892 quod
305 1852 488 1890 magnus
521 1843 588 1880 est
617 1837 830 1879 Deminus
857 1837 977 1878 Deus

153 1901 304 1938 noster
336 1909 430 1949 prae
464 1895 665 1937 omnibus
697 1893 795 1941 diis,
827 1893 977 1934 statuit

154 1951 376 1994 custodire
399 1951 558 2004 judicia
585 1950 760 2003 justitiae
789 1962 890 1990 suae.

205 2011 276 2052 Rs.
293 2008 509 2051 Deminus
527 2006 736 2058 regnavit.

206 2068 243 2107 2.
272 2065 422 2107 Exivit
446 2064 501 2106 de
523 2063 656 2105 domo
681 2075 775 2111 sua,
802 2062 826 2088 *
855 2066 897 2102 01
923 2060 978 2101 de

155 2121 416 2174 cognati6ne
436 2133 526 2170 sua,
547 2124 590 2161 et
608 2118 726 2160 venit
744 2118 787 2158 in
805 2122 979 2165 terram,

156 2191 288 2231 quam
306 2179 629 2219 monstraverat
647 2174 710 2215 illi
728 2174 860 2215 Deus.

209 2237 246 2276 3.
274 2236 326 2275 In
350 2233 437 2275 hoc
465 2231 672 2275 excitavit
699 2231 722 2256 *
749 2229 871 2270 illum
892 2229 979 2269 Do-

155 2291 313 2341 minus,
341 2295 391 2332 ut
418 2287 672 2331 ostenderet
698 2287 741 2327 in
769 2299 822 2328 eo
847 2285 978 2327 virtu-

155 2353 245 2389 tem
282 2360 425 2396 suam,
470 2349 514 2387 et
556 2343 830 2385 annuntiaret
868 2342 980 2383 inter

158 2404 323 2446 Gentes
351 2414 511 2444 nomen
538 2413 674 2442 suum.

209 2460 246 2498 4.
275 2458 551 2501 Intellectum
576 2455 698 2498 dedit
723 2454 778 2504 ei,
804 2453 827 2479 *
854 2457 897 2494 et
920 2452 980 2492 in-

158 2516 318 2557 struxit
343 2515 387 2555 in
404 2513 476 2555 via
496 2512 589 2562 hac,
614 2523 699 2563 qua
716 2508 982 2561 graderetur,

158 2576 202 2613 et
219 2571 409 2612 firmavit
429 2577 560 2620 super
575 2580 675 2615 eum
695 2566 846 2608 0011105
867 2576 982 2605 suos.

212 2629 250 2668 5.
282 2627 487 2668 Directus
519 2627 587 2665 est
613 2623 636 2648 *
663 2623 706 2662 in
738 2619 980 2663 conversio-

158 2696 260 2725 nem
278 2682 496 2730 Gentium,
522 2684 565 2721 et
583 2678 682 2720 tulit
701 2676 981 2720 abominatie-

160 2753 238 2782 nes
258 2741 419 2781 earum.

1122 304 1378 369 Capitulum.
1541 319 1563 357 J
1567 331 1626 359 30.
1647 320 1675 357 1.
1696 318 1733 359 b.

1016 370 1219 476 Beatus
1250 377 1316 418 vir
1349 377 1421 428 qui
1452 377 1602 418 suffert
1633 374 1834 416 tentatie-

1113 445 1226 473 nem:
1259 433 1463 484 quoniam
1494 446 1591 474 cum
1623 430 1835 484 probatus

1018 487 1156 537 fuerit,
1168 489 1352 540 accipiet
1363 491 1570 530 corenam
1582 489 1693 537 vitae,
1707 498 1836 537 11113111
1906 541 1908 543 -

1018 545 1266 596 repromisit
1284 545 1404 586 Deus
1424 544 1700 595 diligentibus
1720 554 1778 583 se.

1326 603 1533 652 Hymnus.

1095 671 1183 709 esu,
1202 661 1363 701 0010113
1381 660 1631 711 Martyrum,

1124 715 1207 765 Qui
1226 720 1327 767 post
1347 718 1523 757 cruenta
1541 716 1691 768 praelia

1072 771 1143 812 Ad
1163 772 1426 823 sempiterna
1444 772 1620 824 praemia

1071 827 1277 868 Sanctum
1297 828 1466 869 vocasti
1484 827 1760 879 Emygdium:

1026 892 1147 933 Casti
1165 892 1332 933 01110115
1349 894 1542 944 purpura

1072 948 1311 999 Palmaque
1331 950 1534 989 ovantem
1552 947 1696 996 nebili,

1073 1005 1192 1045 Inter
1211 1003 1371 1045 choros
1390 1004 1632 1045 coelestium

1074 1059 1239 1112 Reples
1258 1059 1388 1101 beato
1408 1059 1583 1100 lumine:

1025 1125 1151 1165 Nunc
1171 1125 1259 1175 ejus
1278 1124 1335 1165 ad
1354 1124 1558 1165 victerias

1074 1181 1168 1222 Nos
1188 1179 1485 1221 somnolentos
1506 1180 1660 1220 excita:

1075 1236 1261 1278 Virtutis
1281 1235 1336 1276 ad
1355 1236 1577 1288 praeconia

1076 1292 1245 1344 Sopore
1263 1303 1431 1332 mersos
1450 1291 1597 1333 libera.

1028 1359 1084 1400 Ut
1103 1358 1329 1399 invocatus
1348 1356 1539 1398 reddidit

1076 1413 1283 1455 Membris
1304 1413 1488 1455 salutem
1505 1412 1731 1463 languidis,

1078 1470 1149 1511 Sic
1167 1469 1265 1511 labe
1283 1481 1465 1521 prorsus
1485 1469 1710 1510 criminum

1078 1526 1252 1567 Arcana
1270 1530 1427 1578 purget
1445 1525 1663 1566 mentium.

1030 1593 1087 1634 Ut
1107 1590 1235 1632 editis
1253 1589 1484 1639 miraculis,

1079 1647 1191 1688 Aras
1211 1645 1393 1687 1100111111
1413 1644 1554 1696 diruit,

1080 1703 1151 1744 Sic
1170 1702 1327 1744 damna
1345 1714 1542 1754 praesens
1561 1703 1717 1748 arceat,

1081 1759 1379 1810 Quaecumque
1397 1757 1524 1799 nobis
1544 1756 1775 1797 imminent.

1031 1825 1089 1866 Ut
1108 1835 1218 1864 voce
1238 1821 1458 1874 quondam
1477 1819 1649 1862 sustulit

1083 1879 1234 1921 Cultus
1252 1877 1464 1920 nefandos
1482 1876 1739 1924 daemonum,

1080 1936 1150 1977 Sic
1168 1937 1372 1987 impetret
1390 1931 1667 1986 precantibus

1081 1992 1263 2032 AEterna
1283 1989 1383 2031 coeli
1399 1988 1568 2039 gaudia.

1039 2057 1101 2096 Tu
1118 2054 1350 2108 postulatis
1367 2056 1518 2102 annue,

1082 2112 1180 2153 Rex
1197 2123 1351 2160 magne
1370 2110 1394 2150 J
1396 2122 1473 2151 esu
1491 2109 1742 2160 Martyrum,

1083 2168 1190 2209 Cum
1208 2167 1348 2215 Patre,
1369 2170 1411 2207 et
1430 2165 1543 2206 almo
1563 2164 1727 2217 Spiritu

1082 2224 1286 2274 Regnans
1305 2234 1384 2274 per
1403 2233 1531 2262 omne
1551 2219 1768 2262 saeculum.

1338 2278 1491 2319 Amen.

1085 2335 1135 2385 V.
1154 2336 1243 2377 Ora
1255 2347 1337 2387 pro
1353 2333 1480 2375 nobis
1495 2329 1850 2382 sancte'Emygdi.

1034 2395 1083 2446 R.
1107 2393 1166 2435 Ut
1191 2391 1310 2441 digni
1336 2389 1576 2432 efficiamur
1600 2386 1849 2440 promissio—

1032 2449 1159 2491 nibus
1179 2446 1349 2489 Christi.

1084 2505 1155 2546 Ad
1173 2502 1334 2545 Bened.
1363 2503 1461 2542 Ant.
1487 2501 1524 2541 O
1547 2499 1686 2540 virum
1703 2497 1850 2549 ineffa-

1032 2561 1183 2606 bilem,
1226 2571 1306 2611 per
1345 2570 1475 2610 quem
1509 2555 1635 2596 nobis
1675 2555 1851 2605 antiqua

1033 2615 1234 2670 prodigia
1261 2614 1424 2666 Moysis
1451 2614 1698 2660 coruscant,
1730 2609 1851 2660 cuius

1033 2673 1209 2715 nutibus
1241 2684 1265 2712 e
1297 2682 1403 2711 saxo
1434 2680 1546 2720 aqua
1577 2664 1851 2718 baptismatis

1035 2729 1256 2770 Asculano
1291 2724 1458 2779 pepulo
1494 2721 1727 2764 emanavit:
1772 2731 1852 2773 per
