2040 2976
167 291 230 332 cis
254 290 421 332 tribuat
444 290 772 333 incrementum.
805 291 891 332 Per
908 291 996 332 Do-

166 347 330 391 minum
348 352 559 388 nostrum.

214 407 364 442 Deinde
383 418 515 443 comm.
534 407 591 441 Ss.
608 407 818 450 Martyrum
835 412 991 442 tantum.

214 459 313 501 Ant.
335 458 484 501 Vestri
503 459 650 512 capilli
669 459 827 513 capitis
844 472 996 501 omnes

165 515 381 557 numerati
401 520 515 558 sunt:
539 516 675 558 nolite
694 516 864 558 timere:
887 515 995 557 mul-

165 573 222 614 tis
241 572 497 628 passeribus
516 573 720 615 melieres
741 573 847 614 estis
866 586 958 615 VOS.

216 631 266 683 V.
296 632 592 675 Exsultabunt
616 634 755 675 sancti
777 634 822 674 in
845 633 995 686 gleria.

165 695 214 746 R.
236 689 525 731 Laetabuntur
544 690 588 730 in
608 690 824 732 cubilibus
844 691 945 731 suis.

498 758 662 799 Oratio.

164 812 346 919 Deus,
367 817 442 869 qui
459 829 540 858 nos
560 819 814 858 sanctorum
833 817 995 869 Marty-

269 887 366 915 rum
389 875 566 915 tuerum
588 873 791 915 Processi
815 878 858 915 et
881 874 993 915 Mar-

162 930 315 972 finiani
329 930 533 981 gloriosis
549 929 899 972 confessionibus
916 931 994 972 cir-

164 987 346 1029 cumdas
379 992 423 1029 et
454 987 668 1040 protegis:
703 986 759 1028 da
791 987 920 1029 nobis
950 994 993 1029 et

164 1045 316 1085 eerum
337 1043 579 1085 imitatione
603 1043 838 1096 proficere,
865 1050 908 1086 et
933 1045 992 1085 in-

162 1100 430 1142 tercessiene
449 1099 652 1151 gaudere.
679 1100 764 1142 Per
782 1101 909 1141 Dfim.

435 1182 503 1219 Ad
526 1182 728 1219 Primam.

211 1244 260 1283 In
280 1244 330 1295 R.
351 1243 412 1284 br.
432 1242 590 1283 dicitur
611 1237 660 1288 V.
695 1240 780 1290 Qui
798 1244 927 1281 natus
947 1252 994 1280 es

163 1295 218 1337 de
237 1295 375 1337 Maria
392 1296 586 1347 Virgine.

433 1373 502 1410 Ad
524 1373 729 1411 Tertiam.

215 1432 313 1472 Ant.
342 1431 529 1473 Intravit
547 1431 697 1473 Maria.

209 1494 467 1546 Capitulum.
506 1492 574 1534 Ab
593 1493 729 1534 initio.
749 1494 844 1534 398.

210 1556 261 1608 R.
286 1555 348 1596 br.
388 1553 544 1606 Specie
571 1559 647 1595 tua
667 1556 689 1578 *
722 1554 779 1596 Et
804 1554 992 1608 pulchri-

161 1609 313 1652 tudine
349 1615 435 1652 tua.
489 1611 655 1663 Specie.
705 1604 755 1655 V-
795 1611 992 1661 Intende,

161 1668 376 1720 prospere
411 1667 625 1720 procede,
662 1673 707 1709 et
742 1681 887 1719 regna.
937 1668 994 1710 Et

160 1723 497 1776 pulchritudine.
518 1724 669 1766 Gloria
679 1725 809 1767 Patri.
824 1725 992 1778 Specie.

210 1778 259 1830 V.
302 1784 544 1837 Adiuvabit
581 1798 678 1827 eam
710 1786 832 1827 Deus
869 1785 993 1827 vultu

162 1853 254 1882 suo.
288 1840 338 1892 Ην.
368 1841 492 1883 Deus
518 1842 564 1882 in
593 1842 740 1884 medio
767 1843 875 1895 ejus,
902 1855 992 1884 non

162 1897 522 1940 commovebitur.

441 1976 509 2012 Ad
531 1975 718 2014 Sextam.

213 2027 311 2067 Ant.
343 2027 401 2069 Ut
420 2027 598 2070 audivit.

212 2087 471 2140 Capitulum.
668 2088 799 2129 Eccli.
814 2090 880 2128 24.
896 2088 934 2129 b.

242 2155 259 2192 t
278 2150 340 2192 sic
359 2151 403 2192 in
423 2151 528 2193 Sion
551 2151 725 2194 firmata
744 2165 856 2202 sum,
884 2157 928 2194 et
947 2153 991 2194 in

268 2207 445 2249 civitate
482 2208 756 2251 sanctificata
792 2209 992 2251 similiter

160 2263 372 2315 requievi⁷
399 2268 443 2305 et
461 2264 505 2304 in
524 2265 770 2307 Jerusalem
790 2267 990 2318 potestas

160 2331 268 2360 mea.
300 2320 358 2362 Et
380 2318 575 2362 radicavi
598 2321 643 2362 in
666 2321 835 2374 pepulo
854 2321 988 2364 hono-

160 2376 352 2426 rificato,
377 2381 421 2418 et
438 2378 483 2419 in
500 2383 627 2430 parte
645 2378 731 2419 Dei
748 2379 835 2420 mei
854 2378 989 2419 haere-

160 2431 274 2475 ditas
297 2433 428 2483 illius,
460 2439 504 2476 et
527 2434 571 2475 in
594 2434 868 2487 plenitudine
893 2448 987 2476 san-

159 2491 331 2532 cterum
350 2490 546 2532 detentio
565 2503 672 2532 mea.

211 2553 261 2604 R.
292 2551 354 2592 br.
409 2550 648 2602 Adiuvabit
681 2564 778 2593 eam
806 2554 828 2578 *
865 2552 987 2593 Deus

158 2607 282 2649 vultu
308 2620 400 2649 suo.
433 2607 683 2659 Adiuvabit.
720 2604 769 2655 V.
798 2609 920 2650 Deus
943 2608 988 2649 in

158 2662 304 2705 medio
346 2665 452 2716 ejus,
498 2677 586 2706 non
628 2664 986 2706 commovebitur.

158 2719 290 2761 Deus.
323 2720 475 2762 Gloria
492 2721 624 2763 Patri.
651 2720 900 2773 Adjuvabit.

656 189 759 222 Infra
786 188 970 223 Octavam
996 188 1051 222 Ss.
1076 188 1180 223 I'etri
1206 194 1241 223 ct
1265 190 1386 224 Pauli.

1037 2728 1169 2765 terrae
1187 2722 1325 2765 verba
1343 2725 1507 2764 cerum.

1100 288 1150 340 V.
1177 289 1322 341 Elegit
1346 302 1444 331 eam
1466 290 1605 340 Deus,
1633 295 1676 332 et
1699 290 1881 343 praeele-

1048 346 1111 397 git
1128 359 1235 387 eam.
1261 351 1311 390 R
1333 346 1385 387 In
1402 346 1687 389 tabernaculo
1708 359 1788 388 suo
1807 346 1880 388 ha-

1047 403 1189 445 bitare
1209 403 1313 445 facit
1333 416 1440 444 eam.

1328 480 1396 516 Ad
1419 481 1602 516 Nonam.

1098 538 1198 576 Ant.
1227 535 1298 574 Ex
1317 546 1404 585 quo
1425 533 1541 574 faeta
1561 538 1638 574 est.

1101 596 1359 648 Capitulum.
1559 597 1689 637 Eccli.
1704 598 1769 636 24.
1787 596 1824 637 b.

1097 670 1124 697 n
1148 655 1307 709 plateis
1336 655 1448 697 sicut
1473 655 1810 705 cinnamomum,
1838 659 1882 696 et

1109 712 1356 754 balsamum
1380 714 1671 753 aromatizans
1697 712 1881 754 odorem

1049 768 1165 811 dedi:
1212 769 1338 821 quasi
1379 768 1555 820 myrrha
1597 768 1737 810 electa
1778 767 1881 810 dedi

1049 826 1310 867 suavitatem
1330 825 1493 867 odoris.

1098 888 1146 939 R.
1177 887 1237 928 br.
1279 887 1422 938 Elegit
1459 899 1557 928 eam
1590 888 1726 937 DeuS‚
1762 889 1784 911 *
1824 887 1882 928 Et

1046 944 1275 997 praeelegit
1304 957 1413 985 eam.
1460 944 1616 995 Elegit.
1656 940 1706 991 Y.
1740 944 1791 984 In
1818 948 1880 985 ta—

1047 1001 1286 1042 bernaculo
1315 1013 1394 1042 suo
1424 1000 1622 1042 habitare
1647 1000 1750 1042 facit
1774 1013 1881 1041 eam.

1047 1058 1104 1100 Et
1123 1057 1362 1110 praeelegit.
1394 1057 1545 1098 Gloria
1562 1058 1694 1099 Patri.
1725 1056 1880 1108 Elegit.

1096 1112 1145 1163 V.
1187 1118 1360 1159 Diffusa
1399 1123 1465 1159 est
1502 1118 1644 1168 gratia
1674 1118 1718 1158 in
1750 1116 1878 1158 labiis

1046 1175 1143 1216 tuis.
1198 1175 1249 1227 R.
1296 1176 1538 1227 Propterea
1573 1173 1799 1216 benedixit
1834 1179 1878 1215 te

1046 1232 1167 1274 Deus
1188 1232 1231 1272 in
1251 1234 1474 1274 aeternum.

1253 1324 1314 1364 In
1335 1323 1397 1364 11.
1416 1321 1670 1372 vesperis.

1096 1389 1183 1421 Ant.
1222 1387 1267 1420 de
1303 1385 1422 1419 Laud.
1457 1384 1536 1419 398.
1579 1384 1653 1421 ΡΞ..
1681 1384 1804 1427 Capit.
1840 1390 1875 1418 et

1044 1431 1183 1480 vamn.
1209 1440 1249 1469 ut
1275 1435 1313 1468 in
1338 1434 1463 1467 Festis
1490 1433 1530 1466 B.
1557 1433 1689 1466 Mariat
1716 1433 1756 1466 Υ,
1786 1431 1878 1476 [133]

1097 1488 1147 1538 V.
1182 1489 1425 1532 Benedicta
1456 1495 1506 1531 tu
1537 1490 1581 1530 in
1612 1489 1878 1531 mulieribus.

1045 1550 1095 1600 Rz.
1132 1548 1189 1589 Et
1219 1546 1480 1589 benedictus
1514 1547 1680 1588 fructus
1713 1546 1878 1587 ventris

1045 1605 1119 1646 tui.

1098 1669 1167 1710 Ad
1187 1670 1361 1720 Magnis.
1392 1670 1491 1710 Ant.
1522 1668 1708 1710 Beatam
1726 1681 1796 1710 me
1817 1669 1878 1710 di-

1046 1731 1147 1767 cent
1167 1739 1319 1768 omnes
1339 1726 1662 1778 generationes,
1683 1725 1787 1777 quia
1807 1738 1877 1766 an-

1045 1782 1190 1823 cillam
1214 1782 1425 1825 humilem
1444 1782 1639 1835 respexit
1658 1782 1794 1832 Deus,
1820 1783 1877 1823 al-

1044 1838 1184 1891 lehija.

1094 1904 1244 1938 Deinde
1270 1905 1311 1938 fit
1335 1915 1531 1938 commem.
1558 1905 1604 1939 de
1631 1906 1709 1939 Oct.
1735 1907 1871 1949 Apost.

1043 1957 1084 1986 ut
1108 1953 1216 1987 infra.

1282 2057 1397 2097 Infra
1420 2057 1635 2098 Octavam

1212 2113 1280 2154 Ss.
1307 2113 1446 2154 Petri
1476 2119 1517 2153 et
1546 2113 1704 2155 Pauli.

1097 2181 1232 2215 Omnia
1262 2182 1442 2216 dicuntur
1465 2182 1511 2216 de
1534 2183 1699 2217 Comuni
1720 2184 1872 2227 Apost..

1043 2235 1182 2273 praeter
1206 2231 1307 2265 Lect.
1334 2236 1370 2265 et
1396 2231 1484 2264 Ant.
1509 2232 1558 2265 ad
1582 2231 1736 2271 Bened„
1762 2236 1798 2266 et
1824 2234 1871 2266 ad

1042 2278 1197 2319 Magnis.
1236 2289 1323 2321 quae
1360 2279 1555 2322 dicuntur,
1596 2284 1636 2314 ut
1670 2280 1772 2314 infra
1808 2291 1871 2315 no-

1041 2330 1154 2360 tatur.
1617 2352 1627 2360 ›

1094 2377 1167 2428 Ad
1184 2378 1348 2421 Bened.
1373 2380 1473 2420 Ant.
1502 2378 1695 2420 Gloriesi
1713 2378 1870 2431 princi-

1040 2448 1121 2488 pes
1144 2440 1293 2485 terrae,
1312 2437 1336 2463 *
1361 2433 1586 2488 quomodo
1610 2435 1655 2476 in
1678 2435 1769 2476 vita
1791 2447 1871 2476 sua

1041 2491 1288 2534 dilexerunt
1306 2505 1369 2543 se,
1394 2492 1456 2534 ita
1481 2496 1525 2534 et
1546 2491 1591 2532 in
1613 2496 1757 2533 morte
1781 2502 1870 2532 non

1040 2553 1142 2590 sunt
1160 2549 1363 2602 separati.

1093 2606 1145 2657 v.
1167 2610 1220 2651 In
1247 2622 1422 2652 omnem
1450 2613 1616 2651 terram
1642 2607 1776 2650 exivit
1801 2619 1867 2648 so-

1038 2680 1120 2708 nus
1152 2669 1315 2709 eerum.
1368 2668 1419 2719 R.
1451 2666 1509 2706 Et
1539 2665 1584 2706 in
1611 2664 1721 2706 fines
1749 2663 1867 2706 orbis
