2040 2976
696 185 738 219 In
763 186 877 220 Festo
903 186 1087 229 Corporis
1112 187 1264 221 Christi.

1766 181 1829 215 149

130 278 373 319 Ecclesiam
385 277 469 319 Dei
488 277 773 327 contemnitis,
793 282 838 319 et
853 290 951 319 con·
1004 276 1239 318 manducat
1274 282 1317 319 et
1348 277 1458 319 bibit
1493 278 1687 329 indigne,
1723 277 1827 329 judi-

131 333 309 375 funditis
329 346 416 383 eos,
438 333 511 386 qui
527 345 615 374 non
633 332 816 375 habent?
839 333 952 383 Quid

131 389 272 431 dicam
295 389 443 431 vobis?
477 388 629 431 Laudo
654 389 756 431 vos?
793 391 843 430 In
866 390 951 431 hoc

130 459 218 488 non
236 445 381 488 laudo.

183 515 232 566 Rg.
270 511 518 553 Immolabit
552 510 732 552 hoedum
763 511 951 553 multitu-

131 567 188 610 do
203 567 392 609 filiorum
406 567 542 608 Israel
562 567 617 608 ad
631 569 860 620 vesperam
873 568 951 609 Pa-

130 624 261 665 schae:
276 629 298 653 *
316 624 372 665 Et
387 623 517 665 edent
531 636 694 673 carnes,
715 628 758 665 et
773 626 951 676 azymos

131 693 277 733 panes.
311 682 361 732 V,
389 679 556 721 Pascha
579 686 777 730 nostrum
801 680 950 722 immo-

129 736 243 778 latus
259 741 325 778 est
340 735 550 777 Christus:
564 738 711 788 itaque
727 737 952 789 epulemur

129 793 173 833 in
200 792 362 844 azymis
390 792 648 834 sinceritatis
674 797 717 834 et
744 793 951 834 veritatis.

129 849 186 890 Et
204 847 336 891 edent
354 861 516 890 carnes.

436 926 586 967 Lectio
608 926 646 966 ii.

215 998 272 1037 go
292 985 405 1027 enim
423 985 573 1038 accepi
592 999 618 1027 a
630 986 820 1027 Domino
834 986 952 1038 quod

224 1047 267 1084 et
289 1041 453 1084 tradidi
476 1041 615 1092 vobis,
641 1043 846 1094 quoniam
864 1043 951 1084 Do-

128 1100 270 1141 minus
297 1098 443 1145 Jesus,
471 1099 515 1139 in
544 1111 629 1151 qua
656 1103 785 1140 nocte
812 1098 951 1141 trade-

127 1155 274 1205 batur,
307 1155 477 1207 accepit
506 1167 682 1207 panem,
715 1159 759 1196 et
789 1155 952 1205 gratias

129 1224 262 1264 agens
285 1211 427 1262 fregit,
454 1215 497 1252 et
520 1210 643 1252 dixit:
667 1211 883 1263 Accipite,
909 1216 952 1252 et

127 1267 402 1320 manducate:
427 1266 513 1309 hoc
532 1271 599 1308 est
617 1279 777 1319 corpus
796 1279 951 1317 meum,

129 1324 249 1376 quod
262 1336 344 1377 pro
360 1323 486 1365 vobis
500 1322 710 1365 tradetur:
725 1323 810 1364 hoc
823 1323 952 1365 facite

127 1380 171 1421 in
197 1393 340 1422 meam
368 1379 838 1421 commemorationem.
891 1379 951 1420 Si-

128 1437 286 1478 militer
312 1441 356 1478 et
383 1435 578 1486 calicem,
606 1441 841 1488 postquam
867 1449 950 1477 coe-

128 1493 266 1543 navit,
309 1493 477 1535 dicens:
521 1492 606 1534 Hic
643 1492 754 1534 calix
790 1505 951 1534 novum

1006 333 1119 375 cium
1147 333 1229 374 sibi
1255 333 1489 375 manducat
1517 338 1559 375 et
1585 333 1710 375 bibit:
1740 346 1828 374 non

1006 389 1245 441 dijudicans
1285 402 1443 442 corpus
1479 390 1666 431 Domini.
1718 389 1827 432 Ideo

1004 446 1116 487 inter
1139 459 1218 487 vos
1242 446 1366 487 multi
1388 446 1546 486 infirmi
1572 451 1615 487 et
1638 446 1827 488 imbecil-

1003 502 1087 552 les,
1120 507 1163 543 et
1196 502 1417 544 dormiunt
1447 502 1580 544 multi.
1634 502 1764 553 Quod
1792 503 1828 544 si

1005 561 1297 611 nosmetipsos
1341 557 1697 610 dijudicaremus,
1742 572 1827 600 non

1005 615 1155 666 utique
1183 614 1482 666 judicaremur.
1527 615 1643 656 Dum
1670 615 1826 666 iudica-

1004 685 1099 712 mur
1123 677 1277 721 autem,
1301 684 1326 712 a
1344 671 1533 712 Domino
1559 672 1827 723 corripimur,

1004 732 1052 768 ut
1070 740 1157 768 non
1174 741 1272 769 cum
1285 727 1371 769 hoc
1384 727 1547 769 mundo
1564 727 1826 768 damnemur.

1057 801 1106 850 Rg.
1156 796 1369 848 Respexit
1419 796 1537 836 Elias
1591 796 1646 838 ad
1698 803 1828 849 caput

1005 865 1131 892 suum
1169 852 1502 893 subcinericium
1538 865 1714 904 panem:
1756 854 1828 905 qui

1005 921 1185 959 surgens
1205 907 1395 950 comedit
1416 913 1459 950 et
1477 908 1601 950 bibit:
1624 917 1644 939 *
1667 909 1724 950 Et
1743 923 1827 950 am-

1004 964 1170 1006 bulavit
1211 965 1254 1005 in
1295 964 1551 1006 fortitUdine
1593 965 1677 1006 cibi
1714 965 1828 1006 illius

1004 1033 1143 1072 usque
1167 1020 1223 1062 ad
1246 1026 1439 1062 montem
1458 1021 1552 1061 Dei.
1588 1019 1638 1069 V.
1664 1021 1708 1061 Si
1732 1022 1827 1073 quis

1003 1076 1332 1118 manducaverit
1359 1089 1413 1118 ex
1440 1077 1524 1117 hoc
1552 1089 1682 1129 pane,
1711 1077 1828 1118 vivet

1003 1132 1047 1173 in
1067 1135 1288 1174 aeternum.
1316 1134 1382 1174 Et.
1412 1133 1563 1174 Gloria
1582 1133 1710 1174 Patri.
1738 1133 1805 1174 Et.

1236 1215 1284 1253 In
1303 1215 1352 1253 ΙΙ.
1373 1215 1594 1254 Nocturno.

1060 1284 1157 1324 Ant.
1192 1282 1360 1321 Memor
1389 1280 1444 1321 sit
1471 1280 1683 1320 Dominus
1711 1282 1735 1307 *
1763 1294 1826 1321 sa-

1005 1336 1154 1377 crificii
1179 1336 1332 1384 nostri,
1359 1342 1402 1377 et
1425 1335 1730 1378 holocaustum
1754 1349 1826 1378 no-

1004 1397 1142 1440 strum
1162 1392 1323 1444 pingue
1342 1393 1429 1434 fiat.

1279 1458 1474 1497 Psalmus
1495 1459 1551 1497 19.

1011 1518 1024 1537 ³
1115 1513 1302 1554 xaudiat
1319 1518 1363 1555 te
1375 1514 1589 1555 Dominus
1608 1514 1652 1554 in
1668 1513 1737 1555 die
1756 1514 1826 1554 tri-

126 1551 436 1592 testamentum
460 1553 526 1590 est
548 1549 592 1589 in
609 1561 708 1590 meo
733 1549 950 1600 sanguine.
1014 1547 1023 1582 2¹

127 1605 227 1647 Hoc
244 1605 385 1655 facite,
405 1605 766 1657 quotiescumque
780 1604 950 1654 bibetis,
1019 1629 1022 1639 ·

127 1663 170 1703 in
184 1674 327 1703 meam
341 1661 813 1703 commemorationem.
837 1662 950 1711 Quo-

127 1719 400 1770 tiesci'imque
418 1718 531 1759 enim
545 1717 863 1759 manducabitis
877 1731 950 1769 pa-

127 1787 227 1816 nem
244 1774 369 1824 hune,
389 1779 432 1816 et
452 1773 632 1819 calicem
650 1773 821 1823 bibetis,
840 1786 950 1814 mor-

127 1835 217 1873 tem
243 1830 420 1872 Domini
448 1829 778 1880 annuntiabitis,
810 1829 951 1871 donec

129 1887 282 1946 veniat.
744 1898 746 1900 ·

179 1949 230 2000 R.
271 1946 521 1989 Comedetis
554 1959 723 1997 carnes,
761 1952 805 1988 et
837 1952 950 1988 satu-

127 2003 327 2046 rabimini
349 2003 549 2056 panibus:
569 2001 591 2024 *
613 2003 703 2045 Iste
727 2008 794 2045 est
815 2003 950 2056 panis,

129 2073 258 2112 quem
279 2059 400 2101 dedit
422 2059 548 2101 vobis
567 2059 781 2100 Dominus
805 2058 861 2101 ad
881 2071 949 2100 ve-

128 2114 347 2158 scendum.
394 2110 444 2162 Ys-
482 2116 584 2157 Non
615 2115 792 2168 Moyses
829 2115 951 2156 dedit

128 2172 254 2214 vobis
281 2185 438 2224 panem
464 2171 519 2213 de
548 2171 681 2219 coelo,
714 2171 793 2213 sed
819 2172 950 2212 Pater

128 2241 250 2269 meus
285 2227 360 2270 dat
395 2228 522 2270 vobis
559 2241 718 2280 panem
750 2227 804 2269 de
837 2227 950 2268 coelo

129 2297 291 2326 verum.
318 2284 406 2325 Iste
426 2289 492 2325 est
510 2284 646 2336 panis.

426 2355 578 2396 Lectio
598 2355 652 2395 iii.

172 2421 304 2468 taque
334 2417 595 2469 quicumque
622 2417 949 2458 manducaverit

185 2485 343 2525 panem
358 2472 484 2522 hunc,
503 2473 572 2514 vel
590 2473 750 2514 biberit
769 2473 947 2514 calicem

125 2529 300 2570 Domini
320 2529 507 2579 indigne:
530 2541 629 2570 reus
650 2530 731 2570 erit
750 2529 947 2581 corporis

126 2590 169 2627 et
186 2586 402 2636 sanguinis
418 2585 603 2626 Domini.
625 2585 788 2626 Probet
803 2590 948 2627 autem

127 2644 319 2693 seipsum
337 2641 483 2682 homo:
509 2646 553 2682 et
576 2641 639 2682 sic
659 2641 713 2682 de
735 2654 848 2693 pane
871 2641 946 2682 illo

127 2697 238 2747 edat,
262 2703 305 2739 et
326 2697 380 2739 de
404 2697 538 2738 calice
558 2697 690 2738 bibat.
731 2697 814 2747 Qui
834 2697 947 2739 enim

1014 1596 1023 1616 μ
1045 1590 1110 1627 0„
1140 1569 1389 1611 bulationis:
1412 1572 1435 1597 *
1459 1573 1663 1623 protegat
1686 1575 1729 1611 te
1753 1582 1826 1610 no-

1074 1626 1079 1629 ”
1139 1639 1239 1667 men
1257 1626 1341 1667 Dei
1359 1626 1507 1667 Jacob.

1054 1685 1199 1728 Mittat
1216 1686 1296 1727 tibi
1314 1686 1519 1727 auxilium
1540 1686 1594 1728 de
1614 1690 1779 1727 sancto:
1804 1686 1826 1711 *

1005 1746 1048 1783 et
1066 1741 1129 1785 de.
1140 1742 1245 1784 Sion
1263 1744 1436 1784 tueatur
1453 1748 1508 1784 te.

1054 1799 1223 1840 Memor
1246 1799 1301 1840 sit
1321 1799 1460 1841 omnis
1484 1798 1684 1840 sacrificii
1702 1799 1778 1839 tui:
1802 1799 1825 1824 *

1004 1859 1047 1896 et
1065 1854 1369 1897 holocai'istum
1387 1860 1509 1897 tuum
1527 1855 1686 1907 pingue
1705 1855 1791 1896 fiat.

1054 1910 1238 1953 Tribuat
1252 1911 1331 1952 tibi
1346 1911 1587 1952 secundum
1600 1923 1676 1952 cor
1690 1915 1826 1952 tuum:

1003 1969 1027 1995 *
1064 1972 1107 2009 et
1143 1980 1270 2008 omne
1308 1968 1534 2009 consilium
1571 1972 1693 2008 tuum
1728 1979 1826 2008 con-

1002 2023 1156 2066 firmet.

1054 2079 1320 2122 Laetabimur
1345 2080 1388 2121 in
1414 2080 1592 2121 salutari
1615 2084 1708 2121 tuo:
1735 2079 1758 2104 *
1784 2083 1826 2120 et

1002 2136 1045 2176 in
1070 2137 1244 2178 nomine
1263 2137 1345 2178 Dei
1372 2137 1511 2178 nostri
1534 2135 1824 2186 magnificabi-

1002 2205 1109 2233 mur.
1642 2205 1652 2214 ’

1054 2248 1240 2301 Impleat
1254 2249 1467 2290 Dominus
1488 2261 1639 2290 omnes
1654 2248 1823 2301 petitio-

1001 2318 1078 2346 nes
1097 2310 1210 2346 tuas:
1235 2305 1258 2330 *
1281 2318 1394 2346 nunc
1414 2305 1601 2355 cognovi
1622 2304 1823 2356 quoniam

1002 2361 1170 2402 salvum
1188 2361 1292 2403 fecit
1311 2362 1405 2402 Dfis
1425 2361 1643 2402 Christum
1663 2373 1798 2401 suum.

1052 2416 1270 2459 Exaudiet
1296 2417 1416 2459 illum
1444 2417 1499 2459 de
1528 2417 1641 2458 coelo
1673 2420 1822 2457 sancto

1001 2486 1097 2514 suo:
1125 2474 1148 2499 *
1176 2474 1219 2514 in
1247 2473 1548 2526 potentatibus
1576 2472 1692 2513 salus
1722 2471 1821 2513 dex-

999 2534 1106 2570 terae
1126 2531 1227 2581 ejus.

1050 2586 1110 2626 Hi
1132 2586 1176 2626 in
1199 2585 1413 2635 curribus,
1438 2590 1481 2627 et
1503 2585 1547 2626 hi
1570 2586 1613 2626 in
1637 2584 1774 2636 equis:
1797 2584 1820 2609 *

999 2654 1079 2682 nos
1107 2647 1251 2683 autem
1278 2642 1321 2682 in
1349 2642 1522 2682 nomine
1544 2640 1718 2682 Domini
1737 2638 1819 2679 Dei

998 2698 1137 2738 nostri
1155 2698 1466 2740 invocabimus,
