2040 2976
523 212 595 246 Die
619 214 649 247 6.
674 212 772 255 Aug.
819 212 863 245 In
887 211 1244 254 Transfiguratione
1271 211 1314 244 D.
1339 210 1383 245 N.
1409 211 1441 244 J.
1468 211 1507 245 C.

163 314 211 351 ut
234 309 338 351 licet
360 321 449 350 non
474 309 702 360 oporteret
726 306 782 347 de
809 305 994 347 beatitu-

165 366 277 408 dinis
305 363 670 418 promissionibus
697 362 905 412 dubitari,
934 363 994 403 in-

163 422 459 474 telligeremus
483 427 631 463 tamen
654 420 767 461 inter
790 419 994 460 tentatio-

162 492 240 521 nes
276 478 404 531 hujus
437 479 540 521 vitae
575 477 696 531 prius
728 475 856 518 nobis
887 476 994 517 tole-

162 536 350 578 rantiam
378 535 690 589 postulandam
719 546 833 584 esse,
862 546 994 584 quam

161 593 356 645 gloriam.

212 659 264 708 Rz.
293 659 338 700 Si
361 657 623 699 ministratio
642 656 812 706 mortis,
836 655 993 696 litteris

163 714 410 757 deformata
426 715 470 756 in
488 713 720 767 lapidibus,
740 713 821 754 fuit
838 713 883 753 in
902 712 991 764 glo-

162 772 242 822 ria,
275 772 338 813 ita
363 777 411 814 ut
438 784 526 813 non
553 775 739 824 possent
765 769 992 811 intendere

161 828 240 869 filii
273 829 410 871 Israel
441 829 484 869 in
516 828 674 869 faciem
702 826 860 879 Moysi,
892 839 992 878 pro-

160 891 260 939 pter
278 886 463 937 gloriam
483 885 628 927 vultus
649 885 752 936 ejus,
776 896 875 936 quae
894 896 991 924 eva-

162 945 331 995 cuatur3
353 943 376 966 *
402 942 541 984 Multo
567 942 705 993 magis
727 940 991 982 ministratio

162 1012 182 1040 s
218 1000 354 1046 iritus,
374 1013 473 1052 quae
492 1004 650 1048 manet,
676 998 759 1039 erit
777 998 821 1038 in
840 996 993 1048 gloria.

204 1057 467 1109 .Amplioris
489 1056 603 1098 enim
623 1055 776 1106 gloriae
792 1054 992 1095 Christus

160 1126 254 1166 prae
295 1114 450 1166 Moyse
492 1113 648 1164 dignus
691 1116 759 1154 est
800 1111 993 1161 habitus,

162 1176 326 1223 quanto
348 1170 606 1224 ampliorem
625 1169 841 1211 honorem
859 1168 993 1210 habet

161 1227 311 1277 domo,
340 1229 414 1281 qui
442 1227 674 1269 fabricavit
703 1239 809 1268 eam.
850 1225 990 1267 Multo

159 1284 309 1336 magis.
343 1284 496 1326 Gloria
515 1284 644 1325 Patri.
676 1283 817 1324 Multo
842 1282 992 1334 magis.

382 1363 431 1403 In
450 1363 521 1403 ΙΙΙ.
541 1363 765 1402 Nocturno.

212 1422 311 1464 Ant.
346 1423 529 1467 Thabor
556 1429 599 1466 et
625 1423 822 1465 Hermon
847 1423 891 1464 in
916 1425 991 1465 no-

142 1481 276 1528 .mine
304 1487 382 1524 tuo
411 1481 707 1523 exsultabunt:
741 1485 866 1522 tuum
894 1479 991 1521 bra-

160 1538 304 1580 chium
325 1552 423 1580 cum
442 1537 652 1591 potentia.

432 1606 633 1646 Psalmus
652 1607 718 1647 88.

304 1673 596 1720 isericordias
620 1673 799 1714 Domini
822 1673 846 1698 *
866 1673 911 1714 in
936 1686 991 1714 ae-

332 1734 506 1773 ternum
525 1729 725 1772 cantabo.

183 1789 214 1808 *⁴
381 1789 432 1829 In
451 1788 780 1840 generationem
799 1792 843 1828 et
863 1799 989 1838 gene-

159 1845 374 1887 rationem
399 1846 423 1871 *
453 1844 721 1886 annuntiabo
758 1844 991 1885 veritatem

158 1905 279 1942 tuam
298 1901 341 1942 in
361 1914 437 1943 ore
455 1914 568 1943 meo.

213 1959 430 2009 Quoniam
476 1958 642 2000 dixisti:
687 1959 739 1999 In
778 1959 991 2000 aeternum

158 2015 459 2058 misericordia
479 2014 771 2057 aedificabitur
789 2015 833 2055 in
851 2014 990 2056 coelis:

158 2073 182 2099 *
201 2072 522 2126 praeparabitur
541 2072 704 2114 veritas
724 2077 800 2113 tua
818 2072 863 2112 in
883 2072 956 2112 eis.

211 2129 422 2182 Disposui
472 2131 785 2171 testamentum
838 2128 990 2170 electis

158 2186 284 2236 meis,
321 2187 459 2238 juravi
484 2185 630 2228 David
662 2198 790 2227 servo
822 2198 938 2227 meo:
965 2186 989 2210 *

159 2255 299 2296 usque
324 2243 369 2284 in
398 2244 611 2284 aeternum
633 2242 899 2295 praeparabo
926 2254 989 2283 se-

158 2314 259 2342 men
277 2305 412 2342 tuum.

210 2358 268 2399 Et
300 2356 534 2398 aedificabo
570 2355 616 2396 in
646 2354 990 2406 generationem,

160 2419 203 2456 et
222 2413 549 2465 generationem
567 2412 591 2438 *
611 2411 763 2453 sedem
780 2416 912 2453 tuam.

210 2469 546 2512 Confitebsmtur
566 2468 667 2510 eoeli
683 2467 899 2509 mirabilia
914 2472 991 2508 tua

158 2527 361 2568 Domine:
380 2526 404 2551 *
429 2525 591 2567 etenim
613 2524 845 2566 veritatem
869 2529 991 2565 tuam

157 2584 202 2624 in
221 2583 407 2624 ecclesia
426 2584 689 2623 sanctorum.

211 2640 429 2691 Quoniam
453 2638 550 2690 quis
572 2638 616 2678 in
634 2636 824 2678 nubibus
844 2638 988 2688 aequa-

158 2695 276 2738 bitur
303 2695 511 2737 Domino:
538 2695 561 2719 *
590 2693 744 2735 similis
779 2693 860 2734 erit
891 2693 988 2734 Deo

160 2752 205 2792 in
223 2752 323 2793 filiis
342 2751 449 2793 Dei?

1099 306 1232 355 Deus,
1255 306 1329 358 qui
1348 305 1618 357 glorificatur
1637 307 1680 347 in
1697 306 1881 348 consilio

1048 364 1316 403 sanctorum:
1343 364 1366 390 *
1390 375 1574 414 magnus
1603 368 1647 404 et
1675 363 1882 405 terribilis

1047 431 1181 471 super
1210 431 1363 460 omnes
1395 419 1469 471 qui
1496 419 1541 459 in
1576 420 1761 462 circuitu
1790 421 1882 472 ejus

1047 481 1157 516 sunt.

1098 532 1287 575 Domine
1312 533 1435 574 Deus
1463 533 1674 575 virtutum
1703 534 1800 586 quis
1829 537 1881 575 si-

1045 589 1161 630 milis
1185 588 1288 631 tibi?
1310 591 1333 617 *
1352 595 1512 642 potens
1540 602 1586 631 es
1605 591 1811 642 Domine,
1837 596 1880 633 et

1046 646 1209 688 veritas
1229 652 1304 688 tua
1323 647 1368 687 in
1388 647 1574 688 circfiitu
1592 652 1681 689 tuo.

1097 703 1166 744 Tu
1190 703 1430 745 dominaris
1453 705 1666 756 potestati
1690 705 1837 746 maris:
1857 707 1881 732 *

1045 765 1214 802 motum
1234 766 1381 802 autem
1401 761 1615 802 fluctuum
1635 762 1725 813 ejus
1743 767 1791 803 tu
1805 765 1880 803 mi-

1045 816 1170 868 tigas.

1099 874 1168 914 Tu
1191 873 1431 915 humiliasti
1455 874 1570 916 sicut
1593 874 1881 925 vulneratum,

1047 930 1303 983 superbum:
1339 931 1362 955 *
1400 930 1443 970 in
1486 930 1669 972 brachio
1707 932 1881 973 virtutis

1045 992 1134 1028 tuae
1154 987 1403 1040 dispersisti
1422 987 1622 1029 inimicos
1642 993 1755 1029 tuos.

1099 1044 1184 1085 Tui
1209 1049 1310 1086 sunt
1337 1043 1455 1093 coeli,
1491 1049 1535 1085 et
1560 1050 1636 1086 tua
1662 1050 1728 1086 est
1753 1050 1881 1095 terra,

1047 1101 1201 1143 orbem
1224 1107 1355 1142 terrae
1380 1106 1424 1142 et
1447 1100 1766 1153 plenitudinem
1791 1103 1882 1154 ejus

1045 1162 1093 1199 tu
1113 1157 1322 1200 fundasti:
1342 1159 1364 1183 *
1385 1158 1668 1210 Aquilonem,
1694 1165 1738 1200 et
1761 1172 1881 1200 mare

1045 1219 1093 1255 tu
1113 1215 1283 1256 creasti.

1097 1271 1277 1313 Thabor
1313 1277 1356 1313 et
1388 1272 1587 1313 Hermon
1624 1273 1667 1312 in
1704 1273 1881 1314 nomine

1045 1333 1123 1370 tuo
1144 1328 1440 1371 exsultabunt:
1460 1330 1483 1354 *
1503 1334 1627 1370 tuum
1651 1329 1882 1371 brachium

1046 1398 1145 1435 cum
1165 1386 1375 1438 potentia.

1098 1442 1318 1484 Firmetur
1346 1456 1500 1484 manus
1528 1447 1619 1492 tua,
1650 1448 1692 1484 et
1720 1443 1880 1485 exalte-

1044 1505 1114 1541 tur
1145 1499 1327 1541 dextera
1353 1505 1444 1541 tua:
1463 1500 1486 1526 *
1510 1500 1675 1552 justitia
1703 1505 1746 1541 et
1774 1500 1879 1552 judi-

1045 1557 1161 1598 cium
1179 1557 1449 1610 praeparatio
1469 1556 1586 1598 sedis
1606 1562 1706 1598 tuae.

1097 1613 1403 1656 Misericordia
1440 1619 1483 1655 et
1519 1614 1683 1655 ve'ritas
1716 1617 1879 1666 praece-

1045 1670 1150 1712 dent
1176 1671 1332 1713 faciem
1356 1675 1493 1712 tuam:
1513 1672 1536 1697 *
1557 1670 1713 1712 beatus
1739 1674 1878 1724 popu-

1043 1727 1123 1778 lus,
1144 1728 1218 1780 qui
1239 1729 1321 1770 scit
1340 1727 1653 1780 jubilationem.

1096 1785 1302 1835 Domine,
1344 1785 1387 1825 in
1425 1784 1589 1826 lumine
1628 1783 1776 1825 vultus
1815 1785 1878 1826 tui

1044 1841 1349 1891 ambulabunt,
1375 1846 1419 1882 et
1442 1841 1487 1881 in
1509 1841 1687 1882 nomine
1710 1845 1788 1882 tuo
1809 1854 1880 1882 ex-

1045 1898 1273 1940 sultabunt
1301 1903 1396 1940 tota
1422 1897 1508 1939 die:
1528 1899 1552 1925 *
1573 1902 1615 1939 et
1643 1897 1687 1937 in
1717 1898 1882 1949 justitia

1045 1959 1121 1996 tua
1142 1955 1463 1997 exaltabuntur.

1098 2013 1315 2062 Quoniam
1346 2011 1488 2063 gloria
1520 2011 1695 2052 virtutis
1727 2014 1880 2053 eorum

1043 2074 1092 2111 tu
1112 2082 1174 2111 es:
1191 2071 1214 2096 *
1235 2074 1279 2111 et
1298 2069 1342 2110 in
1361 2067 1642 2120 beneplacito
1667 2073 1744 2110 tuo
1766 2069 1879 2110 exal-

1042 2125 1208 2168 tabitur
1228 2139 1365 2168 cornu
1384 2130 1596 2167 nostrum.

1097 2183 1209 2233 Quia
1234 2182 1414 2224 Domini
1441 2186 1508 2223 est
1534 2183 1780 2235 assumptio
1804 2195 1878 2224 no-

1046 2244 1150 2281 stra:
1164 2240 1188 2266 *
1204 2244 1248 2281 et
1267 2239 1407 2280 sancti
1420 2238 1560 2280 Israel
1575 2238 1710 2290 Regis
1729 2240 1878 2281 nostri.

1095 2297 1221 2337 Tunc
1245 2296 1421 2338 locutus
1446 2309 1493 2337 es
1519 2296 1564 2336 in
1588 2296 1756 2338 visione
1783 2309 1878 2337 san-

1043 2353 1126 2394 ctis
1145 2353 1243 2403 tuiS,
1265 2357 1309 2394 et
1328 2352 1494 2394 dixisti:
1513 2352 1537 2378 *
1554 2351 1689 2394 Po'sui
1710 2352 1876 2404 adjuto-

1042 2409 1155 2450 rium
1186 2410 1230 2450 in
1262 2410 1459 2462 potente:
1492 2414 1536 2451 et
1568 2409 1760 2451 exaltavi
1794 2409 1876 2450 ele-

1043 2471 1162 2508 ctum
1182 2465 1237 2508 de
1255 2465 1388 2519 plebe
1406 2478 1514 2507 mea.

1094 2523 1247 2564 Inveni
1275 2522 1422 2564 David
1454 2535 1631 2564 servum
1664 2535 1825 2563 meum:
1853 2521 1877 2547 *

1043 2579 1142 2621 oleo
1164 2585 1317 2621 sancto
1336 2592 1437 2621 meo
1458 2580 1562 2620 unxi
1584 2592 1694 2621 eum.

1094 2636 1250 2677 Manus
1271 2637 1386 2678 enim
1404 2649 1503 2685 mea
1523 2634 1803 2678 auxiliabitur
1823 2634 1877 2677 ei:

1042 2693 1066 2719 *
1094 2698 1139 2735 et
1169 2693 1399 2734 brachium
1429 2706 1576 2734 meum
1609 2690 1876 2733 confortabit

1042 2762 1154 2791 eum.

1601 2876 1667 2909 31*
