2040 2976
480 229 628 264 Domin.
653 228 679 262 Ι.
703 227 802 269 Maii.
848 227 889 261 B.
913 226 959 260 M.
980 226 1023 260 V.
1049 227 1171 261 divini
1194 228 1365 263 Pastoris
1389 230 1531 264 Matris.

439 322 505 358 Ad
524 322 704 358 Nonam.

214 383 312 423 Ant.
340 379 510 432 Optavi.

215 443 471 495 Capitulum.
669 442 793 481 Prov.
808 440 870 480 23.
888 438 927 480 d.

246 500 364 542 raebe
390 500 450 540 fili
473 499 533 544 mi
557 511 632 541 cor
655 503 777 540 tuum
801 498 905 539 mihi
937 503 980 540 et

259 556 373 599 oculi
391 556 454 598 tui
471 555 563 597 vias
581 567 700 596 meas
722 554 979 596 custodiant.

213 623 263 675 Rz.
283 623 344 664 br.
369 617 543 662 Corona
557 620 778 672 sapientiae
791 622 813 646 *
829 619 980 660 Timor

164 678 348 719 Domini.
386 677 567 718 Corona.
609 674 659 726 V.
687 675 879 729 Replens
907 689 979 728 pa-

165 747 278 783 cem,
314 738 358 775 et
388 732 539 774 salutis
572 732 767 774 fructum.
819 731 979 773 Timor.

166 790 316 832 Gloria
336 789 462 831 Patri.
491 789 673 830 Corona.

212 841 263 893 V.
289 846 447 888 Venite
466 845 552 895 filii,
572 845 717 887 audite
734 857 814 886 me.
842 844 891 895 R.
910 845 978 885 Ti-

166 904 332 944 morem
351 902 526 943 Domini
545 900 714 943 docebo
734 913 822 942 vos.

369 984 430 1024 In
450 983 511 1024 11.
529 982 777 1034 vesperis.

156 1078 159 1081 <
215 1053 351 1088 Omnia
374 1055 414 1086 ut
437 1051 476 1086 in
499 1050 633 1095 primis
664 1048 768 1092 [241]‚
787 1053 927 1094 praeter

166 1110 171 1116 ’
216 1108 285 1150 Ad
303 1107 475 1159 Magnis.
507 1107 607 1148 Ant.
648 1105 766 1146 Felix
791 1118 836 1146 es
860 1118 983 1147 sacra

165 1162 305 1214 Virgo
320 1162 467 1212 Maria,
486 1166 530 1203 et
549 1161 664 1202 omni
682 1161 810 1203 laude
827 1161 982 1212 dignis-

168 1219 290 1260 sima:
310 1218 409 1271 quia
429 1230 483 1259 ex
501 1223 544 1259 te
565 1222 685 1259 ortus
705 1223 770 1259 est
788 1217 854 1259 sol
869 1219 982 1269 justi-

167 1276 258 1325 tiae,
287 1274 484 1316 Christus
503 1274 623 1315 Deus
647 1280 812 1324 noster,
839 1275 984 1325 magni

169 1330 348 1372 Consilii
372 1330 575 1381 Angelus.

370 1406 780 1437 *W*

374 1559 653 1634 Βοωῑᾙῑῖἇῖ
671 1590 781 1643 Maji.

168 1663 219 1703 B.
234 1662 296 1702 M.
311 1662 367 1702 V.
384 1659 543 1702 divini
556 1659 780 1702 Pastoris
795 1658 985 1700 Matris.

418 1723 572 1767 Duplex
595 1724 727 1768 majus.

378 1797 438 1837 In
463 1796 500 1837 Ι.
528 1794 775 1845 vesperis.

216 1860 303 1893 Ant.
339 1859 386 1893 de
415 1859 534 1894 Laud.
573 1857 680 1901 [251],
712 1859 789 1902 Ps.‚
822 1860 914 1904 Cap.
947 1866 982 1895 et

165 1907 303 1951 Hymn.
331 1911 372 1942 ut
400 1907 439 1942 in
462 1907 587 1942 Festis
613 1907 654 1942 B.
679 1907 726 1943 M.
750 1908 793 1942 V.
823 1919 891 1952 per
920 1920 982 1943 an-

166 1966 256 1990 num
281 1953 371 1998 [133]
390 1960 530 1999 praeter
553 1965 658 2000 sequ.

216 2002 267 2054 V.
296 2005 486 2056 Dignare
503 2017 573 2046 me
591 2003 769 2046 laudare
787 2009 831 2045 te
850 2004 986 2054 Virgo

171 2064 350 2103 sacrata.
373 2063 423 2115 R.
453 2061 521 2102 Da
543 2060 647 2102 mihi
666 2061 869 2102 virtutem
888 2073 986 2101 con-

170 2122 238 2159 tra
255 2117 405 2159 hostes
423 2122 534 2158 tuos.

219 2178 289 2220 Ad
320 2178 491 2229 Magnis.
537 2178 635 2219 Ant.
686 2177 805 2218 Sicut
834 2181 987 2228 pastor

94 2223 97 2226 ¹
170 2246 346 2285 gregem
380 2246 505 2274 suum
536 2238 704 2286 pascet,
734 2233 778 2273 in
808 2232 986 2274 brachio

140 2293 146 2301 '
171 2303 250 2331 suo
275 2289 556 2340 congregabit
581 2302 733 2341 agnos,
759 2294 803 2331 et
825 2289 869 2329 in
893 2288 987 2329 sinu

172 2359 250 2388 suo
269 2346 442 2388 levabit.

499 2402 659 2443 Oratio.

169 2454 333 2560 Deus
354 2463 428 2516 qui
444 2464 690 2505 universum
708 2461 916 2503 mundum
928 2461 986 2501 in-

269 2519 429 2561 effabili
455 2519 727 2572 providentia
758 2518 891 2567 regis,
927 2523 986 2559 at-

174 2588 257 2627 que
277 2575 506 2626 gubernas:
527 2582 689 2629 praesta
708 2574 835 2616 nobis
854 2574 986 2614 famu-

172 2632 225 2672 lis
243 2632 342 2682 tuis3
367 2637 416 2673 ut
437 2632 731 2674 intercedente
754 2631 883 2672 beata
900 2630 987 2670 Ma-

173 2690 236 2729 ria
256 2701 426 2740 semper
444 2688 639 2740 Virgine,
665 2700 762 2740 quae
782 2686 898 2737 vigili
918 2698 986 2727 cu-

174 2743 317 2787 stodia
334 2757 414 2786 nos
436 2745 590 2798 pascit,
618 2744 673 2787 ab
696 2742 892 2785 hostibus
917 2741 986 2784 de-

1755 224 1845 268 [247]

1030 320 1154 370 fensi,
1184 326 1226 362 et
1251 320 1415 362 fructus
1440 320 1514 362 tui·
1530 320 1757 362 dulcedine
1782 333 1845 362 sa-

1029 376 1142 424 tiati,
1170 376 1226 418 ad
1252 376 1473 418 coelestem
1498 377 1683 429 patriam
1708 377 1847 418 securi

1030 431 1330 485 perducamur.
1357 434 1440 474 Per
1459 433 1703 474 Dominum.

1086 501 1147 535 Ad
1170 501 1469 545 Completorium
1500 508 1535 538 et
1564 516 1632 548 per
1655 506 1781 540 Horas
1810 507 1847 540 in

1033 550 1106 584 fine
1131 550 1268 593 Hymn.
1293 551 1447 585 dicitur:

1085 602 1109 642 J
1109 614 1196 650 esu,
1215 600 1293 642 tibi
1311 601 1366 642 sit
1384 601 1530 652 gloria,

1135 657 1217 707 Qui
1235 662 1360 698 natus
1380 670 1426 698 es
1446 656 1500 698 de
1520 658 1708 708 Virgine.

1190 739 1276 779 Ad
1306 739 1689 780 matutinum.

1085 803 1254 843 Invitat.
1283 802 1439 842 Sancta
1462 801 1594 841 Maria
1619 801 1750 842 divini
1772 802 1849 843 Pa-

1033 857 1162 898 storis
1178 857 1316 898 Mater
1340 856 1594 898 *Intercede
1613 870 1693 909 pro
1713 857 1848 899 nobis.

1084 920 1151 959 Ps.
1171 919 1336 966 Venite,
1357 917 1629 959 exsultemus.
1648 918 1683 958 2.

1085 980 1292 1031 Hymnus.
1322 982 1459 1030 Quem
1478 983 1603 1019 terra.
1623 978 1724 1030 [135]

1265 1059 1313 1097 In
1341 1060 1369 1097 Ι.
1398 1058 1619 1097 Nocturno.

1086 1118 1184 1159 Ant.
1212 1118 1338 1158 Mane
1364 1119 1590 1167 surgamus
1614 1112 1669 1157 ad
1693 1118 1851 1165 vineas,

1035 1175 1260 1217 videamus
1282 1174 1318 1214 si
1338 1174 1483 1214 floruit
1501 1175 1641 1222 vinea,
1666 1173 1699 1213 si
1722 1173 1851 1213 flores

1035 1232 1199 1272 fructus
1230 1229 1491 1282 partariunt,
1532 1229 1592 1270 ibi
1629 1228 1742 1270 dabo
1775 1227 1852 1270 tibi

1035 1288 1169 1329 ubera
1187 1300 1294 1328 mea.

1086 1359 1229 1393 Psalmi
1269 1359 1382 1392 trium
1418 1359 1700 1393 Nocturnorum
1736 1364 1777 1393 ut
1814 1360 1853 1393 in

1036 1407 1161 1454 Festis
1185 1407 1226 1460 J}
1250 1407 1297 1441 M.
1322 1407 1364 1440 V.
1393 1404 1483 1447 [136]

1086 1460 1184 1499 Ant.
1222 1458 1307 1498 Cor
1340 1470 1464 1497 suum
1492 1455 1635 1497 tradet
1667 1454 1723 1495 ad
1750 1453 1851 1504 vigi-

1036 1512 1213 1554 landum
1235 1513 1436 1554 dilaculo.

1087 1577 1186 1617 Ant.
1202 1574 1345 1616 Trahe
1360 1587 1428 1614 me
1444 1578 1545 1626 post
1558 1578 1616 1614 te:
1632 1573 1852 1613 curremus

1037 1631 1080 1671 in
1100 1630 1280 1672 odorem
1299 1632 1615 1681 unguentorum
1633 1630 1819 1670 tuorum.

1089 1687 1139 1740 V.
1166 1692 1319 1745 Specie
1347 1697 1437 1740 tua,
1466 1697 1508 1732 et
1536 1688 1855 1743 pulchritudine

1037 1755 1122 1791 tua.
1150 1752 1199 1804 R.
1217 1748 1409 1797 Intende,
1424 1750 1634 1801 prospere
1653 1745 1855 1800 procede,

1039 1811 1082 1848 et
1100 1819 1242 1857 regna.

1148 1887 1216 1927 De
1241 1879 1467 1926 Parab‘olis
1490 1881 1743 1924 Salomonis.

1088 1952 1239 1994 Lectio
1260 1951 1283 1991 i.
1538 1951 1640 2000 Cap.
1657 1950 1693 1988 8.
1710 1954 1751 1990 et
1766 1950 1803 1989 9.

1048 2016 1209 2076 J}go
1236 2009 1448 2062 sapientia
1472 2007 1623 2049 habito
1649 2006 1691 2046 in
1718 2007 1855 2046 consi-

1048 2079 1054 2121 ]
1079 2067 1101 2120 [13³.
1113 2069 1144 2116 ‘4:³²
1171 2067 1245 2117 lio,
1278 2071 1320 2107 et
1347 2064 1526 2107 eruditis
1554 2064 1760 2104 intersum
1786 2073 1855 2102 co-

1047 2116 1122 2147 ’ἐξ
1170 2121 1458 2174 gitationibus.
1511 2120 1662 2161 Timor
1682 2117 1857 2159 Domini

1040 2179 1133 2221 odit
1148 2180 1322 2221 malum:
1342 2177 1641 2228 arrogantiam,
1661 2180 1703 2216 et
1718 2175 1856 2225 super-

1038 2236 1169 2283 biam,
1189 2242 1232 2277 et
1252 2235 1365 2276 viam
1382 2245 1577 2286 pravam,
1602 2236 1644 2273 et
1663 2243 1712 2272 os
1732 2229 1853 2271 bilin-

1038 2306 1120 2344 gue
1140 2291 1344 2334 detestor.
1374 2290 1518 2331 Meum
1537 2293 1602 2330 est
1620 2286 1854 2334 consilium,

1040 2355 1082 2390 et
1098 2348 1292 2400 aequitas,
1311 2359 1407 2388 mea
1423 2350 1488 2387 est
1501 2343 1740 2397 prudentia,
1759 2353 1854 2382 mea

1040 2410 1105 2446 est
1137 2403 1356 2446 fortitudo.
1413 2402 1497 2443 Per
1532 2413 1601 2441 me
1636 2410 1760 2449 reges
1790 2409 1852 2438 re-

1038 2466 1184 2512 gnant,
1216 2465 1260 2501 et
1290 2460 1434 2509 legum
1465 2457 1713 2499 conditores
1745 2454 1855 2504 justa

1040 2516 1286 2558 decernunt.
1329 2515 1412 2556 Per
1439 2526 1508 2554 me
1534 2511 1752 2564 principes
1778 2509 1852 2548 im-

1038 2578 1207 2625 perant,
1235 2578 1278 2613 et
1308 2572 1510 2623 potentes
1536 2568 1771 2609 decernunt
1796 2564 1852 2614 iu-

1039 2629 1211 2670 stitiam.
1244 2628 1339 2679 Ego
1365 2627 1590 2677 diligentes
1612 2634 1681 2662 me
1705 2620 1853 2670 diligo:

1040 2691 1083 2726 et
1110 2685 1183 2737 qui
1199 2697 1333 2726 rmane
1352 2683 1529 2734 vigilant
1552 2678 1608 2720 ad
1630 2690 1715 2726 me,
1739 2676 1852 2716 inve-

1038 2742 1156 2784 nient
1177 2754 1258 2792 me.
1292 2740 1462 2782 Mecum
1484 2741 1583 2778 sunt
1606 2733 1782 2782 divitiae,
1810 2736 1853 2773 et
