2040 2976
208 197 278 233 10*

207 293 428 335 siasticam
460 306 511 334 ac
542 292 734 335 divinam
762 293 1034 347 disciph'nam

207 349 433 397 educatus,
462 362 517 391 ex
544 349 762 391 monacho
788 351 926 392 sancti
953 351 1033 392 Be-

206 404 384 455 nedicti,
421 405 652 458 presbyter
691 405 942 456 cardinalis,
983 420 1034 449 ac

207 461 382 503 demum
409 462 613 504 Pontifex
639 463 872 512 Maximus,
899 463 1032 505 incre-

207 518 329 559 dibili
363 519 557 560 omnium
593 519 898 569 consensione,
935 521 1032 573 ipso

207 574 276 616 die
298 574 443 617 obitus
464 574 648 616 Adriani
668 578 841 617 creatus
861 582 942 626 est,
962 590 1032 618 an-

206 644 263 672 no
314 631 703 684 septingentesimo
748 633 1032 683 nonagesimo

209 688 376 740 quinto,
416 687 618 740 seditque
656 689 699 729 in
734 694 885 731 sancta
916 690 1034 730 Petri

207 744 312 786 sede
340 757 477 785 annos
505 745 677 795 viginti,
711 758 884 787 menses
914 746 1033 798 quin-

208 813 303 852 que,
325 800 419 842 dies
438 799 591 842 decem
611 806 654 842 et
673 807 854 854 septem.

257 885 305 924 R.
334 881 485 922 Inveni
504 880 648 921 David
676 892 851 921 servum
877 891 1034 930 meum,

208 936 307 978 oleo
336 942 487 979 sancto
515 949 615 978 meo
635 937 740 977 unxi
759 949 877 977 eum:
899 941 920 963 *
946 937 1034 977 Ma-

206 1007 287 1034 nus
303 993 417 1035 enim
431 1006 529 1034 mea
545 992 822 1034 auxiliabitur
837 993 886 1034 ei.
905 992 952 1043 V.
969 993 1036 1034 Ni-

207 1049 268 1089 hil
294 1050 497 1102 proficiet
521 1049 720 1095 inimicus
746 1049 790 1089 in
818 1062 888 1099 eo,
917 1054 960 1091 et
987 1049 1033 1090 fi-

207 1105 290 1146 lius
305 1106 546 1157 iniquitatis
564 1118 653 1146 non
672 1105 847 1147 nocebit
869 1105 918 1147 ei.
946 1105 1034 1146 Ma-

206 1175 287 1202 nus
315 1174 440 1202 enim.

511 1239 662 1279 Lectio
684 1253 719 1279 v.

284 1303 397 1345 alem
416 1317 463 1346 se
486 1305 530 1345 in
548 1305 809 1358 pontificatu
828 1305 1034 1356 exhibuit,

297 1361 471 1414 qualem
496 1375 543 1403 se
568 1367 667 1404 ante
687 1363 1034 1415 assumptionem

205 1417 470 1470 praebuerat:
493 1418 737 1471 piissimum
758 1419 939 1470 scilicet,
958 1419 1034 1460 mi-

205 1474 437 1526 tissimum,
465 1475 673 1526 singulari
700 1476 744 1516 in
768 1476 912 1518 Deum
937 1477 1029 1519 reli-

204 1531 351 1582 gione,
397 1544 501 1583 erga
544 1533 794 1584 proximum
832 1534 1033 1584 caritate,

204 1587 438 1640 prudentia
460 1589 504 1628 in
529 1588 661 1630 rebus
680 1589 901 1641 gerendis,
929 1594 1032 1643 pau-

204 1656 359 1696 perum
374 1648 681 1698 aegroriimque
696 1648 934 1698 parentem,
953 1647 1032 1688 Ec-

206 1700 351 1742 clesiae
385 1701 679 1751 defensorem,
723 1702 858 1744 divini
891 1703 1033 1746 cultus

205 1760 523 1810 promotorem,
556 1762 713 1811 utpote
743 1759 817 1811 qui
843 1760 1033 1802 maxima

206 1826 394 1866 quaeque
431 1827 513 1867 pro
548 1815 723 1857 Christo
761 1821 804 1857 et
835 1816 1033 1858 Ecclesia

206 1870 360 1969 sgdsslo
380 1872 602 1923 praestitit,
628 1877 671 1914 et
689 1873 906 1925 patienter
924 1874 1031 1916 tole-

206 1940 226 1967 r
256 1941 299 1969 v1
321 1960 329 1968 .

258 2006 306 2056 R'·
338 2001 473 2043 Posui
504 2002 766 2055 adjutorium
794 2017 927 2057 super
955 2018 1032 2058 po-

206 2059 386 2108 tentem,
432 2064 476 2100 et
517 2059 708 2102 exaltavi
749 2060 936 2103 electum
977 2062 1032 2104 de

206 2114 337 2166 plebe
353 2128 464 2157 mea:
483 2119 503 2141 *
526 2116 682 2158 Manus
706 2118 821 2159 enim
843 2131 942 2160 mea
960 2132 1031 2161 au·
1067 2114 1070 2118 ’

206 2170 429 2213 xiliabitur
450 2173 500 2213 ei.
532 2169 581 2220 V.
604 2173 756 2215 Inveni
778 2174 923 2217 David
946 2189 1031 2218 ser-

207 2240 310 2268 vum
353 2240 516 2278 meum,
564 2230 662 2272 oleo
722 2236 876 2274 sancto
932 2246 1031 2275 meo

206 2283 311 2325 unxi
334 2296 444 2326 eum.
479 2285 644 2327 Manus.

507 2374 655 2413 Lectio
673 2375 723 2413 vi.

208 2436 358 2544 Cum
384 2437 440 2479 ab
462 2438 624 2490 impiis,
653 2441 787 2481 erutis
807 2441 961 2491 oculis,
990 2447 1033 2484 et

301 2494 532 2535 confossus
562 2495 828 2547 vulneribus,
863 2498 1031 2540 semivi-

207 2563 287 2591 vus
309 2550 486 2592 relictus
512 2551 679 2601 fuisset,
712 2554 928 2604 postridie
951 2567 1032 2607 per

206 2606 372 2658 insigne
397 2607 655 2649 miraculum
680 2621 810 2650 sanus
830 2611 1032 2654 inventus

208 2667 285 2712 est,
299 2662 542 2716 iisdemque
557 2665 786 2716 parricidis
796 2666 930 2707 vitam
943 2667 1032 2709 suis

207 2719 412 2771 precibus
440 2719 639 2762 obtinuit.
684 2721 844 2764 Carolo
872 2723 1032 2775 Magno

354 205 421 238 Die
444 205 623 239 15..1unii.
649 207 683 239 S.
700 206 838 239 Joanis
855 217 875 240 a
894 206 927 240 S
947 207 1128 240 Facundo
1145 206 1253 240 Conf.
1272 224 1283 228 -
1300 206 1358 238 2‹›.
1378 205 1412 239 S.
1426 205 1579 239 Silverii
1593 205 1684 248 Pap.
1699 210 1734 240 et
1748 205 1853 240 Mart.

1086 297 1355 337 Francorum
1383 295 1476 346 regi
1503 295 1753 338 Romanum
1780 297 1912 351 impe-

1087 352 1197 393 rium
1226 351 1395 401 detulit3
1427 352 1669 404 peregrinis
1700 353 1910 406 amplissi-

1085 421 1204 449 mum
1232 406 1556 449 xenodochium
1584 409 1813 452 exstruxit:
1839 423 1913 464 pa·

1086 464 1338 506 trimonium
1357 463 1555 517 aliosque
1573 465 1733 507 fundos
1751 469 1914 520 paupe—

1087 520 1206 562 ribus
1239 519 1484 573 adscripsit.
1528 521 1742 564 Basilicas
1772 522 1914 574 Urbis,

1087 577 1333 629 praesertim
1351 576 1693 620 Lateranensem
1716 579 1775 630 (in
1793 580 1914 632 cujus

1087 633 1352 686 patriarchio
1371 633 1606 675 triclinium
1623 647 1828 687 magnum
1846 649 1913 678 su-

1087 702 1166 742 per
1186 690 1331 731 omnia
1348 690 1534 732 triclinia
1551 691 1772 743 fundavit),
1792 698 1836 736 et
1849 706 1914 735 sa-

1088 759 1184 787 cras
1208 746 1328 788 aedes
1351 752 1419 789 tot
1443 760 1494 788 ac
1513 748 1645 790 tantis
1663 748 1825 791 divitiis
1844 762 1914 792 cu-

1087 802 1278 852 mulavit,
1298 808 1345 845 ut
1363 803 1497 845 fidem
1514 816 1686 847 omnem
1706 808 1914 858 superare

1087 857 1298 901 videatur.
1352 860 1503 902 Vitam
1536 860 1712 902 demum
1743 862 1914 914 religio-

1088 915 1304 957 sissimam
1331 917 1406 968 pio
1435 916 1522 958 fine
1550 918 1796 968 coronavit,
1827 921 1913 972 pri-

1088 971 1158 1013 die
1177 971 1283 1013 Idus
1301 972 1325 1013 J
1327 973 1428 1022 unii,
1447 985 1563 1014 anno
1582 973 1761 1015 Domini
1779 975 1913 1017 octin-

1086 1028 1330 1078 gentesimo
1350 1028 1522 1070 decimo
1543 1034 1684 1080 sexto,
1709 1035 1753 1072 et
1771 1031 1914 1084 sepffl-

1086 1089 1156 1126 tus
1176 1090 1244 1126 est
1262 1085 1306 1125 in
1324 1085 1552 1128 Vaticano.

1139 1151 1187 1203 Rg.
1215 1149 1306 1192 Iste
1334 1155 1402 1192 est
1430 1151 1520 1203 qui.

1137 1230 1180 1263 In
1204 1230 1267 1264 111.
1294 1230 1492 1265 Nocturno
1516 1230 1687 1266 Homilia
1712 1232 1750 1266 in
1767 1232 1913 1277 Evang.

1088 1278 1212 1359 {Iolmo
1247 1276 1417 1320 peregre.
1456 1279 1502 1313 de
1538 1279 1675 1314 eodem
1710 1280 1913 1316 Communi

1108 1354 1114 1359 .
1155 1335 1236 1359 oco.

1139 1382 1270 1416 Lectio
1294 1382 1342 1416 ix.
1370 1387 1406 1416 et
1431 1393 1627 1418 commem.
1651 1384 1707 1418 Ss.
1726 1384 1912 1419 Basilidis

1089 1435 1156 1464 ete.
1172 1430 1382 1474 Martyrum
1400 1431 1437 1464 in
1452 1431 1570 1466 Laud.
1589 1437 1629 1466 ut
1646 1432 1684 1466 in
1700 1432 1912 1468 Breviario.

1343 1524 1427 1566 Die
1448 1525 1508 1566 15.
1527 1525 1552 1566 J
1553 1525 1654 1567 unii.

1107 1596 1150 1638 S.
1170 1597 1201 1639 J
1203 1597 1382 1639 oannis
1401 1608 1432 1639 a
1451 1598 1493 1640 S.
1512 1599 1746 1640 Facundo
1769 1599 1889 1640 Conf.

1420 1667 1584 1711 Duplex.

1140 1728 1276 1762 Omnia
1299 1733 1339 1763 ut
1361 1729 1399 1762 in
1419 1728 1621 1763 Breviario
1645 1729 1707 1763 die
1730 1729 1779 1764 12.
1796 1730 1913 1764 Junii.

1139 1790 1185 1824 Et
1208 1791 1247 1824 fit
1270 1800 1464 1824 commem.
1484 1795 1519 1824 ct
1536 1789 1667 1824 Lectio
1686 1790 1735 1824 ix
1759 1790 1815 1825 Ss.
1834 1791 1913 1826 Viti

1088 1844 1123 1872 et
1148 1839 1230 1873 Soc.
1257 1838 1363 1872 Mart.
1389 1843 1429 1873 ut
1455 1838 1599 1881 ibidem
1623 1838 1695 1872 hac
1723 1838 1795 1873 dic.

1342 1934 1427 1977 Die
1445 1936 1517 1976 20.
1536 1935 1562 1977 J
1562 1949 1661 1978 unu

1186 2006 1229 2049 S.
1251 2006 1453 2048 Silverii
1474 2007 1608 2058 Papae
1628 2010 1671 2046 et
1690 2005 1815 2046 Mart.

1416 2076 1580 2120 Duplex.

1139 2140 1275 2173 Omnia
1314 2139 1360 2173 de
1402 2138 1605 2173 Communi
1643 2137 1756 2172 unius
1794 2137 1911 2179 Mart„

1086 2193 1227 2232 praeter
1251 2187 1461 2231 sequentia.

1139 2249 1283 2283 Oratio.
1308 2248 1578 2284 Infirmitatem.

1137 2311 1179 2345 In
1211 2311 1237 2345 I.
1269 2310 1467 2344 Nocturno
1500 2309 1703 2343 Lectiones
1735 2308 1781 2342 de
1814 2307 1911 2342 Scri-

1087 2364 1197 2403 ptura
1224 2364 1455 2393 occurrente.

1315 2429 1363 2467 In
1388 2428 1438 2466 II.
1464 2427 1686 2466 Nocturno.

1389 2496 1539 2537 Lectio
1560 2497 1613 2536 iv.

1088 2556 1366 2614 swxffilverius
1393 2556 1642 2609 Campanus
1667 2561 1772 2609 post
1794 2557 1907 2608 Aga-

1088 2611 1177 2678 ff,
1204 2615 1345 2665 pitum
1367 2613 1567 2666 proxime
1592 2613 1794 2656 Pontifex
1820 2626 1908 2656 cre-

1096 2668 1177 2697 ΧΨ
1206 2671 1304 2711 atus
1340 2674 1427 2711 est:
1468 2670 1589 2722 cujus
1629 2669 1829 2712 doctrina
1865 2675 1910 2712 et

1083 2725 1292 2768 sanctitas
1316 2725 1459 2769 illuxit
1478 2726 1522 2767 in
1540 2726 1806 2769 insectandis
1823 2726 1909 2768 hae-
