2040 2976
488 201 589 235 Infra
616 202 910 236 Hebdomadam
935 214 968 236 v.
995 210 1083 246 post
1109 204 1187 237 Oct.
1215 205 1471 239 pentecostes.

124 294 178 334 lis
198 294 280 335 erit
300 294 457 336 domus
472 300 559 346 tua,
579 301 623 338 et
636 309 819 348 regnum
832 302 956 339 tuum

124 362 264 402 usque
288 350 332 390 in
356 353 567 392 aeternum
588 357 689 394 ante
711 353 868 394 faciem
890 358 955 396 tu-

125 418 211 455 am,
239 410 283 447 et
301 405 485 448 thronus
503 412 605 449 tuus
625 409 707 450 erit
725 408 877 450 firmus
895 411 955 462 ju-

123 461 246 512 giter.
272 462 523 504 Secundum
539 464 684 505 omnia
698 464 833 506 verba
847 465 954 515 haec,

124 522 168 558 et
186 518 305 568 juxta
322 519 570 562 universam
585 520 799 561 visionem
812 521 954 571 istam,

123 573 186 614 sic
203 573 375 615 locutus
396 579 463 616 est
481 574 658 617 Nathan
676 575 734 617 ad
751 576 908 618 David.

176 637 227 687 R.
252 634 348 685 Ego
368 640 412 676 te
431 635 522 676 tuli.
541 636 627 676 178.

434 705 446 713 .›
450 706 462 713 x
468 705 641 713 WVffvvss

370 745 399 782 S
425 756 450 782 a
473 746 500 782 b
525 746 551 782 b
576 757 602 783 a
625 750 642 783 t
665 758 703 784 o.

229 802 293 842 De
316 800 430 843 libro
451 804 646 845 secundo
666 804 848 855 Regum.

276 868 431 909 Lectio
449 869 473 908 i.
632 869 800 920 Cap.11.

132 959 134 989 2
154 957 184 962 ιι
209 936 354 972 actum
379 936 446 972 est
470 937 633 983 autem,
661 936 860 976 vertente
880 948 951 976 an-

132 991 134 1021 ]
152 992 178 1022 ³³
224 999 297 1036 no,
323 999 376 1028 eo
395 989 596 1040 tempore
617 1002 704 1041 quo
725 991 869 1032 solent
887 1004 950 1032 re-

120 1054 197 1093 ges
222 1042 279 1084 ad
301 1042 419 1084 bella
441 1044 701 1096 procedere,
729 1047 847 1088 misit
865 1048 950 1089 Da-

119 1098 194 1140 vid
216 1098 345 1148 Joab,
375 1104 419 1141 et
449 1112 602 1142 servos
631 1114 735 1143 suos
761 1116 860 1144 cum
885 1116 950 1154 eo,

121 1159 164 1196 et
177 1155 428 1196 universum
442 1156 590 1207 Israel,
607 1163 651 1199 et
668 1161 951 1201 vastaverunt

119 1210 232 1252 filios
252 1211 459 1262 Ammon,
484 1217 528 1254 et
547 1213 815 1256 obsederunt
834 1216 948 1257 Rab-

119 1267 191 1308 ba:
208 1267 354 1309 David
374 1273 521 1309 autem
539 1271 748 1312 remansit
766 1271 809 1311 in
828 1271 853 1312 J
855 1275 948 1313 eru-

119 1323 265 1365 salem.
301 1324 419 1365 Dum
443 1325 539 1366 haec
563 1329 811 1377 agerentur,
839 1329 948 1370 acci—

119 1379 183 1421 dit
201 1384 249 1420 ut
266 1383 466 1430 surgeret
479 1382 626 1423 David
641 1382 696 1423 de
712 1388 852 1425 strato
868 1397 948 1427 suo

117 1441 222 1487 post
240 1435 485 1487 meridiem,
514 1442 558 1479 et
581 1438 884 1481 deambularet
906 1441 950 1481 in

118 1491 280 1533 solario
302 1492 459 1534 domus
478 1494 626 1544 regiae:
645 1495 845 1548 viditque
859 1510 948 1538 mu-

117 1547 269 1590 lierem
287 1561 335 1589 se
353 1548 583 1600 lavantem,
603 1563 658 1592 ex
677 1551 864 1593 adverso
881 1566 947 1594 su-

116 1616 196 1656 per
236 1604 446 1646 solarium
487 1619 627 1647 suum:
673 1612 767 1649 erat
803 1614 949 1651 autem

116 1660 272 1702 mulier
298 1661 485 1714 pulchra
511 1662 653 1705 valde.
693 1663 813 1705 Misit
842 1677 947 1716 ergo

117 1729 205 1766 rex,
225 1721 270 1758 et
287 1718 517 1770 requisivit
535 1732 634 1771 quae
650 1725 768 1761 esset
781 1721 948 1763 mulier.

116 1771 466 1826 Nuntiatumque
499 1780 567 1816 est
600 1775 657 1824 ei,
699 1775 819 1828 quod
851 1777 948 1829 ipsa

117 1833 235 1869 esset
260 1829 508 1872 Bethsabee
531 1830 622 1873 filia
645 1832 803 1882 Eliam‚
836 1846 947 1874 uxor

116 1883 234 1925 Uriae
253 1884 440 1926 Hethaei.
467 1887 614 1929 Missis
633 1890 783 1940 itaque
802 1889 948 1932 David

115 1940 289 1990 nuntiis,
308 1941 408 1983 tulit
427 1955 534 1983 eam.

168 2001 218 2052 R.
243 2000 442 2043 Peccavi.
461 2002 548 2043 179.

424 2071 576 2112 Lectio
598 2072 635 2111 ii.

198 2142 219 2180 t
243 2139 420 2180 reversa
447 2145 515 2181 est
541 2140 586 2181 in
614 2140 795 2182 domum
823 2155 946 2183 suam

206 2196 422 2247 concepto
433 2196 554 2238 foetu.
565 2195 832 2248 Mittensque
843 2210 944 2238 nun-

114 2250 240 2292 tiavit
259 2251 414 2301 David,
435 2257 479 2294 et
498 2253 573 2295 ait:
594 2253 799 2305 Concepi.
826 2254 946 2295 Misit

116 2311 263 2348 autem
281 2307 426 2349 David
444 2307 502 2350 ad
519 2309 544 2349 J
546 2309 642 2358 oab,
662 2308 828 2350 dicens:
846 2309 944 2351 Mit-

115 2366 159 2403 te
183 2362 240 2404 ad
262 2375 332 2404 me
356 2363 507 2405 Uriam
524 2364 771 2406 Hethaeum.
810 2365 944 2406 Misit-

116 2430 201 2469 que
214 2419 239 2459 J
242 2418 327 2460 oab
342 2419 493 2461 Uriam
509 2419 567 2462 ad
580 2420 736 2461 David.
755 2421 811 2462 Et
826 2421 944 2463 venit

114 2474 242 2515 Urias
268 2474 324 2516 ad
346 2475 502 2517 David.
536 2476 838 2528 Quaesivitque
857 2476 942 2517 Da-

114 2529 189 2571 vid
209 2543 340 2582 quam
358 2536 478 2572 recte
498 2534 649 2582 ageret
663 2533 688 2573 J
690 2532 784 2580 oab,
805 2537 848 2573 et
866 2535 942 2584 po-

115 2585 258 2637 pulus,
294 2588 339 2628 et
366 2587 592 2638 quomodo
621 2587 942 2630 administrare-

115 2646 186 2682 tur
221 2641 396 2684 bellum.
454 2643 511 2684 Et
553 2642 662 2685 dixit
698 2643 844 2685 David
886 2644 943 2686 ad

114 2696 276 2739 Uriam:
306 2698 433 2741 Vade
461 2699 505 2740 in
533 2698 712 2741 domum
735 2705 870 2751 tuam,
899 2705 943 2742 et

1774 205 1839 242 197

1007 299 1107 339 lava
1133 297 1272 351 pedes
1299 303 1411 340 tuos
1451 300 1509 342 Et
1541 303 1743 351 egressus
1771 307 1838 343 est

1007 355 1137 396 Urias
1164 353 1219 395 de
1245 353 1378 395 domo
1404 357 1537 406 regis,
1571 360 1837 408 secutusque

1008 415 1076 451 est
1113 422 1213 451 eum
1249 409 1372 451 cibus
1408 412 1564 462 regius.
1617 412 1837 455 Dormivit

1007 471 1153 507 autem
1181 465 1309 507 Urias
1343 471 1443 508 ante
1474 472 1649 519 portam
1679 468 1836 510 domus

1006 522 1140 572 regiae
1165 534 1265 562 cum
1289 522 1385 563 aliis
1412 523 1548 564 servis
1574 523 1739 564 domini
1758 525 1836 575 sui,

1007 583 1050 619 et
1068 589 1157 618 non
1177 575 1407 619 descendit
1425 578 1482 619 ad
1502 578 1681 620 domum
1702 593 1836 621 suam.

1004 633 1352 686 Nuntiatumque
1381 639 1448 676 est
1471 634 1617 676 David
1641 648 1666 676 a
1692 635 1834 677 dicen-

1006 688 1139 730 tibus:
1181 689 1284 730 Non
1314 690 1394 731 ivit
1423 690 1552 731 Urias
1584 691 1627 731 in
1656 691 1835 733 domum

1006 757 1141 786 suam.
1203 746 1261 786 Et
1297 746 1357 787 ait
1393 746 1539 787 David
1575 747 1632 788 ad
1669 747 1835 789 Uriam:

1004 800 1231 852 Numquid
1251 813 1339 842 non
1359 801 1415 842 de
1435 802 1506 842 via
1525 801 1705 843 venisti?
1732 816 1833 854 qua-

1005 869 1052 896 re
1079 869 1168 897 non
1197 856 1465 898 descendisti
1495 858 1538 897 in
1568 857 1747 899 domum
1770 864 1833 900 tu-

1004 911 1097 953 am?
1135 914 1191 954 Et
1214 913 1274 954 ait
1296 913 1424 955 Urias
1450 912 1506 955 ad
1529 914 1688 955 David:
1716 915 1834 956 Arca

1003 968 1088 1009 Dei
1117 974 1160 1010 et
1188 969 1326 1010 Israel
1355 974 1398 1011 et
1420 969 1534 1011 Juda
1562 969 1763 1011 habitant
1790 971 1833 1011 in

1002 1025 1318 1077 papilionibus,
1372 1031 1416 1067 et
1461 1025 1663 1067 dominus
1708 1039 1832 1068 meus

1003 1080 1133 1131 Joab,
1171 1085 1215 1122 et
1248 1082 1363 1122 servi
1396 1081 1561 1123 domini
1588 1083 1674 1124 mei
1701 1096 1834 1135 super
1882 1130 1883 1134 Ἰ

1003 1136 1162 1177 faciem
1194 1141 1325 1178 terrae
1357 1143 1547 1179 manent:
1585 1143 1629 1180 et
1660 1151 1742 1189 ego
1770 1140 1830 1179 in-

1002 1191 1177 1242 grediar
1214 1193 1394 1234 domum
1430 1206 1589 1243 meam,
1630 1200 1678 1236 ut
1715 1198 1829 1237 com-

1003 1247 1132 1296 edam
1161 1253 1204 1290 et
1229 1249 1391 1299 bibam,
1419 1251 1464 1291 'et
1493 1249 1706 1291 dormiam
1734 1264 1832 1293 cum

1002 1306 1138 1345 uxore
1158 1304 1279 1345 mea?
1307 1318 1387 1357 per
1415 1306 1602 1347 salntem
1622 1311 1760 1356 tuam,
1789 1312 1832 1349 et

1002 1372 1082 1412 per
1118 1360 1304 1402 salutem
1342 1361 1497 1402 animae
1530 1366 1619 1403 tuae
1651 1375 1740 1403 non
1772 1363 1830 1403 fa-

1003 1416 1117 1457 ciam
1139 1429 1232 1457 rem
1253 1417 1377 1458 hanc.

1056 1483 1106 1533 R.
1131 1481 1363 1523 Exaudisti
1381 1482 1580 1524 Domine.
1599 1484 1693 1523 180.

1304 1566 1456 1605 Lectio
1479 1565 1532 1604 iii.

1005 1629 1113 1733 Et
1134 1652 1240 1690 ergo
1260 1640 1406 1681 David
1430 1640 1487 1682 ad
1511 1641 1676 1682 Uriam:
1703 1642 1831 1684 Mane

1105 1695 1176 1737 hic
1194 1696 1326 1738 etiam
1343 1695 1488 1746 hodie,
1510 1702 1553 1738 et
1574 1710 1670 1738 cras
1691 1697 1831 1739 dimit-

1000 1755 1091 1792 tam
1109 1756 1164 1793 te.
1197 1752 1358 1793 Mansit
1378 1752 1506 1793 Urias
1526 1753 1569 1792 in
1588 1753 1831 1794 Jerusalem

1000 1807 1044 1847 in
1066 1807 1138 1848 die
1157 1807 1231 1848 illa
1252 1813 1295 1849 et
1311 1807 1462 1848 altera:
1481 1813 1526 1850 et
1539 1809 1715 1849 vocavit
1730 1821 1829 1850 eum

999 1863 1146 1904 David
1174 1869 1222 1905 ut
1251 1863 1503 1905 comederet
1532 1876 1681 1906 coram
1709 1877 1757 1905 se
1786 1870 1830 1906 et

999 1918 1186 1969 biberet,
1231 1924 1275 1960 et
1318 1919 1550 1961 inebriavit
1596 1932 1710 1961 eum:
1756 1922 1830 1973 qui

1001 1977 1203 2025 egressus
1219 1977 1416 2027 vespere,
1436 1975 1643 2017 dormivit
1660 1976 1705 2016 in
1721 1981 1827 2018 stra-

999 2035 1046 2072 to
1076 2043 1156 2072 suo
1185 2044 1285 2072 cum
1312 2032 1450 2072 servis
1478 2031 1643 2072 domini
1670 2032 1752 2082 sui,
1785 2037 1829 2073 et

999 2087 1044 2127 in
1085 2086 1266 2128 domum
1302 2100 1427 2128 suam
1464 2100 1552 2128 non
1590 2086 1828 2130 descendit.

998 2143 1182 2184 Factum
1201 2148 1269 2184 est
1293 2155 1398 2193 ergo
1417 2155 1563 2193 mane,
1589 2148 1633 2185 et
1652 2144 1828 2196 scripsit

998 2197 1145 2240 David
1177 2198 1410 2250 epistolam
1442 2197 1499 2240 ad
1530 2199 1657 2242 Joab:
1693 2201 1826 2241 misit-

1000 2266 1085 2306 que
1107 2267 1188 2306 per
1211 2267 1389 2295 manum
1407 2255 1542 2305 Uriae,
1569 2255 1765 2297 scribens
1783 2256 1827 2296 in

1000 2309 1203 2362 epistola:
1221 2310 1377 2351 Ponite
1396 2310 1547 2352 Uriam
1565 2324 1620 2352 ex
1639 2311 1826 2352 adverso

999 2365 1114 2415 belli,
1133 2365 1208 2408 ubi
1225 2366 1513 2408 fortissimum
1532 2372 1599 2409 est
1613 2367 1826 2419 praelium:

999 2427 1043 2462 et
1063 2421 1351 2474 derelinquite
1376 2434 1491 2473 eum,
1518 2428 1567 2465 ut
1590 2426 1824 2475 percussus

997 2478 1192 2519 intereat.
1228 2478 1368 2529 Igitur
1394 2492 1492 2521 cum
1516 2479 1541 2519 J
1543 2479 1628 2521 oab
1655 2477 1824 2520 obside-

997 2538 1064 2574 ret
1094 2533 1266 2583 urbem,
1304 2535 1453 2586 posuit
1478 2535 1629 2576 Uriam
1654 2535 1698 2574 in
1723 2534 1823 2575 loco

997 2588 1072 2630 ubi
1097 2589 1264 2631 sciebat
1282 2590 1403 2631 viros
1429 2602 1525 2631 esse
1550 2589 1822 2631 fortissimos.

996 2645 1263 2696 Egressique
1287 2646 1369 2687 viri
1393 2645 1448 2687 de
1472 2646 1664 2693 civitate,
1691 2644 1822 2685 bella-

995 2700 1102 2742 bant
1119 2700 1354 2742 adversum
1368 2701 1393 2742 J
1395 2701 1492 2751 oab,
1512 2706 1555 2743 et
1569 2698 1820 2743 ceciderunt
