2040 2976
662 218 838 252 Officium
862 229 1023 262 parvum
1053 219 1089 252 Β.
1116 219 1245 253 Mariae
1275 220 1375 261 Vim.

1778 217 1869 263 [151]

196 315 331 355 Maria
347 313 488 355 Mater
506 313 670 364 gratiae,

243 369 397 411 Dulcis
415 370 579 412 Parens
599 370 851 422 elementiae,

245 426 314 467 Tu
331 439 413 467 nos
431 425 485 468 ab
505 425 633 468 hoste
652 430 845 480 protege,

243 482 301 524 Et
318 482 471 524 mortis
490 482 600 524 hora
617 484 801 537 suscipe.

196 555 306 602 Jesu,
324 551 404 594 tibi
425 552 481 594 sit
499 552 647 603 gloria,

245 608 329 659 Qui
346 614 475 650 natus
495 621 541 650 es
561 608 615 651 de
633 611 824 661 Virgine,

245 665 355 706 Cum
371 665 513 715 Patre,
534 670 577 708 et
595 666 710 709 almo
730 667 903 720 Spiritu,

243 721 296 762 In
314 721 578 774 sempiterna
597 724 769 765 saecula.
796 725 948 766 Amen.

248 792 503 843 Capitulum.
657 794 784 834 Eecli.
800 795 863 834 24.
881 808 913 834 c.

166 845 303 952 Ego
334 855 474 893 mater
504 852 701 905 pulchrae
733 851 989 903 dilectionis,
1016 863 1020 913 Ι

278 912 322 949 et
356 908 544 959 timeris,
580 913 624 951 et
659 909 908 960 agnitionis,
947 915 1018 952 et'
1066 943 1074 950 .

167 969 330 1006 sanctae
352 965 458 1018 spei.

222 1024 269 1075 R.
295 1021 392 1062 Deo
411 1021 586 1072 gratias.

219 1074 268 1125 V.
313 1077 401 1118 Ora
436 1089 517 1130 pro
555 1078 682 1120 nobis
721 1083 873 1120 sancta
908 1079 991 1120 Dei

168 1133 375 1176 Genitrix.
431 1138 475 1189 Β
509 1134 568 1176 Ut
601 1134 719 1186 digni
753 1135 991 1176 efficiamur

165 1179 529 1244 promissionibus
551 1191 719 1233 Christi.

221 1247 286 1287 Ad
313 1247 438 1287 Nune
465 1246 654 1288 dimittis
687 1251 782 1288 A.nt
811 1248 901 1290 Sub
926 1254 989 1290 tu-

166 1317 240 1345 um
262 1303 563 1357 praesidium*
587 1304 871 1356 confugimus,
897 1318 990 1346 san-

167 1365 238 1402 cta
263 1360 348 1402 Dei
379 1360 594 1402 Genitrix:
630 1365 802 1402 nostras
839 1360 991 1414 depre-

167 1417 360 1458 catienes
392 1429 447 1458 ne
480 1416 698 1470 despicias
730 1418 774 1458 in
806 1418 990 1459 necessi-

166 1472 350 1523 tatibus,
394 1473 474 1515 sed
513 1486 538 1514 a
578 1473 782 1526 periculis
824 1474 992 1516 cunctis

165 1528 303 1571 libera
325 1542 407 1571 nos
431 1542 615 1582 semper,
638 1530 775 1581 Virgo
800 1530 992 1582 gloriosa

169 1590 212 1627 et
229 1585 471 1628 benedicta.

221 1642 352 1694 Kyrie
385 1642 559 1684 eleison.
614 1642 786 1685 Christe
818 1643 991 1685 eleison.

170 1698 523 1803 Kglriesslgzrffiffis
559 1755 797 1798 vobiscum.
846 1761 896 1811 R
935 1756 992 1799 Et

167 1824 266 1853 cum
284 1811 439 1865 spiritu
457 1816 545 1854 tuo.

500 1873 661 1915 Oratio.

168 1922 360 2027 Beata}
389 1933 432 1971 et
462 1929 667 1980 gloriosae
698 1943 871 1984 semper
895 1933 991 1974 Vir-

270 1997 380 2035 glmS
415 1985 584 2036 Mariae,
622 1989 870 2038 quaesumus
905 1989 991 2030 Do-

166 2040 292 2090 mine,
310 2041 564 2083 intercessio
583 2041 776 2093 gloriosa
793 2056 874 2086 nos
892 2047 989 2097 pro-

166 2101 300 2148 tegat,
329 2102 373 2138 et
395 2096 452 2139 ad
474 2098 608 2139 vitam
631 2099 846 2151 perducat
868 2103 989 2143 aeter-

166 2166 278 2195 nam.
305 2153 390 2194 Per
407 2153 653 2196 Deminum.

325 2230 412 2271 Ad
447 2231 835 2276 matutinum.

228 2290 315 2330 Ave
333 2288 480 2330 Maria.
508 2295 552 2330 ut
572 2303 713 2342 supra.

221 2341 270 2391 V
309 2345 497 2387 Demine
529 2345 647 2388 labia
678 2360 775 2389 mea
809 2349 990 2401 aperies.

170 2404 218 2454 R.
247 2401 305 2443 Et
338 2414 389 2443 os
421 2414 566 2444 meum
599 2403 871 2446 annuntiabit
902 2404 989 2446 lau-

167 2456 268 2499 dem
285 2463 414 2499 tuam.

221 2509 270 2560 V.
294 2514 416 2556 Deus
434 2515 478 2555 in
497 2514 768 2567 adjutorium.

223 2572 347 2612 invit.
381 2573 466 2612 Ave
498 2571 650 2622 Maria,
677 2573 818 2623 gratia
844 2573 990 2626 plena:

170 2628 191 2651 *
208 2627 423 2668 Dominus
441 2632 596 2669 tecum.

224 2685 288 2724 Ps.
312 2686 471 2734 Venite,
491 2684 767 2727 exsultemus.
785 2687 822 2727 2.

221 2741 429 2791 Hymnus.
459 2746 597 2792 Quem
614 2746 740 2784 terra.
767 2743 873 2796 [145]

1315 317 1363 354 In
1383 317 1458 355 No<
1458 318 1603 357 ·.turn0

1101 380 1185 413 Ant
1210 381 1311 442 εῐΙἎ
1318 381 1405 414 1lmi
1430 381 1487 414 (li
1487 388 1608 416 untm
1631 391 1669 417 ut
1695 384 1727 416 in
1748 384 1777 417 1
1781 397 1819 418 c
1825 386 1872 419 ii

1047 427 1087 461 B.
1113 427 1159 460 M
1183 428 1235 464 Υ
1262 429 1367 461 sccili
1364 435 1423 462 ct:

1098 441 1278 513 1311311.
1305 487 1339 513 ct
1368 480 1407 513 Υ.
1458 481 1511 515 1)ι,·
1538 482 1561 515 Ι.
1590 482 1667 516 No
1664 490 1694 516 t.
1719 481 1809 525 [136]

1098 532 1209 565 Fcria
1239 532 1298 565 ΙΙΙ.
1325 540 1359 566 et
1388 533 1447 566 ΥΙ.
1491 534 1543 567 Ue
1573 535 1614 568 ΙΙ.
1641 536 1748 570 Noct.
1775 533 1870 577 [138]

1100 584 1491 619 1³01·.IY.ets;1bbat‹).
1511 586 1564 620 Dc
1581 587 1639 620 111.
1656 589 1759 622 Noui.
1779 586 1870 630 [141]

1101 638 1149 688 V.
1181 640 1352 682 Diffusa
1389 646 1455 683 est
1490 642 1631 693 gratia
1665 642 1709 683 in
1744 642 1870 684 labiis

1043 697 1140 739 tuis.
1195 700 1240 750 R.
1282 698 1525 751 Propterea
1563 698 1787 741 benedixit
1826 704 1871 740 te

1044 754 1165 795 Deus
1192 754 1236 794 in
1265 755 1487 796 aeternum.

1104 821 1226 861 Pater
1242 824 1402 861 noster.
1427 828 1578 861 secl-en
1590 839 1607 861 ›.

1100 880 1148 931 V.
1172 885 1230 927 Et
1256 898 1312 927 ne
1339 897 1420 926 nos
1451 885 1633 927 indacas
1664 886 1708 927 in
1735 891 1871 928 tenta-

1338 942 1425 985 Sed
1443 941 1581 983 libera
1600 955 1681 984 nos
1700 955 1725 983 a
1744 942 1871 984 malo.

1339 1019 1581 1059 i'szissutis).

1047 1075 1300 1180 Precibus
1320 1086 1362 1123 et
1379 1082 1545 1123 meritis
1563 1081 1707 1123 beatae
1721 1081 1872 1123 Mariae

1149 1151 1321 1192 semper
1356 1139 1550 1189 Virginis
1595 1143 1639 1180 et
1680 1139 1872 1180 emnium

1044 944 1218 984 tlonem.
1254 945 1303 995 R.

1044 1196 1312 1245 Sanctorum,
1331 1194 1545 1248 perducat
1562 1208 1643 1237 nos
1658 1195 1872 1236 Deminus
1946 1228 1949 1230 .

1044 1252 1101 1294 ad
1119 1265 1253 1303 regna
1272 1252 1495 1294 coelorum.
1548 1254 1594 1303 R.
1627 1252 1779 1294 Amen.

1100 1313 1148 1362 Υ.
1172 1317 1284 1359 Jube
1303 1317 1462 1359 domne
1482 1317 1754 1359 benedicere.

1103 1383 1259 1423 ssened.
1280 1383 1371 1424 Nos
1391 1395 1490 1424 cum
1508 1382 1634 1435 prole
1650 1383 1724 1436 pia
1742 1382 1870 1425 bene-

1045 1438 1162 1481 dicat
1180 1439 1318 1490 Virgo
1339 1439 1487 1480 Maria.
1538 1442 1585 1492 R.
1618 1439 1770 1480 Amen.

1149 1514 1299 1554 Lectio
1328 1515 1347 1554 i.
1559 1514 1684 1554 liceli.
1704 1514 1768 1553 24.

1055 1586 1093 1635 ζῆ
1117 1586 1195 1634 ,gin
1223 1578 1424 1621 omnibus
1454 1579 1650 1631 requiem
1680 1580 1873 1632 quaesivi,

1055 1635 1093 1693 ,51³
1117 1634 1155 1688 3²22}
1186 1640 1230 1677 et
1247 1636 1291 1676 in
1309 1635 1567 1677 haereditate
1586 1636 1763 1677 Demini
1782 1649 1870 1678 mo-

1118 1678 1161 1718 '³³¹'
1183 1692 1325 1734 rabor.
1363 1692 1488 1734 Tunc
1507 1693 1729 1757 praecepit,
1749 1697 1794 1735 et
1812 1693 1871 1735 di-

1044 1749 1108 1790 xit
1134 1748 1239 1790 mihi
1268 1749 1448 1791 Creator
1480 1749 1691 1790 emnium:
1728 1754 1771 1791 et
1800 1750 1873 1803 qui

1046 1805 1210 1847 creavit
1236 1819 1325 1856 me,
1362 1806 1576 1858 requievit
1602 1806 1645 1846 in
1672 1805 1871 1848 taberna-

1046 1861 1145 1904 culo
1169 1875 1284 1913 meo,
1313 1867 1357 1904 et
1380 1862 1490 1904 dixit
1514 1862 1632 1903 mihi:
1660 1863 1711 1903 In
1733 1863 1872 1904 Jacob

1044 1918 1246 1969 inhabita,
1267 1924 1311 1962 et
1326 1920 1371 1960 in
1385 1919 1521 1960 Israel
1534 1918 1809 1969 haereditare,
1830 1924 1873 1961 et

1043 1976 1087 2016 in
1116 1976 1401 2018 electismeis
1427 1976 1551 2017 mitte
1578 1975 1761 2018 radices.
1805 1979 1873 2018 Tu

1045 2037 1191 2075 autem
1208 2033 1396 2074 Demine
1415 2032 1622 2074 miserere
1641 2032 1780 2074 nobis.

1098 2098 1148 2148 R
1172 2094 1270 2135 Deo
1290 2094 1463 2145 gratias.

1097 2162 1147 2212 R.
1178 2158 1337 2200 Sancta
1365 2163 1409 2201 et
1439 2158 1719 2201 immaculata
1745 2159 1871 2211 virgi-

1043 2215 1173 2265 nitas,
1205 2214 1363 2268 quibus
1390 2220 1435 2257 te
1462 2214 1665 2257 laudibus
1694 2215 1871 2257 efferam

1044 2272 1208 2314 nescio:
1238 2275 1259 2298 *
1285 2272 1398 2322 Quia
1424 2285 1555 2325 quem
1582 2272 1684 2314 coeli
1711 2274 1871 2325 capere

1043 2341 1131 2370 non
1158 2331 1383 2399 poterant,
1418 2333 1496 2371 tuo
1527 2329 1693 2381 gremio
1721 2334 1870 2371 contu-

1043 2384 1141 2427 listi.
1193 2380 1242 2432 V
1271 2385 1512 2428 Benedicta
1538 2391 1587 2428 tu
1613 2385 1657 2427 in
1683 2385 1869 2427 mulieri-

1044 2441 1141 2492 bus,
1166 2446 1210 2484 et
1233 2441 1491 2484 benedictus
1515 2443 1682 2484 fructus
1706 2442 1870 2484 ventris

1042 2498 1116 2539 tui.
1144 2499 1266 2549 Quia.

1100 2557 1148 2608 V.
1170 2561 1282 2604 Jube
1302 2560 1462 2604 domne
1480 2561 1753 2603 benedicere.

1103 2628 1258 2669 Bened.
1289 2628 1387 2680 Ipsa
1404 2627 1542 2678 Virgo
1567 2626 1782 2677 virginum
1806 2625 1866 2666 in-

1041 2682 1239 2725 tercedat
1257 2696 1339 2737 pro
1358 2683 1486 2726 nobis
1504 2682 1562 2725 ad
1578 2682 1827 2724 Deminum.

1100 2748 1145 2796 R.
1170 2744 1323 2787 Amen.
