2040 2976
191 210 240 253 [8]

191 313 264 349 aut
280 306 384 359 quid
398 305 649 358 loquamini:
660 307 680 326 '⁸
700 303 887 344 Dabitur
903 303 1016 344 enim

191 364 316 406 vobis
335 364 378 404 in
396 363 468 403 illa
488 362 612 411 hora,
642 360 747 413 quid
767 359 1016 412 loquamini.

191 420 239 471 Y.
267 420 367 461 Non
397 419 511 460 enim
538 431 617 459 vos
646 417 750 459 estis
780 417 852 469 qui
881 416 1016 467 loqui-

190 477 309 518 mini:
328 476 407 517 sed
422 475 608 528 Spiritus
621 474 763 515 Patris
780 473 923 522 vestri,
945 472 1017 523 qui

191 534 383 586 lequitur
402 533 445 573 in
464 531 600 572 vobis.
633 530 830 571 Dabitur.
866 529 1018 569 Gleria

191 590 319 631 Patri.
355 588 552 630 Dabitur.

420 663 467 701 In
496 661 545 699 ΙΙ.
575 660 796 698 Nocturno.

248 731 343 768 Ant.
363 724 584 776 Principes
601 722 865 775 popularum
880 721 903 745 *
920 732 1018 760 con-

192 781 360 833 gregati
380 786 481 822 sunt
500 793 597 821 curn
618 779 715 819 Deo
735 777 969 819 Abraham.

460 850 656 891 l'salmus
686 850 750 886 415.

203 922 432 968 &isannes
466 910 630 951 Gentes
664 908 858 961 plaudite
887 906 1019 946 mani-

238 964 284 1020 ζμ),
335 968 432 1009 bus:
459 967 482 991 *
514 965 690 1018 jubilate
710 965 806 1005 Deo
835 964 878 1004 in
911 975 1019 1004 voce

203 1024 210 1038 ³
281 1034 303 1050 ⁴2
337 1023 647 1065 exsultationis.

248 1081 462 1132 Queniam
476 1079 689 1120 Deminus
700 1076 915 1125 excelsus,
937 1080 1020 1116 ter-

195 1138 346 1180 ribilis:
357 1139 379 1163 *
391 1138 488 1178 Rex
506 1147 688 1185 magnus
704 1146 835 1186 super
848 1144 1021 1173 omnem

195 1201 368 1237 terram.

247 1250 438 1302 Subjecit
451 1249 640 1302 pepulos
656 1247 798 1288 nobis:
810 1246 834 1271 *
846 1251 890 1287 et
909 1245 1021 1286 Gen-

196 1313 262 1350 tes
290 1306 370 1348 sub
399 1305 585 1358 pedibus
613 1304 785 1345 nostris.

250 1363 392 1414 Elegit
411 1361 537 1403 nobis
560 1360 863 1402 haereditatem
885 1372 1023 1400 suam:

197 1422 220 1446 *
249 1420 440 1473 speciem
467 1417 615 1467 Jacob,
645 1430 774 1469 quam
803 1416 964 1457 dilexit.

250 1475 461 1517 Ascendit
476 1475 596 1516 Deus
611 1475 655 1514 in
671 1473 819 1526 jubilo:
835 1474 858 1498 *
877 1477 920 1514 et
935 1472 1023 1512 Do-

198 1534 338 1574 minus
365 1533 409 1573 in
437 1544 546 1572 voce
573 1530 702 1573 tubae.

250 1588 428 1630 Psallite
455 1588 551 1629 Deo
584 1592 752 1636 nostro,
784 1586 973 1639 psallite:
1001 1586 1024 1611 *

200 1645 372 1698 psallite
401 1644 512 1695 Regi
539 1648 702 1692 nostro,
730 1642 915 1695 psallite.

254 1701 468 1752 Queniam
483 1701 581 1741 Rex
595 1700 733 1740 omnis
748 1704 878 1741 terrae
891 1699 1026 1740 Deus:

202 1760 225 1784 *
254 1757 428 1811 psallite
452 1757 683 1810 sapienter.

255 1814 474 1866 Regnabit
501 1814 622 1854 Deus
650 1825 782 1865 super
803 1812 984 1853 Gentes:
1004 1812 1027 1837 *

203 1873 323 1913 Deus
348 1870 472 1912 sedet
495 1883 627 1923 super
656 1869 806 1911 sedem
832 1873 1029 1910 sanctam

205 1942 338 1970 suam.

255 1984 480 2037 Principes
495 1983 761 2036 popularum
776 1981 1029 2032 congregati

206 2046 306 2082 sunt
342 2054 439 2082 cum
471 2040 567 2081 Deo
601 2039 839 2081 Abraham:
872 2040 895 2064 *
926 2040 1029 2090 que-

207 2097 321 2137 niam
342 2096 400 2138 dii
424 2097 558 2138 fortes
583 2101 724 2145 terrae,
749 2095 1030 2137 vehementer

209 2153 365 2194 elevati
394 2158 503 2194 sunt.

263 2220 359 2258 Ant.
391 2219 610 2270 Principes
639 2218 904 2270 populorum
932 2231 1031 2259 con-

209 2275 375 2326 gregati
398 2279 498 2316 sunt
517 2288 615 2315 cum
634 2275 730 2316 Deo
753 2274 988 2315 Abraham.

263 2337 360 2377 Ant.
397 2335 569 2376 Dedisti
600 2335 902 2377 haereditatem
933 2336 956 2360 *
984 2335 1033 2376 ti-

210 2391 427 2433 mentibus
446 2404 603 2432 nomen
622 2396 745 2432 tuum
764 2392 962 2432 Demine.

475 2456 668 2496 psalmus
697 2458 768 2496 60.

211 2507 428 2613 Exaudi
447 2512 567 2553 Deus
583 2512 938 2565 deprecatienem
956 2525 1036 2554 me·

315 2582 400 2610 am:
428 2571 452 2595 *
479 2568 654 2610 intende
685 2569 869 2610 oratieni
897 2582 1018 2610 meae.

265 2628 304 2667 A
331 2625 490 2667 finibus
522 2630 651 2666 terrae
680 2624 735 2666 ad
762 2630 806 2666 te
838 2625 1036 2666 clamavi:

214 2685 237 2710 *
271 2682 375 2724 dum
407 2682 654 2723 anxiaretur
688 2694 765 2722 cor
798 2694 958 2730 meum,
994 2682 1036 2722 in

213 2744 338 2793 petra
365 2738 566 2780 exaltasti
593 2750 674 2779 me.

778 209 987 240 Commune
1014 204 1302 248 Apostolorum.

1119 298 1353 341 Deduxisti
1366 310 1447 347 me,
1466 296 1567 348 quia
1580 295 1721 337 factus
1733 307 1780 336 es
1795 307 1897 348 spes

1068 370 1182 398 mea:
1210 357 1234 383 *
1265 354 1396 396 turris
1428 351 1695 394 fortitudinis
1729 364 1755 392 a
1787 350 1898 392 facie

1069 413 1239 454 inimici.
1923 451 1928 455 ,

1122 467 1383 510 Inhabitabo
1419 467 1463 507 in
1498 464 1783 507 tabernaculo
1820 469 1898 505 tuo

1071 527 1114 567 in
1130 525 1306 567 saecula:
1326 526 1350 551 *
1367 525 1575 576 pro'tegar
1592 522 1636 562 in
1652 521 1899 563 velamento

1071 583 1239 624 alarum
1265 583 1449 622 tuarum.
1681 621 1683 623 ,

1125 638 1340 689 Quoniam
1372 642 1421 678 tu
1454 636 1576 677 Deus
1612 647 1737 676 meus
1773 646 1900 675 exau-

1072 696 1174 737 disti
1185 695 1427 737 oratienem
1437 706 1596 734 meam:
1610 693 1634 719 *
1645 690 1805 732 dedisti
1814 689 1900 731 hae-

1072 752 1303 794 reditatem
1319 749 1572 792 timentibus
1591 760 1752 790 nomen
1767 751 1901 788 tuum.

1124 809 1230 850 Dies
1265 820 1397 860 super
1431 806 1524 848 dies
1562 805 1676 856 regis
1711 803 1902 856 adjicies:

1073 868 1096 893 *
1124 878 1261 907 annos
1290 865 1380 916 ejus
1400 876 1539 916 usque
1567 863 1612 903 in
1640 861 1756 903 diem
1776 872 1902 911 gene-

1073 922 1251 964 ratienis
1280 926 1323 962 et
1350 919 1654 971 generatienis.

1124 979 1356 1020 Permanet
1395 978 1438 1017 in
1475 978 1687 1017 aeternum
1722 974 1766 1014 in
1804 986 1903 1015 con-

1074 1037 1230 1088 spectu
1269 1035 1367 1075 Dei:
1411 1035 1434 1061 *
1475 1030 1820 1074 misericerdiam
1862 1034 1906 1071 et

1074 1092 1304 1133 veritatem
1331 1091 1421 1142 ejus
1452 1090 1547 1142 quis
1575 1086 1790 1140 requiret?

1127 1148 1198 1189 Sic
1225 1147 1442 1200 psalmum
1470 1146 1613 1188 dicam
1637 1144 1802 1185 nemini
1828 1148 1905 1184 tuo

1075 1205 1117 1245 in
1151 1203 1361 1245 saeculum
1397 1202 1562 1244 saeculi:
1589 1203 1612 1229 *
1640 1205 1688 1242 ut
1724 1199 1907 1241 reddam

1075 1267 1179 1303 vota
1205 1273 1303 1302 mea
1331 1260 1386 1302 de
1415 1259 1485 1301 die
1512 1259 1557 1299 in
1585 1257 1712 1299 diem.

1090 1351 1096 1358 ·
1130 1332 1227 1371 Ant.
1244 1325 1420 1370 Dedisti
1434 1323 1741 1366 haereditatem
1755 1321 1906 1363 timen-

1076 1384 1193 1425 tibus
1212 1395 1373 1424 nomen
1392 1387 1515 1424 tuum
1533 1380 1733 1422 Demine.

1132 1453 1165 1492 A
1173 1459 1230 1492 nt.
1245 1448 1621 1490 Annuntiaverunt
1632 1446 1655 1471 *
1668 1447 1803 1497 (Spera
1813 1443 1908 1493 Dei,

1078 1511 1121 1547 et
1140 1506 1254 1547 facta
1273 1506 1363 1556 ejus
1383 1503 1701 1546 intellexerunt.

1354 1600 1550 1640 Psalmus
1572 1600 1636 1639 63.

1081 1662 1295 1768 Exaudi
1331 1663 1453 1704 Deus
1490 1662 1733 1703 oratienem
1766 1672 1910 1702 meam

1177 1733 1275 1762 cum
1305 1719 1532 1772 deprecor:
1559 1719 1583 1744 *
1612 1731 1637 1759 a
1665 1718 1822 1759 timere
1849 1716 1910 1756 in-

1080 1777 1196 1819 imici
1217 1777 1336 1829 eripe
1357 1776 1545 1817 animam
1563 1787 1718 1816 meam.

1132 1833 1370 1875 Protexisti
1396 1845 1467 1874 me
1497 1845 1523 1873 a
1550 1832 1768 1873 conventu
1791 1829 1910 1870 mali-

1082 1890 1321 1942 gnantium:
1339 1890 1363 1915 *
1383 1902 1409 1930 a
1431 1887 1708 1930 multitudine
1729 1888 1911 1940 operan-

1082 1949 1190 1990 tium
1207 1944 1492 1998 iniquitatem.

1137 2004 1247 2054 Quia
1267 2004 1534 2044 exacuerunt
1557 2005 1605 2042 ut
1624 1999 1818 2051 gladium
1835 1998 1912 2040 lin-

1084 2073 1192 2112 guas
1232 2072 1347 2101 suas:
1383 2059 1407 2084 *
1442 2057 1722 2100 intenderunt
1764 2068 1912 2097 arcum

1084 2131 1177 2159 rem
1204 2118 1417 2165 amaram,
1451 2119 1500 2156 ut
1532 2116 1739 2165 sagittent
1770 2113 1814 2154 in
1843 2125 1912 2153 oc-

1085 2174 1213 2216 cultis
1239 2171 1578 2214 immaculatum.

1137 2230 1290 2272 S1'1bito
1317 2228 1585 2280 sagittabunt
1609 2240 1725 2277 eum,
1759 2231 1803 2268 et
1826 2239 1914 2267 non

1085 2286 1319 2329 timebunt:
1347 2286 1370 2311 *
1399 2285 1682 2326 firmaverunt
1713 2283 1795 2325 sibi
1828 2295 1913 2324 ser-

1086 2346 1261 2385 menem
1279 2355 1479 2394 nequam.

1138 2400 1437 2441 Narraverunt
1456 2403 1504 2439 ut
1520 2396 1843 2438 abscenderent
1857 2395 1915 2436 la-

1089 2469 1240 2509 queos:
1250 2456 1274 2482 *
1285 2455 1501 2497 dixerunt:
1517 2454 1623 2504 Quis
1638 2452 1804 2494 videbit
1815 2449 1914 2494 eos?

1139 2512 1327 2555 Scrutati
1349 2516 1450 2552 sunt
1472 2510 1738 2563 iniquitates:
1757 2509 1781 2534 *
1801 2507 1916 2550 defe-

1089 2572 1240 2611 cerunt
1259 2570 1504 2610 scrutantes
1525 2566 1744 2608 scrutinio.

1140 2625 1337 2667 Accedet
1363 2624 1496 2666 homo
1526 2623 1582 2665 ad
1610 2635 1687 2664 cor
1714 2621 1864 2662 altum:
1892 2620 1916 2645 *

1089 2687 1133 2723 et
1153 2681 1415 2724 exaltabitur
1433 2681 1566 2722 Deus.

1140 2739 1319 2791 Sagittae
1347 2736 1629 2792 parvularum
1661 2735 1788 2777 factae
1817 2738 1917 2775 sunt
