2040 2976
575 219 647 253 Die
674 220 722 253 15.

746 220 844 263 Aug.
891 220 934 253 ln
958 219 1239 262 Assumptione
1264 220 1305 253 B.
1330 220 1379 266 M.
1402 220 1446 253 V.

1800 216 1864 252 511

154 321 314 361 vestitu
332 318 559 360 deaurato:
577 319 601 344 *
620 318 890 361 circumdata
909 332 980 360 va-

152 375 318 417 rietate.

206 431 323 473 Audi
344 431 444 481 filia,
467 436 512 473 et
530 431 640 481 vide,
661 436 705 474 et
728 432 887 473 inclina
910 445 980 473 au-

153 501 246 529 rem
262 492 397 530 tuam:
390 488 431 514 ·*
443 493 486 530 et
497 488 756 530 obliviscere
768 488 981 541 populum

152 550 286 594 tuum,
315 549 359 586 et
387 544 565 586 domum
591 545 729 597 patris
756 545 830 587 tui.

204 601 261 643 Et
276 603 557 654 concupiscet
575 601 673 643 Rex
692 601 898 643 decorem
916 605 980 643 tu-

152 671 240 699 um:
267 658 290 683 *
320 658 525 710 quoniam
551 658 646 710 ipse
674 662 740 700 est
766 658 980 699 Dominus

153 714 273 756 Deus
300 719 412 763 111118,
441 719 485 756 61
511 713 759 756 adorabunt
787 727 896 756 eum.

205 771 262 813 Et
278 771 380 812 fssiae
399 771 505 824 Tyri
524 771 569 812 in
587 770 839 813 muneribus
851 771 876 797 *
891 771 980 813 vul-

152 833 245 870 tum
277 833 400 870 tuum
428 827 794 880 deprecabuntur:
828 841 980 870 omnes

154 883 310 926 divites
338 884 491 937 plebis.

206 940 357 982 Omnis
376 940 515 992 gloria
535 941 625 993 ejus
650 941 751 982 fssiae
769 941 905 992 Regis
925 941 979 982 ab

152 997 278 1047 intus,
304 998 327 1023 *
351 997 395 1038 in
420 997 602 1039 fimbriis
627 997 771 1039 aureis
800 998 979 1039 circum-

153 1056 311 1096 amicta
337 1053 632 1096 varietatibus.

205 1110 492 1152 Adducentur
519 1111 632 1162 Regi
657 1112 846 1162 virgines
878 1116 982 1164 post

153 1179 263 1208 eam:
273 1167 297 1193 *
307 1167 520 1220 proximae
537 1167 627 1218 ejus
643 1167 877 1210 afferentur
891 1167 981 1209 tibi.

203 1223 455 1265 Afferentur
481 1224 526 1264 in
544 1224 697 1266 laetitia
725 1229 769 1266 et
795 1224 980 1266 exsulta-

151 1280 284 1322 tione:
318 1280 342 1306 *
376 1279 649 1322 adducentur
687 1281 731 1321 in
767 1280 980 1333 templum

151 1336 297 1387 Regis.

203 1392 292 1434 Pro
319 1393 518 1446 patribus
545 1393 631 1435 tuis
656 1393 747 1436 nati
774 1398 875 1435 811111
901 1393 981 1435 tibi

152 1449 245 1490 filii:
263 1450 286 1475 *
306 1451 545 1492 constitues
567 1462 644 1491 eos
668 1450 889 1503 principes
913 1463 980 1491 su-

153 1518 233 1558 per
261 1518 435 1547 omnem
461 1511 635 1548 terram.

204 1562 423 1618 Memores
462 1568 588 1605 erunt
623 1562 810 1604 nominis
847 1563 929 1604 tui:
957 1563 980 1589 *

152 1619 196 1660 111
221 1619 339 1661 omni
363 1620 644 1670 generatione
670 1624 714 1661 et
738 1619 979 1670 generatio-

151 1687 262 1717 nem.

203 1732 446 1785 Propterea
473 1732 626 1785 populi
654 1733 979 1775 confitebuntur

151 1788 231 1830 tibi
257 1788 302 1829 in
329 1790 556 1830 aeternum:
580 1789 603 1815 *
628 1794 672 1831 et
698 1789 743 1830 in
770 1789 981 1831 saeculum

113 1863 118 1868 ·
152 1844 311 1886 saeculi.
365 1885 370 1889 .

203 1905 302 1944 Ant.
322 1902 479 1954 Specie
497 1906 574 1944 tua
592 1907 636 1944 et
653 1902 980 1955 pulchritudine

151 1962 228 1999 tua
245 1957 440 2008 intende,
464 1960 680 2011 prospere
699 1960 910 2012 procede,
937 1965 981 2004 et

152 2026 296 2065 regna.

204 2073 304 2113 Ant.
337 2070 574 2122 Adiuvabit
592 2084 689 2113 eam
708 2073 731 2099 *
749 2073 872 2115 Deus
891 2073 981 2115 vul-

153 2131 202 2168 tu
230 2138 324 2168 suo:
357 2127 478 2169 Deus
505 2127 550 2168 in
578 2129 726 2171 medio
755 2130 860 2182 ejus,
892 2143 980 2182 non

154 2183 514 2226 commovebitur.

419 2241 616 2283 Psalmus
645 2243 712 2283 45.

154 2292 319 2399 Deus
338 2302 489 2338 noster
511 2298 739 2350 refugium,
765 2304 808 2341 et
827 2300 981 2341 virtus:

264 2355 288 2380 *
324 2353 498 2406 adjutor
533 2355 577 2395 in
613 2355 981 2421 tribulationibus,

154 2422 252 2462 quae
271 2410 530 2453 invenerunt
546 2424 628 2453 nos
647 2412 786 2454 nimis.

206 2466 449 2519 Propterea
478 2480 567 2509 non
598 2468 846 2511 timebimus
876 2469 980 2511 dum

153 2522 402 2565 turbabitur
429 2526 622 2566 terraz*
651 2530 695 2567 et
721 2526 980 2568 transferen-

153 2584 223 2620 tur
242 2584 415 2621 montes
434 2581 478 2621 in
497 2593 574 2622 cor
592 2582 734 2622 maris.

202 2636 461 2686 Sonuerunt,
477 2642 520 2678 et
533 2637 722 2679 turbatae
737 2644 839 2680 sunt
853 2651 979 2692 aquae

153 2695 322 2734 eorum:
349 2695 373 2721 *
402 2693 652 2735 conturbati
680 2699 781 2737 sunt
806 2701 979 2738 montes

152 2749 197 2789 in
216 2749 472 2792 fortitudine
493 2750 594 2802 ejus.

1084 313 1296 355 Fluminis
1323 316 1515 366 impetus
1542 314 1738 356 laetificat
1764 314 1865 356 civi-

1032 373 1170 413 tatem
1189 371 1288 411 Dei:
1311 371 1334 396 *
1357 370 1646 413 sanctificavit
1665 370 1866 413 taberna-

1034 427 1180 469 culum
1199 440 1326 468 suum
1345 426 1610 468 Altissimus.

1084 484 1206 525 Deus
1225 484 1269 524 in
1283 483 1430 525 medio
1449 485 1551 536 ejus,
1570 497 1659 525 non
1675 497 1866 526 commo-

1033 540 1219 582 vebitur:
1239 542 1263 567 *
1283 539 1506 592 adjuvabit
1526 553 1622 582 eam
1638 542 1760 583 Deus
1779 555 1866 583 ma-

1032 610 1087 639 116
1106 595 1315 651 diluculo.

1086 653 1372 696 Conturbatae
1401 658 1501 695 sunt
1525 654 1708 705 Gentes,
1738 660 1781 697 et
1806 655 1866 696 in-

1034 711 1195 752 clinata
1218 715 1319 752 sunt
1341 723 1490 761 regna:
1515 711 1538 736 *
1564 710 1687 753 dedit
1710 724 1867 753 vocem

1033 780 1168 818 suam,
1186 772 1308 809 mota
1327 772 1394 808 est
1413 772 1542 808 terra.

1085 825 1302 866 Dominus
1330 824 1543 866 virtutum
1571 824 1816 866 nobiscum:
1844 827 1868 853 *

1034 883 1265 934 susceptor
1283 886 1435 922 noster
1454 881 1576 922 Deus
1596 882 1621 922 J
1623 881 1750 923 acob.¹

1084 938 1262 987 Venite,
1287 942 1331 979 et
1351 937 1497 979 videte
1522 940 1658 990 opera
1676 938 1866 990 Domini,

1035 1008 1133 1047 quae
1152 995 1302 1047 posuit
1321 993 1525 1048 prodigia
1541 1007 1675 1048 super
1690 1000 1866 1037 terram:

1034 1053 1057 1079 *
1089 1052 1291 1093 auferens
1323 1051 1440 1093 bella
1472 1064 1612 1104 usque
1645 1052 1702 1094 ad
1734 1052 1866 1094 finem

1032 1113 1175 1150 terrae.

1085 1165 1250 1207 Arcum
1287 1167 1504 1215 conteret,
1543 1170 1586 1207 et
1623 1166 1868 1217 confringet

1034 1235 1168 1263 arma:
1186 1222 1210 1247 *
1230 1227 1274 1263 et
1293 1226 1417 1263 scuta
1437 1221 1669 1264 comburet
1687 1223 1787 1273 igni.

1084 1279 1270 1329 Vacate‚
1299 1284 1343 1321 et
1369 1278 1516 1320 videte
1549 1280 1755 1332 quoniam
1783 1293 1866 1331 ego

1033 1349 1130 1376 sum
1143 1336 1278 1377 Deus:
1294 1337 1317 1361 *
1334 1335 1563 1377 exaltabor
1578 1337 1622 1377 in
1639 1336 1866 1387 Gentibus,

1034 1397 1078 1434 et
1097 1392 1326 1435 exaltabor
1345 1393 1389 1433 in
1408 1397 1536 1434 terra.

1084 1449 1301 1491 Dominus
1329 1450 1540 1492 virtutum
1566 1450 1814 1492 nobiscum:
1842 1452 1866 1478 *

1033 1508 1264 1559 susceptor
1282 1512 1435 1549 noster
1453 1508 1576 1549 Deus
1595 1507 1744 1549 Jacob.

1088 1565 1188 1605 Ant.
1218 1563 1457 1616 Adjuvabit
1482 1577 1579 1606 eam
1597 1564 1719 1605 Deus
1743 1564 1867 1606 vultu

1033 1632 1128 1661 suo:
1147 1620 1269 1662 Deus
1289 1620 1333 1661 in
1351 1620 1498 1663 medio
1519 1621 1623 1673 ejus,
1642 1634 1731 1662 non
1750 1634 1866 1663 com-

1032 1676 1293 1718 movebitur.

1086 1734 1186 1775 Ant.
1218 1733 1340 1775 Sicut
1364 1733 1609 1775 laetantium
1627 1734 1651 1760 *
1673 1734 1866 1776 omnium

1032 1795 1234 1842 nostrum
1254 1789 1468 1832 habitatio
1489 1796 1557 1832 est
1575 1791 1619 1832 in
1637 1795 1692 1842 te,
1714 1797 1868 1833 sancta

1033 1848 1118 1889 Dei
1137 1847 1350 1890 Genitrix.

1311 1906 1507 1947 Psalmus
1528 1908 1593 1948 86.

1034 1957 1390 2062 Fundamenta
1426 1962 1517 2013 ejus
1558 1962 1603 2002 in
1643 1962 1867 2004 montibus

1147 2018 1325 2060 sanctis:
1340 2019 1364 2046 *
1380 2018 1523 2069 diligit
1536 2018 1753 2060 Dominus
1767 2023 1867 2072 por-

1033 2079 1100 2116 tas
1124 2074 1228 2116 Sion
1253 2085 1387 2128 super
1412 2075 1558 2116 omnia
1581 2075 1867 2118 tabernacula

1032 2131 1182 2173 Jacob.

1086 2187 1294 2229 Gloriosa
1313 2187 1430 2229 dicta
1450 2192 1551 2230 sunt
1572 2187 1628 2230 de
1647 2192 1702 2239 16,
1722 2189 1745 2215 *
1766 2189 1866 2231 civi-

1032 2249 1101 2286 tas
1122 2244 1216 2286 Dei.

1085 2301 1255 2342 Memor
1274 2313 1350 2342 ero
1372 2300 1540 2352 Rahab,
1563 2306 1607 2344 et
1624 2302 1865 2359 Babylonis

1033 2357 1057 2383 *
1077 2357 1306 2399 scientium
1325 2370 1406 2399 me.

1084 2414 1200 2456 Ecce
1233 2414 1509 2465 alienigenae,
1542 2419 1586 2457 et
1616 2415 1781 2467 Tyrus,
1821 2419 1865 2456 et

1032 2471 1225 2523 populus
1253 2471 1526 2524 AEthiopum,
1558 2473 1582 2498 *
1614 2472 1658 2513 hi
1688 2472 1864 2513 fuerunt

1032 2527 1132 2569 11116.

1084 2584 1311 2637 Numquid
1334 2585 1439 2627 Sion
1464 2585 1600 2627 dicet:
1627 2585 1792 2633 Homo,
1820 2588 1864 2626 et

1031 2640 1165 2682 homo
1185 2647 1312 2683 natus
1333 2646 1401 2683 est
1419 2642 1463 2685 in
1483 2655 1548 2684 ea:
1563 2642 1586 2668 *
1603 2646 1646 2683 et
1659 2641 1755 2694 ipse
1770 2640 1862 2681 fun-

1032 2697 1153 2739 davit
1173 2710 1270 2739 eam
1289 2697 1563 2740 Altissimus?

1084 2754 1301 2795 Dominus
1333 2754 1529 2796 narrabit
1559 2755 1602 2795 in
1634 2753 1862 2806 scripturis
