2040 2976
209 192 309 236 [180]

208 290 231 316 *
273 300 404 341 super
442 288 586 341 ipsum
625 292 770 330 autem
810 287 1026 330 efflorebit

209 344 495 386 sanctificatio
513 357 620 386 mea.

259 400 410 442 Gloria
428 401 557 442 Patri.

474 458 669 499 Psalmus
691 459 772 499 132.

211 510 372 616 Ecce
392 526 522 566 quam
548 513 727 563 bonum,
755 519 798 556 et
819 526 949 566 quam
971 515 1028 566 ju-

308 570 498 614 cundum
525 571 548 598 *
577 569 774 613 habitare
802 571 956 613 fratres
984 570 1027 611 in

206 642 355 670 unum:

253 685 372 726 Sicut
381 686 646 735 unguentum
655 683 699 724 in
709 684 863 736 capite,
873 685 897 712 *
909 683 1027 736 quod

208 740 432 783 descendit
457 741 500 782 in
521 739 719 790 barbam,
743 739 924 782 barbam
942 741 1026 782 Aa·

207 810 297 847 ron,

259 853 388 904 Quod
420 852 644 896 descendit
674 853 718 894 in
750 865 871 894 oram
898 853 1025 895 vesti-

207 910 340 952 menti
356 911 460 962 ejus:
476 911 499 937 *
514 910 626 952 sicut
641 922 714 951 ros
728 910 935 960 Hermon,
954 910 1027 962 qui

207 965 432 1008 descendit
450 967 494 1007 in
510 971 703 1008 montem
721 966 835 1008 Sion.

258 1023 471 1073 Quoniam
504 1022 590 1064 iuic
623 1022 845 1064 mandavit
878 1022 1024 1064 Domi—

206 1092 287 1120 nus
310 1079 671 1130 benedictionem,
690 1079 714 1107 *
733 1084 777 1122 et
802 1079 935 1121 vitam
958 1092 1024 1120 us-

209 1148 292 1187 que
310 1136 354 1177 in
372 1135 590 1177 saeculum.

260 1192 410 1234 Gloria
427 1192 555 1235 Patri.

472 1250 666 1292 Psalmus
686 1252 770 1293 133.

209 1303 368 1410 Ecce
386 1318 500 1347 nunc
517 1304 762 1348 benedicite
780 1306 1025 1356 Dominum,

299 1362 322 1387 *
342 1375 492 1404 omnes
512 1363 625 1405 servi
643 1363 833 1404 Domini:

257 1418 340 1469 Qui
363 1419 486 1460 statis
508 1419 552 1460 in
575 1418 708 1460 domo
727 1419 922 1469 Domini,
941 1420 965 1446 *
983 1419 1026 1460 in

206 1475 325 1516 atriis
344 1474 501 1517 domus
519 1475 603 1518 Dei
621 1476 769 1526 nostri,

256 1531 306 1571 In
333 1531 534 1573 noctibus
559 1531 753 1574 extollite
776 1545 929 1574 manus
954 1544 1023 1574 ve-

206 1592 318 1628 stras
335 1587 378 1628 in
398 1594 556 1638 sancta,
574 1589 598 1614 *
618 1593 662 1630 et
677 1587 921 1630 benedicite
937 1589 1023 1630 Do-

205 1656 377 1684 minum.

738 195 890 238 Septem
913 195 1058 230 Psalmi
1081 194 1380 230 Poenitentiales.

1132 286 1370 329 Benedicat
1395 291 1440 329 te
1465 287 1678 329 Dominus
1704 300 1759 330 ex
1783 288 1897 338 Sion,

1080 346 1103 372 *
1123 343 1196 396 qui
1214 343 1315 385 fecit
1334 344 1494 386 coelum
1512 348 1556 386 et
1574 348 1745 386 terram.

1132 403 1283 447 Gloria
1299 404 1428 447 Patri.

1134 476 1282 510 Deinde
1307 476 1447 510 dicitur
1469 475 1580 510 flexis
1604 475 1766 519 genibus

1132 530 1263 582 Kyrie
1295 529 1468 572 eleison.
1518 530 1691 573 Christe
1723 531 1898 574 eleison.

1083 587 1212 639 Ky‘rie
1231 587 1406 628 eleison.

1134 651 1259 690 Pater
1276 652 1435 689 noster.
1457 655 1638 692 secreto.

1133 703 1183 755 V.
1198 709 1254 750 Et
1272 721 1327 750 ne
1345 721 1427 750 nos
1445 707 1626 750 inducas
1642 709 1686 750 in
1699 710 1897 752 tentatio-

1078 777 1188 807 nem.
1220 767 1269 819 ΕΖ.
1284 763 1372 806 Sed
1389 764 1525 807 libera
1543 778 1624 807 nos
1642 778 1668 807 a
1685 765 1812 808 malo.

1135 822 1183 874 V.
1196 825 1350 867 Salvos
1368 825 1437 867 fac
1456 834 1608 867 servos
1621 830 1732 868 tuos·
1755 826 1896 884 &De-

1078 895 1129 923 us
1148 895 1269 924 meus
1288 884 1514 935 sperantes
1532 882 1576 923 in
1594 887 1648 924 te.

1134 937 1182 989 V.
1227 943 1415 985 Domine
1457 941 1614 985 exaudi
1658 944 1898 987 orationem

1077 1008 1228 1041 meam.
1271 1002 1321 1053 R.
1345 999 1402 1042 Et
1430 999 1594 1042 clamor
1620 1013 1743 1042 meus
1771 1000 1828 1044 ad
1853 1006 1898 1044 te

1078 1055 1232 1098 veniat.

1132 1113 1180 1165 V.
1213 1115 1426 1157 Dominus
1463 1116 1699 1160 vobiscum.
1760 1122 1811 1174 R.
1842 1117 1898 1160 Et

1079 1185 1177 1214 cum
1195 1172 1350 1225 spiritu
1367 1177 1455 1215 tuo.

1184 1243 1378 1286 Oremus.
1637 1247 1798 1289 Oratio.

1166 1302 1359 1345 raetende
1377 1303 1563 1345 Domine
1585 1303 1755 1345 filmulis
1779 1308 1822 1346 et
1840 1304 1899 1347 fa-

1169 1359 1370 1401 mulabus
1401 1360 1487 1402 tuis
1519 1358 1743 1402 dexteram
1771 1361 1898 1403 coele-

1078 1416 1155 1458 stis
1183 1415 1343 1458 auxilii:
1376 1421 1424 1458 ut
1450 1422 1494 1459 te
1520 1421 1616 1459 toto
1643 1417 1776 1459 corde
1803 1430 1898 1471 per-

1079 1475 1267 1524 quirant,
1299 1478 1343 1515 et
1375 1486 1474 1526 quae
1506 1473 1635 1525 digne
1665 1474 1899 1527 postulant,

1079 1529 1287 1582 consequi
1301 1532 1559 1572 mereantur.
1581 1530 1665 1572 Per
1680 1530 1900 1573 Christum

1077 1586 1312 1627 Dominum
1329 1591 1537 1628 nostrum.

1131 1648 1181 1700 Rz.
1199 1647 1350 1688 Amen.

939 1714 1313 1750 *W

488 1786 755 1836 SEPTEM
781 1787 1033 1838 PSALMI
1058 1787 1616 1838 POENITENTIALES

870 1857 976 1893 CUM
998 1858 1230 1895 HTANHS.

261 1928 447 1961 Dicuntur
470 1926 580 1960 flexis
605 1926 768 1967 genibus
788 1926 827 1959 in
849 1926 1025 1961 omnibus

207 1976 267 2010 VI.
293 1975 415 2009 Feriis
440 1975 645 2017 Quadrag„
670 1974 825 2017 quando
851 1974 1026 2009 Officium

206 2024 247 2058 fit
272 2024 317 2057 de
344 2023 466 2057 Feria.

258 2075 420 2109 Litaniae
436 2079 571 2117 autem,
591 2074 746 2108 omissis
763 2078 910 2118 septem
920 2074 1025 2108 Psal-

207 2123 295 2165 mis⁷
321 2123 496 2157 dicuntur
518 2123 555 2156 in
572 2123 735 2157 Litaniis
759 2123 968 2166 majoribus
986 2123 1024 2156 in

208 2171 321 2205 Festo
341 2171 461 2204 sancti
480 2171 612 2213 Marci,
638 2175 674 2205 et
692 2172 730 2205 in
747 2172 869 2205 tribus
888 2171 1023 2206 diebus

207 2219 472 2261 Rogationum.

259 2270 444 2304 Dicuntur
483 2275 607 2304 autem
642 2271 680 2304 in
716 2271 950 2314 Quadrages.
986 2271 1022 2304 in

208 2318 336 2352 Choro
358 2323 446 2361 post
462 2317 687 2352 Matutinum
711 2323 747 2352 et
764 2319 915 2353 Laudes
937 2319 1023 2361 diei,

207 2365 309 2399 dicto
324 2362 599 2399 Benedicamus
609 2363 789 2409 Domino;
807 2372 914 2401 extra
927 2367 1024 2402 Cho-

207 2424 289 2447 rum
306 2423 376 2457 pro
398 2413 683 2456 opportunitate
701 2415 893 2457 temporis.

257 2465 356 2506 Ant.
383 2464 449 2505 Ne
467 2463 764 2506 reminiscaris,

491 2533 687 2575 Psalmus
707 2536 742 2575 6.

333 2596 485 2646 omine,
517 2610 570 2639 ne
602 2598 645 2638 in
676 2598 822 2641 furore
851 2606 927 2643 tuo
955 2604 1018 2643 ar-

348 2665 455 2704 guas
477 2666 562 2704 me,
583 2655 607 2682 *
630 2667 770 2707 neque
794 2656 837 2696 in
860 2657 923 2698 ira
945 2663 1020 2699 tua

349 2710 557 2763 corripias
575 2724 654 2753 me.

1126 1924 1333 1967 Miserere
1365 1925 1451 1968 mei
1477 1926 1664 1968 Domine
1693 1926 1898 1978 quoniam

1074 1981 1270 2023 infirmus
1298 1994 1410 2023 sum:
1434 1984 1458 2010 *
1482 1995 1587 2025 sana
1612 1995 1682 2025 me
1709 1983 1896 2026 Domine

1076 2038 1282 2090 quoniam
1292 2038 1551 2082 conturbata
1561 2044 1661 2082 sunt
1675 2052 1777 2082 ossa
1789 2053 1896 2082 mea.

1124 2094 1181 2137 Et
1199 2095 1342 2136 anima
1359 2108 1457 2137 mea
1474 2095 1648 2139 turbata
1668 2101 1736 2138 est
1754 2095 1896 2139 valde:

1073 2152 1097 2176 *
1116 2150 1195 2193 sed
1213 2156 1260 2194 tu
1279 2152 1466 2194 Domine
1484 2152 1736 2206 usquequo?

1126 2207 1390 2250 Convertere
1435 2209 1638 2259 Domine,
1690 2214 1734 2251 et
1775 2209 1896 2263 eripe

1074 2264 1262 2305 animam
1292 2277 1448 2306 meam:
1474 2266 1499 2293 *
1527 2265 1694 2307 salvum
1725 2277 1796 2308 me
1827 2266 1896 2308 fac

1072 2326 1255 2374 propter
1272 2321 1614 2364 misericordiam
1631 2326 1762 2363 tuam.

1124 2377 1339 2427 Quoniam
1370 2390 1457 2420 non
1489 2383 1557 2421 est
1583 2379 1626 2419 in
1653 2383 1794 2421 morte
1823 2379 1896 2432 qui

1072 2446 1240 2476 memor
1265 2434 1321 2476 sit
1344 2435 1422 2476 tui:
1445 2436 1468 2462 *
1490 2435 1534 2476 in
1557 2435 1725 2477 inferno
1750 2439 1895 2477 autem

1074 2491 1170 2542 quis
1189 2490 1469 2533 confitebitur
1486 2491 1588 2534 tibi?

1123 2547 1342 2589 Laboravi
1359 2548 1402 2588 in
1421 2548 1583 2600 gemitu
1600 2561 1717 2599 meo,
1735 2548 1893 2604 lavabo

1072 2616 1151 2655 per
1172 2604 1362 2655 singulas
1384 2610 1535 2646 noctes
1554 2605 1715 2647 lectum
1736 2617 1894 2647 meum:

1071 2660 1095 2685 *
1120 2660 1307 2758 lgicrimis
1332 2661 1440 2703 meis
1466 2666 1649 2704 stratum
1672 2673 1816 2703 meum
1841 2661 1892 2702 ri-

1071 2727 1127 2766 ga
1160 2729 1197 2757 o.
