2040 2976
306 1153 631 1204 COMMUNE
666 1148 1131 1201 CONFESSORIS
1160 1148 1295 1197 NON
1325 1146 1718 1197 PONTIFICIS.

368 1295 429 1335 In
452 1295 489 1336 Ι.
513 1294 766 1344 vesperis.

206 1361 292 1395 Ant.
311 1361 358 1395 de
376 1361 585 1395 Laudibus.
612 1355 691 1398 [75]‚
716 1358 858 1391 Psalmi
882 1363 922 1391 ut
944 1359 981 1391 in

153 1407 178 1441 I.
195 1407 312 1451 Vcsp.
334 1408 380 1443 de
399 1408 543 1443 Comm.
564 1408 699 1450 Apost.
723 1402 770 1446 [2]

258 1464 519 1516 Capitulum.
667 1461 797 1501 Eccli.
818 1463 875 1501 31.

159 1525 200 1545 ’Λ-
218 1531 226 1543 2
244 1516 540 1556 &catus
565 1514 648 1563 vir,
677 1513 752 1566 qui
778 1513 983 1555 inventus

167 1565 198 1630 34}
348 1560 389 1627 ff}
432 1574 500 1612 est
518 1570 613 1611 sine
630 1569 815 1621 macula,
845 1574 889 1611 et
909 1569 984 1621 qui

167 1655 195 1680 ι,
245 1650 264 1678 {-
304 1662 314 1677 ,.
430 1630 535 1679 post
562 1639 718 1667 aurum
746 1638 835 1667 non
863 1625 983 1675 abiit,

167 1683 201 1726 U:
250 1690 300 1728 »ες-ἐ
343 1682 405 1737 [β’
430 1695 512 1724 nec
547 1682 742 1734 speravit
774 1681 820 1722 in
851 1684 981 1734 pecu-

160 1760 171 1768 ·
245 1760 249 1763 ·
270 1738 405 1769 ”vl-*⁴⁶2
430 1738 503 1779 nia
531 1742 574 1779 et
601 1737 833 1779 thesauris.
875 1737 983 1787 Quis

74 1797 76 1799 ’
154 1798 222 1836 est
242 1793 330 1844 hic,
358 1799 402 1836 et
429 1794 706 1836 laudabimus
730 1793 850 1835 eum?

151 1850 267 1892 enim
285 1849 504 1892 mirabilia
521 1850 567 1891 in
583 1850 675 1891 vita
694 1862 784 1891 sua.

460 1917 670 1968 Hymnus.

205 1979 272 2016 ste
292 1974 527 2016 Confessor
546 1973 726 2015 Domini
745 1973 943 2015 colentes

231 2031 373 2081 Quem
403 2030 476 2083 pie
506 2029 688 2072 laudant
717 2029 873 2082 populi
902 2042 983 2082 per

360 2085 524 2136 orbem,

205 2142 302 2183 Hac
321 2141 393 2183 die
411 2141 540 2183 laetus
560 2141 719 2183 meruit
735 2141 890 2184 beatas

308 2198 529 2240 Scandere
547 2197 688 2240 sedes.

208 2267 247 2301 Si
272 2277 350 2301 non
377 2273 435 2301 est
464 2267 548 2300 dies
574 2267 717 2301 obitus.
752 2266 857 2308 quod
887 2266 983 2299 indi-

157 2318 244 2349 cant
266 2314 305 2348 in
322 2314 486 2357 Proprio
505 2314 643 2349 litterae
659 2323 707 2348 m.
724 2317 749 2348 t.
765 2324 801 2349 v.
819 2313 983 2348 dicatur:

206 2373 302 2416 Hac
325 2372 397 2414 die
419 2373 549 2414 laetus
567 2374 728 2414 meruit
753 2375 982 2425 supremos

308 2428 472 2470 Laudis
491 2428 695 2470 honores.

158 2497 239 2549 Qui
261 2496 376 2548 pius,
403 2495 616 2548 prudens,
639 2496 831 2547 humilis,
858 2497 982 2549 pudi-

363 2564 439 2592 cus

206 2607 409 2649 Sobriam
429 2583 555 2648 duxit
574 2607 668 2649 sine
686 2607 786 2650 labe
805 2608 952 2658 vitam,

206 2664 360 2705 Donec
378 2663 592 2704 humanos
611 2663 820 2705 animavit
838 2677 956 2705 aurae

309 2718 497 2771 Spiritus
517 2723 650 2759 artus.

878 1793 984 1835 fecit

1037 1292 1169 1342 Cujus
1203 1290 1261 1332 ob
1298 1293 1516 1342 praestans
1548 1288 1755 1330 meritum
1786 1288 1867 1330 fre-

1246 1347 1441 1398 quenter,

1089 1403 1227 1454 AEgra
1244 1414 1342 1454 quae
1356 1401 1523 1454 passim
1536 1402 1719 1454 jacuere,
1736 1414 1868 1443 mem-

1091 1458 1436 1556 Viribulsrrssorbi
1455 1514 1647 1564 demitis,
1667 1514 1799 1555 saluti

1193 1570 1516 1612 Restituuntur.

1040 1641 1200 1681 Noster
1223 1639 1326 1681 hinc
1348 1639 1411 1680 illi
1437 1639 1598 1680 chorus
1623 1638 1867 1690 obsequen-

1241 1700 1334 1737 tem

1088 1751 1292 1794 Concinit
1336 1751 1526 1802 laudem,
1581 1751 1868 1803 celebresque

1241 1808 1429 1860 palmas3

1085 1865 1146 1907 Ut
1164 1864 1250 1917 piis
1271 1865 1360 1916 ejus
1379 1863 1586 1916 precibus
1606 1864 1803 1915 juvemur

1193 1920 1334 1961 Omne
1352 1932 1433 1972 per
1453 1932 1607 1960 aevum.

1036 1990 1102 2031 Sit
1121 1989 1239 2030 salus
1257 1988 1329 2038 illi,
1351 1987 1497 2038 decus,
1517 1991 1651 2039 atque
1668 1987 1818 2037 virtuti,

1087 2045 1173 2095 Qui
1197 2057 1330 2096 super
1352 2044 1454 2085 coeli
1480 2043 1592 2084 solio
1616 2046 1867 2094 coruscans,

1086 2101 1243 2142 Totius
1261 2099 1414 2141 mundi
1433 2100 1591 2140 seriem
1608 2099 1824 2151 gubernat

1190 2155 1367 2205 Trinus‚
1387 2160 1432 2197 et
1450 2168 1572 2196 unus.
1609 2155 1763 2197 Amen.

1090 2208 1138 2259 Y.
1162 2211 1341 2253 Amavit
1361 2224 1461 2253 eum
1476 2211 1708 2261 Dominus,
1736 2216 1780 2253 et
1799 2223 1866 2252 or-

1034 2268 1156 2309 navit
1186 2281 1297 2309 eum.
1342 2269 1391 2318 R».
1419 2266 1589 2309 Stolam
1618 2267 1773 2319 gloriae
1805 2269 1866 2308 in-

1035 2324 1130 2365 duit
1149 2336 1259 2365 eum.
1638 2348 1647 2356 ›

1090 2380 1161 2421 Ad
1188 2382 1361 2431 Magnis.
1397 2382 1495 2426 Ant,
1530 2382 1740 2425 Similabo
1767 2396 1867 2424 cum

1035 2440 1059 2467 *
1075 2439 1171 2480 viro
1192 2438 1395 2491 sapienti,
1425 2438 1500 2490 qui
1524 2438 1763 2481 aedificavit
1789 2439 1864 2480 do-

1034 2508 1154 2536 mum
1173 2507 1298 2536 suam
1316 2507 1450 2547 supra
1467 2498 1650 2547 petram.

1374 2558 1536 2600 Oratio.

1036 2606 1209 2711 Deus,
1230 2610 1306 2661 qui
1323 2622 1406 2651 nos
1425 2610 1547 2652 beati
1563 2611 1613 2650 N.
1634 2610 1864 2652 Confesso-

1129 2665 1190 2706 ris
1209 2666 1274 2707 tui
1293 2667 1435 2708 annua
1455 2666 1736 2708 solemnitate
1755 2666 1863 2706 laeti-

1035 2721 1156 2762 ficas:
1182 2721 1375 2764 concede
1397 2722 1633 2774 propitius;
1665 2726 1714 2763 ut
1741 2722 1863 2773 cujus
