2040 2976
763 227 904 261 Psalmi
929 226 1151 261 Gradualcs.

1709 218 1799 262 [179]

171 328 265 362 Post
281 308 499 361 Orationem
522 324 648 358 statim
672 323 847 357 dicuntur
869 322 933 355 alii

121 376 263 411 Psalmi
282 375 495 410 Gradualcs
513 373 578 416 qui
596 375 820 414 sequuntur:
844 374 880 404 ct
896 370 932 403 in

116 426 207 503 3351·
208 424 428 502 icujuslibet
457 421 599 456 Psalmi
634 420 771 454 dicitur
802 417 932 452 Grloria

381 514 576 554 Psalmus
596 515 680 553 129.

309 569 535 624 profundis
576 569 758 611 clamavi
797 569 854 611 ad
888 574 932 610 te

270 627 472 669 Domine:
503 627 527 654 *
559 626 744 667 Domine
776 624 933 667 exaudi

126 708 144 709 ’ν
168 681 236 708 ⁷⁴³*
271 696 425 726 vocem
442 694 597 724 meam:

169 742 295 783 Fiant
326 752 450 781 aures
479 743 567 780 tuae
594 737 883 787 intendentes,
910 739 933 764 ¹⁸¹

118 799 162 839 in
179 810 332 839 vocem
351 794 670 848 deprecationis
688 806 808 836 meae.

169 854 215 896 Si
241 852 490 905 iniquitates
521 850 819 893 observaveris
846 851 932 891 Do-

118 911 246 952 mine:
261 910 285 936 *
303 908 489 950 Domine
509 908 605 961 quis
624 905 874 949 sustinebit?

171 967 282 1017 Quia
308 964 425 1018 apud
451 969 494 1006 te
521 963 773 1017 propitiatio
803 968 884 1005 est:
911 965 934 990 *

121 1028 165 1065 et
186 1026 367 1076 propter
389 1021 530 1073 legem
552 1025 671 1062 tuam
688 1020 870 1061 sustinui
891 1025 934 1061 te

120 1079 315 1121 Domine.

171 1135 381 1177 Sustinuit
417 1134 559 1175 anima
594 1145 691 1174 mea
723 1133 766 1173 in
799 1132 934 1174 verbo

122 1192 224 1244 ejus:
242 1193 266 1219 *
284 1190 476 1244 speravit
500 1189 642 1231 anima
665 1201 763 1231 mea
784 1189 826 1230 in
849 1189 935 1230 Do-

121 1260 250 1290 mmo.

173 1305 214 1346 A
246 1303 446 1346 custodia
476 1305 685 1344 matutina
716 1315 854 1355 usque
882 1302 937 1344 ad

121 1365 309 1404 noctem:
323 1361 348 1388 *
362 1364 508 1413 speret
526 1359 662 1400 Israel
681 1359 724 1400 in
738 1359 936 1400 Domino.

174 1417 284 1468 Quia
309 1415 425 1469 apud
443 1416 676 1457 Dominum
698 1415 936 1457 misericor-

123 1472 208 1516 dia:
235 1474 259 1500 *
287 1477 331 1515 et
361 1472 540 1525 copiosa
571 1471 689 1525 apud
719 1484 817 1514 eum
843 1471 936 1513 red-

123 1530 296 1583 emptio.

173 1587 230 1629 Et
243 1586 337 1640 ipse
352 1586 535 1628 redimet
547 1585 693 1635 Israel,
708 1585 731 1610 *
747 1598 800 1627 ex
815 1585 939 1627 omni·

123 1643 206 1685 bus
224 1643 522 1696 iniquitatibus
542 1643 642 1694 ejus.

178 1699 328 1741 Gloria
344 1699 474 1741 Patri.

384 1771 581 1812 Psalmus
600 1772 690 1811 130.

222 1829 365 1871 omine
391 1842 478 1871 non
506 1833 572 1870 est
603 1828 839 1870 exaltatum
866 1840 941 1870 cor

226 1899 384 1928 meum:
398 1887 422 1913 *
436 1898 577 1938 neque
596 1886 699 1928 elati
713 1889 812 1927 sunt
828 1884 941 1926 oculi

125 1955 221 1984 me1.

176 1998 330 2050 Neque
349 1998 566 2040 ambulavi
584 1998 628 2038 in
639 1997 819 2048 magnis:
833 1999 857 2025 *
871 2009 940 2038 ne-

128 2067 212 2107 que
230 2055 274 2096 in
292 2054 560 2096 mirabilibus
579 2067 709 2107 super
727 2067 807 2096 me.

177 2111 223 2153 Si
258 2124 346 2153 non
380 2110 597 2153 humiliter
632 2110 888 2152 sentiebam:
920 2111 943 2137 *

128 2167 207 2209 sed
226 2167 413 2210 exaltavi
431 2167 618 2209 animam
636 2180 791 2209 meam:

178 2224 297 2266 Sicut
315 2224 555 2266 ablactatus
575 2229 640 2266 est
659 2236 791 2276 super
806 2227 944 2264 matre

129 2292 221 2329 sua,
239 2280 262 2306 *
279 2280 341 2322 ita
363 2280 591 2323 retributio
610 2281 653 2321 in
678 2280 819 2321 anima
837 2291 944 2320 mea.

179 2339 334 2391 Speret
366 2337 501 2378 Israel
533 2337 576 2378 in
608 2337 812 2385 Domino,
841 2337 864 2363 *
892 2350 945 2378 ex

129 2394 214 2436 hoc
230 2406 344 2436 nunc
361 2397 405 2435 et
423 2406 560 2446 usque
578 2394 622 2435 in
640 2394 855 2435 saeculum.

182 2450 333 2492 Gloria
349 2450 478 2491 Patri.

396 2514 592 2554 Psalmus
611 2513 688 2553 131.

135 2569 409 2675 Memento
440 2571 626 2613 Domine
658 2571 816 2621 David,
847 2572 871 2598 *
904 2575 947 2613 et

259 2628 397 2670 omnis
425 2627 765 2669 mansuetudinis
793 2629 896 2680 ejus:

182 2685 301 2726 Sicut
334 2684 490 2736 juravit
516 2684 721 2733 Domino,
749 2685 772 2711 *
799 2690 947 2726 votum

132 2741 252 2783 vovit
272 2741 368 2782 Deo
387 2740 540 2783 Jacob:

1034 319 1079 360 Si
1097 318 1305 360 introiero
1324 318 1367 358 in
1386 314 1712 359 tabernaculum
1727 314 1801 356 do-

982 387 1078 416 mus
1097 387 1218 423 meae,
1234 374 1257 399 *
1274 374 1309 414 si
1329 372 1567 414 ascendero
1583 372 1625 412 in
1642 371 1802 413 lectum

984 431 1107 473 strati
1125 430 1223 471 mei:

1034 492 1079 533 Si
1108 490 1270 533 dedero
1299 503 1497 532 somnum
1527 489 1662 531 oculis
1685 489 1802 538 meis,

983 549 1006 574 *
1040 553 1083 590 et
1123 547 1347 600 palpebris
1388 546 1496 587 meis
1538 545 1802 587 dormitatio-

983 617 1095 646 nem:

1035 665 1092 706 Et
1132 663 1327 715 requiem
1368 662 1638 715 temporibus
1679 662 1803 703 meis:

986 721 1126 763 donec
1150 719 1364 761 inveniam
1387 719 1531 760 locum
1555 719 1760 767 Domino,
1779 720 1802 745 *
1852 751 1854 753 .

985 776 1313 819 tabernaculum
1336 775 1432 817 Deo
1452 775 1600 817 Jacob.

1035 839 1151 880 Eece
1167 836 1409 879 audivimus
1427 849 1522 877 eam
1539 837 1582 876 in
1597 836 1803 888 Ephrata:

986 896 1008 920 *
1028 894 1268 936 invenimus
1293 906 1388 935 eam
1411 893 1454 933 in
1478 893 1643 945 campis
1670 892 1802 933 silvae.

1036 955 1318 997 Introibimus
1376 954 1420 994 in
1476 952 1803 995 tabernaculum

986 1014 1102 1065 ejusz,
1124 1013 1148 1039 *
1182 1010 1462 1052 adorabimus
1498 1010 1541 1050 in
1577 1010 1692 1059 loco,
1730 1008 1804 1050 ubi
1853 1048 1856 1068 <

987 1070 1201 1111 steterunt
1218 1066 1354 1120 pedes
1372 1067 1473 1119 ejus.
1854 1070 1859 1121 ζ,

1039 1130 1176 1180 Surge
1195 1127 1381 1169 Domine
1399 1127 1441 1168 in
1464 1126 1657 1179 requiem
1676 1131 1805 1175 tuam,

987 1187 1011 1213 *
1028 1191 1076 1227 tu
1095 1190 1138 1227 et
1157 1198 1258 1227 arca
1277 1183 1631 1226 sanctificationis
1649 1188 1747 1224 tuae.

1038 1245 1298 1288 Sacerdotes
1333 1245 1395 1286 tui
1427 1243 1659 1286 induantur
1691 1245 1804 1295 justi-
1856 1267 1858 1272 =

987 1303 1106 1345 tiam:
1125 1302 1148 1328 *
1168 1307 1212 1344 et
1230 1302 1367 1343 sancti
1385 1301 1449 1343 tui
1468 1300 1696 1342 exsultent.
1857 1307 1859 1311 ’

1039 1364 1226 1416 Propter
1248 1361 1392 1403 David
1420 1374 1591 1403 servum
1618 1366 1755 1410 tuum,
1783 1360 1806 1385 *
1857 1374 1859 1379 ⁴

988 1433 1075 1461 non
1094 1421 1264 1461 avertas
1283 1418 1437 1460 faciem
1457 1417 1614 1459 Christi
1632 1417 1705 1459 tui.

1041 1480 1208 1522 Juravit
1234 1479 1446 1520 Dominus
1478 1478 1622 1520 David
1654 1477 1806 1518 verita2
1858 1475 1859 1478 ’

988 1543 1091 1587 tem,
1116 1542 1159 1579 et
1182 1549 1269 1577 non
1287 1535 1562 1578 frustrabitur
1581 1547 1690 1576 eam:
1711 1535 1734 1560 *
1753 1533 1807 1574 de

990 1594 1131 1635 fructu
1151 1592 1312 1635 ventris
1331 1592 1394 1634 tui
1416 1605 1576 1644 ponam
1595 1603 1725 1643 super
1745 1602 1807 1631 se·
1860 1632 1861 1641 ἵ

991 1649 1091 1692 dem
1109 1654 1237 1691 tuam.

1042 1710 1086 1752 Si
1107 1708 1390 1751 custodierint
1409 1708 1485 1749 filii
1504 1708 1567 1749 tui
1581 1708 1808 1749 testamen·
1860 1710 1863 1712 ’

990 1772 1082 1809 tum
1115 1779 1276 1814 meum,
1303 1766 1327 1790 *
1355 1770 1398 1807 et
1434 1765 1682 1806 testimonia
1714 1776 1810 1804 mea

991 1823 1097 1873 haec,
1117 1836 1215 1875 quae
1235 1822 1404 1864 docebo
1424 1834 1513 1863 eos:

1044 1884 1100 1925 Et
1118 1883 1195 1924 filii
1214 1885 1365 1924 eorum
1384 1895 1522 1934 usque
1536 1882 1579 1922 in
1595 1880 1810 1929 saeculum,

993 1940 1016 1966 *
1035 1938 1248 1981 sedebunt
1267 1951 1399 1991 super
1417 1938 1567 1980 sedem
1585 1943 1714 1979 tuam.

1045 2000 1259 2050 Quoniam
1277 1999 1406 2050 elegit
1423 1998 1635 2040 Dominus
1656 1998 1773 2039 Sion:
1787 1998 1811 2022 *

995 2056 1124 2108 elegit
1143 2068 1238 2097 eam
1255 2056 1299 2096 in
1317 2055 1628 2097 habitationem
1646 2053 1738 2095 sibi.

1044 2118 1154 2158 Haec
1189 2117 1361 2168 requies
1396 2129 1493 2158 mea
1528 2116 1570 2156 in
1607 2115 1813 2157 saeculum

995 2174 1157 2215 saeculi:
1192 2174 1215 2199 *
1253 2173 1324 2215 hic
1363 2172 1569 2215 habitabo
1611 2172 1813 2224 quoniam

996 2230 1107 2281 elegi
1126 2242 1232 2271 eam.

1046 2290 1236 2332 Viduam
1271 2290 1360 2342 ejus
1394 2289 1653 2332 benedicens
1686 2290 1812 2331 bene-

997 2346 1152 2389 dicam:
1179 2347 1202 2374 *
1234 2349 1451 2399 pauperes
1485 2347 1573 2398 ejus
1608 2345 1813 2388 saturabo

995 2402 1191 2455 panibus.

1048 2458 1307 2501 Sacerdotes
1327 2459 1417 2511 ejus
1432 2458 1608 2501 induam
1623 2458 1815 2500 salutari:

997 2517 1020 2543 *
1040 2520 1083 2557 et
1103 2515 1240 2557 sancti
1263 2516 1352 2567 ejus
1372 2515 1658 2558 exsultatione
1677 2513 1814 2555 exsul-

997 2571 1161 2613 tabunt.

1048 2627 1157 2668 Illuc
1184 2627 1426 2680 producam
1453 2639 1589 2669 cornu
1615 2625 1773 2675 David,
1792 2627 1815 2653 *

997 2684 1151 2737 paravi
1168 2684 1389 2726 lucernam
1409 2684 1582 2725 Christo
1600 2695 1710 2724 meo.

1049 2740 1254 2782 Inimicos
1265 2742 1355 2793 ejus
1365 2739 1542 2782 induam
1552 2738 1802 2781 confusione
1809 2753 1827 2778 z*
