2040 2976
201 222 244 256 18
806 206 1003 241 Dominica
1029 204 1075 237 ud
1100 203 1272 236 Primam.

252 317 300 357 In
329 312 574 358 sanctitate,
608 313 651 350 et
682 306 841 358 justitia
869 315 1016 345 coram

202 374 308 426 ipso,
326 371 349 395 *
369 366 566 410 omnibus
586 363 739 406 diebus
758 361 928 402 nostris.

254 437 308 477 Et
335 439 381 476 tu
408 444 532 485 puer,
560 428 779 481 Propheta
807 422 1018 466 Altissimi

203 490 441 534 vocaberis:
460 490 483 513 *
503 485 679 540 praeibis
706 483 818 525 enim
842 486 940 522 ante
960 479 1018 519 fa-

204 550 311 590 ciem
329 544 503 587 Domini
522 544 677 596 parare
697 540 788 580 vias
808 539 913 590 ejus:

254 611 325 653 Ad
370 608 557 652 dandam
603 605 824 647 scientiam
869 600 1020 642 salutis

204 669 319 722 plebi
339 668 443 718 ejus:
457 666 479 690 *
495 665 536 705 in
557 661 853 704 remissionem
870 669 1021 711 pecca-

203 728 346 767 torum
367 725 530 764 eorum:

255 791 339 831 Per
354 790 519 828 viscera
529 781 837 825 misericordiae
853 779 934 821 Dei
950 791 1022 819 no-

207 846 298 888 stri:
308 846 330 870 *
342 845 383 885 in
401 842 555 895 quibus
570 839 759 880 visitavit
773 850 864 885 nos,
880 836 1023 876 oriens

207 916 260 944 ex
280 901 381 942 alto:

259 965 504 1007 Illuminare
532 962 614 1010 his,
647 960 719 1013 qui
750 960 792 999 in
824 956 1025 1004 tenebris,

210 1029 252 1064 et
278 1022 321 1063 in
349 1020 499 1062 umbra
527 1018 679 1059 mortis
713 1015 882 1057 sedent:
914 1014 937 1038 *¹
970 1012 1026 1053 ad

211 1076 457 1128 dirigendos
481 1074 617 1128 pedes
643 1077 817 1113 nostros
844 1071 886 1111 in
913 1070 1025 1110 viam

210 1135 340 1188 pacis.

263 1199 411 1241 Gloria
430 1196 557 1237 Patri.

261 1282 403 1316 Deinde
435 1281 505 1314 die.
529 1280 614 1312 Ant.
643 1284 677 1311 ct
701 1276 831 1310 Oratio
856 1274 1022 1317 propriu.
1049 1275 1052 1290 ¹

208 1339 242 1365 ct
261 1335 346 1374 post
365 1339 462 1363 cani.
482 1328 512 1361 si
533 1333 704 1360 occurrat
723 1335 767 1358 eo
786 1324 846 1357 dic
866 1322 1021 1365 aliquod

211 1380 359 1413 Festum
385 1376 569 1419 Simplex,
599 1374 658 1407 vel
684 1373 731 1406 ad
754 1372 907 1405 modum
931 1370 1024 1403 Sini-

209 1427 318 1470 plicis
346 1424 588 1459 recolendum
615 1422 653 1455 fit
679 1421 723 1454 dc
752 1431 796 1454 co
820 1420 1024 1453 (lanimem.

212 1476 405 1509 Postremo
429 1473 473 1508 <si
499 1472 535 1505 id
558 1476 707 1512 tempus
732 1468 911 1511 requirat)
934 1467 1026 1500 liunt

210 1525 351 1556 (Ionini.
376 1521 421 1554 dc
445 1522 479 1553 S.
503 1519 640 1552 Maria.
665 1517 710 1550 de
735 1518 768 1549 S.
793 1515 956 1557 Joseph.
981 1514 1026 1547 dc

212 1570 430 1613 Apus-telis,
462 1574 496 1601 ct
522 1567 567 1600 dc
592 1566 757 1599 Patrono
783 1563 965 1597 Ecclesia·
993 1562 1027 1595 in

213 1618 344 1651 ordine
365 1617 523 1650 aliarum
539 1615 681 1648 (tlomni.
700 1611 908 1646 secundum
927 1611 1028 1644 illius

214 1666 451 1707 dignitatem,
479 1671 514 1697 ct
531 1663 663 1696 ultimo
683 1661 768 1694 loco
787 1660 832 1693 de
850 1659 965 1694 Pace,
991 1663 1029 1691 ut

217 1715 311 1747 infra
330 1714 365 1746 in
385 1713 497 1754 Vcsn
516 1709 683 1745 Sabbati.

268 1761 308 1794 In
327 1762 414 1796 fine,
440 1760 470 1792 si
496 1756 770 1792 discedendum
787 1756 835 1789 sit
854 1766 873 1788 u
892 1755 1030 1791 Choro.

217 1811 286 1843 die.
331 1810 416 1842 Ant.
453 1806 566 1841 Salve
602 1805 758 1848 Regina.
798 1809 837 1837 ut
872 1803 1033 1837 habetur

222 1858 317 1891 infra
335 1862 422 1899 post
440 1852 749 1897 Completorium.

474 1930 781 1956 *wem

308 2026 579 2076 Dominica
612 2024 681 2074 ad
710 2023 959 2072 Primam.

277 2117 402 2156 Pater
420 2118 578 2154 noster.
614 2116 701 2155 Ave
715 2110 862 2151 Maria.
888 2109 1041 2153 Credo.

223 2172 270 2223 δ”.
292 2174 412 2216 Deus
430 2174 472 2214 in
492 2172 761 2225 adjutorium.
787 2172 846 2212 14.

528 2258 734 2307 Hymnus.

348 2333 415 2361 am
435 2320 542 2362 lucis
561 2325 658 2361 orto
679 2318 822 2360 sidere

372 2377 512 2418 Deum
531 2378 759 2429 precemur
779 2374 1010 2427 supplices,

326 2433 385 2474 Ut
403 2433 445 2473 in
464 2433 627 2474 diurnis
647 2431 816 2473 actibus

329 2489 422 2530 Nos
442 2494 585 2531 servet
605 2501 629 2529 a
647 2486 914 2529 nocentibus.

284 2566 493 2616 Linguam
513 2565 748 2606 refraenans
767 2566 991 2617 temperet,

331 2622 397 2663 Ne
415 2622 502 2663 litis
521 2621 675 2662 horror
694 2623 878 2661 insonet:

332 2678 485 2719 Visum
505 2676 693 2718 fovendo
713 2678 927 2727 contegat,

331 2733 398 2775 Ne
418 2733 630 2774 vanitates
649 2733 829 2774 hauriat.

1126 299 1218 339 Sint
1231 307 1341 349 pura
1361 292 1507 335 cordis
1527 290 1688 338 intima,

1173 353 1371 395 Absistat
1390 354 1434 391 et
1452 345 1672 390 vecordia:

1176 408 1327 452 Carnis
1346 410 1459 448 terat
1478 402 1730 456 superbiam

1173 467 1309 507 Potus
1329 462 1500 514 cibique
1519 459 1723 513 parcitas.

1125 544 1182 582 st
1201 553 1299 582 cum
1321 538 1414 580 dies
1435 533 1708 582 abscesserit,

1175 597 1450 646 Noctemque
1470 604 1567 632 sors
1586 587 1821 637 reduxerit,

1177 651 1327 694 Mundi
1347 663 1425 703 per
1446 646 1753 690 abstinentiam

1177 709 1266 762 Ipsi
1286 708 1492 749 canamus
1511 703 1707 755 gloriam.

1132 788 1225 826 Deo
1241 781 1360 823 Patri
1381 781 1436 821 sit
1454 778 1604 830 gloria,

1179 841 1371 891 Eiusque
1391 836 1472 877 soli
1490 834 1613 882 Filio,

1126 893 1131 897 ’
1183 897 1290 938 Cum
1309 893 1472 947 Spiritu
1491 890 1721 939 paraclito,

1180 953 1318 1001 Nunc,
1339 956 1382 992 et
1399 962 1478 1002 per
1499 960 1629 989 omne
1649 945 1870 988 saeculum.

1336 1008 1488 1048 Amen.

1131 1081 1173 1119 ln
1208 1076 1442 1117 Dominicis
1474 1087 1551 1126 per
1578 1074 1762 1113 Annum.
1804 1071 1902 1111 Ant.

1087 1135 1274 1186 Alleluia.

1350 1195 1544 1235 l'salmus
1566 1194 1631 1233 53.

1117 1274 1137 1301 ,r
1149 1262 1173 1300 ,ἴ
1213 1264 1288 1293 eus
1307 1251 1351 1291 in
1369 1249 1543 1290 nomine
1558 1252 1635 1289 tuo
1654 1246 1824 1288 salvum
1837 1257 1908 1286 me

1120 1302 1181 1359 ῥ’*
1199 1304 1205 1361 vI
1229 1308 1310 1348 fac:
1329 1307 1352 1332 *
1373 1311 1417 1348 et
1443 1306 1487 1346 in
1511 1305 1672 1346 virtute
1700 1307 1776 1344 tua
1801 1299 1908 1354 judi—

1230 1377 1280 1406 ca
1298 1376 1378 1405 me.
1830 1380 1833 1382 ·

1132 1422 1253 1462 Deus
1274 1418 1431 1462 exaudi
1451 1418 1695 1460 orationem
1713 1427 1872 1457 meam:
1885 1413 1910 1440 *

1083 1478 1259 1520 auribus
1279 1476 1458 1530 percipe
1477 1474 1613 1516 verba
1632 1473 1720 1515 oris
1739 1471 1836 1513 mei.

1136 1534 1350 1585 Quoniam
1403 1531 1532 1573 alieni
1583 1529 1912 1571 insurrexerunt

1085 1591 1317 1633 adversum
1335 1602 1415 1639 me,
1435 1594 1478 1630 et
1492 1588 1629 1630 fortes
1647 1585 1914 1639 quaesierunt

1087 1648 1273 1689 animam
1292 1659 1448 1688 meam:
1462 1646 1486 1671 *
1503 1650 1547 1686 et
1565 1656 1653 1685 non
1670 1641 1912 1695 proposue-

1087 1710 1185 1746 runt
1200 1704 1342 1745 Deum
1358 1707 1457 1743 ante
1474 1701 1760 1754 conspectum
1775 1710 1914 1739 suum.

1138 1761 1253 1802 Ecce
1282 1759 1395 1801 enim
1421 1759 1543 1800 Deus
1572 1756 1749 1809 adjuvat
1773 1767 1860 1796 me:
1891 1753 1916 1779 *

1089 1823 1132 1860 et
1161 1817 1374 1858 Dominus
1403 1816 1634 1867 susceptor
1664 1816 1732 1854 est
1759 1811 1916 1853 Animae

1088 1887 1210 1917 meae.

1142 1932 1306 1972 Averte
1329 1929 1443 1971 mala
1464 1929 1649 1970 inimicis
1673 1926 1798 1969 meis:
1822 1924 1847 1951 *
1875 1928 1919 1966 et

1092 1989 1135 2029 in
1155 1988 1338 2029 veritate
1359 1992 1434 2028 tua
1454 1985 1661 2039 disperde
1679 1983 1790 2026 illos.

1143 2044 1400 2086 Voluntarie
1426 2041 1684 2084 sacrificabo
1709 2039 1803 2089 tibi,
1826 2038 1851 2064 *
1876 2041 1920 2079 et

1094 2100 1336 2143 confitebor
1381 2099 1546 2141 nomini
1590 2103 1667 2140 tuo
1711 2094 1920 2138 Domine:

1097 2157 1301 2210 quoniam
1318 2156 1483 2198 bonum
1503 2160 1584 2197 est:

1147 2213 1360 2264 Quoniam
1397 2226 1450 2254 ex
1486 2212 1605 2254 omni
1640 2208 1922 2252 tribulatione

1097 2270 1290 2323 eripuisti
1322 2282 1406 2311 me:
1434 2270 1458 2294 *
1484 2274 1527 2310 et
1558 2280 1690 2321 super
1722 2265 1921 2307 inimicos

1096 2339 1218 2368 meos
1237 2326 1439 2379 despexit
1458 2325 1610 2367 oculus
1628 2335 1763 2365 meus.

1150 2404 1321 2445 Sequens
1340 2402 1399 2435 Ps.
1421 2398 1667 2436 Confitemini
1681 2395 1848 2433 Domino
1866 2397 1920 2431 di-

1097 2451 1193 2484 citur
1209 2456 1353 2484 tanturn
1379 2450 1416 2483 in
1434 2450 1599 2487 nomm,
1626 2448 1783 2493 quando
1801 2447 1844 2481 fit
1858 2445 1920 2493 Orf-

1098 2499 1223 2532 lieium
1242 2499 1286 2532 dc
1304 2498 1413 2532 Dom.
1433 2504 1471 2532 ut
1491 2498 1526 2531 in
1543 2498 1660 2532 Psalt.

1362 2555 1557 2595 Psalmus
1578 2555 1654 2595 117.

1175 2619 1413 2660 onfitemini
1467 2618 1658 2659 Domino
1720 2614 1925 2669 quoniam

1191 2675 1345 2716 bonus:
1369 2676 1392 2700 *
1419 2675 1624 2727 quoniam
1647 2674 1691 2714 in
1716 2670 1925 2714 saeculum

1101 2731 1398 2773 misericordia
1418 2732 1519 2783 ejus.
