2040 2976
546 211 614 244 Die
645 211 693 244 19.
721 212 816 252 Aug.

491 305 639 345 Lectio
662 306 714 344 iii.

282 383 337 411 na
363 374 431 412 est
453 369 657 411 columba
680 382 796 418 mea,
822 369 1018 421 perfecta

294 439 408 475 mea,
435 439 522 467 una
542 432 608 468 est
626 426 779 467 matris
799 438 905 475 suae,
935 424 1016 465 ele-

192 488 261 525 cta
292 482 491 533 genitrici
523 495 625 523 suae.
671 482 889 523 Viderunt
922 494 1017 523 eam

191 540 310 588 filiae,
350 545 394 581 et
425 539 722 580 beatissimam
753 536 1015 591 praedicave-

191 601 305 645 runt;
328 598 490 646 reginae
511 600 555 637 et
574 596 842 643 concubinae,
867 599 910 636 et
929 594 1016 635 lau-

192 652 405 694 daverunt
425 664 532 693 eam.
565 652 674 701 Quae
700 657 766 693 est
790 652 890 701 ista,
918 662 1016 702 quae

191 708 473 761 progreditur
502 709 627 760 quasi
654 710 811 749 aurora
840 709 1016 748 consur-

191 779 308 818 genS‚
327 765 511 818 pulchra
526 770 575 806 ut
590 765 702 814 luna,
722 765 860 806 electa
875 768 922 805 ut
938 762 1017 811 sol,

190 821 398 864 terribilis
423 826 470 863 ut
494 824 737 863 castrorum
763 820 879 861 acies
904 818 1016 860 ordi-

190 877 315 920 nata?
343 877 564 919 Descendi
587 878 630 918 in
652 878 827 919 hortum
845 888 1017 925 nucum,

190 940 238 976 ut
270 934 465 976 viderem
497 947 628 986 poma
660 933 940 982 convallium,
974 937 1018 974 et

191 991 452 1044 inspicerem
483 991 519 1032 si
548 991 770 1032 floruisset
796 991 940 1035 vinea,
973 994 1017 1030 et

190 1048 508 1098 germinassent
547 1047 661 1088 mala
696 1047 868 1100 punica.
930 1045 1014 1087 Ne-

192 1105 315 1145 scivi:
352 1104 495 1145 anima
519 1116 617 1144 mea
642 1103 919 1145 conturbavit
942 1114 1012 1144 me

192 1166 375 1213 propter
396 1159 631 1212 quadrigas
647 1159 905 1201 Aminadab.
932 1159 1015 1200 Re·

191 1219 378 1266 vertere,
410 1218 647 1266 revertere,
682 1216 918 1258 Sulamitis:
951 1228 1015 1257 re-

191 1275 373 1322 vertere,
391 1275 622 1323 revertere,
637 1278 686 1315 ut
700 1273 946 1315 intueamur
961 1278 1015 1314 te.

240 1347 289 1397 R.
318 1343 426 1393 Quae
446 1348 514 1400 est
533 1343 627 1384 ista.
646 1344 740 1384 510.

418 1439 466 1477 In
490 1438 539 1477 11.
564 1438 784 1477 Nocturno.

324 1514 475 1553 Sermo
503 1511 641 1552 sancti
670 1510 885 1553 Bernardi

498 1567 696 1610 AbbatiS.

287 1638 403 1672 Serm.
425 1639 449 1671 l.
469 1638 515 1671 de
534 1639 730 1681 Assumpt.
748 1638 789 1672 B.
806 1638 853 1672 M.
871 1638 914 1671 Y.

490 1698 640 1739 Lectio
662 1700 713 1739 iv.

209 1790 223 1818 ,ι
238 1769 291 1813 „22
317 1772 331 1818 s·
346 1756 440 1807 irgo
477 1756 609 1798 hodie
647 1756 840 1825 gloriosa
876 1758 1014 1800 coelos

303 1816 331 1871 j}
359 1813 611 1862 ascendens,
623 1816 1017 1881 supernorumgau-

200 1870 213 1892 ’ἵ
228 1872 257 1888 ·’“’
288 1869 326 1893 ‘⁷³⁵
359 1868 429 1911 dia
447 1870 607 1911 civium
622 1870 815 1922 copiosis
830 1871 922 1912 sine
938 1871 1014 1913 du-

189 1923 262 1966 bio
283 1926 518 1968 cumulavit
537 1927 792 1978 augmentis.
819 1928 931 1969 Haec
949 1934 1015 1971 est

191 1981 305 2022 enirn
329 1984 448 2034 cujus
474 1983 748 2025 salutationis
772 1996 859 2025 vox
884 1989 928 2026 et
952 1985 1014 2037 ip-

190 2050 264 2079 sos
284 2039 503 2081 exsultare
522 2040 654 2081 facit
643 2054 687 2081 m
704 2040 881 2091 gaudio,
903 2054 1014 2093 quos

189 2095 386 2136 materna
420 2095 564 2138 adhuc
595 2099 764 2138 viscera
797 2096 1014 2140 claudunt.

191 2149 320 2200 Quod
345 2151 380 2191 si
405 2152 575 2203 parvuli
601 2153 788 2194 necdum
812 2154 901 2195 nati
925 2155 1012 2195 ani-

189 2218 260 2247 ma
279 2206 512 2259 liquefacta
533 2214 614 2258 est,
639 2215 686 2251 ut
704 2210 841 2251 Maria
866 2210 1014 2253 locuta

191 2267 273 2313 est,
293 2262 399 2315 quid
418 2268 619 2316 putamus
639 2279 841 2318 quaenam
858 2267 932 2309 illa
950 2268 1012 2309 fu-

191 2319 274 2361 erit
298 2319 542 2362 coelestium
567 2322 815 2372 exsultatio,
845 2337 943 2373 cum
971 2330 1014 2366 et

190 2387 346 2417 vocem
364 2376 526 2427 audire,
552 2384 594 2420 et
613 2378 762 2420 videre
780 2379 947 2443 faciem,
968 2386 1012 2423 et

189 2430 336 2528 ’ἓεάῒειὲ
355 2433 445 2484 ejus
484 2433 567 2475 frui
604 2435 839 2486 praesentia
874 2450 1012 2479 meru-

217 2493 316 2530 runt

244 2556 295 2608 Κι-
310 2556 521 2598 Ornatam
539 2558 774 2600 monilibus
794 2560 927 2601 filiam
946 2562 971 2602 J
974 2574 1013 2603 e-

188 2613 379 2655 rt'isalem
394 2613 610 2654 Dominus
629 2616 895 2668 concupivit:
915 2615 936 2638 *
957 2618 1014 2659 Et

189 2668 388 2711 videntes
417 2682 513 2711 eam
542 2670 643 2711 fssiae
671 2671 790 2720 Sion,
818 2672 1013 2714 beatissi-

189 2738 305 2766 mam
318 2725 680 2778 praedicaverunt,
696 2727 908 2770 dicentes:
928 2729 1013 2771 Un-

864 211 1002 249 Quinta
1032 210 1092 242 dic
1119 208 1214 242 infra
1242 207 1321 241 Oct.
1347 207 1544 249 Assumpt.

1069 303 1277 353 guentum
1322 300 1508 342 effusum
1551 313 1713 343 nomen
1764 305 1899 342 tuum.

1070 359 1117 410 V.
1151 357 1306 399 Astitit
1329 359 1480 408 regina
1503 370 1528 398 a
1553 357 1721 399 dextris
1743 357 1832 399 tuis
1853 357 1898 398 in

1069 417 1230 456 vestitu
1263 414 1495 464 deaurato,
1528 412 1799 456 circumdata
1826 426 1897 455 va-

1069 471 1236 513 rietate.
1263 471 1330 512 Et.

1377 558 1529 598 Lectio
1551 571 1587 597 V.

1139 626 1194 668 ed
1225 631 1268 668 et
1297 625 1406 667 illud
1437 626 1534 678 quis
1561 625 1756 677 cogitare
1782 626 1897 668 suffi-

1069 628 1134 736 S
1151 683 1247 733 ciat,
1259 695 1390 735 quam
1400 682 1594 734 gloriosa
1604 682 1738 724 hodie
1748 683 1900 725 mundi

1068 741 1238 792 Regina
1261 739 1540 792 processerit:
1568 744 1611 781 et
1636 744 1800 792 quanto
1826 738 1898 782 de-

1068 797 1258 839 votionis
1279 796 1440 837 affectu
1458 801 1554 838 tota
1572 796 1616 837 in
1637 797 1728 848 ejus
1749 799 1899 838 occur-

1069 867 1165 896 sum
1185 853 1432 895 coelestium
1449 853 1671 904 legionum
1685 852 1900 906 prodierit

1068 909 1319 952 multitudo:
1340 909 1500 962 quibus
1519 908 1576 951 ad
1588 909 1796 951 thronum
1810 909 1899 961 glo-

1068 967 1146 1008 riae
1168 966 1349 1008 canticis
1365 966 1422 1007 sit
1439 964 1643 1007 dedacta:
1664 979 1795 1018 quam
1809 965 1899 1019 pla-

1069 1022 1171 1065 cido
1181 1023 1316 1072 vultu,
1329 1035 1460 1075 quam
1471 1024 1626 1064 serena
1637 1022 1758 1073 facie,
1768 1035 1900 1074 quam

1069 1079 1228 1121 divinis
1254 1079 1531 1132 amplexibus
1555 1081 1762 1131 suscepta
1787 1092 1813 1120 a
1831 1079 1899 1120 Fi-

1067 1136 1139 1186 lio,
1160 1141 1204 1178 et
1222 1148 1355 1188 super
1375 1148 1551 1177 omnem
1571 1135 1763 1177 exaltata
1782 1148 1898 1177 crea-

1067 1196 1229 1243 turam,
1255 1205 1356 1234 cum
1375 1205 1428 1234 eo
1451 1192 1638 1242 honore,
1666 1204 1754 1245 quo
1777 1197 1900 1234 tanta

1068 1250 1209 1292 Mater
1241 1249 1374 1300 digna
1406 1249 1501 1300 fuit3
1543 1262 1642 1291 cum
1675 1261 1727 1291 ea
1758 1248 1900 1300 gloria

1070 1319 1169 1358 quae
1188 1311 1359 1349 tantum
1379 1305 1527 1348 decuit
1545 1304 1726 1347 Filium?

1122 1381 1173 1432 Ιίι.
1214 1376 1400 1417 Beatam
1443 1388 1514 1417 me
1556 1374 1704 1417 dicent
1747 1387 1899 1417 omnes

1067 1433 1392 1484 generationes.
1432 1437 1455 1462 *
1497 1432 1609 1482 Quia
1651 1431 1755 1474 fecit
1793 1431 1899 1474 mihi

1068 1490 1284 1532 Dominus
1320 1502 1479 1541 magna
1517 1488 1591 1542 qui
1626 1494 1786 1542 potens
1820 1494 1897 1540 est,

1069 1552 1112 1589 et
1150 1552 1349 1588 sanctum
1384 1559 1545 1588 nomen
1583 1546 1686 1598 ejus.
1748 1543 1799 1596 Ν.
1841 1522 1899 1588 Et'

1067 1603 1371 1646 misericordia
1411 1604 1502 1656 ejus
1540 1616 1566 1644 a
1602 1603 1814 1655 progenie
1854 1603 1898 1644 in

1069 1660 1301 1714 progenies
1333 1659 1588 1702 timentibus
1621 1672 1731 1701 eum.
1786 1660 1899 1711 Quia

1068 1718 1182 1760 fecit.

1370 1797 1523 1838 Lectio
1544 1797 1597 1838 vi.

1069 1869 1280 1974 Felicia
1298 1883 1482 1923 prorsus
1501 1870 1652 1912 oscula
1675 1868 1804 1911 labiis
1821 1869 1897 1910 im-

1166 1930 1322 1981 pressa
1349 1927 1567 1977 lactentis,
1603 1926 1673 1969 cui
1701 1926 1897 1977 virgineo

1067 1990 1207 2027 mater
1226 1984 1525 2037 applaudebat
1543 1985 1587 2025 in
1605 1984 1783 2035 gremio.
1810 1982 1897 2025 Ve-

1067 2055 1164 2083 rum
1187 2040 1401 2093 numquid
1425 2054 1514 2083 non
1533 2040 1730 2082 feliciora
1749 2041 1896 2082 cense-

1068 2098 1230 2147 bimus,
1274 2110 1374 2149 quae
1416 2097 1471 2139 ab
1509 2110 1586 2139 ore
1623 2096 1817 2139 sedentis
1852 2097 1897 2138 in

1070 2154 1251 2196 dextera
1275 2154 1419 2196 Patris
1442 2153 1575 2196 hodie
1605 2154 1649 2195 in
1675 2153 1806 2195 beata
1831 2166 1896 2195 sa-

1066 2211 1278 2253 lutatione
1298 2210 1503 2263 suscepit,
1523 2223 1622 2252 cum
1640 2207 1898 2252 ascenderet

1067 2267 1123 2310 ad
1142 2267 1349 2309 thronum
1368 2267 1538 2318 gloriae,
1567 2266 1896 2320 epithalamium

1067 2337 1244 2373 canens,
1278 2328 1321 2365 et
1353 2323 1520 2365 dicens:
1561 2323 1794 2365 Osculetur
1825 2335 1896 2364 me

1067 2380 1219 2422 osculo
1240 2381 1329 2422 oris
1349 2378 1438 2421 sui?
1469 2379 1633 2421 Christi
1653 2380 1896 2431 generatio-

1066 2451 1166 2479 nem
1191 2443 1234 2478 et
1253 2437 1404 2478 Mariae
1429 2437 1774 2490 assumptionem
1799 2437 1896 2489 quis

1067 2492 1308 2535 enarrabit?
1347 2493 1567 2543 Quantum
1602 2494 1716 2535 enim
1743 2494 1896 2545 gratiae

1066 2550 1109 2590 in
1142 2550 1270 2592 terris
1306 2549 1467 2603 adepta
1501 2556 1568 2593 est
1598 2563 1692 2603 prae
1727 2550 1896 2599 ceteris,

1066 2612 1236 2648 tantum
1261 2611 1304 2648 et
1328 2607 1372 2647 in
1398 2607 1522 2648 coelis
1548 2607 1717 2649 obtinet
1741 2606 1895 2658 gloriae

1067 2662 1308 2714 singularis.

1122 2732 1171 2782 R.
1195 2732 1335 2774 Beata
1353 2745 1412 2774 es.
1431 2733 1518 2773 513.
