2040 2976
482 198 585 231 Infra
611 199 905 232 llcbdomadam
930 199 1010 233 viii.
1036 204 1125 242 post
1151 200 1229 234 Oct.
1254 201 1511 236 vemet-ostes.

1797 204 1863 238 213

455 294 608 335 Lectio
630 295 669 334 ii.

144 357 359 463 Videns
369 370 515 407 autem
524 368 674 417 regina
681 365 796 408 Saba
804 378 979 407 omnem

251 421 513 474 sapientiam
538 422 803 471 SalomoniS,
833 427 876 464 et
902 421 976 463 do-

146 491 277 526 mum,
304 490 435 529 quam
455 477 762 526 aedificaverat,
788 483 831 519 et
854 478 977 519 cibos

146 546 311 574 mensae
340 534 447 585 ejus,
481 539 524 575 et
549 533 801 576 habitacula
830 535 977 575 servo-

146 602 257 639 rum,
277 594 320 631 et
340 589 516 631 ordines
534 590 888 639 ministrantium,
906 602 976 631 ve-

148 647 326 697 stesque
358 648 527 695 eorum,
567 651 611 687 et
642 646 893 698 pincernas,
934 651 978 687 et

144 700 406 743 holocausta
425 714 525 753 quae
546 701 760 743 offerebat
778 701 822 742 in
842 701 976 742 domo

144 758 335 799 Domini:
370 770 461 799 non
490 757 683 799 habebat
709 758 823 799 ultra
851 758 976 810 spiri-

145 818 249 854 tum.
301 813 512 865 Dixitque
544 813 602 855 ad
631 826 798 864 regem:
829 814 975 855 Verus

145 874 212 911 est
241 881 404 919 sermo,
448 882 578 921 quem
612 869 760 911 audivi
787 870 832 910 in
858 875 976 911 terra

143 938 242 967 mea
262 938 395 978 super
414 926 689 967 sermonibus
708 926 810 975 tuis,
840 931 884 967 et
908 939 975 966 su-

142 994 223 1034 per
255 982 470 1034 sapientia
501 987 591 1023 tua:
631 987 675 1024 et
706 995 794 1023 non
827 981 974 1023 crede-

142 1037 245 1079 bam
262 1037 539 1080 narrantibus
558 1038 681 1087 mihi,
709 1038 852 1080 donec
876 1039 974 1091 ipsa

142 1094 257 1144 veni,
292 1099 336 1136 et
360 1093 451 1136 vidi
477 1094 616 1136 oculis
646 1095 771 1145 meis,
805 1100 848 1136 et
872 1107 972 1147 pro-

141 1149 244 1192 bavi
277 1150 398 1202 quod
429 1150 576 1192 media
602 1164 707 1204 pars
735 1151 842 1192 mihi
869 1164 972 1192 nun-

142 1207 252 1248 tiata
272 1219 360 1248 non
378 1207 526 1248 fuerit:
550 1208 689 1260 major
713 1212 780 1249 est
804 1208 973 1259 sapien-

141 1263 202 1304 tia
217 1267 261 1304 et
272 1265 408 1315 opera
416 1268 503 1314 tua,
519 1276 652 1315 quam
665 1276 826 1313 rumor,
843 1276 974 1316 quem

141 1318 299 1360 audivi.

191 1387 243 1439 Re.
270 1388 500 1431 Exaudisti
517 1390 717 1431 Domine.
737 1390 830 1430 180.

441 1484 594 1526 Lectio
615 1485 669 1525 iii.

139 1551 308 1657 Beati
330 1557 410 1598 viri
435 1557 515 1607 tui,
545 1562 588 1599 et
612 1557 733 1599 beati
756 1558 872 1599 servi
896 1559 971 1607 tui,

235 1613 310 1664 qui
334 1618 451 1655 stant
471 1626 620 1655 coram
644 1618 688 1655 te
709 1626 901 1665 semper,
929 1619 973 1656 et

140 1667 322 1710 audiunt
348 1669 607 1722 sapientiam
630 1674 763 1711 tuam.
800 1670 864 1711 Sit
883 1670 970 1711 Do-

139 1725 281 1766 minus
308 1724 431 1766 Deus
459 1730 559 1767 tuus
586 1724 863 1776 benedictus,
901 1727 971 1768 cui

139 1780 461 1833 complacuisti,
503 1786 547 1823 et
578 1782 730 1834 posuit
760 1786 805 1823 te
838 1795 971 1835 super

137 1835 345 1878 thronum
362 1837 516 1887 Israel,
545 1850 598 1879 eo
625 1837 746 1890 quod
769 1838 971 1880 dilexerit

138 1892 354 1934 Dominus
386 1893 524 1935 Israel
561 1894 605 1934 in
638 1894 970 1946 sempiternum,

139 1953 184 1990 et
210 1950 437 1991 constituit
466 1955 510 1991 te
535 1962 701 2001 regem,
729 1956 778 1992 ut
800 1951 969 1992 faceres

137 2003 346 2056 judicium
371 2010 414 2046 et
440 2006 660 2058 justitiam.
700 2006 836 2047 Dedit
863 2019 968 2057 ergo

138 2060 231 2111 regi
250 2066 424 2102 centum
444 2062 598 2112 viginti
615 2062 782 2104 talenta
801 2062 905 2112 auri,
926 2067 970 2104 et

139 2118 335 2158 aromata
361 2117 500 2159 multa
524 2118 668 2168 nimis,
703 2123 747 2160 et
774 2131 968 2169 gemmas

138 2173 374 2224 pretiosas:
419 2187 508 2215 non
545 2180 647 2216 sunt
684 2174 817 2216 allata
856 2174 970 2215 ultra

138 2230 335 2270 aromata
353 2234 444 2271 tam
462 2230 615 2281 multa,
643 2244 773 2283 quam
798 2243 849 2271 ea
869 2243 968 2281 quae

139 2283 261 2325 dedit
289 2287 440 2336 regina
466 2286 582 2328 Saba
614 2287 707 2337 regi
734 2287 968 2328 Salomoni.

137 2339 226 2381 Sed
251 2345 295 2381 et
319 2341 471 2382 classis
495 2343 666 2392 Hiram,
697 2355 795 2394 quae
821 2344 968 2394 porta-

137 2394 214 2437 bat
252 2409 405 2437 aurum
442 2397 503 2453 de·
535 2398 690 2450 Ophir,
732 2398 877 2439 attulit
914 2410 969 2439 ex

139 2450 279 2503 Ophir
296 2452 415 2503 ligna
434 2452 586 2505 thyina
604 2454 743 2495 multa
760 2454 904 2503 nimis,
925 2459 969 2496 et

139 2518 335 2557 gemmas
354 2509 585 2561 pretiosas.

192 2574 243 2625 Ην.
270 2577 389 2618 Audi
407 2578 609 2620 Domine.
628 2580 721 2619 180.

1237 300 1410 336 Feria
1437 301 1653 339 Tertia.

1164 355 1231 396 De
1254 355 1367 397 libro
1391 357 1522 399 tertio
1546 358 1731 409 Regum.

1109 419 1261 460 Lectio
1283 420 1305 459 i.
1607 424 1709 475 Cap.
1730 427 1780 465 11.

1214 494 1361 530 autem
1392 490 1601 531 Salomon
1638 491 1860 534 adamavit

1036 548 1041 575 ’ἒ
1067 539 1114 585 ἓ,
1144 545 1349 586 mulieres
1388 546 1653 596 alienigenas
1690 548 1859 598 multas,

1028 601 1163 641 filiam
1182 613 1360 653 quoque
1374 602 1626 652 Pharaonis,
1644 609 1687 644 et
1702 604 1860 646 Moabi-

1028 655 1162 705 tidas,
1192 662 1235 698 et
1260 657 1601 707 AmmonitidaS,
1628 659 1858 710 Idumaeas,

1029 718 1072 754 et
1091 713 1311 763 Sidonias,
1341 719 1384 754 et
1404 713 1650 755 Hetthaeas:
1679 714 1733 756 de
1757 718 1856 766 gen-

1027 769 1164 818 tibus,
1184 782 1317 821 super
1338 769 1495 821 quibus
1516 769 1625 811 dixit
1644 771 1858 813 Dominus

1028 825 1130 865 filiis
1149 825 1300 865 Israel:
1337 825 1439 866 Non
1469 826 1772 876 ingrediemini
1799 827 1857 869 ad

1029 893 1114 930 eaS,
1140 894 1283 933 neque
1304 881 1358 922 de
1379 881 1464 922 illis
1484 881 1782 932 ingredientur
1803 883 1858 924 ad

1028 942 1214 978 vestras:
1243 938 1485 979 certissime
1516 938 1630 979 enim
1660 940 1858 980 avertent

1028 993 1165 1034 corda
1198 999 1359 1043 vestra,
1393 998 1441 1034 ut
1472 995 1717 1046 sequamini
1749 995 1858 1036 deos

1028 1052 1190 1091 earum.
1235 1050 1317 1090 His
1350 1052 1500 1101 itaque
1533 1051 1764 1102 copulatus
1793 1056 1859 1092 est

1027 1106 1237 1147 Salomon
1256 1106 1564 1148 ardentissimo
1589 1109 1750 1148 amore.
1778 1108 1858 1148 Fu-

1027 1166 1243 1214 erantque
1277 1163 1316 1203 ei
1348 1165 1510 1203 uxores
1542 1164 1666 1214 quasi
1695 1166 1857 1214 reginae

1027 1219 1332 1271 septingentae,
1353 1223 1396 1260 et
1416 1219 1672 1260 concubinae
1690 1222 1856 1260 trecen-

1026 1279 1163 1316 tae:-et
1178 1277 1430 1316 averterunt
1444 1275 1648 1316 mulieres
1664 1288 1740 1316 cor
1756 1277 1857 1326 ejus.

1028 1331 1226 1383 Cumque
1255 1332 1339 1382 iam
1368 1337 1486 1372 esset
1515 1344 1664 1380 seneX,
1703 1332 1856 1383 depra-

1025 1389 1175 1428 vatum
1204 1392 1272 1428 est
1300 1400 1376 1428 cor
1407 1389 1497 1439 ejus
1527 1401 1606 1440 per
1634 1388 1856 1437 mulieres,

1024 1448 1073 1484 ut
1110 1446 1367 1495 sequeretur
1405 1443 1513 1484 deos
1551 1444 1730 1485 alienos:
1775 1457 1856 1485 nec

963 1522 967 1530 ›
1026 1505 1120 1541 erat
1145 1512 1223 1541 cor
1254 1500 1344 1551 ejus
1373 1500 1619 1552 perfectum
1643 1513 1741 1540 cum
1766 1501 1853 1541 Do-

1024 1556 1140 1596 mino
1159 1556 1257 1597 Deo
1277 1569 1369 1604 suo,
1389 1556 1501 1597 sicut
1522 1568 1598 1597 cor
1617 1556 1763 1597 David
1781 1569 1854 1608 pa-

1024 1612 1104 1652 tris
1126 1613 1228 1663 ejus.
1278 1610 1328 1660 Rv-
1359 1612 1558 1653 Domine.
1580 1613 1673 1652 180.

1336 1676 1488 1717 Lectio
1509 1677 1547 1716 ii.

1093 1741 1149 1782 ed
1179 1741 1354 1783 colebat
1379 1741 1587 1782 Salomon
1612 1742 1853 1783 Astarthen

1111 1797 1239 1838 deam
1267 1797 1565 1847 Sidoniorum,
1605 1803 1648 1839 et
1675 1798 1853 1838 Moloch

1022 1852 1190 1894 idolum
1226 1853 1590 1894 Ammonitarum.
1642 1854 1853 1905 Fecitque

1022 1909 1231 1950 Salomon
1261 1908 1382 1961 quod
1410 1921 1498 1950 non
1526 1909 1755 1961 placuerat
1783 1922 1851 1950 co-

1022 1977 1117 2005 ram
1135 1965 1338 2012 Domino,
1361 1970 1404 2005 et
1424 1977 1512 2006 non
1533 1964 1788 2017 adimplevit
1805 1971 1853 2006 ut

1023 2022 1280 2072 sequeretur
1299 2020 1552 2070 Dominum,
1577 2021 1690 2062 sicut
1709 2021 1853 2062 David

1020 2081 1147 2128 pater
1176 2078 1277 2128 ejus.
1314 2076 1441 2116 Tunc
1468 2076 1705 2118 aedificavit
1732 2077 1851 2117 Salo-

1020 2144 1125 2173 mon
1153 2132 1301 2173 fanum
1330 2131 1534 2182 Chamos,
1563 2132 1684 2174 idolo
1709 2132 1850 2182 Moab,

1020 2188 1065 2228 in
1083 2194 1233 2229 monte
1255 2188 1328 2239 qui
1348 2194 1415 2230 est
1430 2194 1585 2230 contra
1599 2188 1850 2239 Jerusalem,

1022 2249 1065 2285 et
1088 2243 1268 2285 Moloch
1290 2243 1412 2285 idolo
1437 2245 1627 2286 filiorum
1649 2246 1851 2285 Ammon.

1022 2300 1170 2351 Atque
1202 2300 1247 2340 in
1279 2300 1395 2341 hunc
1422 2300 1604 2342 modum
1631 2301 1734 2351 fecit
1761 2301 1849 2340 uni-

1021 2356 1161 2396 versis
1199 2355 1411 2397 uxoribus
1452 2357 1544 2397 suis
1582 2357 1850 2407 alienigenis,

1022 2424 1122 2463 quae
1148 2411 1388 2452 adolebant
1411 2412 1558 2462 thura,
1587 2417 1631 2454 et
1655 2411 1848 2453 immola-

1019 2467 1127 2508 bant
1147 2467 1230 2508 diis
1251 2467 1352 2508 suis.

1077 2523 1127 2562 R.
1150 2523 1334 2564 Factum
1354 2527 1433 2564 est.
1452 2524 1532 2564 181.

1324 2592 1474 2631 Lectio
1495 2592 1551 2631 iii.

1065 2652 1182 2703 gitur
1215 2653 1353 2693 iratus
1387 2658 1454 2694 est
1484 2651 1699 2693 Dominus
1727 2649 1846 2691 Salo-

1078 2708 1213 2758 moni,
1249 2707 1370 2760 quod
1397 2710 1553 2750 aversa
1580 2710 1696 2748 esset
1723 2717 1846 2746 mens
