2040 2976
193 212 291 256 [288]

591 212 662 246 Dic
689 215 719 246 ἒ).
744 214 861 246 «1111111.
908 213 949 247 B.
974 214 1021 246 M.
1047 214 1090 247 Y.
1116 214 1250 246 Matris
1276 214 1506 247 Gratiarum.

194 305 328 347 modo
363 305 440 347 fiet
470 304 613 347 istud?
654 305 772 347 Vide
803 305 1022 357 Angelum

192 361 419 411 scientem,
456 361 576 402 illam
611 363 895 413 quaerentem,
933 375 1022 403 non

193 416 477 458 diffidentem.
520 417 632 467 Quia
657 429 763 467 ergo
788 417 900 459 vidit
925 430 1022 459 eam

193 475 479 524 quaerentem,
507 485 594 514 non
614 473 904 523 diffidentem,
933 486 1022 514 non

191 541 239 569 se
258 529 435 580 negavit
454 529 750 570 instruentem.
777 529 897 570 Audi
918 531 1021 582 quo-

190 584 343 626 modo:
372 585 456 626 erit
483 585 710 635 virginitas
738 590 828 634 tua,
855 590 904 626 tu
929 590 1021 626 tan-

190 645 283 681 tum
308 640 440 681 crede
463 641 714 690 veritatem,
743 653 870 682 serva
894 641 1020 692 virgi-

190 696 382 746 nitatem,
403 697 555 749 accipe
571 697 878 747 integritatem.
907 698 1021 747 Quo-

190 753 307 793 niam
329 755 499 803 integra
524 758 591 794 est
608 753 720 794 fides
738 758 831 802 tua,
858 753 1022 794 intacta

191 809 274 849 erit
293 813 336 849 et
354 808 582 859 integritas
606 814 692 850 tua.
724 809 927 861 Denique
950 822 1021 850 au-

191 863 252 913 di,
290 864 515 916 quomodo
550 864 633 905 fiet.
663 864 798 906 istud:
834 865 1022 917 Spiritus

191 925 367 961 sanctus
387 921 666 972 superveniet
686 921 731 961 in
749 925 804 970 te,
824 925 867 962 et
883 921 1022 962 virtus

191 976 407 1017 Altissimi
451 976 735 1018 obumbrabit
775 977 871 1026 tibi,
921 977 1023 1029 quia

192 1031 280 1073 fide
320 1033 533 1084 cOncipis,
580 1033 680 1084 quia
718 1031 940 1074 credendo
978 1033 1023 1091 in

190 1091 333 1137 utero,
356 1101 444 1135 non
468 1088 804 1130 concumbendo
823 1088 1022 1130 habebis:

190 1145 428 1195 propterea
445 1143 566 1195 quod
579 1146 785 1184 nascetur
801 1144 856 1185 de
872 1150 916 1186 te
927 1144 1023 1185 San-

191 1205 310 1240 ctum
344 1199 575 1240 vocabitur
602 1199 738 1240 Filius
766 1200 860 1241 Dei.
907 1200 1022 1250 Quid

190 1268 254 1304 08,
285 1268 383 1307 quae
406 1258 565 1307 postea
587 1256 783 1307 paritura
808 1254 878 1297 es?
905 1257 1022 1298 unde

190 1309 408 1352 meruisti?
423 1311 539 1352 unde
554 1311 640 1353 hoc
655 1311 887 1364 accepisti?
905 1312 1021 1354 unde

190 1367 266 1407 fiet
291 1368 335 1407 in
359 1372 419 1417 te,
453 1367 527 1418 qui
553 1367 657 1408 fecit
681 1366 750 1409 te?
789 1368 922 1418 unde,
959 1369 1020 1409 in-

191 1435 339 1474 quam,
383 1422 464 1464 tibi
506 1423 591 1464 hoc
626 1428 798 1465 tantum
833 1423 1021 1465 bonum?

191 1479 329 1529 Virgo
351 1491 408 1527 es,
429 1484 579 1520 sancta
599 1492 657 1529 es,
676 1485 829 1521 votum
847 1480 1021 1530 vovisti,

190 1534 270 1575 sed
301 1535 503 1585 multum,
535 1535 657 1586 quod
686 1537 901 1586 meruisti,
931 1537 1021 1577 imo

190 1603 296 1631 vero
316 1591 512 1640 multum,
533 1591 654 1643 quod
674 1593 894 1644 accepisti.

244 1648 293 1688 R.
325 1646 416 1687 Sub
443 1652 567 1687 tuum
591 1647 849 1698 praesidium
873 1648 1020 1689 confu-

190 1702 332 1751 gimus
352 1702 691 1744 clementissima
709 1703 863 1754 Virgo,
888 1705 1021 1745 susci-

190 1770 247 1809 pe
262 1771 355 1807 nos,
374 1758 502 1799 unica
517 1771 621 1810 spes
635 1763 787 1800 nostra
802 1765 846 1800 et
859 1760 1022 1801 nostris

191 1812 413 1854 delectare
449 1813 671 1864 laudibus,
699 1814 723 1839 *
755 1815 923 1865 Quibus
961 1816 1021 1856 in-

191 1867 309 1918 digni
342 1869 460 1910 omni
492 1874 537 1910 te
564 1870 695 1912 laude
724 1870 1022 1921 dignissimam

190 1925 504 1966 collaudamus.
531 1922 580 1972 Y.
599 1926 735 1967 Aufer
756 1939 781 1967 a
799 1927 928 1968 nobis
946 1928 1021 1968 ini-

191 1981 380 2031 quitates
400 1986 586 2030 nostras,
609 1986 658 2023 ut
678 1982 797 2034 digni
814 1985 1021 2024 canamus

189 2036 268 2077 tibi
293 2036 445 2086 gloriae
464 2037 616 2079 melos.
655 2039 834 2088 Quibus.

477 2094 630 2135 Lectio
651 2095 736 2134 viii.

284 2161 355 2189 am
379 2150 495 2191 unde
521 2150 607 2192 hoc
631 2150 852 2193 meruisti?
883 2151 955 2192 Fit
978 2150 1021 2191 in

292 2209 354 2254 te,
387 2206 461 2256 qui
486 2206 591 2248 fecit
615 2212 675 2257 te;
706 2207 792 2248 fit
780 2221 824 2248 1n
849 2212 911 2256 te,
942 2219 1022 2260 per

191 2273 323 2312 quem
341 2260 457 2301 faeta
477 2274 538 2312 es;
557 2263 645 2304 imo
666 2276 772 2304 vero
791 2276 871 2316 per
891 2276 1022 2315 quem

189 2316 354 2358 factum
390 2322 458 2358 est
495 2318 655 2359 coelum
692 2315 736 2360 et
771 2324 904 2370 terra,
940 2331 1022 2371 per

191 2384 322 2423 quem
349 2372 465 2413 facta
493 2379 593 2415 sunt
623 2375 786 2424 omnia,
824 2375 874 2416 fit
905 2375 949 2415 in
977 2379 1021 2415 te

190 2428 389 2469 Verbum
408 2428 492 2469 Dei
511 2442 631 2479 caro,
651 2406 908 2483 accipiendo
929 2443 1020 2471 car-

190 2495 307 2533 nem,
340 2496 429 2524 non
462 2485 703 2526 amittendo
738 2486 1021 2527 divinitatem.

189 2540 246 2580 Et
264 2539 463 2581 Verbum
481 2540 672 2592 jungitur
691 2542 825 2591 carni,
850 2547 893 2583 et
911 2542 1020 2583 Ver-

188 2595 295 2636 bum
314 2596 548 2648 copulatur
567 2597 696 2646 carni,
716 2602 759 2638 et
773 2597 897 2648 hujus
911 2598 1022 2639 tanti

190 2652 380 2703 conjugii
407 2652 627 2693 thalamus
654 2656 808 2694 uterus
832 2658 949 2702 tuus,
978 2659 1022 2694 et

190 2707 332 2759 hujus,
366 2711 560 2760 inquam,
591 2709 701 2751 tanti
734 2709 936 2760 conjugii,
975 2708 1021 2750 id

1074 310 1142 346 est
1163 304 1303 346 Verbi
1329 309 1374 346 et
1404 305 1548 346 carnis
1571 304 1790 346 thalamus
1801 297 1903 346 'ute-

1073 373 1148 400 rus
1171 365 1287 401 tuus:
1321 359 1438 401 unde
1463 360 1559 412 ipse
1584 360 1782 412 Sponsus
1804 372 1905 413 pro-

1074 415 1192 456 cedit
1220 415 1276 456 de
1303 415 1499 457 thalamo
1527 428 1619 457 suo.
1662 415 1836 457 Invenit
1860 421 1906 457 te

1074 471 1300 522 Virginem
1324 473 1582 524 conceptus,
1609 470 1790 513 dimittit
1807 471 1905 513 Vir-

1074 528 1219 579 ginem
1250 532 1389 569 natus.
1442 527 1532 569 Dat
1562 526 1906 577 foecunditatem,

1074 596 1162 624 non
1188 583 1304 625 tollit
1328 583 1635 635 integritatem.
1670 582 1799 625 Unde
1825 582 1907 625 tibi

1075 638 1181 681 hoc?
1237 640 1449 681 Proterve
1485 639 1714 690 Virginem
1753 638 1908 681 videor

1074 696 1365 746 interrogare,
1408 700 1452 737 et
1495 696 1620 748 quasi
1654 695 1906 748 importune

1075 764 1204 793 aures
1238 751 1513 793 verecundas
1548 752 1633 793 ista
1667 765 1767 794 mea
1795 764 1907 794 voce

1074 808 1264 860 pulsare.
1305 808 1394 849 Sed
1421 808 1552 850 video
1580 808 1809 859 Virginem
1836 820 1907 850 ve-

1075 864 1401 914 recundantem,
1419 869 1463 906 et
1477 869 1625 905 tamen
1638 863 1906 916 responden-

1074 927 1180 971 tem,
1198 933 1359 973 meque
1378 920 1699 962 admonentem.
1736 919 1907 970 Quaeris

1075 990 1101 1018 a
1118 990 1199 1027 me,
1219 977 1337 1019 unde
1354 976 1461 1017 mihi
1480 975 1587 1019 hoc?
1615 976 1908 1018 Verecundor

1074 1034 1154 1075 tibi
1172 1032 1442 1086 respondere
1460 1033 1626 1075 bonum
1639 1045 1800 1074 meum:
1820 1033 1907 1074 An-

1074 1090 1160 1141 geli
1179 1090 1282 1131 audi
1300 1090 1440 1142 ipsius
1460 1089 1780 1139 salutatic'mem,
1801 1094 1845 1131 et
1863 1089 1908 1130 in

1074 1158 1144 1187 me
1168 1148 1360 1197 agnesce
1382 1151 1504 1187 tuam
1528 1145 1727 1186 salutem.
1766 1144 1908 1187 Crede

1075 1202 1146 1242 cui
1170 1201 1349 1243 credidi.
1392 1200 1521 1243 Unde
1547 1200 1653 1248 mihi
1678 1201 1764 1243 hoc
1791 1213 1907 1253 quae-

1074 1257 1156 1298 ris?
1187 1257 1384 1308 Angelus
1409 1257 1689 1310 respendeat.
1721 1257 1805 1298 Dic
1829 1256 1906 1297 mi-

1074 1313 1120 1354 hi
1139 1313 1326 1364 Angele,
1354 1313 1471 1354 unde
1489 1314 1641 1355 Mariae
1666 1311 1774 1355 hoc?
1810 1313 1908 1354 Jam

1075 1369 1182 1419 dixi,
1227 1382 1327 1411 cum
1372 1369 1573 1411 salutavi:
1625 1369 1723 1411 Ave
1766 1369 1906 1420 gratia

1074 1425 1215 1478 plena.

1128 1482 1179 1532 Rz.
1204 1482 1340 1523 Porta
1364 1482 1467 1523 coeli
1491 1486 1536 1523 et
1561 1481 1688 1523 stella
1706 1481 1840 1523 maris
1860 1493 1908 1522 es

1074 1538 1214 1588 Virgo
1238 1538 1395 1588 Maria,
1424 1538 1560 1589 Regis
1585 1539 1738 1580 aeterni
1755 1538 1908 1588 Mater,

1074 1599 1226 1645 gratos
1248 1607 1331 1636 nos
1350 1593 1488 1636 redde
1506 1594 1618 1636 Filio
1637 1600 1731 1644 tuo,
1751 1594 1775 1619 *
1796 1594 1909 1644 Quia

1075 1651 1217 1691 omnis
1236 1650 1388 1700 virtus,
1409 1655 1452 1692 et
1473 1650 1618 1700 decor,
1638 1655 1683 1692 et
1699 1626 1838 1702 g'loria
1853 1662 1908 1691 ex

1074 1711 1119 1747 te
1133 1706 1396 1758 resplendet.
1419 1701 1469 1752 V
1484 1707 1554 1748 Tu
1567 1707 1708 1748 veniae
1723 1719 1844 1756 vena,
1858 1711 1908 1748 tu

1074 1763 1228 1813 gratiae
1253 1763 1411 1812 Mater,
1436 1767 1485 1803 tu
1511 1775 1614 1815 spes
1640 1762 1808 1812 mundi,
1836 1773 1907 1803 ex-

1074 1818 1177 1859 audi
1208 1831 1290 1859 nos
1323 1819 1564 1860 clamAntes
1597 1817 1654 1860 ad
1684 1823 1740 1860 te.
1785 1793 1908 1868 Quia.

1078 1874 1230 1915 Gloria
1247 1875 1380 1915 Patri.
1409 1874 1530 1924 Quia.

1128 1941 1261 1976 Lectio
1279 1942 1330 1976 ix,
1351 1942 1398 1976 dc
1416 1942 1471 1977 Ss.
1489 1942 1620 1977 Primo
1643 1947 1680 1977 et
1695 1943 1905 1987 Feliciano,

1076 1991 1185 2024 Mart.
1216 1994 1259 2024 ut
1290 1990 1328 2023 in
1356 1990 1559 2025 Breviario
1591 1991 1727 2026 eadem
1756 1992 1834 2036 die,
1870 1995 1907 2027 et

1077 2049 1125 2072 cx
1150 2039 1303 2072 duobus
1327 2038 1578 2073 Lectionibus
1603 2040 1645 2074 fit
1668 2050 1754 2074 una.

1130 2098 1170 2132 Si
1206 2099 1280 2132 hoc
1310 2098 1487 2132 Officium
1521 2096 1720 2134 transferri
1760 2099 1906 2154 contin-

1076 2151 1151 2188 gat,
1177 2146 1206 2180 1
1210 2146 1308 2180 cctio
1332 2146 1383 2180 ix.
1409 2147 1481 2180 crit
1505 2157 1611 2190 sequ.

1379 2207 1561 2248 Lectio
1550 2222 1605 2248 lx.

1250 2264 1367 2298 Scrm.
1391 2265 1475 2299 2³0.
1501 2265 1547 2299 dc
1573 2266 1735 2300 Sanctis.

1075 2311 1271 2416 Maria
1290 2330 1396 2359 vero
1420 2317 1596 2370 quando
1617 2330 1641 2359 e
1660 2322 1816 2359 contra
1833 2318 1905 2366 ait,

1193 2373 1419 2426 quomodo
1439 2373 1517 2415 fiet
1539 2373 1673 2423 istud,
1701 2373 1906 2425 queniam

1073 2431 1214 2471 virum
1246 2442 1334 2470 non
1366 2432 1606 2481 cognesco,
1643 2429 1905 2481 inquirendo

1074 2486 1195 2535 dixit,
1213 2497 1303 2526 non
1321 2485 1612 2538 desperando.
1640 2486 1758 2527 Dum
1776 2485 1905 2527 inter-

1074 2542 1266 2593 rogavit,
1285 2554 1373 2583 non
1393 2542 1449 2583 de
1467 2542 1763 2595 promissione
1783 2541 1905 2583 dubi·
1943 2550 1946 2554 ’

1074 2598 1194 2639 tavit.
1224 2598 1262 2639 O
1281 2610 1385 2639 vere
1409 2599 1550 2649 gratia
1567 2597 1714 2650 plena!
1742 2590 1825 2639 Sic
1839 2602 1906 2638 est

1074 2655 1190 2694 enim
1210 2654 1266 2695 ab
1282 2654 1453 2705 Angelo
1473 2654 1676 2696 salutata.
1694 2655 1791 2695 Ave
1810 2654 1904 2704 gra-

1073 2710 1134 2750 tia
1151 2710 1291 2762 plena.
1329 2710 1435 2760 Quis
1459 2710 1572 2751 hanc
1597 2709 1789 2762 explicet
1810 2710 1904 2760 gra-
