2040 2976
816 202 1013 235 l)‹)minica
1043 201 1066 233 1.
1094 199 1268 240 Augusti.

188 302 350 343 liuntur
365 299 540 341 fraudes
554 304 707 340 contra
722 298 889 339 animas
905 310 1016 338 suas.

189 358 259 400 Sic
292 356 459 398 semitae
497 356 639 397 omnis
675 355 813 404 avari,
850 354 1017 396 animas

191 413 509 467 possidentium
529 412 715 465 rapiunt.

1378 296 1529 337 Lectio
1552 310 1587 335 v.

1151 365 1169 402 t
1201 359 1306 412 quid
1338 360 1393 402 de
1419 360 1590 403 >Judaessis
1625 361 1748 404 dico?
1789 363 1897 406 Sunt

1167 418 1298 459 etiam
1327 418 1372 458 in
1400 417 1529 460 nobis
1561 419 1635 471 qui
1659 419 1822 462 habent
1846 420 1896 462 ti-

1069 476 1239 516 morem
1270 474 1369 525 Dei,
1415 474 1495 516 sed
1530 487 1619 516 non
1655 475 1898 518 secundum

1071 531 1309 580 scientiam,
1329 533 1573 573 statuentes
1593 530 1770 574 duriora
1788 546 1897 586 prae·

1071 590 1217 641 cepta,
1265 601 1362 641 quae
1404 601 1493 630 non
1530 589 1672 641 possit
1709 588 1899 631 humana

1072 644 1268 687 conditio
1303 645 1529 691 sustinere.
1585 645 1739 687 Timor
1769 646 1813 687 in
1845 659 1899 688 eo

1073 706 1155 751 est,
1194 702 1296 754 quia
1323 701 1527 744 videntur
1560 701 1644 744 sibi
1671 702 1901 745 consulere

1074 757 1335 812 disciplinae,
1368 772 1480 812 opus
1508 759 1682 801 virtutis
1710 761 1901 811 exigere:

1074 814 1154 856 sed
1184 815 1356 857 inscitia
1387 816 1431 856 in
1465 829 1517 858 eo
1554 821 1637 866 est,
1681 816 1783 868 quia
1814 829 1902 858 non

1075 873 1402 925 compatiuntur
1439 876 1627 923 naturae,
1662 886 1751 915 non
1789 874 1901 915 aesti-

1073 934 1194 972 mant
1212 929 1564 982 possibilitatem.
1599 929 1701 972 Non
1721 930 1776 972 sit
1796 943 1900 982 ergo

1074 986 1387 1028 irrationabilis
1415 988 1557 1029 timor.
1598 987 1773 1029 Etenim
1798 999 1903 1030 vera

1076 1043 1290 1096 sapientia
1309 1056 1333 1084 a
1351 1044 1510 1086 timore
1529 1044 1614 1086 Dei
1632 1044 1806 1097 incipit3·
1822 1057 1904 1086 nec

1077 1105 1143 1141 est
1167 1100 1381 1153 sapientia
1405 1101 1615 1154 spiritalis
1634 1101 1728 1142 sine
1746 1100 1905 1142 timore

1076 1157 1174 1198 Dei:
1205 1157 1266 1198 ita
1289 1157 1421 1199 timor
1447 1158 1538 1199 sine
1569 1157 1784 1211 sapientia
1807 1170 1905 1199 esse

1077 1226 1166 1255 non
1186 1213 1328 1256 debet.

1128 1282 1179 1331 R.
1210 1280 1388 1321 Initium
1413 1280 1640 1333 sapientiae
1663 1280 1794 1322 timor
1817 1280 1906 1321 Do-

1077 1336 1198 1377 mini:
1214 1338 1236 1362 *
1259 1337 1514 1379 Intellectus
1536 1337 1680 1379 bonus
1705 1336 1906 1379 omnibus

1078 1393 1338 1435 facientibus
1359 1407 1471 1436 eum:
1493 1393 1689 1436 laudatio
1710 1394 1801 1445 eius
1819 1407 1906 1435 ma-

1079 1455 1153 1492 net
1172 1450 1216 1490 in
1232 1451 1441 1492 saeculum
1456 1450 1616 1492 saeculi.
1643 1443 1694 1496 V.
1715 1450 1907 1492 Dilectio

1078 1507 1193 1548 illius
1225 1506 1427 1549 custodia
1453 1507 1600 1559 legum
1624 1512 1705 1549 est:
1739 1507 1840 1560 quia
1864 1519 1908 1549 o-

1079 1564 1192 1605 mnis
1219 1564 1433 1616 sapientia
1457 1564 1589 1606 timor
1613 1563 1804 1606 Domini.
1839 1563 1907 1604 In-

1079 1620 1293 1663 tellectus.

240 490 291 541 Rt·
331 487 496 528 Emitte
533 485 721 526 Domine
760 483 1018 537 sapientiam

191 544 245 586 de
271 543 376 585 sede
400 541 710 594 magnitudinis
732 546 837 590 tuae,
866 545 913 581 ut
932 551 1017 580 me·

192 614 290 643 cum
320 601 391 650 sit,
424 605 467 641 et
494 612 667 640 mecum
694 598 881 640 laboret:
906 599 927 622 *
960 596 1019 638 Ut

191 658 325 699 sciam
351 656 457 708 quid
482 658 712 709 acceptum
735 655 790 696 sit
809 666 958 695 coram
975 657 1019 694 te

193 714 309 756 omni
341 715 553 766 tempore.
610 710 660 761 Yf.
696 713 765 753 Da
796 710 901 752 mihi
931 710 1018 750 Do-

191 771 308 812 mine
340 770 510 812 sedium
546 772 720 812 tuarum
752 768 1020 810 assistricem

193 828 461 880 sapientiam.
489 827 558 868 Ut.
585 827 738 868 Gloria
756 825 886 866 Patri.
914 824 983 865 Ut.

423 926 470 965 In
493 925 543 964 11.
565 925 786 964 Nocturno.

194 1000 262 1039 Ex
281 997 493 1038 Tractatu
518 995 657 1036 sancti
675 993 897 1036 Ambrosii
920 995 1021 1047 Epi-

245 1054 370 1106 scopi
390 1053 434 1093 in
453 1051 674 1093 Psalmum
694 1051 981 1092 centesimum

381 1108 598 1150 decimum
620 1112 834 1150 octavum.

248 1180 396 1221 Lectio
417 1179 468 1219 iv.
601 1178 733 1218 Serm.
749 1178 786 1217 ἵ).
804 1189 913 1217 vers.
930 1177 966 1216 6.

275 1245 471 1293 ,anitium
511 1257 607 1286 esse
640 1244 868 1296 sapientiae
899 1244 1023 1285 timo-

268 1270 306 1361 'iffi
335 1315 427 1343 rem
446 1301 640 1351 Domini,
668 1301 772 1343 dicit
790 1300 1023 1353 Propheta.

335 1358 450 1409 Quid
482 1364 550 1400 est
582 1363 728 1400 autem
758 1358 928 1399 initium
960 1371 1024 1399 sa-

196 1416 388 1468 pientiae,
427 1415 511 1456 nisi
549 1415 712 1456 saeculo
750 1413 1024 1457 renuntiare?

197 1473 310 1522 Quia
325 1475 481 1525 sapere
496 1471 734 1522 saecularia,
753 1472 936 1513 stultitia
948 1477 1026 1513 est.

197 1530 399 1581 Denique
426 1529 687 1581 sapientiam
712 1529 837 1581 hujus
864 1528 1026 1580 mundi,

199 1587 428 1628 stultitiam
454 1599 551 1627 esse
577 1584 697 1639 apud
720 1586 879 1635 Deum,
907 1586 1026 1639 Apo-

201 1642 340 1684 stolus
360 1642 476 1684 dicit.
504 1642 591 1684 Sed
612 1648 655 1684 et
674 1643 769 1695 ipse
788 1643 920 1684 timor
938 1643 1026 1685 Do-

199 1699 322 1748 mini,
347 1699 430 1740 nisi
453 1699 694 1741 secundum
718 1700 943 1741 scientiam
962 1700 1028 1750 sit,

201 1756 307 1798 nihil
325 1756 518 1809 prodest,
537 1756 625 1798 imo
641 1756 768 1798 obest
782 1757 1029 1809 plurimum.

201 1813 426 1865 Siquidem
441 1814 465 1854 J
467 1813 582 1855 udaei
598 1813 759 1855 habent
774 1814 916 1855 zelum
931 1814 1028 1855 Dei:

202 1869 282 1912 sed
322 1870 422 1922 quia
459 1883 548 1912 non
586 1870 749 1912 habent
788 1870 1030 1912 secundum

204 1928 446 1977 scientiam,
479 1928 523 1967 in
549 1927 648 1980 ipso
677 1927 773 1968 zelo
803 1933 846 1969 et
873 1927 1030 1969 timore

201 1984 410 2035 majorem
430 1983 691 2025 contrahunt
710 1983 948 2026 divinitatis
969 1984 1028 2026 of-

203 2040 379 2081 fensam.
412 2039 542 2091 Quod
562 2039 877 2083 circumcidunt
895 2041 1029 2082 infan-

202 2096 319 2138 tulos
353 2110 473 2146 suos,
515 2097 635 2149 quod
671 2097 857 2139 sabbata
890 2100 1030 2139 custo-

204 2153 344 2202 diunt,
381 2154 586 2195 timorem
619 2154 702 2196 Dei
734 2153 913 2196 habent:
952 2153 1032 2196 sed

205 2210 306 2262 quia
355 2211 553 2252 nesciunt
601 2211 745 2263 legem
791 2211 1032 2264 spiritalem

205 2279 321 2317 esse,
367 2267 684 2310 circumcidunt
720 2281 898 2321 corpus,
943 2282 1033 2310 non

205 2336 281 2366 cor
300 2337 437 2365 suum.

258 2400 308 2451 R.
334 2398 404 2439 Da
422 2398 528 2439 mihi
546 2399 734 2440 Domine
753 2399 923 2440 sedium
940 2401 1032 2441 tua-

205 2469 302 2497 rum
316 2455 583 2497 assistricem
598 2456 869 2509 sapientiam,
887 2461 930 2497 et
944 2456 1034 2497 noli

204 2525 274 2554 me
293 2512 534 2565 reprobare
553 2526 578 2554 a
596 2513 744 2565 pueris
764 2513 865 2554 tuis:
880 2515 900 2538 *
919 2513 1032 2562 Quo-

205 2570 322 2611 niam
341 2582 494 2611 servus
513 2574 614 2610 tuus
634 2582 730 2610 sum
747 2582 841 2620 ego,
862 2574 905 2611 et
919 2569 1033 2610 filius

206 2626 376 2669 ancillae
395 2632 494 2668 tuae.
530 2622 579 2673 le.
604 2626 729 2668 Mitte
754 2626 871 2667 illam
895 2625 950 2667 de
970 2638 1033 2667 se-

207 2683 262 2726 de
277 2681 586 2734 magnitudinis
601 2688 700 2731 tuae,
719 2688 766 2724 ut
780 2695 951 2724 mecum
967 2683 1033 2733 sit,

207 2746 251 2784 et
268 2753 440 2783 mecum
458 2740 640 2782 laboret.
669 2740 894 2790 Quoniam.

207 1259 245 1294 ’ἐῷ

206 1289 245 1363 ι’ἓὲὶ

1382 1694 1534 1734 Lectio
1556 1693 1607 1732 vi.

1081 1756 1251 1863 Basis
1290 1760 1493 1814 quaedam
1523 1759 1647 1802 verbi
1682 1765 1749 1802 est
1779 1760 1911 1802 timor

1184 1824 1372 1862 sanctus.
1426 1817 1547 1859 Sicut
1586 1817 1700 1858 enim
1736 1816 1909 1858 simula-

1084 1891 1205 1920 crum
1231 1875 1413 1928 aliquod
1435 1875 1479 1916 in
1498 1874 1593 1916 basi
1616 1874 1838 1924 statuitur,
1859 1878 1911 1931 et

1083 1941 1187 1977 tunc
1211 1933 1421 1985 majorem
1445 1930 1580 1973 habet
1603 1930 1789 1982 gratiam
1812 1943 1911 1973 cum

1083 1993 1127 2033 in
1170 1990 1267 2032 basi
1311 1991 1456 2031 statua
1501 1988 1632 2030 fuerit
1677 1986 1911 2037 collocata,

1084 2047 1316 2099 standique
1351 2045 1512 2098 accipit
1543 2044 1809 2086 firmitatem:
1850 2044 1912 2086 ita

1083 2104 1267 2147 verbum
1286 2103 1371 2144 Dei
1394 2102 1439 2143 in
1462 2102 1620 2144 timore
1646 2106 1798 2143 sancto
1823 2103 1910 2143 me-

1083 2162 1166 2203 lius
1191 2160 1412 2209 statuitur,
1441 2159 1597 2201 fortius
1622 2157 1846 2200 radicatur
1868 2157 1913 2199 in

1083 2221 1264 2272 pectore
1287 2216 1480 2259 timentis
1504 2215 1754 2257 Dominum:
1777 2227 1832 2256 ne
1855 2214 1913 2255 la-

1083 2276 1214 2318 batur
1246 2273 1431 2316 verbum
1464 2272 1519 2314 de
1552 2271 1687 2314 corde
1721 2271 1818 2321 viri,
1858 2284 1913 2313 ne

1084 2332 1260 2374 veniant
1278 2330 1499 2379 volucres,
1524 2334 1567 2371 et
1591 2328 1788 2370 auferant
1806 2326 1915 2369 illud

1086 2389 1140 2431 de
1179 2387 1387 2430 incuriosi
1425 2390 1469 2428 et
1507 2385 1822 2428 dissimulantis
1855 2384 1913 2425 af-

1085 2447 1213 2488 fectu.

1140 2510 1189 2560 Ru
1214 2510 1413 2553 Verbum
1432 2509 1634 2560 iniquum
1648 2511 1692 2548 et
1711 2505 1915 2548 dolosum

1085 2568 1216 2620 longe
1235 2567 1304 2609 fac
1328 2580 1353 2608 a
1372 2579 1443 2608 me
1462 2565 1665 2607 Domine:
1683 2558 1704 2581 *
1727 2562 1915 2604 Divitias

1087 2631 1131 2668 et
1162 2627 1470 2678 paupertatem
1501 2635 1556 2664 ne
1589 2621 1763 2663 dederis
1794 2619 1918 2670 mihi,

1088 2682 1166 2724 sed
1191 2687 1361 2724 tantum
1387 2679 1522 2722 victui
1545 2690 1645 2720 meo
1674 2677 1818 2720 tribue
1843 2690 1915 2719 ne-

1087 2739 1287 2780 cessaria.
1322 2731 1372 2782 Y.
1393 2738 1495 2779 Duo
1514 2734 1669 2787 rogavi
1685 2739 1746 2785 te,
1769 2746 1824 2776 ne
1844 2733 1916 2776 de-
