2040 2976
585 238 656 273 Die
683 240 735 273 18.
758 240 855 282 Aug.
902 240 937 274 S.
962 240 1120 275 Helenae
1144 242 1290 285 Imper..
1316 244 1400 277 Vid.

136 334 244 376 latet
278 334 427 387 palma
461 334 563 376 vitae
601 337 789 377 aeternae.
849 336 962 386 Quo-

135 390 271 433 modo
296 403 366 432 me
391 390 667 443 redemptam
692 392 898 442 arbitror,
926 392 963 433 si

137 447 382 500 redemptio
407 448 505 500 ipsa
529 460 616 490 non
643 449 852 490 cernitur?
888 449 962 490 Vi-

137 504 222 546 deo
238 503 345 557 quid
359 504 510 556 egeris,
527 504 714 554 diabole,
729 510 777 547 ut
790 505 963 556 gladius

139 573 226 612 quo
258 562 515 613 peremptus
547 573 609 611 eS,
651 561 963 603 obstrueretur.

137 617 225 659 Sed
250 617 376 659 Isaac
403 617 656 659 obstractos
681 618 736 659 ab
763 618 962 669 alienige-

137 674 204 716 nis
233 677 393 727 pateos
421 673 692 724 eruderavit,
720 688 801 717 nec
827 675 964 717 latere

138 743 298 784 aquam
315 744 473 784 passus
496 735 574 773 est.
610 731 811 773 Tollatur
834 732 963 782 igitur

137 790 277 837 ruina,
302 792 350 829 ut
367 788 459 829 vita
477 790 700 841 appareat.
732 788 965 830 Promatur

137 843 326 896 gladius,
354 856 442 896 quo
461 845 554 886 veri
574 844 716 886 Goliae
741 850 874 898 caput
899 850 965 886 est

138 902 423 953 amputatum.
458 901 700 954 Aperiatur
719 901 892 951 humus,
918 907 966 943 ut

138 957 255 998 salus
274 957 448 1009 fulgeat.
480 957 594 1008 Quid
615 958 758 1008 egisti,
779 958 965 1008 diabole,

138 1019 187 1056 ut
231 1014 528 1056 absconderes
572 1014 752 1066 lignum,
797 1015 880 1056 nisi
918 1020 966 1057 ut

138 1073 298 1112 iterum
316 1070 578 1113 vincereris?

191 1131 243 1183 R.
277 1128 465 1181 Propter
493 1128 740 1177 veritatem,
775 1133 817 1169 et
850 1140 964 1168 man-

140 1183 432 1235 suetudinem,
459 1189 503 1226 et
528 1184 752 1236 justitiam,
771 1189 793 1213 *
815 1184 872 1225 Et
896 1184 966 1225 de-

141 1240 274 1282 ducet
306 1246 350 1283 te
382 1241 639 1283 mirabiliter
673 1241 855 1282 dextera
882 1246 967 1282 tua.

140 1294 192 1347 V.
210 1298 366 1351 Specie
385 1303 470 1349 tua,
491 1303 535 1340 et
553 1297 879 1351 pulchritudine
893 1303 968 1339 tua

140 1354 335 1404 intende,
362 1357 577 1408 prospere
599 1353 809 1407 procede,
838 1359 881 1396 et
904 1366 966 1397 re-

141 1423 237 1462 gna.
265 1411 321 1453 Et
341 1410 541 1454 deducet.

273 1476 277 1478 ’
447 1469 599 1511 Lectio
620 1483 657 1509 v.

141 1520 310 1628 Vicit
324 1529 368 1566 te
378 1525 526 1576 Maria,
544 1538 643 1578 quae
658 1526 806 1576 genuit
820 1525 967 1566 trium-

251 1581 498 1634 phatorem,
528 1594 626 1634 quae
655 1582 747 1623 sine
773 1582 968 1622 imminu-

143 1638 263 1680 tione
290 1638 552 1689 virginitatis
580 1638 719 1680 edidit
748 1651 864 1688 eum,
896 1638 970 1690 qui

145 1694 379 1736 crucifixus
398 1697 592 1737 vinceret
616 1700 676 1745 te,
704 1700 748 1737 et
771 1697 969 1736 mortuus

146 1750 408 1803 subjugaret.
445 1752 647 1794 Vinceris
677 1756 720 1793 et
746 1750 895 1802 hodie,
922 1756 971 1793 ut

144 1807 299 1850 mulier
326 1813 423 1850 tuas
449 1808 630 1850 insidias
660 1807 969 1861 deprehendat.

117 1919 121 1920 ⁷
144 1864 226 1906 Illa
251 1865 376 1917 quasi
398 1870 549 1907 sancta
567 1865 804 1908 Dominum
829 1866 968 1915 gesta-

145 1921 223 1971 vit,
242 1934 335 1975 ,ego
363 1934 538 1964 crucem
566 1923 657 1975 ejus
681 1921 969 1972 investigabo.

143 1977 225 2018 Ina
249 1980 503 2029 generatum
526 1978 698 2028 detulit,
727 1990 810 2029 ego
829 1990 968 2019 resus-

146 2034 337 2076 citatum.
377 2034 459 2076 Illa
486 2035 605 2086 fecit,
634 2040 682 2076 ut
708 2035 829 2076 Deus
858 2035 970 2076 inter

143 2090 343 2133 hemines
370 2091 611 2142 videretur,
640 2104 722 2143 ego
751 2090 807 2133 ad
834 2093 968 2132 reme-

145 2146 266 2189 dium
287 2150 572 2202 peccatorum
595 2148 789 2190 divinum
813 2147 867 2189 de
886 2150 968 2188 rui-

144 2204 211 2246 nis
239 2204 424 2247 elevabo
452 2205 672 2248 vexillum.
709 2204 865 2258 Aperit
891 2206 968 2245 ita-

147 2273 231 2313 que
245 2261 435 2312 h'umum‚
451 2262 618 2305 decutit
631 2262 868 2315 pulverem,
887 2261 971 2302 tria

144 2317 342 2370 patibula
352 2319 535 2373 confusa
545 2319 720 2372 reperit,
737 2330 834 2370 quae
847 2319 971 2358 ruina

146 2376 412 2425 contexerat,
439 2375 639 2417 inimicus
668 2373 970 2416 absconderat.

145 2430 233 2472 Sed
256 2443 345 2473 non
369 2432 515 2484 potuit
541 2430 785 2473 oblitterari
811 2429 971 2471 Christi

145 2487 402 2540 triumphus.
442 2489 616 2530 Incerta
644 2487 783 2528 haeret
808 2490 856 2527 ut
879 2489 969 2526 mu-

146 2542 236 2592 lier,
256 2543 335 2585 sed
354 2549 518 2586 certam
532 2543 781 2595 indaginem
795 2546 970 2583 sanctus

146 2598 333 2651 Spiritus
352 2600 546 2653 inspirat.

191 2655 244 2706 R.
276 2655 481 2698 Dilexisti
507 2656 734 2708 justitiam,
767 2659 811 2696 et
836 2653 970 2695 odisti

146 2712 474 2764 iniquitatemz*
504 2713 748 2765 Propterea
774 2710 899 2751 unxit
926 2714 971 2751 te

145 2768 284 2818 Deus,
335 2769 457 2811 Deus
502 2774 603 2810 tuus
650 2768 748 2809 oleo
792 2766 970 2808 laetitiae.

1748 246 1840 290 [347]

1022 330 1071 382 V.
1093 337 1282 390 Propter
1305 340 1547 391 veritatem,
1574 346 1617 383 et
1642 354 1839 383 mansue-

1016 393 1224 444 tudinem,
1243 400 1287 437 et
1305 396 1523 447 justitiam.
1550 398 1802 450 Propterea.

1320 451 1470 493 Lectio
1492 452 1543 492 vi.

1024 485 1272 609 Quaesivit
1297 508 1464 558 clavos,
1491 509 1647 561 quibus
1673 511 1840 552 crucifi-

1119 576 1200 603 xus
1233 569 1299 605 est
1330 564 1560 615 Deminus,
1594 571 1637 607 et
1668 567 1841 608 invenit.

1018 619 1085 660 De
1114 632 1200 660 uno
1230 620 1352 661 clavo
1381 621 1528 662 frenos
1556 622 1651 664 fieri
1678 625 1840 675 praece-

1018 676 1098 728 pit,
1140 675 1195 718 de
1232 676 1371 719 altero
1408 677 1611 720 diadema
1646 679 1841 730 intexuit,

1018 746 1151 773 unum
1171 732 1228 774 ad
1248 733 1470 783 decorem,
1490 735 1675 777 alterum
1695 735 1751 777 ad
1771 736 1842 777 de-

1018 790 1242 831 votionem
1268 790 1410 832 vertit.
1446 791 1637 833 Visitata
1665 798 1730 834 est
1754 793 1841 833 Μ3-

1018 848 1099 895 ria,
1131 851 1179 888 ut
1211 847 1382 888 Hevam
1413 847 1636 889 liberaret:
1667 849 1843 890 visitata

1020 907 1086 944 est
1117 902 1303 952 Helena,
1344 908 1392 944 ut
1424 904 1713 956 imperatores
1747 905 1841 946 red-

1018 959 1265 1000 imerentur.
1306 960 1424 1002 Misit
1455 963 1603 1013 itaque
1636 961 1728 1002 filio
1763 974 1842 1002 suo

1020 1016 1308 1057 Constantino
1343 1016 1546 1058 diadema
1573 1017 1756 1068 gemmis
1783 1018 1842 1058 in-

1020 1073 1239 1124 signitum,
1287 1086 1395 1125 quas
1436 1074 1687 1126 pretiosiori
1727 1074 1842 1115 ferro

1019 1130 1199 1171 innexas
1218 1130 1336 1171 cruci
1355 1130 1669 1183 redemptionis
1686 1130 1843 1171 divinae

1019 1199 1192 1236 gemma
1220 1189 1514 1237 connecteret3
1545 1187 1664 1228 misit
1693 1192 1736 1228 et
1763 1187 1842 1228 fre-

1020 1256 1134 1284 num.
1166 1243 1365 1295 Utroque
1389 1256 1494 1284 usus
1516 1248 1582 1284 est
1601 1243 1843 1284 Constanti-

1020 1312 1117 1350 nus,
1144 1304 1187 1341 et
1210 1298 1343 1340 fidem
1362 1300 1604 1341 transmisit
1623 1298 1679 1340 ad
1698 1301 1843 1352 peste-

1021 1368 1094 1396 ros
1118 1368 1256 1407 reges.
1293 1356 1561 1408 Principium
1584 1358 1732 1408 itaque
1756 1368 1843 1397 cre-

1023 1412 1216 1454 dentium
1231 1413 1544 1465 imperatorum
1559 1417 1756 1453 sanctum
1768 1417 1845 1462 est,

1023 1468 1143 1521 quod
1169 1481 1300 1522 super
1326 1469 1511 1510 frenum:
1542 1482 1595 1510 ex
1621 1468 1696 1510 illo
1723 1468 1844 1519 fides,

1021 1530 1070 1567 ut
1115 1526 1366 1578 persecutio
1414 1528 1622 1574 cessaret,
1667 1525 1844 1566 devotio

1023 1581 1289 1624 succederet.
1317 1582 1546 1635 Sapienter
1560 1582 1730 1623 Helena
1746 1582 1844 1632 egit,

1025 1652 1123 1691 quae
1143 1652 1317 1680 crucem
1335 1639 1379 1679 in
1399 1639 1542 1692 capite
1561 1651 1712 1689 regum
1731 1638 1844 1679 leva-

1023 1696 1101 1745 vit,
1129 1700 1177 1737 ut
1200 1709 1307 1737 crux
1327 1695 1488 1736 Christi
1510 1696 1554 1735 in
1578 1694 1753 1746 regibus
1775 1693 1846 1735 ad-

1024 1754 1183 1793 oretur.
1235 1752 1337 1793 Non
1369 1751 1603 1793 insolentia
1635 1751 1734 1800 ista,
1768 1750 1846 1791 sed

1022 1811 1164 1861 pietas
1182 1814 1258 1859 est,
1279 1822 1377 1850 cum
1393 1808 1585 1851 defertur
1601 1820 1736 1849 sacrae
1751 1807 1845 1848 red-

1023 1866 1244 1917 empti6ni.
1306 1865 1455 1906 Bonus
1507 1867 1654 1917 itaque
1695 1863 1844 1904 clavus

1023 1922 1213 1963 Romani
1239 1922 1425 1974 imperii,
1459 1921 1531 1973 qui
1562 1926 1703 1962 totum
1735 1919 1845 1970 regit

1023 1978 1192 2028 orbem,
1225 1983 1268 2020 et
1295 1979 1427 2019 vestit
1459 1978 1704 2030 principum
1731 1976 1844 2017 fron-

1021 2039 1121 2083 tem,
1139 2038 1188 2075 ut
1206 2034 1292 2075 sint
1310 2033 1636 2086 praedicatores,
1657 2032 1730 2084 qui
1747 2044 1843 2085 per-

1023 2086 1248 2132 secutores
1267 2103 1363 2131 esse
1385 2091 1715 2131 consueverunt.

1072 2146 1124 2197 R.
1142 2142 1309 2188 Fallax'
1315 2146 1465 2197 gratia,
1485 2151 1529 2188 et
1543 2158 1656 2187 vana
1670 2149 1737 2186 est
1751 2144 1843 2198 pul-

1023 2202 1241 2244 chritudo:
1268 2203 1291 2227 *
1322 2202 1478 2244 Mulier
1504 2203 1663 2244 timens
1690 2201 1844 2250 Deum,

1021 2260 1118 2311 ipsa
1136 2258 1396 2300 laudabitur.
1419 2251 1470 2303 V.
1492 2259 1606 2300 Date
1626 2257 1666 2299 ei
1685 2256 1740 2299 de
1759 2257 1843 2297 fru-

1023 2320 1095 2356 ctu
1124 2317 1331 2355 manuum
1363 2317 1554 2365 suarum,
1592 2318 1635 2356 et
1651 2312 1844 2364 ,laudent

1023 2384 1119 2413 eam
1143 2371 1186 2411 in
1210 2371 1351 2423 portis
1378 2373 1514 2424 Opera
1539 2371 1640 2423 ejus.
1677 2369 1843 2410 Mulier.

1022 2427 1175 2469 Gloria
1193 2427 1324 2468 Patri.
1351 2427 1519 2469 Mulier.

1073 2487 1117 2521 In
1138 2487 1203 2521 111.
1224 2487 1423 2521 Nocturno
1446 2486 1615 2521 Homilia
1637 2485 1676 2518 in
1696 2484 1839 2526 Evang.

1021 2535 1154 2570 Simile
1184 2539 1251 2570 est.
1283 2535 1329 2569 de
1362 2535 1506 2570 Comm.
1535 2543 1604 2567 nec
1634 2532 1739 2575 Virg.
1771 2541 1840 2565 nec

1021 2582 1127 2617 Mart.
1153 2583 1255 2626 [108]

1071 2635 1203 2669 Lectio
1225 2635 1273 2668 ix.
1292 2635 1326 2669 S.
1344 2634 1514 2678 Agapiti,
1535 2637 1570 2667 et
1588 2633 1626 2666 in
1642 2631 1839 2665 Laudibus

1022 2693 1216 2717 commem.
1235 2682 1314 2717 Oct.
1334 2683 1413 2725 523,
1434 2692 1478 2715 ac
1501 2680 1535 2714 S.
1554 2679 1710 2722 Agapiti
1732 2679 1839 2712 Mart.
1865 2680 1867 2682 ’

1020 2735 1061 2764 ut
1085 2731 1123 2764 in
1147 2730 1359 2764 Breviario.
1386 2729 1459 2764 527.
