2040 2976
194 219 262 255 198

195 315 249 357 de
290 313 457 367 populo
505 314 733 353 servorum
772 309 934 359 David,
980 315 1023 351 et

193 373 390 412 mortuus
414 373 481 410 est
501 367 631 409 etiam
650 367 779 408 Urias
799 365 1023 407 Hethaeus.

251 429 296 467 lt.
324 425 440 466 Audi
459 424 658 465 Domine.
678 424 771 463 180.

247 490 315 530 Ad
346 490 518 540 Magnit.
563 490 659 529 Ant.
706 487 905 528 Obsecro
934 487 1021 527 Do-

193 545 318 594 mine,
339 546 363 571 *
383 545 504 586 aufer
523 544 798 596 iniquitatem
817 543 932 583 servi
948 544 1022 593 tui,

194 601 295 652 quia
314 601 569 653 insipienter
588 600 667 651 egi.

246 656 295 707 V.
333 661 599 713 Vespertina
635 660 777 702 oratio
815 659 1023 701 ascendat

194 716 250 758 ad
282 722 326 758 te
359 717 558 758 Domine.
614 717 663 767 Rg.
694 716 751 757 Et
784 715 1024 757 descendat

194 786 326 826 super
345 786 427 814 nos
445 772 747 814 misericordia
766 778 851 813 tua.

453 853 765 881 *ωη-

406 925 682 975 Dominica
705 925 793 974 VI.

302 997 442 1043 post
488 991 914 1030 Pentecosten.

428 1064 477 1102 In
504 1064 533 1102 Ι.
562 1063 785 1102 Nocturno.

299 1125 366 1167 De
389 1125 502 1167 libro
523 1124 716 1166 secundo
738 1125 920 1175 Regum.

248 1190 399 1230 Lectio
421 1190 443 1228 i.
792 1188 894 1239 Cap.
916 1189 970 1227 12.

197 1266 227 1307 χ
340 1251 425 1292 isit
462 1263 567 1300 ergo
601 1250 816 1291 Dominus
848 1249 1024 1291 Nathan

197 1300 234 1356 '3'
264 1308 309 1362 ἢ]
371 1305 428 1347 ἃᾶ
442 1305 601 1347 David:
622 1307 697 1357 qui
717 1319 816 1347 cum
832 1308 1025 1347 venisset

369 1362 427 1403 ad
452 1375 568 1411 eum,
595 1361 705 1404 dixit
731 1363 788 1403 ei:
815 1362 916 1402 Duo
942 1362 1025 1402 viri

195 1424 318 1459 erant
342 1419 386 1458 in
410 1418 587 1460 civitate
613 1431 717 1467 una,
751 1431 863 1459 unus
889 1416 1025 1467 dives,

196 1479 239 1515 et
275 1475 385 1516 alter
422 1487 602 1527 pauper.
659 1474 796 1515 Dives
832 1473 1025 1515 habebat

196 1543 317 1580 oves,
364 1536 406 1572 et
448 1530 587 1572 boves
629 1530 842 1582 plurimos
884 1529 1024 1571 valde.

194 1587 368 1638 Pauper
389 1592 535 1628 autem
554 1587 661 1627 nihil
680 1586 870 1628 habebat
891 1588 1024 1627 omni-

196 1654 272 1691 no,
297 1648 461 1694 praeter
485 1655 612 1684 ovem
635 1656 766 1684 unam
785 1642 1024 1695 parvulam,

198 1711 328 1749 quam
349 1701 528 1749 emerat,
553 1706 596 1741 et
616 1702 841 1748 nutrierat,
861 1705 904 1741 et
925 1712 1023 1751 quae

197 1756 394 1796 creverat
417 1755 536 1808 apud
565 1769 664 1797 eum
688 1769 787 1798 cum
808 1756 908 1796 filiis
933 1756 1024 1807 ejus

197 1811 340 1860 simul,
361 1811 415 1852 de
435 1824 548 1864 pane
566 1812 682 1853 illius
702 1812 954 1861 comedens,
982 1817 1025 1853 et

197 1867 252 1908 de
273 1867 408 1908 calice
428 1869 519 1918 ejus
538 1868 708 1919 bibens,
736 1874 779 1911 et
798 1870 842 1910 in
862 1869 958 1910 sinu
977 1868 1023 1908 il—

196 1922 279 1964 lius
300 1922 535 1965 dormiens:
560 1927 740 1977 eratque
763 1925 825 1966 illi
844 1926 956 1967 sicut
976 1926 1023 1967 fi-

196 1978 264 2020 lia.
326 1979 434 2019 Cum
466 1986 611 2022 autem
643 1984 900 2033 peregrinus
934 1984 1024 2035 qui-

198 2033 300 2075 dam
319 2037 510 2077 venisset
533 2036 589 2078 ad
613 2037 810 2087 divitem,
837 2052 1024 2091 parcens

196 2089 270 2130 ille
292 2093 463 2132 sumere
489 2092 543 2133 de
569 2093 724 2134 ovibus
745 2099 789 2135 et
809 2094 863 2135 de
882 2095 1025 2137 bobus

198 2146 307 2195 suis,
334 2152 381 2188 ut
405 2147 632 2190 exhiberet
656 2151 905 2192 convivium
928 2165 1024 2204 per-

199 2204 350 2252 egrino
369 2203 446 2253 illi,
472 2205 545 2255 qui
566 2207 744 2248 venerat
763 2206 820 2248 ad
839 2220 902 2256 se,
926 2208 1026 2249 tulit

199 2271 328 2300 ovem
347 2259 429 2300 viri
447 2261 670 2313 pauperis,
696 2267 739 2304 et
757 2265 1026 2315 praeparavit

199 2314 322 2357 cibos
341 2314 506 2356 homini
525 2318 598 2368 qui
617 2320 796 2360 venerat
814 2319 871 2360 ad
889 2333 948 2361 se.

250 2380 300 2430 R.
327 2380 581 2432 Praeparate
606 2382 741 2424 corda
766 2389 913 2425 vestra
936 2385 1023 2426 Do-

198 2435 332 2484 mino,
357 2441 400 2477 et
421 2439 583 2478 servite
606 2438 669 2478 illi
688 2439 784 2479 soli:
803 2437 824 2459 *
846 2440 903 2481 Et
921 2440 1024 2482 libe-

199 2491 315 2532 rabit
342 2504 422 2533 vos
451 2492 506 2534 de
528 2494 728 2535 manibus
750 2495 1025 2537 inimicorum

199 2549 458 2588 vestrorum.
515 2542 563 2592 V·
611 2549 924 2592 Convertimini
969 2552 1025 2593 ad

201 2616 299 2645 eum
327 2605 370 2644 in
397 2609 492 2646 toto
521 2605 656 2646 corde
685 2612 849 2656 vestro,
883 2613 926 2649 et
954 2621 1024 2648 au-

198 2661 308 2702 ferte
327 2660 436 2702 deos
456 2661 621 2703 alienos
641 2661 696 2703 de
715 2662 862 2704 medio
882 2664 1025 2705 vestri.

199 2717 255 2759 Et
273 2716 485 2759 liberAbit.

704 212 905 245 Dominiea
931 212 992 245 YI.
1019 219 1107 253 post
1135 211 1395 244 Pentecosten.

1387 302 1540 343 Lectio
1561 302 1601 341 ii.

1079 360 1244 464 Iratus
1267 370 1415 406 autem
1436 362 1736 414 indignatione
1759 360 1906 402 David

1136 421 1348 463 adversus
1373 419 1596 460 hominem
1619 417 1742 459 illum
1766 417 1906 466 nimis,

1076 478 1185 519 dixit
1218 476 1275 518 ad
1305 474 1496 516 Nathan:
1530 474 1654 515 Vivit
1679 473 1907 521 Dominus,

1076 533 1284 585 quoniam
1311 531 1427 572 filius
1459 530 1616 571 mortis
1643 534 1712 571 est
1737 529 1804 586 vir
1833 528 1908 580 qui

1074 589 1178 630 fecit
1195 588 1289 629 hoc.
1319 587 1460 628 Ovem
1479 584 1636 627 reddet
1653 585 1698 625 in
1718 583 1906 637 quadru-

1075 645 1208 697 plum,
1224 657 1277 685 eo
1290 641 1411 695 quod
1421 641 1574 683 fecerit
1583 640 1768 682 verbum
1777 639 1907 690 istud,

1076 705 1120 742 et
1134 713 1223 741 non
1237 699 1498 752 pepercerit.
1522 697 1645 738 Dixit
1660 701 1807 737 autem
1820 695 1906 736 Na-

1075 756 1182 797 than
1201 754 1258 797 ad
1272 754 1431 796 David:
1450 754 1520 794 Tu
1539 766 1586 795 es
1606 753 1679 794 ille
1699 752 1775 794 vir.
1797 752 1908 794 Haec

1077 811 1184 852 dicit
1215 811 1432 851 Dominus
1467 810 1589 851 Deus
1618 807 1771 850 Isra'el:
1811 808 1908 860 Ego

1076 868 1181 908 unxi
1208 871 1254 908 te
1279 867 1322 907 in
1347 879 1498 917 regem
1523 877 1656 918 super
1680 864 1836 913 Israel,
1865 869 1909 906 et

1077 936 1160 973 ego
1185 923 1279 964 erui
1300 928 1344 964 te
1370 922 1425 964 de
1444 935 1576 963 manu
1594 920 1714 971 Saul,
1743 925 1786 962 et
1806 919 1910 962 dedi

1076 979 1157 1021 tibi
1183 979 1363 1021 domum
1386 978 1552 1020 domini
1574 977 1654 1026 tui,
1680 981 1724 1018 et
1746 979 1909 1019 uxores

1077 1035 1243 1077 domini
1262 1036 1327 1076 tui
1340 1035 1384 1075 in
1399 1035 1496 1076 sinu
1510 1039 1599 1083 tuo,
1619 1033 1811 1084 dedique
1829 1033 1910 1075 tibi

1078 1091 1259 1134 domum
1276 1091 1414 1132 Israel
1435 1095 1479 1132 et
1497 1090 1522 1131 J
1524 1089 1626 1132 uda:
1651 1093 1694 1131 et
1717 1090 1754 1131 si
1772 1103 1910 1142 parva

1078 1154 1179 1190 sunt
1201 1149 1300 1198 ista,
1329 1147 1531 1199 adjiciam
1554 1146 1635 1187 tibi
1658 1145 1797 1188 multo
1820 1159 1909 1187 ma-

1077 1206 1179 1256 jora.
1204 1205 1350 1254 Quare
1370 1216 1476 1254 ergo
1496 1202 1801 1255 contempsisti
1814 1215 1909 1244 ver-

1077 1260 1182 1302 bum
1206 1260 1386 1301 Domini
1411 1265 1459 1301 ut
1484 1259 1653 1300 faceres
1678 1258 1842 1300 malum
1865 1259 1910 1299 in

1078 1319 1322 1370 conspectu
1345 1314 1469 1357 meo?
1499 1315 1650 1357 Uriam
1673 1313 1911 1356 Hethaeum

1076 1373 1335 1426 percussisti
1349 1371 1510 1423 gladio,
1530 1376 1574 1414 et
1591 1373 1777 1413 uxorem
1794 1370 1910 1412 illius

1078 1429 1290 1482 accepisti
1313 1431 1357 1469 in
1382 1431 1566 1470 uxorem
1589 1427 1685 1477 tibi,
1713 1432 1758 1470 et
1779 1427 1908 1469 inter-

1077 1485 1220 1527 fecisti
1244 1498 1344 1527 eum
1367 1485 1515 1536 gladio
1536 1484 1729 1525 filiorum
1751 1485 1910 1526 Amon.

1131 1545 1182 1596 R.
1206 1546 1329 1587 Deus
1354 1545 1548 1587 omnium
1572 1544 1804 1586 exauditor
1827 1549 1910 1586 est:

1078 1602 1174 1655 ipse
1199 1602 1318 1644 misit
1337 1601 1556 1652 Angelum
1580 1614 1723 1651 suum,
1749 1606 1793 1643 et
1811 1600 1911 1642 tulit

1077 1672 1147 1700 me
1175 1659 1231 1701 de
1257 1659 1414 1701 ovibus
1437 1658 1576 1711 patris
1595 1657 1696 1699 mei:
1718 1655 1741 1679 *
1758 1657 1816 1699 Et
1833 1670 1908 1698 un-

1077 1715 1142 1757 xit
1160 1728 1230 1757 me
1250 1715 1457 1757 unctione
1476 1712 1793 1755 misericordiae
1807 1726 1910 1756 suae.

1079 1767 1130 1815 V.
1146 1771 1373 1820 Dominus,
1395 1770 1471 1823 qui
1491 1769 1652 1823 eripuit
1671 1782 1742 1811 me
1762 1768 1818 1811 de
1833 1782 1910 1812 ore

1077 1827 1228 1877 leonis,
1249 1833 1292 1869 et
1311 1826 1367 1869 de
1385 1839 1518 1868 manu
1535 1825 1691 1868 bestiae
1708 1825 1911 1868 liberavit

1077 1897 1158 1925 me.
1184 1884 1252 1925 Et.

1384 1930 1536 1971 Lectio
1556 1930 1612 1970 iii.

1163 2004 1264 2033 uam
1292 1990 1350 2032 ob
1377 2003 1471 2032 rem
1497 2003 1587 2032 non
1614 1989 1795 2031 recedet
1819 1989 1908 2041 gla-

1185 2047 1283 2089 dius
1327 2047 1382 2088 de
1419 2046 1552 2088 domo
1584 2051 1661 2088 tua
1693 2058 1833 2098 usque
1865 2046 1909 2087 in

1079 2104 1409 2156 sempiternum,
1436 2115 1490 2144 eo
1513 2102 1631 2155 quod
1652 2101 1909 2155 despexeris

1078 2173 1159 2210 me,
1175 2165 1219 2202 et
1233 2159 1386 2201 tuleris
1400 2161 1585 2201 uxorem
1595 2159 1714 2200 Uriae
1724 2158 1909 2209 Hethaei,

1079 2222 1127 2258 ut
1152 2221 1270 2257 esset
1294 2228 1407 2257 uxor
1425 2221 1512 2257 tua.
1545 2216 1702 2267 Itaque
1727 2214 1824 2256 haec
1846 2215 1907 2256 di-

1079 2273 1139 2314 cit
1157 2272 1389 2315 Dominus:
1415 2273 1546 2322 Ecce,
1573 2284 1655 2322 ego
1683 2271 1908 2313 suscitabo

1079 2341 1212 2381 super
1240 2334 1284 2370 te
1314 2328 1478 2369 malum
1504 2328 1559 2370 de
1584 2327 1718 2370 domo
1743 2332 1836 2377 tua,
1865 2332 1909 2369 et

1078 2385 1232 2426 tollam
1258 2387 1420 2426 uxores
1448 2389 1548 2426 tuas
1575 2385 1618 2425 in
1645 2384 1784 2426 oculis
1809 2385 1907 2434 tuis,

1080 2446 1123 2482 et
1150 2441 1267 2483 dabo
1293 2441 1498 2493 proximo
1524 2446 1620 2490 tuo,
1651 2446 1696 2482 et
1719 2440 1909 2491 dormiet

1080 2510 1178 2537 cum
1209 2496 1420 2538 uxoribus
1445 2497 1532 2538 tuis
1559 2497 1603 2537 in
1630 2496 1768 2538 oculis
1793 2496 1907 2537 Solis

1078 2552 1215 2604 hujus.
1247 2553 1316 2594 Tu
1340 2553 1454 2594 enim
1471 2553 1615 2595 fecisti
1633 2551 1907 2610 abscondite:

1079 2621 1161 2659 ego
1182 2614 1329 2651 autem
1348 2610 1505 2651 faciam
1523 2609 1707 2651 verbum
1725 2608 1844 2650 istud
1863 2609 1907 2649 in

1079 2667 1322 2718 conspectu
1342 2667 1483 2707 omnis
1503 2665 1654 2715 Israel,
1679 2670 1724 2706 et
1742 2665 1785 2705 in
1804 2677 1904 2707 con-

1079 2723 1234 2773 spectu
1261 2722 1386 2764 Solis.
1439 2723 1496 2765 Et
1529 2722 1639 2764 dixit
1669 2720 1817 2763 David
1849 2720 1906 2763 ad
