2040 2976
456 234 528 268 Die
553 236 584 270 9.
608 234 713 268 Julii.
761 234 817 268 Ss.
842 233 995 267 Nicolai
1021 238 1055 267 ct
1081 233 1281 267 Sociorum
1306 233 1524 276 Martyrum.

137 331 271 374 fidem
291 332 554 389 exasperato
569 330 697 381 genio
713 330 966 380 affecerunt3

138 402 190 430 ac
202 388 344 442 prima
357 390 488 428 nocte
502 385 546 426 in
557 385 846 437 guardianum
861 389 967 428 atro-

139 446 232 488 cius
258 443 599 493 debacchantes,
627 443 728 485 fune
756 443 966 485 cinctorio

140 503 196 545 de
220 500 542 555 superliminari
567 501 845 552 suspensum,
875 512 964 541 cre-

138 560 318 611 brisque
336 556 595 599 attractibus
611 556 881 606 convulsum,
900 570 967 598 ru-

138 621 217 669 pto
244 614 424 657 tandem
451 614 568 663 fune,
602 613 855 666 pavimento
888 613 966 654 illi-

140 686 252 721 sum,
305 671 460 713 mortis
498 668 784 723 explorandae
821 682 967 719 causa,

140 728 333 771 candelis
361 726 616 769 ardentibus
644 725 850 775 admotis,
879 738 967 767 cre-

139 787 345 837 mataque
373 789 469 826 tota
492 783 620 834 facie,
653 787 697 824 et
725 795 802 823 ore
826 783 870 823 vi
896 782 967 824 de-

140 843 287 893 ducto,
306 842 499 892 linguam
519 845 563 882 et
578 840 775 893 palatum
790 839 967 881 combu-

139 904 253 941 runt:
280 898 384 951 quin
409 898 540 939 etiam
563 897 771 938 insertam
789 896 968 938 naribus

142 957 363 997 flammam
381 955 425 995 in
446 953 676 996 cerebrum
697 952 968 994 submittunt.

141 1014 290 1064 Atque
314 1011 383 1053 his
410 1011 593 1063 aliisque
618 1009 763 1051 modis
782 1009 969 1060 indignis

141 1070 357 1122 Martyres
381 1067 537 1110 diebus
556 1066 849 1118 noctibusque
869 1066 966 1108 sub-

142 1125 426 1179 sequentibus
467 1126 671 1166 continue
707 1123 968 1165 divexaban-

194 1240 245 1290 R.
280 1239 428 1280 Sancti
459 1238 524 1280 tui
550 1238 739 1279 Domine
771 1237 970 1279 mirabile

121 1302 127 1313 “
144 1296 370 1339 consecuti
385 1300 486 1337 sunt
500 1295 593 1344 iter,
609 1294 848 1336 servientes
861 1308 970 1347 prae-

144 1353 283 1406 ceptis
311 1352 413 1402 tuiS,
446 1357 494 1394 ut
521 1351 819 1393 invenirentur
846 1351 972 1392 illaesi

143 1410 187 1452 in
211 1410 336 1462 aquis
361 1408 532 1459 validis,
556 1408 578 1431 *
601 1408 742 1449 Terra
767 1409 971 1460 apparuit

144 1466 282 1518 arida,
322 1471 366 1508 et
403 1466 447 1506 in
473 1465 583 1506 Mari
610 1464 744 1507 rubro
776 1466 848 1506 via
880 1465 972 1506 sine

144 1523 472 1577 impedimento.
497 1515 548 1567 W.
566 1522 782 1572 Quoniam
796 1525 972 1574 percus-

145 1581 201 1622 sit
225 1585 413 1633 petram,
441 1583 485 1620 et
512 1578 731 1620 fluxerunt
755 1591 900 1630 aquae,
930 1583 974 1619 et

144 1639 364 1679 torrentes
382 1634 713 1677 inundaverunt.
741 1635 888 1676 Terra.

454 1690 604 1731 Lectio
632 1705 668 1730 v.

240 1750 384 1801 avigio
411 1748 586 1800 deiude,
612 1749 822 1792 extractis
847 1749 973 1790 vesti-

247 1807 343 1856 bus,
361 1806 451 1849 bini
470 1806 676 1858 colligati,
695 1806 974 1848 Dordracum

145 1865 300 1917 primo,
331 1863 522 1905 Brielam
554 1866 712 1916 postea
744 1862 973 1912 vehuntur,

145 1921 383 1962 innumeris
398 1923 617 1972 utrimque
632 1919 870 1973 petulantis
885 1919 973 1971 ple-

145 1977 213 2018 bis
230 1977 515 2026 illusionibus,
535 1981 579 2018 et
596 1976 850 2018 insanientis
867 1975 974 2016 mili-

145 2034 218 2075 tiae
232 2033 451 2075 furoribus
466 2033 653 2075 contusi:
674 2033 866 2084 dumque
884 2031 976 2072 sub-

147 2090 442 2140 sannationes,
480 2090 618 2141 flagra
655 2095 698 2132 et
730 2089 868 2130 fustes
901 2087 972 2129 de-

145 2146 363 2199 pluerent‚
400 2146 577 2188 stabant
609 2158 736 2188 senes
773 2147 975 2197 (quorum

146 2202 280 2255 aliqui
299 2203 629 2255 sexagesimum,
649 2202 783 2254 aliqui
803 2206 973 2254 septua-

145 2259 359 2310 gesimum
378 2273 539 2301 annum
555 2262 845 2308 excesserant,
863 2270 974 2298 unus

145 2316 477 2367 nonagesimum
505 2329 646 2369 prope
672 2315 889 2366 attigerat)
919 2313 975 2355 ad

145 2377 301 2425 pectus
316 2385 456 2425 usque
470 2372 634 2422 nudati,
655 2371 770 2413 collo
783 2371 973 2421 strigoso

145 2441 238 2481 prae
257 2429 412 2479 macie,
437 2434 531 2470 tum
551 2442 575 2470 e
595 2428 737 2481 plagis
756 2426 892 2469 livido
914 2431 974 2468 at-

147 2497 232 2536 que
251 2487 450 2536 cruent03
470 2491 515 2528 et
534 2484 591 2527 ad
605 2484 775 2535 singula
790 2483 975 2525 verbera

146 2541 216 2583 vel
248 2554 332 2594 pro
363 2542 549 2583 inimicis
575 2553 748 2594 preces,
781 2540 850 2581 vel
878 2540 974 2580 Deo

146 2602 310 2648 grates,
338 2598 409 2640 vel
435 2598 588 2650 agonis
614 2598 680 2638 sui
699 2595 973 2638 commenda-

146 2654 307 2704 tiones,
362 2656 591 2707 spectante
642 2658 687 2695 et
737 2652 974 2693 insultante

146 2709 439 2762 multitudine,
462 2708 776 2763 rependebant.
803 2708 912 2749 Inde
930 2708 974 2748 in

146 2765 471 2808 foetidissimum
514 2768 734 2807 carcerem
775 2765 975 2816 conjecti,

1749 234 1841 279 [329]

1017 331 1130 372 fame
1150 336 1193 373 et
1208 332 1290 381 siti,
1310 331 1493 383 aliisque
1508 331 1738 373 tormentis
1753 335 1843 372 ten-

1017 387 1107 437 tati,
1125 393 1173 429 ut
1193 401 1218 429 a
1237 387 1453 430 catholica
1468 387 1556 429 fide
1571 386 1844 436 recederent3

1017 443 1303 495 postmodum
1325 443 1550 486 blanditiis
1576 444 1735 494 allecti,
1763 455 1844 484 nec

1017 500 1155 550 minis,
1174 513 1255 542 nec
1270 501 1496 542 lenociniis
1511 501 1718 542 invictam
1732 499 1844 540 Mar-

1017 561 1162 609 tyrum
1176 556 1476 598 fortitudinem
1493 557 1717 598 flexerunt.
1740 556 1846 606 Qua-

1018 625 1065 653 re
1085 612 1242 665 capitis
1263 613 1492 662 sententia,
1511 612 1647 654 multa
1666 613 1750 663 jam
1769 624 1844 653 no-

1019 674 1089 710 cte
1113 682 1139 710 a
1160 671 1347 721 tyranno
1372 669 1460 711 lata
1484 668 1694 718 damnati,
1723 668 1844 710 diris-

1020 726 1141 766 simis
1166 725 1429 767 cruciatibus
1455 725 1616 775 affecti,
1644 725 1734 767 bini
1759 724 1845 766 col-

1018 781 1159 833 ligati,
1192 786 1316 823 extra
1348 780 1500 834 oppidi
1532 787 1683 834 portas
1711 779 1845 822 addu-

1021 842 1188 880 cuntur.

1076 901 1126 952 Rg.
1160 894 1360 936 Verbera
1394 894 1646 935 carnificum
1679 907 1766 936 non
1798 894 1846 936 ti-

1021 954 1223 993 muerunt
1243 951 1382 993 sancti
1399 951 1493 1001 Dei,
1511 952 1746 993 morientes
1764 963 1846 1003 pro

1024 1008 1185 1050 Christi
1208 1008 1401 1057 nomine,
1426 1012 1447 1036 *
1462 1008 1521 1049 Ut
1546 1007 1747 1049 haeredes
1774 1007 1846 1048 fie-

1022 1070 1119 1106 rent
1137 1065 1180 1105 in
1201 1063 1333 1106 domo
1354 1064 1540 1105 Domini.
1572 1062 1621 1113 Y.
1636 1062 1845 1105 Tradide-

1023 1126 1123 1162 runt
1155 1123 1342 1173 corpora
1380 1133 1459 1161 sua
1490 1125 1673 1172 propter
1705 1121 1847 1161 Deum

1023 1177 1080 1219 ad
1099 1177 1325 1230 supplicia.
1353 1177 1412 1218 Ut
1431 1175 1642 1218 haeredes.

1326 1236 1476 1277 Lectio
1496 1236 1549 1275 iv.

1109 1299 1309 1349 epertum
1333 1296 1555 1347 tugurium
1580 1295 1659 1336 fuit
1682 1294 1767 1335 illis
1788 1293 1848 1334 ul-

1118 1353 1212 1395 timi
1231 1353 1480 1395 certaminis
1496 1352 1696 1394 stadium.
1725 1350 1849 1391 Alius

1024 1412 1172 1462 itaque
1201 1409 1333 1450 alium
1362 1409 1418 1450 ad
1443 1411 1717 1450 constantem
1740 1420 1849 1448 mar-

1024 1467 1126 1520 tyrii
1184 1465 1461 1508 tolerantiam
1522 1463 1851 1507 exstimulabat:

1027 1537 1213 1576 quorum
1245 1522 1554 1573 antesignanus
1585 1519 1851 1572 guardianus

1026 1580 1083 1621 ad
1103 1579 1367 1633 supplicium
1387 1584 1551 1631 raptus,
1571 1578 1727 1619 fratres
1748 1589 1851 1617 suos

1026 1636 1254 1689 amplexus
1280 1641 1324 1677 et
1351 1635 1590 1684 osculatus,
1618 1633 1672 1675 ab
1699 1632 1851 1674 exhor-

1026 1692 1172 1735 tandis
1218 1692 1369 1742 sociis,
1414 1691 1561 1733 verbis
1606 1689 1852 1743 apostolico

1028 1750 1199 1791 fervore
1224 1749 1364 1802 plenis
1389 1761 1476 1789 non
1501 1747 1683 1796 destitit3
1713 1745 1854 1787 donec

1028 1806 1068 1848 ei
1103 1806 1294 1848 astrictis
1330 1804 1529 1846 faucibus
1571 1803 1691 1845 vocis
1727 1815 1854 1843 usum

1027 1863 1211 1914 laqueus
1243 1863 1560 1914 intercepisset.
1613 1860 1722 1900 Post
1753 1870 1852 1899 eum

1027 1919 1184 1971 reliqui
1228 1918 1545 1969 subsequenter
1594 1916 1638 1956 in
1682 1914 1853 1956 trabem

1028 1979 1225 2027 aguntur.
1264 1974 1366 2015 Non
1395 1973 1559 2026 quievit
1585 1972 1656 2013 hic
1683 1970 1851 2012 haereti-

1027 2045 1091 2073 cae
1119 2031 1304 2073 feritatis
1333 2029 1575 2079 barbaries;
1606 2040 1707 2069 nam
1736 2040 1853 2068 scru-

1027 2088 1130 2129 tatis
1160 2087 1323 2129 intimis
1353 2084 1611 2133 visceribus,
1640 2083 1852 2137 perquisi-

1026 2147 1162 2196 toque
1182 2143 1431 2192 abdomine,
1456 2142 1600 2195 pretio
1620 2139 1763 2182 venali
1783 2152 1852 2181 ex-

1026 2199 1244 2253 ponendo,
1263 2199 1505 2251 Martyrum
1524 2200 1723 2250 corpora,
1741 2195 1852 2236 nari-

1026 2258 1125 2307 bus,
1175 2255 1368 2305 auribus,
1421 2255 1604 2307 aliisque
1653 2251 1853 2306 partibus

1026 2313 1298 2362 mutilarunt,
1333 2324 1441 2364 quas
1468 2312 1512 2352 in
1540 2310 1853 2362 consummatae

1027 2369 1298 2412 crudelitatis
1329 2368 1506 2409 exuvias
1534 2367 1663 2420 pileis
1691 2364 1854 2413 affixas,

1026 2426 1176 2468 infami
1190 2424 1381 2466 ludibrio
1400 2423 1771 2466 circumtulerunt:
1789 2422 1851 2462 to-

1026 2488 1160 2534 taque
1175 2480 1270 2523 dies
1286 2480 1515 2533 explendae
1527 2477 1854 2520 adventantium

1028 2537 1271 2580 curiositati
1286 2537 1366 2579 fuit
1381 2536 1497 2579 data:
1517 2535 1657 2577 donec
1677 2532 1853 2585 quidam

1029 2594 1243 2637 Catholici
1262 2594 1551 2646 impetrarunt
1566 2593 1755 2643 corpora
1769 2588 1852 2629 suf-

1028 2652 1160 2692 fossae
1188 2650 1351 2692 ibidem
1378 2649 1498 2690 humi
1524 2646 1732 2688 mandari.
1766 2644 1854 2686 Ubi

1027 2708 1138 2749 inter
1157 2706 1328 2748 medios
1348 2704 1558 2746 Ecclesiae
1578 2703 1729 2743 hostes
1746 2700 1852 2741 mul-

1027 2765 1084 2806 tis
1104 2764 1226 2806 annis
1245 2762 1562 2815 requieverunt,
1589 2770 1729 2811 usque
1749 2757 1853 2799 dum
