2040 2976
799 213 1008 246 Commune
1035 211 1324 254 Apostolorum.

289 313 511 365 Praecepta
533 325 719 365 quorum
736 311 940 365 protinus

333 369 538 420 Languor
559 369 765 422 salusque
786 368 992 417 sentiunt3

333 425 492 467 Sanate
510 431 679 468 mentes
698 424 943 476 languidas:

334 483 506 533 Augete
525 496 607 524 nos
626 482 879 524 virtutibus:

289 547 352 597 Ut,
380 561 479 589 cum
498 547 659 589 redibit
678 547 842 589 arbiter

334 605 383 644 In
404 604 490 646 fine
512 604 709 646 Christus
729 604 890 653 saeculi,

332 661 428 702 Nos
448 661 703 714 sempiterni
721 661 868 712 gaudii

334 717 559 759 Concedat
579 731 676 760 esse
697 720 936 770 compotes.

292 781 414 832 Patri,
443 781 659 834 simulque
679 782 802 831 Filio,

336 838 526 891 Tibique
546 844 695 880 sancte
715 839 913 891 Spiritus,

334 895 455 937 Sicut
473 890 565 946 fuit,
593 895 649 937 sit
669 895 826 947 jugiter

335 951 525 995 Saeclum
543 965 623 1005 per
643 964 771 994 omne
789 951 939 1003 gloria.

570 1009 723 1050 Amen.

261 1068 310 1120 Y.
351 1069 732 1111 Annuntiaverunt
770 1070 906 1122 opera
942 1068 1036 1110 Dei.

210 1131 258 1182 R.
284 1127 342 1169 Et
360 1127 476 1169 facta
495 1127 585 1179 ejus
604 1126 922 1169 intellexerunt.

261 1191 329 1231 Ad
346 1191 517 1241 Magnis.
549 1193 648 1231 Ant.
679 1190 835 1230 Estote
855 1188 992 1229 fortes
1011 1188 1035 1213 *

206 1245 249 1286 in
277 1245 404 1295 bello,
438 1251 482 1287 et
508 1247 700 1299 pugnate
730 1258 829 1286 cum
856 1247 1036 1297 antiquo

208 1304 424 1355 serpente:
453 1307 497 1344 et
521 1302 747 1355 accipietis
771 1314 954 1353 regnum
981 1314 1036 1343 ae-

205 1361 388 1410 ternum,
416 1359 597 1411 alleliija.

469 1429 778 1456 ’‘QQ*

368 1494 430 1535 11.
452 1493 587 1536 Aliae
606 1493 869 1535 Lectiones

470 1558 540 1591 pro
557 1547 772 1591 Apostolis.

432 1609 482 1647 In
508 1609 558 1647 II.
586 1608 810 1648 Nocturno.

211 1670 276 1710 De
304 1667 589 1720 Expositione
616 1668 656 1710 S.
683 1667 918 1718 Augustini
937 1669 1037 1720 Epi-

249 1725 373 1778 scopi
393 1738 524 1778 super
542 1724 765 1766 Psalmum
785 1725 998 1777 octogesi-

457 1795 577 1823 mum
597 1787 780 1824 sextum.

286 1841 437 1882 Lectio
457 1842 510 1880 iv.
657 1846 757 1879 Ante
779 1845 958 1880 medium.

213 1899 594 1961 ssqssundamenta
621 1900 712 1952 ejus
743 1900 787 1939 in
814 1897 1037 1940 montibus

220 1998 223 2000 ,
245 1947 315 2017 Ji
347 1956 524 1997 sanctis:
544 1955 685 2007 diligit
702 1955 918 1997 Dominus
937 1967 1036 2008 por-

216 2010 321 2039 w*
347 2018 415 2054 tas
439 2013 554 2054 Sion.
593 2013 737 2063 Quare
764 2017 865 2054 sunt
889 2011 1038 2053 funda-

210 2071 357 2110 menta
367 2069 581 2121 Apostoli,
597 2074 640 2111 et
649 2067 909 2122 Prophetae?
926 2069 1038 2120 Quia

212 2127 365 2167 eorum
388 2126 626 2167 auctoritas
649 2131 800 2179 portat
818 2126 1039 2168 infirmita-

212 2187 301 2223 tem
328 2187 534 2223 nostram.
572 2183 716 2232 Quare
745 2188 846 2224 sunt
872 2181 1039 2236 portae?

214 2238 325 2288 Quia
339 2251 418 2291 per
432 2238 552 2291 ipsos
567 2239 778 2280 intramus
789 2239 846 2281 ad
858 2253 1040 2291 regnum

212 2294 307 2336 Dei.
333 2294 582 2336 Praedicant
597 2296 710 2336 enim
724 2295 866 2338 nobis:
882 2301 926 2338 et
941 2309 1040 2338 cum

213 2363 293 2403 per
315 2351 439 2403 ipsos
463 2351 689 2401 intramus,
720 2365 800 2405 per
820 2352 1041 2394 Christum

213 2407 436 2449 intramus.
468 2407 570 2459 Ipse
591 2413 658 2449 est
677 2409 792 2450 enim
811 2410 948 2461 janua.
983 2410 1041 2451 Et

214 2477 314 2505 cum
334 2463 538 2505 dicuntur
558 2463 790 2506 duodecim
814 2471 955 2518 portae
974 2466 998 2506 J
1001 2479 1040 2507 e-

214 2519 415 2570 rusalem,
442 2525 487 2561 et
505 2532 590 2560 una
611 2525 741 2572 porta
761 2521 970 2572 Christus,
999 2528 1042 2564 et

215 2576 451 2619 duodecim
469 2581 612 2629 portae
632 2576 846 2627 Christus,
876 2579 976 2630 quia
999 2579 1041 2619 in

215 2632 450 2675 duodecim
472 2633 614 2685 portis
635 2633 848 2674 Christus:
876 2639 919 2675 et
942 2634 1042 2676 ideo

216 2689 512 2732 duodenarius
557 2692 764 2731 numerus
806 2690 1042 2742 Apostolo-

216 2759 323 2788 rum.
346 2746 677 2788 Sacramentum
694 2759 900 2797 magnum
919 2746 1044 2799 hujus

1089 307 1348 350 duodenarii
1373 307 1634 358 significatio
1654 311 1722 348 est
1740 307 1919 348 numeri.

1087 363 1320 414 Sedebitis,
1348 363 1504 416 inquit,
1532 376 1665 416 super
1685 362 1920 405 duodecim

1088 420 1231 471 sedes,
1263 420 1506 473 judicantes
1525 419 1762 462 duodecim
1779 419 1920 462 tribus

1088 478 1235 519 Israel.

1142 535 1191 585 Rg.
1210 533 1314 575 Vidi
1336 534 1593 586 conjunctos
1610 533 1741 583 viros,
1760 532 1919 574 haben-

1087 597 1155 633 tes
1180 590 1433 644 splendidas
1456 595 1619 639 vestes,
1654 594 1700 631 et
1723 589 1921 641 Angelus

1088 648 1267 689 Domini
1285 647 1460 688 locutus
1480 652 1547 689 est
1565 646 1623 688 ad
1641 659 1728 697 me,
1756 645 1922 688 dicens:

1090 704 1113 727 *
1140 705 1220 746 Isti
1248 709 1350 745 sunt
1375 704 1456 745 viri
1486 703 1628 745 sancti
1658 703 1764 744 facti
1794 703 1923 745 amici

1014 763 1020 769 '
1088 762 1182 803 Dei.
1220 756 1270 806 V.
1287 760 1392 802 Vidi
1411 760 1631 812 Angelum
1649 759 1735 802 Dei
1751 759 1923 810 fortem,

1089 818 1311 859 volantem
1324 830 1405 870 per
1419 817 1615 860 medium
1630 816 1802 867 coelum,
1811 829 1923 858 voce

1088 887 1246 926 magna
1259 874 1533 925 clamantem,
1543 879 1587 916 et
1598 873 1924 916 dicenteszti,

1400 929 1552 970 Lectio
1573 944 1609 969 v.

1092 979 1179 1087 Si
1198 990 1433 1033 duodecim
1459 990 1581 1032 sellae
1608 989 1669 1031 ibi
1692 993 1809 1038 sunt,
1835 999 1926 1029 non

1186 1052 1254 1089 est
1280 1047 1355 1090 ubi
1383 1046 1536 1089 sedeat
1568 1045 1924 1088 tertiusdecimus

1088 1103 1250 1145 Paulus
1266 1103 1524 1157 Apostolus,
1544 1108 1589 1145 et
1606 1115 1695 1145 non
1715 1102 1799 1144 erit
1819 1102 1924 1154 quo—

1088 1160 1223 1202 modo
1247 1160 1423 1213 judicet:
1456 1165 1501 1202 et
1522 1160 1618 1213 ipse
1643 1172 1691 1202 se
1715 1158 1925 1212 judicatu-

1089 1231 1187 1259 rum
1219 1217 1348 1268 dixit,
1388 1230 1477 1259 non
1510 1217 1712 1259 homines
1743 1219 1925 1264 tantum,

1090 1274 1170 1316 sed
1189 1279 1233 1316 et
1253 1275 1444 1326 angelos.
1481 1275 1604 1325 Quos
1624 1273 1815 1325 angelos,
1842 1271 1927 1312 nisi

1090 1333 1319 1384 apostatas
1335 1329 1538 1382 angelos?
1553 1330 1758 1380 Nescitis,
1773 1328 1925 1381 inquit,

1091 1389 1195 1441 quia
1205 1388 1386 1440 angelos
1399 1385 1714 1440 judicabimus?
1726 1387 1926 1439 Respon-

1091 1445 1216 1487 deret
1244 1458 1350 1497 ergo
1378 1444 1524 1487 turba:
1575 1443 1692 1495 Quid
1717 1448 1762 1485 te
1790 1444 1926 1495 jactas

1090 1500 1405 1554 judicaturum?
1449 1501 1535 1544 Ubi
1566 1499 1766 1543 sedebis?
1806 1499 1927 1540 Duo-

1091 1558 1236 1600 decim
1268 1558 1398 1601 sedes
1431 1558 1543 1600 dixit
1568 1557 1788 1599 Dominus
1821 1554 1926 1598 duo-

1091 1615 1235 1657 decim
1259 1614 1504 1668 Apostolis:
1536 1627 1649 1656 unus
1673 1612 1833 1655 cecidit
1855 1612 1880 1654 J
1882 1625 1926 1653 u-

1092 1672 1187 1722 das,
1223 1672 1268 1713 in
1295 1671 1443 1713 locum
1469 1671 1608 1724 ipsius
1636 1674 1814 1712 sanctus
1836 1668 1926 1710 Ma-

1091 1728 1206 1770 thias
1234 1728 1462 1770 ordinatus
1491 1732 1577 1769 est:
1622 1726 1830 1780 impletus
1858 1730 1927 1767 est

1092 1785 1388 1827 duodenarius
1403 1788 1612 1826 numerus
1633 1783 1814 1825 sedium.
1834 1782 1925 1824 Pri-

1092 1855 1164 1884 mo
1183 1842 1331 1884 locum
1349 1842 1506 1892 inveni,
1524 1841 1601 1883 ubi
1615 1840 1783 1890 sedeas,
1804 1844 1848 1882 et
1862 1839 1926 1880 sic

1091 1903 1135 1941 te
1156 1899 1322 1940 minare
1341 1898 1644 1951 iudicaturum.
1675 1895 1926 1938 Duodecim

1092 1968 1197 2007 ergo
1223 1955 1353 1997 sedes
1374 1954 1480 2008 quid
1500 1954 1583 1996 sibi
1601 1953 1752 2004 velint,
1780 1951 1925 1994 videa-

1091 2026 1199 2054 mus.
1245 2013 1576 2054 Sacramentum
1604 2015 1672 2053 est
1699 2008 1926 2063 cujusdam

1092 2069 1399 2119 universitatis,
1412 2069 1514 2121 quia
1526 2081 1608 2121 per
1617 2072 1761 2110 totum
1772 2065 1927 2108 orbem

1092 2128 1310 2168 terrarum
1322 2125 1469 2167 futura
1480 2130 1575 2167 erat
1583 2123 1798 2166 Ecclesia:
1810 2121 1926 2164 unde

1092 2184 1277 2224 vocatur
1302 2181 1389 2224 hoc
1416 2181 1653 2223 aedificium
1682 2180 1739 2222 ad
1764 2179 1926 2222 Christi

1093 2241 1365 2292 compagem.

1145 2295 1197 2347 Rz.
1214 2296 1343 2337 Beati
1363 2295 1479 2346 estis,
1500 2308 1600 2337 cum
1618 2292 1926 2336 maledixerint

1093 2352 1221 2394 vobis
1253 2352 1471 2402 homines,
1518 2357 1562 2394 et
1593 2350 1814 2404 persecuti
1846 2361 1926 2390 vos

1093 2409 1271 2459 fuerint,
1313 2414 1358 2451 et
1385 2408 1575 2451 dixerint
1603 2420 1733 2450 omne
1764 2405 1927 2448 malum

1094 2466 1328 2508 adversum
1343 2478 1435 2516 vos,
1453 2465 1725 2514 mentientes,
1743 2467 1927 2517 propter

1093 2536 1178 2565 me:
1203 2521 1226 2544 *
1256 2522 1458 2564 Gaudete
1487 2527 1530 2564 et
1560 2521 1792 2570 exsultate,
1822 2521 1926 2572 quo-

1094 2580 1211 2620 niam
1235 2592 1405 2621 merces
1424 2584 1574 2621 vestra
1593 2578 1775 2631 copiosa
1794 2579 1862 2619 es't
1883 2575 1927 2616 in

1095 2636 1230 2677 coelis.
1270 2629 1321 2679 θ’.
1350 2636 1460 2677 Cum
1485 2648 1567 2677 vos
1592 2634 1766 2676 oderint
1790 2632 1926 2674 homi-

1096 2706 1188 2742 nes,
1222 2698 1267 2734 et
1295 2706 1395 2734 cum
1423 2691 1725 2745 separaverint
1753 2703 1850 2740 vos,
1884 2694 1928 2730 et

1097 2748 1469 2801 exprobraverint,
1489 2753 1533 2790 et
1549 2748 1754 2800 ejecerint
1767 2758 1928 2788 nomen
