<?xml version="1.0" encoding="UTF-8"?>
<!DOCTYPE html PUBLIC "-//W3C//DTD XHTML 1.0 Transitional//EN"
    "http://www.w3.org/TR/xhtml1/DTD/xhtml1-transitional.dtd">
<html xmlns="http://www.w3.org/1999/xhtml" xml:lang="en" lang="en">
 <head>
  <title>
</title>
<meta http-equiv="Content-Type" content="text/html;charset=utf-8" />
  <meta name='ocr-system' content='tesseract 3.04.00' />
  <meta name='ocr-capabilities' content='ocr_page ocr_carea ocr_par ocr_line ocrx_word'/>
</head>
<body>
  <div class='ocr_page' id='page_1' title='image "./p3breviariumroma00cathuoft_0781.png"; bbox 0 0 2040 2976; ppageno 0'>
   <div class='ocr_carea' id='block_1_1' title="bbox 652 229 1318 266">
    <p class='ocr_par' dir='ltr' id='par_1_1' title="bbox 652 229 1318 266">
     <span class='ocr_line' id='line_1_1' title="bbox 652 229 1318 266; baseline -0.003 -1"><span class='ocrx_word' id='word_1_1' title='bbox 652 231 754 266; x_wconf 86' lang='lat' dir='ltr'>Ordo</span> <span class='ocrx_word' id='word_1_2' title='bbox 779 229 1133 265; x_wconf 86' lang='lat' dir='ltr'>Commendationis</span> <span class='ocrx_word' id='word_1_3' title='bbox 1158 229 1318 264; x_wconf 83' lang='lat' dir='ltr'>Animae.</span> 
     </span>
    </p>
   </div>
   <div class='ocr_carea' id='block_1_2' title="bbox 187 328 1014 370">
    <p class='ocr_par' dir='ltr' id='par_1_2' title="bbox 187 328 1014 370">
     <span class='ocr_line' id='line_1_2' title="bbox 187 328 1014 370; baseline -0.002 0"><span class='ocrx_word' id='word_1_4' title='bbox 187 328 348 370; x_wconf 88' lang='lat' dir='ltr'>Libera</span> <span class='ocrx_word' id='word_1_5' title='bbox 385 329 570 370; x_wconf 85' lang='lat' dir='ltr'>Domine</span> <span class='ocrx_word' id='word_1_6' title='bbox 619 329 803 370; x_wconf 87' lang='lat' dir='ltr'>animam</span> <span class='ocrx_word' id='word_1_7' title='bbox 844 328 957 369; x_wconf 87' lang='lat' dir='ltr'>servi</span> <span class='ocrx_word' id='word_1_8' title='bbox 1011 353 1014 355; x_wconf 19' lang='grc' dir='ltr'><strong>Δ</strong></span> 
     </span>
    </p>
   </div>
   <div class='ocr_carea' id='block_1_3' title="bbox 137 384 958 1226">
    <p class='ocr_par' dir='ltr' id='par_1_3' title="bbox 138 384 957 551">
     <span class='ocr_line' id='line_1_3' title="bbox 139 384 956 438; baseline 0 -12"><span class='ocrx_word' id='word_1_9' title='bbox 139 385 216 436; x_wconf 88' lang='grc'>1111,</span> <span class='ocrx_word' id='word_1_10' title='bbox 243 385 354 427; x_wconf 87' lang='grc'>518111</span> <span class='ocrx_word' id='word_1_11' title='bbox 371 385 574 434; x_wconf 52' lang='lat' dir='ltr'>,liberasti</span> <span class='ocrx_word' id='word_1_12' title='bbox 599 390 688 428; x_wconf 90' lang='lat' dir='ltr'>tres</span> <span class='ocrx_word' id='word_1_13' title='bbox 714 388 876 438; x_wconf 89' lang='lat' dir='ltr'>pueros</span> <span class='ocrx_word' id='word_1_14' title='bbox 902 384 956 426; x_wconf 84' lang='lat' dir='ltr'>de</span> 
     </span>
     <span class='ocr_line' id='line_1_4' title="bbox 140 441 957 493; baseline -0.002 -10"><span class='ocrx_word' id='word_1_15' title='bbox 140 443 307 483; x_wconf 89' lang='lat' dir='ltr'>camino</span> <span class='ocrx_word' id='word_1_16' title='bbox 331 442 443 493; x_wconf 85' lang='lat' dir='ltr'>ignis·</span> <span class='ocrx_word' id='word_1_17' title='bbox 460 441 665 491; x_wconf 81' lang='lat' dir='ltr'>ardentis,</span> <span class='ocrx_word' id='word_1_18' title='bbox 693 446 736 483; x_wconf 89' lang='lat' dir='ltr'>et</span> <span class='ocrx_word' id='word_1_19' title='bbox 756 441 810 483; x_wconf 89' lang='lat' dir='ltr'>de</span> <span class='ocrx_word' id='word_1_20' title='bbox 828 454 957 482; x_wconf 92' lang='lat' dir='ltr'>manu</span> 
     </span>
     <span class='ocr_line' id='line_1_5' title="bbox 138 497 664 551; baseline -0.004 -11"><span class='ocrx_word' id='word_1_21' title='bbox 138 498 252 549; x_wconf 83' lang='lat' dir='ltr'>regis</span> <span class='ocrx_word' id='word_1_22' title='bbox 270 498 416 550; x_wconf 90' lang='lat' dir='ltr'>iniqui.</span> <span class='ocrx_word' id='word_1_23' title='bbox 444 500 493 551; x_wconf 57' lang='lat' dir='ltr'>Rv.</span> <span class='ocrx_word' id='word_1_24' title='bbox 513 497 664 539; x_wconf 88' lang='lat' dir='ltr'>Amen.</span> 
     </span>
    </p>

    <p class='ocr_par' dir='ltr' id='par_1_4' title="bbox 138 553 958 716">
     <span class='ocr_line' id='line_1_6' title="bbox 191 553 958 596; baseline -0.003 -1"><span class='ocrx_word' id='word_1_25' title='bbox 191 553 350 596; x_wconf 87' lang='lat' dir='ltr'>Libera</span> <span class='ocrx_word' id='word_1_26' title='bbox 389 554 574 595; x_wconf 88' lang='lat' dir='ltr'>Domine</span> <span class='ocrx_word' id='word_1_27' title='bbox 619 554 806 595; x_wconf 85' lang='lat' dir='ltr'>animam</span> <span class='ocrx_word' id='word_1_28' title='bbox 845 553 958 594; x_wconf 85' lang='lat' dir='ltr'>servi</span> 
     </span>
     <span class='ocr_line' id='line_1_7' title="bbox 138 608 957 661; baseline -0.002 -9"><span class='ocrx_word' id='word_1_29' title='bbox 138 610 216 661; x_wconf 89' lang='lat' dir='ltr'>tui,</span> <span class='ocrx_word' id='word_1_30' title='bbox 258 611 368 652; x_wconf 90' lang='lat' dir='ltr'>sicut</span> <span class='ocrx_word' id='word_1_31' title='bbox 402 609 598 652; x_wconf 86' lang='lat' dir='ltr'>liberasti</span> <span class='ocrx_word' id='word_1_32' title='bbox 628 610 867 652; x_wconf 88' lang='lat' dir='ltr'>Susannam</span> <span class='ocrx_word' id='word_1_33' title='bbox 903 608 957 651; x_wconf 89' lang='lat' dir='ltr'>de</span> 
     </span>
     <span class='ocr_line' id='line_1_8' title="bbox 139 666 777 716; baseline 0.003 -10"><span class='ocrx_word' id='word_1_34' title='bbox 139 666 248 708; x_wconf 89' lang='lat' dir='ltr'>falso</span> <span class='ocrx_word' id='word_1_35' title='bbox 269 666 454 708; x_wconf 86' lang='lat' dir='ltr'>crimine.</span> <span class='ocrx_word' id='word_1_36' title='bbox 481 666 532 716; x_wconf 59' lang='lat' dir='ltr'>Rz.</span> <span class='ocrx_word' id='word_1_37' title='bbox 551 666 701 708; x_wconf 93' lang='lat' dir='ltr'>Amen.</span> <span class='ocrx_word' id='word_1_38' title='bbox 774 712 777 714; x_wconf 66' lang='lat'>‚</span> 
     </span>
    </p>

    <p class='ocr_par' dir='ltr' id='par_1_5' title="bbox 137 721 957 886">
     <span class='ocr_line' id='line_1_9' title="bbox 191 721 957 764; baseline -0.004 0"><span class='ocrx_word' id='word_1_39' title='bbox 191 722 347 764; x_wconf 89' lang='lat' dir='ltr'>Libera</span> <span class='ocrx_word' id='word_1_40' title='bbox 386 722 571 764; x_wconf 86' lang='lat' dir='ltr'>Domine</span> <span class='ocrx_word' id='word_1_41' title='bbox 617 722 812 764; x_wconf 65' lang='lat' dir='ltr'>animamu</span> <span class='ocrx_word' id='word_1_42' title='bbox 843 721 957 763; x_wconf 91' lang='lat' dir='ltr'>servi</span> 
     </span>
     <span class='ocr_line' id='line_1_10' title="bbox 137 778 957 829; baseline -0.002 -9"><span class='ocrx_word' id='word_1_43' title='bbox 137 779 214 829; x_wconf 84' lang='lat' dir='ltr'>tui,</span> <span class='ocrx_word' id='word_1_44' title='bbox 242 779 352 820; x_wconf 89' lang='lat' dir='ltr'>sicut</span> <span class='ocrx_word' id='word_1_45' title='bbox 378 778 572 820; x_wconf 87' lang='lat' dir='ltr'>liberasti</span> <span class='ocrx_word' id='word_1_46' title='bbox 590 779 735 821; x_wconf 85' lang='lat' dir='ltr'>David</span> <span class='ocrx_word' id='word_1_47' title='bbox 756 779 810 820; x_wconf 92' lang='lat' dir='ltr'>de</span> <span class='ocrx_word' id='word_1_48' title='bbox 829 791 957 819; x_wconf 90' lang='lat' dir='ltr'>manu</span> 
     </span>
     <span class='ocr_line' id='line_1_11' title="bbox 138 834 851 886; baseline -0.001 -10"><span class='ocrx_word' id='word_1_49' title='bbox 138 835 251 886; x_wconf 84' lang='lat' dir='ltr'>regis</span> <span class='ocrx_word' id='word_1_50' title='bbox 269 835 385 885; x_wconf 84' lang='lat' dir='ltr'>Saul,</span> <span class='ocrx_word' id='word_1_51' title='bbox 412 840 454 877; x_wconf 88' lang='lat' dir='ltr'>et</span> <span class='ocrx_word' id='word_1_52' title='bbox 476 834 531 876; x_wconf 88' lang='lat' dir='ltr'>de</span> <span class='ocrx_word' id='word_1_53' title='bbox 550 848 679 877; x_wconf 88' lang='lat' dir='ltr'>manu</span> <span class='ocrx_word' id='word_1_54' title='bbox 699 835 851 878; x_wconf 88' lang='lat' dir='ltr'>Goliae.</span> 
     </span>
    </p>

    <p class='ocr_par' dir='ltr' id='par_1_6' title="bbox 190 891 410 946">
     <span class='ocr_line' id='line_1_12' title="bbox 190 891 410 946; baseline -0.005 -13"><span class='ocrx_word' id='word_1_55' title='bbox 190 894 242 946; x_wconf 57' lang='lat' dir='ltr'>Ru.</span> <span class='ocrx_word' id='word_1_56' title='bbox 260 891 410 933; x_wconf 88' lang='lat' dir='ltr'>Amen.</span> 
     </span>
    </p>

    <p class='ocr_par' dir='ltr' id='par_1_7' title="bbox 138 946 958 1113">
     <span class='ocr_line' id='line_1_13' title="bbox 190 946 958 990; baseline -0.001 -1"><span class='ocrx_word' id='word_1_57' title='bbox 190 947 346 990; x_wconf 85' lang='lat' dir='ltr'>Libera</span> <span class='ocrx_word' id='word_1_58' title='bbox 385 948 570 989; x_wconf 85' lang='lat' dir='ltr'>Domine</span> <span class='ocrx_word' id='word_1_59' title='bbox 616 948 801 988; x_wconf 87' lang='lat' dir='ltr'>animam</span> <span class='ocrx_word' id='word_1_60' title='bbox 844 946 958 988; x_wconf 86' lang='lat' dir='ltr'>servi</span> 
     </span>
     <span class='ocr_line' id='line_1_14' title="bbox 138 1004 955 1054; baseline -0.002 -8"><span class='ocrx_word' id='word_1_61' title='bbox 138 1004 214 1054; x_wconf 93' lang='lat' dir='ltr'>tui,</span> <span class='ocrx_word' id='word_1_62' title='bbox 243 1005 354 1046; x_wconf 89' lang='lat' dir='ltr'>sicut</span> <span class='ocrx_word' id='word_1_63' title='bbox 381 1004 575 1046; x_wconf 89' lang='lat' dir='ltr'>liberasti</span> <span class='ocrx_word' id='word_1_64' title='bbox 591 1004 769 1045; x_wconf 88' lang='lat' dir='ltr'>Petrum</span> <span class='ocrx_word' id='word_1_65' title='bbox 788 1009 831 1045; x_wconf 92' lang='lat' dir='ltr'>et</span> <span class='ocrx_word' id='word_1_66' title='bbox 849 1004 955 1044; x_wconf 87' lang='lat' dir='ltr'>Pau-</span> 
     </span>
     <span class='ocr_line' id='line_1_15' title="bbox 139 1060 825 1113; baseline 0 -12"><span class='ocrx_word' id='word_1_67' title='bbox 139 1061 228 1102; x_wconf 91' lang='lat' dir='ltr'>lum</span> <span class='ocrx_word' id='word_1_68' title='bbox 246 1060 301 1103; x_wconf 91' lang='lat' dir='ltr'>de</span> <span class='ocrx_word' id='word_1_69' title='bbox 320 1060 576 1102; x_wconf 82' lang='lat' dir='ltr'>carceribus.</span> <span class='ocrx_word' id='word_1_70' title='bbox 604 1061 653 1113; x_wconf 69' lang='lat' dir='ltr'>Rz.</span> <span class='ocrx_word' id='word_1_71' title='bbox 674 1060 825 1102; x_wconf 89' lang='lat' dir='ltr'>Amen.</span> 
     </span>
    </p>

    <p class='ocr_par' dir='ltr' id='par_1_8' title="bbox 138 1116 958 1226">
     <span class='ocr_line' id='line_1_16' title="bbox 190 1116 958 1159; baseline -0.003 0"><span class='ocrx_word' id='word_1_72' title='bbox 190 1119 246 1159; x_wconf 85' lang='lat' dir='ltr'>Et</span> <span class='ocrx_word' id='word_1_73' title='bbox 278 1117 388 1159; x_wconf 92' lang='lat' dir='ltr'>sicut</span> <span class='ocrx_word' id='word_1_74' title='bbox 423 1116 718 1159; x_wconf 83' lang='lat' dir='ltr'><strong>beatissimam</strong></span> <span class='ocrx_word' id='word_1_75' title='bbox 749 1116 958 1158; x_wconf 85' lang='lat' dir='ltr'>Theclam</span> 
     </span>
     <span class='ocr_line' id='line_1_17' title="bbox 138 1171 957 1226; baseline -0.001 -11"><span class='ocrx_word' id='word_1_76' title='bbox 138 1173 361 1224; x_wconf 83' lang='lat' dir='ltr'>Virginem</span> <span class='ocrx_word' id='word_1_77' title='bbox 398 1179 441 1215; x_wconf 93' lang='lat' dir='ltr'>et</span> <span class='ocrx_word' id='word_1_78' title='bbox 474 1174 710 1226; x_wconf 92' lang='lat' dir='ltr'>Martyrem</span> <span class='ocrx_word' id='word_1_79' title='bbox 746 1178 865 1215; x_wconf 89' lang='lat' dir='ltr'>tuam</span> <span class='ocrx_word' id='word_1_80' title='bbox 903 1171 957 1214; x_wconf 91' lang='lat' dir='ltr'>de</span> 
     </span>
    </p>
   </div>
   <div class='ocr_carea' id='block_1_4' title="bbox 137 1228 979 1272">
    <p class='ocr_par' dir='ltr' id='par_1_9' title="bbox 137 1228 979 1272">
     <span class='ocr_line' id='line_1_18' title="bbox 137 1228 979 1272; baseline 0 -2"><span class='ocrx_word' id='word_1_81' title='bbox 137 1229 275 1271; x_wconf 91' lang='lat' dir='ltr'>tribus</span> <span class='ocrx_word' id='word_1_82' title='bbox 302 1228 581 1272; x_wconf 75' lang='lat' dir='ltr'>atrocissimis</span> <span class='ocrx_word' id='word_1_83' title='bbox 604 1230 831 1272; x_wconf 81' lang='lat' dir='ltr'>tormentis</span> <span class='ocrx_word' id='word_1_84' title='bbox 854 1228 956 1271; x_wconf 91' lang='lat' dir='ltr'>libe·</span> <span class='ocrx_word' id='word_1_85' title='bbox 973 1260 979 1265; x_wconf 89' lang='lat'>.</span> 
     </span>
    </p>
   </div>
   <div class='ocr_carea' id='block_1_5' title="bbox 137 1285 958 1450">
    <p class='ocr_par' dir='ltr' id='par_1_10' title="bbox 137 1285 958 1450">
     <span class='ocr_line' id='line_1_19' title="bbox 138 1285 958 1337; baseline -0.001 -10"><span class='ocrx_word' id='word_1_86' title='bbox 138 1286 262 1336; x_wconf 87' lang='lat' dir='ltr'>rasti,</span> <span class='ocrx_word' id='word_1_87' title='bbox 284 1286 346 1327; x_wconf 93' lang='lat' dir='ltr'>sic</span> <span class='ocrx_word' id='word_1_88' title='bbox 363 1286 547 1328; x_wconf 86' lang='lat' dir='ltr'>liberare</span> <span class='ocrx_word' id='word_1_89' title='bbox 565 1285 754 1337; x_wconf 82' lang='lat' dir='ltr'>digneris</span> <span class='ocrx_word' id='word_1_90' title='bbox 773 1285 958 1327; x_wconf 88' lang='lat' dir='ltr'>animam</span> 
     </span>
     <span class='ocr_line' id='line_1_20' title="bbox 138 1341 958 1394; baseline 0 -12"><span class='ocrx_word' id='word_1_91' title='bbox 138 1341 262 1394; x_wconf 90' lang='lat' dir='ltr'>hujus</span> <span class='ocrx_word' id='word_1_92' title='bbox 285 1342 399 1384; x_wconf 84' lang='lat' dir='ltr'>servi</span> <span class='ocrx_word' id='word_1_93' title='bbox 422 1343 499 1393; x_wconf 89' lang='lat' dir='ltr'>tui,</span> <span class='ocrx_word' id='word_1_94' title='bbox 526 1347 569 1384; x_wconf 94' lang='lat' dir='ltr'>et</span> <span class='ocrx_word' id='word_1_95' title='bbox 590 1348 735 1384; x_wconf 90' lang='lat' dir='ltr'>tecum</span> <span class='ocrx_word' id='word_1_96' title='bbox 758 1342 891 1384; x_wconf 88' lang='lat' dir='ltr'>facias</span> <span class='ocrx_word' id='word_1_97' title='bbox 915 1342 958 1382; x_wconf 93' lang='lat' dir='ltr'>in</span> 
     </span>
     <span class='ocr_line' id='line_1_21' title="bbox 137 1397 836 1450; baseline 0 -11"><span class='ocrx_word' id='word_1_98' title='bbox 137 1397 263 1439; x_wconf 91' lang='lat' dir='ltr'>bonis</span> <span class='ocrx_word' id='word_1_99' title='bbox 282 1398 556 1450; x_wconf 81' lang='lat' dir='ltr'>congaudere</span> <span class='ocrx_word' id='word_1_100' title='bbox 574 1399 836 1441; x_wconf 80' lang='lat' dir='ltr'>coelestibus.</span> 
     </span>
    </p>
   </div>
   <div class='ocr_carea' id='block_1_6' title="bbox 90 1454 958 2576">
    <p class='ocr_par' dir='ltr' id='par_1_11' title="bbox 191 1454 628 1546">
     <span class='ocr_line' id='line_1_22' title="bbox 191 1454 412 1507; baseline 0.005 -13"><span class='ocrx_word' id='word_1_101' title='bbox 191 1455 242 1507; x_wconf 71' lang='lat' dir='ltr'>R.</span> <span class='ocrx_word' id='word_1_102' title='bbox 262 1454 412 1497; x_wconf 89' lang='lat' dir='ltr'>Amen.</span> 
     </span>
     <span class='ocr_line' id='line_1_23' title="bbox 467 1505 628 1546; baseline 0.006 -1"><span class='ocrx_word' id='word_1_103' title='bbox 467 1505 628 1546; x_wconf 82' lang='lat' dir='ltr'>Oratio.</span> 
     </span>
    </p>

    <p class='ocr_par' dir='ltr' id='par_1_12' title="bbox 214 1568 956 1610">
     <span class='ocr_line' id='line_1_24' title="bbox 214 1568 956 1610; baseline 0 -1"><span class='ocrx_word' id='word_1_104' title='bbox 214 1568 539 1610; x_wconf 89' lang='lat' dir='ltr'>ommendamus</span> <span class='ocrx_word' id='word_1_105' title='bbox 565 1568 643 1610; x_wconf 88' lang='lat' dir='ltr'>tibi</span> <span class='ocrx_word' id='word_1_106' title='bbox 660 1568 845 1610; x_wconf 86' lang='lat' dir='ltr'>Domine</span> <span class='ocrx_word' id='word_1_107' title='bbox 872 1569 956 1610; x_wconf 90' lang='lat' dir='ltr'>ani-</span> 
     </span>
    </p>

    <p class='ocr_par' dir='ltr' id='par_1_13' title="bbox 90 1623 958 2576">
     <span class='ocr_line' id='line_1_25' title="bbox 239 1623 956 1678; baseline 0.001 -13"><span class='ocrx_word' id='word_1_108' title='bbox 239 1637 354 1666; x_wconf 91' lang='lat' dir='ltr'>mam</span> <span class='ocrx_word' id='word_1_109' title='bbox 397 1624 545 1676; x_wconf 81' lang='lat' dir='ltr'>famuli</span> <span class='ocrx_word' id='word_1_110' title='bbox 586 1625 649 1667; x_wconf 91' lang='lat' dir='ltr'>tui</span> <span class='ocrx_word' id='word_1_111' title='bbox 681 1623 756 1675; x_wconf 91' lang='lat' dir='ltr'>N.,</span> <span class='ocrx_word' id='word_1_112' title='bbox 809 1637 956 1678; x_wconf 88' lang='lat' dir='ltr'>preca-</span> 
     </span>
     <span class='ocr_line' id='line_1_26' title="bbox 138 1680 956 1734; baseline 0.002 -14"><span class='ocrx_word' id='word_1_113' title='bbox 138 1683 320 1734; x_wconf 90' lang='lat' dir='ltr'>murque</span> <span class='ocrx_word' id='word_1_114' title='bbox 355 1686 400 1723; x_wconf 90' lang='lat' dir='ltr'>te</span> <span class='ocrx_word' id='word_1_115' title='bbox 433 1681 619 1723; x_wconf 91' lang='lat' dir='ltr'>Domine</span> <span class='ocrx_word' id='word_1_116' title='bbox 651 1681 676 1722; x_wconf 89' lang='lat' dir='ltr'><strong>J</strong></span> <span class='ocrx_word' id='word_1_117' title='bbox 679 1694 755 1723; x_wconf 91' lang='lat' dir='ltr'>esu</span> <span class='ocrx_word' id='word_1_118' title='bbox 786 1680 956 1723; x_wconf 83' lang='lat' dir='ltr'>Christe</span> 
     </span>
     <span class='ocr_line' id='line_1_27' title="bbox 138 1736 957 1790; baseline 0.001 -12"><span class='ocrx_word' id='word_1_119' title='bbox 138 1736 337 1779; x_wconf 87' lang='lat' dir='ltr'>Salvator</span> <span class='ocrx_word' id='word_1_120' title='bbox 359 1737 522 1779; x_wconf 91' lang='lat' dir='ltr'>mundi:</span> <span class='ocrx_word' id='word_1_121' title='bbox 551 1743 599 1780; x_wconf 88' lang='lat' dir='ltr'>ut</span> <span class='ocrx_word' id='word_1_122' title='bbox 621 1743 802 1790; x_wconf 91' lang='lat' dir='ltr'>propter</span> <span class='ocrx_word' id='word_1_123' title='bbox 828 1750 957 1790; x_wconf 88' lang='lat' dir='ltr'>quam</span> 
     </span>
     <span class='ocr_line' id='line_1_28' title="bbox 138 1793 954 1836; baseline 0.002 -2"><span class='ocrx_word' id='word_1_124' title='bbox 138 1793 195 1835; x_wconf 91' lang='lat' dir='ltr'>ad</span> <span class='ocrx_word' id='word_1_125' title='bbox 222 1798 383 1835; x_wconf 89' lang='lat' dir='ltr'>terram</span> <span class='ocrx_word' id='word_1_126' title='bbox 413 1794 750 1836; x_wconf 89' lang='lat' dir='ltr'>misericorditer</span> <span class='ocrx_word' id='word_1_127' title='bbox 781 1793 954 1836; x_wconf 89' lang='lat' dir='ltr'>descen-</span> 
     </span>
     <span class='ocr_line' id='line_1_29' title="bbox 139 1849 956 1900; baseline 0.001 -9"><span class='ocrx_word' id='word_1_128' title='bbox 139 1849 256 1900; x_wconf 91' lang='lat' dir='ltr'>disti,</span> <span class='ocrx_word' id='word_1_129' title='bbox 283 1851 630 1895; x_wconf 86' lang='lat' dir='ltr'>Patriarcharum</span> <span class='ocrx_word' id='word_1_130' title='bbox 658 1853 832 1892; x_wconf 90' lang='lat' dir='ltr'>tuorum</span> <span class='ocrx_word' id='word_1_131' title='bbox 860 1852 956 1892; x_wconf 91' lang='lat' dir='ltr'>sini-</span> 
     </span>
     <span class='ocr_line' id='line_1_30' title="bbox 137 1905 956 1959; baseline 0.002 -12"><span class='ocrx_word' id='word_1_132' title='bbox 137 1905 219 1947; x_wconf 90' lang='lat' dir='ltr'>bus</span> <span class='ocrx_word' id='word_1_133' title='bbox 245 1906 461 1948; x_wconf 89' lang='lat' dir='ltr'>insinu&#39;are</span> <span class='ocrx_word' id='word_1_134' title='bbox 488 1920 576 1949; x_wconf 95' lang='lat' dir='ltr'>non</span> <span class='ocrx_word' id='word_1_135' title='bbox 605 1909 771 1948; x_wconf 80' lang='lat' dir='ltr'>renuas.</span> <span class='ocrx_word' id='word_1_136' title='bbox 813 1908 956 1959; x_wconf 88' lang='lat' dir='ltr'>Agno-</span> 
     </span>
     <span class='ocr_line' id='line_1_31' title="bbox 139 1962 957 2014; baseline 0.002 -11"><span class='ocrx_word' id='word_1_137' title='bbox 139 1974 212 2003; x_wconf 86' lang='lat' dir='ltr'>sce</span> <span class='ocrx_word' id='word_1_138' title='bbox 235 1962 420 2004; x_wconf 88' lang='lat' dir='ltr'>Domine</span> <span class='ocrx_word' id='word_1_139' title='bbox 443 1967 685 2005; x_wconf 85' lang='lat' dir='ltr'>creaturam</span> <span class='ocrx_word' id='word_1_140' title='bbox 709 1969 843 2014; x_wconf 86' lang='lat' dir='ltr'>tuam,</span> <span class='ocrx_word' id='word_1_141' title='bbox 870 1977 957 2006; x_wconf 93' lang='lat' dir='ltr'>non</span> 
     </span>
     <span class='ocr_line' id='line_1_32' title="bbox 139 2016 956 2070; baseline 0.004 -11"><span class='ocrx_word' id='word_1_142' title='bbox 139 2030 165 2059; x_wconf 89' lang='lat' dir='ltr'>a</span> <span class='ocrx_word' id='word_1_143' title='bbox 183 2016 263 2059; x_wconf 91' lang='lat' dir='ltr'>diis</span> <span class='ocrx_word' id='word_1_144' title='bbox 283 2018 431 2060; x_wconf 82' lang='lat' dir='ltr'>alienis</span> <span class='ocrx_word' id='word_1_145' title='bbox 449 2022 649 2070; x_wconf 87' lang='lat' dir='ltr'>creatam,</span> <span class='ocrx_word' id='word_1_146' title='bbox 669 2019 747 2061; x_wconf 90' lang='lat' dir='ltr'>sed</span> <span class='ocrx_word' id='word_1_147' title='bbox 764 2033 790 2062; x_wconf 94' lang='lat' dir='ltr'>a</span> <span class='ocrx_word' id='word_1_148' title='bbox 802 2025 846 2062; x_wconf 91' lang='lat' dir='ltr'>te</span> <span class='ocrx_word' id='word_1_149' title='bbox 861 2020 956 2062; x_wconf 93' lang='lat' dir='ltr'>solo</span> 
     </span>
     <span class='ocr_line' id='line_1_33' title="bbox 138 2074 958 2128; baseline 0.005 -13"><span class='ocrx_word' id='word_1_150' title='bbox 138 2074 234 2116; x_wconf 90' lang='lat' dir='ltr'>Deo</span> <span class='ocrx_word' id='word_1_151' title='bbox 265 2075 365 2116; x_wconf 87' lang='lat' dir='ltr'>vivo</span> <span class='ocrx_word' id='word_1_152' title='bbox 398 2081 442 2118; x_wconf 90' lang='lat' dir='ltr'>et</span> <span class='ocrx_word' id='word_1_153' title='bbox 473 2089 592 2118; x_wconf 85' lang='lat' dir='ltr'>vero:</span> <span class='ocrx_word' id='word_1_154' title='bbox 634 2076 735 2128; x_wconf 92' lang='lat' dir='ltr'>quia</span> <span class='ocrx_word' id='word_1_155' title='bbox 770 2089 857 2118; x_wconf 92' lang='lat' dir='ltr'>non</span> <span class='ocrx_word' id='word_1_156' title='bbox 891 2082 958 2119; x_wconf 89' lang='lat' dir='ltr'>est</span> 
     </span>
     <span class='ocr_line' id='line_1_34' title="bbox 139 2130 958 2185; baseline 0.004 -14"><span class='ocrx_word' id='word_1_157' title='bbox 139 2130 248 2172; x_wconf 90' lang='lat' dir='ltr'>alius</span> <span class='ocrx_word' id='word_1_158' title='bbox 275 2130 395 2173; x_wconf 91' lang='lat' dir='ltr'>Deus</span> <span class='ocrx_word' id='word_1_159' title='bbox 421 2137 582 2185; x_wconf 88' lang='lat' dir='ltr'>praeter</span> <span class='ocrx_word' id='word_1_160' title='bbox 608 2137 666 2183; x_wconf 88' lang='lat' dir='ltr'>te,</span> <span class='ocrx_word' id='word_1_161' title='bbox 707 2138 750 2174; x_wconf 88' lang='lat' dir='ltr'>et</span> <span class='ocrx_word' id='word_1_162' title='bbox 776 2145 862 2174; x_wconf 90' lang='lat' dir='ltr'>non</span> <span class='ocrx_word' id='word_1_163' title='bbox 891 2138 958 2175; x_wconf 88' lang='lat' dir='ltr'>est</span> 
     </span>
     <span class='ocr_line' id='line_1_35' title="bbox 139 2186 956 2241; baseline 0.005 -14"><span class='ocrx_word' id='word_1_164' title='bbox 139 2186 378 2229; x_wconf 90' lang='lat' dir='ltr'>secundum</span> <span class='ocrx_word' id='word_1_165' title='bbox 397 2190 531 2241; x_wconf 89' lang='lat' dir='ltr'>opera</span> <span class='ocrx_word' id='word_1_166' title='bbox 548 2194 634 2231; x_wconf 88' lang='lat' dir='ltr'>tua.</span> <span class='ocrx_word' id='word_1_167' title='bbox 660 2189 855 2231; x_wconf 86' lang='lat' dir='ltr'>Laetifica</span> <span class='ocrx_word' id='word_1_168' title='bbox 870 2189 956 2231; x_wconf 93' lang='lat' dir='ltr'>Do-</span> 
     </span>
     <span class='ocr_line' id='line_1_36' title="bbox 138 2243 957 2298; baseline 0.005 -15"><span class='ocrx_word' id='word_1_169' title='bbox 138 2243 251 2285; x_wconf 89' lang='lat' dir='ltr'>mine</span> <span class='ocrx_word' id='word_1_170' title='bbox 289 2243 474 2286; x_wconf 88' lang='lat' dir='ltr'>animam</span> <span class='ocrx_word' id='word_1_171' title='bbox 513 2246 603 2297; x_wconf 87' lang='lat' dir='ltr'>ejus</span> <span class='ocrx_word' id='word_1_172' title='bbox 636 2245 679 2285; x_wconf 91' lang='lat' dir='ltr'>in</span> <span class='ocrx_word' id='word_1_173' title='bbox 719 2247 957 2298; x_wconf 79' lang='lat' dir='ltr'>conspectu</span> 
     </span>
     <span class='ocr_line' id='line_1_37' title="bbox 138 2301 957 2353; baseline 0.005 -13"><span class='ocrx_word' id='word_1_174' title='bbox 138 2303 239 2349; x_wconf 80' lang='lat' dir='ltr'>tuo,</span> <span class='ocrx_word' id='word_1_175' title='bbox 264 2305 307 2353; x_wconf 91' lang='lat' dir='ltr'>et</span> <span class='ocrx_word' id='word_1_176' title='bbox 335 2312 389 2341; x_wconf 91' lang='lat' dir='ltr'>ne</span> <span class='ocrx_word' id='word_1_177' title='bbox 417 2301 662 2343; x_wconf 84' lang='lat' dir='ltr'>memineris</span> <span class='ocrx_word' id='word_1_178' title='bbox 683 2301 957 2353; x_wconf 90' lang='lat' dir='ltr'>iniquitatum</span> 
     </span>
     <span class='ocr_line' id='line_1_38' title="bbox 140 2355 956 2408; baseline 0.005 -12"><span class='ocrx_word' id='word_1_179' title='bbox 140 2355 228 2406; x_wconf 89' lang='lat' dir='ltr'>ejus</span> <span class='ocrx_word' id='word_1_180' title='bbox 270 2355 557 2408; x_wconf 84' lang='lat' dir='ltr'>antiquarum,</span> <span class='ocrx_word' id='word_1_181' title='bbox 602 2363 646 2399; x_wconf 87' lang='lat' dir='ltr'>et</span> <span class='ocrx_word' id='word_1_182' title='bbox 684 2357 956 2408; x_wconf 69' lang='lat' dir='ltr'>ebrietatum,</span> 
     </span>
     <span class='ocr_line' id='line_1_39' title="bbox 141 2412 957 2463; baseline 0.004 -12"><span class='ocrx_word' id='word_1_183' title='bbox 141 2417 257 2463; x_wconf 88' lang='lat' dir='ltr'>quas</span> <span class='ocrx_word' id='word_1_184' title='bbox 283 2412 506 2455; x_wconf 87' lang='lat' dir='ltr'>suscitavit</span> <span class='ocrx_word' id='word_1_185' title='bbox 538 2414 658 2455; x_wconf 90' lang='lat' dir='ltr'>furor</span> <span class='ocrx_word' id='word_1_186' title='bbox 690 2414 781 2455; x_wconf 88' lang='lat' dir='ltr'>sive</span> <span class='ocrx_word' id='word_1_187' title='bbox 812 2414 957 2456; x_wconf 86' lang='lat' dir='ltr'>fervor</span> 
     </span>
     <span class='ocr_line' id='line_1_40' title="bbox 90 2467 956 2522; baseline 0.005 -15"><span class='ocrx_word' id='word_1_188' title='bbox 90 2480 92 2483; x_wconf 66' lang='grc'>’</span> <span class='ocrx_word' id='word_1_189' title='bbox 138 2467 240 2508; x_wconf 86' lang='grc'>111311</span> <span class='ocrx_word' id='word_1_190' title='bbox 269 2467 481 2509; x_wconf 80' lang='lat' dir='ltr'>desiderii.</span> <span class='ocrx_word' id='word_1_191' title='bbox 516 2469 639 2511; x_wconf 89' lang='lat' dir='ltr'>Licet</span> <span class='ocrx_word' id='word_1_192' title='bbox 666 2469 779 2511; x_wconf 84' lang='lat' dir='ltr'>enim</span> <span class='ocrx_word' id='word_1_193' title='bbox 805 2472 956 2522; x_wconf 88' lang='lat' dir='ltr'>pecca-</span> 
     </span>
     <span class='ocr_line' id='line_1_41' title="bbox 139 2523 958 2576; baseline 0.006 -13"><span class='ocrx_word' id='word_1_194' title='bbox 139 2523 262 2573; x_wconf 87' lang='lat' dir='ltr'>verit,</span> <span class='ocrx_word' id='word_1_195' title='bbox 284 2528 428 2565; x_wconf 88' lang='lat' dir='ltr'>tamen</span> <span class='ocrx_word' id='word_1_196' title='bbox 445 2525 635 2576; x_wconf 90' lang='lat' dir='ltr'>Patrem,</span> <span class='ocrx_word' id='word_1_197' title='bbox 661 2531 704 2568; x_wconf 91' lang='lat' dir='ltr'>et</span> <span class='ocrx_word' id='word_1_198' title='bbox 719 2526 890 2576; x_wconf 84' lang='lat' dir='ltr'>Filium,</span> <span class='ocrx_word' id='word_1_199' title='bbox 915 2534 958 2568; x_wconf 89' lang='lat' dir='ltr'>et</span> 
     </span>
    </p>
   </div>
   <div class='ocr_carea' id='block_1_7' title="bbox 138 2579 957 2791">
    <p class='ocr_par' dir='ltr' id='par_1_14' title="bbox 138 2579 957 2791">
     <span class='ocr_line' id='line_1_42' title="bbox 139 2579 957 2633; baseline 0.006 -14"><span class='ocrx_word' id='word_1_200' title='bbox 139 2579 345 2631; x_wconf 91' lang='lat' dir='ltr'>Spiritum</span> <span class='ocrx_word' id='word_1_201' title='bbox 361 2586 557 2622; x_wconf 89' lang='lat' dir='ltr'>sanctum</span> <span class='ocrx_word' id='word_1_202' title='bbox 574 2594 662 2623; x_wconf 93' lang='lat' dir='ltr'>non</span> <span class='ocrx_word' id='word_1_203' title='bbox 675 2582 858 2633; x_wconf 86' lang='lat' dir='ltr'>negavit,</span> <span class='ocrx_word' id='word_1_204' title='bbox 879 2583 957 2624; x_wconf 88' lang='lat' dir='ltr'>sed</span> 
     </span>
     <span class='ocr_line' id='line_1_43' title="bbox 140 2635 956 2689; baseline 0.006 -14"><span class='ocrx_word' id='word_1_205' title='bbox 140 2635 333 2686; x_wconf 80' lang='lat' dir='ltr'>credidit,</span> <span class='ocrx_word' id='word_1_206' title='bbox 352 2641 395 2678; x_wconf 92' lang='lat' dir='ltr'>et</span> <span class='ocrx_word' id='word_1_207' title='bbox 413 2637 554 2678; x_wconf 86' lang='lat' dir='ltr'>zelum</span> <span class='ocrx_word' id='word_1_208' title='bbox 569 2637 681 2679; x_wconf 86' lang='grc'>1)81</span> <span class='ocrx_word' id='word_1_209' title='bbox 670 2652 714 2678; x_wconf 89' lang='grc'>111</span> <span class='ocrx_word' id='word_1_210' title='bbox 730 2651 777 2679; x_wconf 92' lang='grc'>58</span> <span class='ocrx_word' id='word_1_211' title='bbox 795 2638 956 2689; x_wconf 89' lang='lat' dir='ltr'>habuit,</span> 
     </span>
     <span class='ocr_line' id='line_1_44' title="bbox 139 2692 957 2751; baseline 0.006 -19"><span class='ocrx_word' id='word_1_212' title='bbox 139 2696 182 2733; x_wconf 93' lang='lat' dir='ltr'>et</span> <span class='ocrx_word' id='word_1_213' title='bbox 199 2692 354 2742; x_wconf 90' lang='lat' dir='ltr'>Deum,</span> <span class='ocrx_word' id='word_1_214' title='bbox 381 2693 454 2745; x_wconf 92' lang='lat' dir='ltr'>qui</span> <span class='ocrx_word' id='word_1_215' title='bbox 471 2693 573 2751; x_wconf 87' lang='lat' dir='ltr'>fecit</span> <span class='ocrx_word' id='word_1_216' title='bbox 592 2695 748 2744; x_wconf 89' lang='lat' dir='ltr'>omnia,</span> <span class='ocrx_word' id='word_1_217' title='bbox 772 2693 957 2737; x_wconf 80' lang='lat' dir='ltr'>fideliter</span> 
     </span>
     <span class='ocr_line' id='line_1_45' title="bbox 138 2746 348 2791; baseline 0.01 -3"><span class='ocrx_word' id='word_1_218' title='bbox 138 2746 348 2791; x_wconf 88' lang='lat' dir='ltr'>adoravit</span> 
     </span>
    </p>
   </div>
   <div class='ocr_carea' id='block_1_8' title="bbox 1008 328 1881 2143">
    <p class='ocr_par' dir='ltr' id='par_1_15' title="bbox 1008 328 1881 2143">
     <span class='ocr_line' id='line_1_46' title="bbox 1343 328 1503 369; baseline -0.006 0"><span class='ocrx_word' id='word_1_219' title='bbox 1343 328 1503 369; x_wconf 80' lang='lat' dir='ltr'>Oratio.</span> 
     </span>
     <span class='ocr_line' id='line_1_47' title="bbox 1010 381 1829 487; baseline 0.001 -54"><span class='ocrx_word' id='word_1_220' title='bbox 1010 381 1223 487; x_wconf 87' lang='lat' dir='ltr'>Delicta</span> <span class='ocrx_word' id='word_1_221' title='bbox 1240 393 1483 445; x_wconf 76' lang='lat' dir='ltr'>juventutis,</span> <span class='ocrx_word' id='word_1_222' title='bbox 1503 398 1546 435; x_wconf 91' lang='lat' dir='ltr'>et</span> <span class='ocrx_word' id='word_1_223' title='bbox 1564 393 1829 444; x_wconf 76' lang='lat' dir='ltr'>ignorantias</span> 
     </span>
     <span class='ocr_line' id='line_1_48' title="bbox 1114 450 1830 501; baseline -0.001 -10"><span class='ocrx_word' id='word_1_224' title='bbox 1114 450 1214 501; x_wconf 81' lang='lat' dir='ltr'>ejuS,</span> <span class='ocrx_word' id='word_1_225' title='bbox 1235 452 1494 501; x_wconf 78' lang='lat' dir='ltr'>quaesumus,</span> <span class='ocrx_word' id='word_1_226' title='bbox 1512 463 1567 491; x_wconf 91' lang='lat' dir='ltr'>ne</span> <span class='ocrx_word' id='word_1_227' title='bbox 1585 450 1830 491; x_wconf 84' lang='lat' dir='ltr'>memineris</span> 
     </span>
     <span class='ocr_line' id='line_1_49' title="bbox 1008 505 1831 557; baseline 0.002 -12"><span class='ocrx_word' id='word_1_228' title='bbox 1008 505 1208 556; x_wconf 89' lang='lat' dir='ltr'>Domine;</span> <span class='ocrx_word' id='word_1_229' title='bbox 1245 507 1324 548; x_wconf 87' lang='lat' dir='ltr'>sed.</span> <span class='ocrx_word' id='word_1_230' title='bbox 1361 506 1599 548; x_wconf 89' lang='lat' dir='ltr'>secundum</span> <span class='ocrx_word' id='word_1_231' title='bbox 1630 519 1831 557; x_wconf 86' lang='lat' dir='ltr'>magnam</span> 
     </span>
     <span class='ocr_line' id='line_1_50' title="bbox 1008 562 1830 613; baseline 0.002 -11"><span class='ocrx_word' id='word_1_232' title='bbox 1008 562 1349 613; x_wconf 87' lang='lat' dir='ltr'>misericordiam</span> <span class='ocrx_word' id='word_1_233' title='bbox 1383 569 1504 605; x_wconf 89' lang='lat' dir='ltr'>tuam</span> <span class='ocrx_word' id='word_1_234' title='bbox 1535 576 1703 605; x_wconf 92' lang='lat' dir='ltr'>memor</span> <span class='ocrx_word' id='word_1_235' title='bbox 1735 568 1830 604; x_wconf 93' lang='lat' dir='ltr'>esto</span> 
     </span>
     <span class='ocr_line' id='line_1_51' title="bbox 1008 618 1830 672; baseline 0.004 -14"><span class='ocrx_word' id='word_1_236' title='bbox 1008 618 1121 660; x_wconf 91' lang='lat' dir='ltr'>illius</span> <span class='ocrx_word' id='word_1_237' title='bbox 1141 619 1184 659; x_wconf 91' lang='lat' dir='ltr'>in</span> <span class='ocrx_word' id='word_1_238' title='bbox 1202 618 1340 670; x_wconf 84' lang='lat' dir='ltr'>gloria</span> <span class='ocrx_word' id='word_1_239' title='bbox 1359 619 1566 661; x_wconf 76' lang='lat' dir='ltr'>claritatis</span> <span class='ocrx_word' id='word_1_240' title='bbox 1584 625 1683 661; x_wconf 86' lang='lat' dir='ltr'>tuae.</span> <span class='ocrx_word' id='word_1_241' title='bbox 1716 619 1830 672; x_wconf 91' lang='lat' dir='ltr'>Ape-</span> 
     </span>
     <span class='ocr_line' id='line_1_52' title="bbox 1009 675 1830 726; baseline 0.001 -11"><span class='ocrx_word' id='word_1_242' title='bbox 1009 675 1172 717; x_wconf 87' lang='lat' dir='ltr'>riantur</span> <span class='ocrx_word' id='word_1_243' title='bbox 1191 676 1231 716; x_wconf 90' lang='lat' dir='ltr'>ei</span> <span class='ocrx_word' id='word_1_244' title='bbox 1250 676 1360 726; x_wconf 90' lang='lat' dir='ltr'>coeli,</span> <span class='ocrx_word' id='word_1_245' title='bbox 1381 676 1652 718; x_wconf 77' lang='lat' dir='ltr'>collaetentur</span> <span class='ocrx_word' id='word_1_246' title='bbox 1668 676 1729 717; x_wconf 91' lang='lat' dir='ltr'>illi</span> <span class='ocrx_word' id='word_1_247' title='bbox 1745 676 1830 716; x_wconf 93' lang='lat' dir='ltr'>An-</span> 
     </span>
     <span class='ocr_line' id='line_1_53' title="bbox 1008 732 1830 784; baseline 0.001 -12"><span class='ocrx_word' id='word_1_248' title='bbox 1008 732 1104 782; x_wconf 86' lang='lat' dir='ltr'>geli.</span> <span class='ocrx_word' id='word_1_249' title='bbox 1131 733 1181 773; x_wconf 94' lang='lat' dir='ltr'>In</span> <span class='ocrx_word' id='word_1_250' title='bbox 1200 745 1380 784; x_wconf 87' lang='lat' dir='ltr'>regnum</span> <span class='ocrx_word' id='word_1_251' title='bbox 1398 738 1521 774; x_wconf 86' lang='lat' dir='ltr'>tuum</span> <span class='ocrx_word' id='word_1_252' title='bbox 1539 733 1725 774; x_wconf 83' lang='lat' dir='ltr'>Domine</span> <span class='ocrx_word' id='word_1_253' title='bbox 1745 745 1830 774; x_wconf 91' lang='lat' dir='ltr'>ser-</span> 
     </span>
     <span class='ocr_line' id='line_1_54' title="bbox 1009 789 1880 842; baseline 0.001 -13"><span class='ocrx_word' id='word_1_254' title='bbox 1009 802 1110 829; x_wconf 89' lang='lat' dir='ltr'>vum</span> <span class='ocrx_word' id='word_1_255' title='bbox 1128 794 1250 830; x_wconf 89' lang='lat' dir='ltr'>tuum</span> <span class='ocrx_word' id='word_1_256' title='bbox 1270 789 1454 842; x_wconf 81' lang='lat' dir='ltr'>suscipe.</span> <span class='ocrx_word' id='word_1_257' title='bbox 1493 789 1708 842; x_wconf 90' lang='lat' dir='ltr'>Suscipiat</span> <span class='ocrx_word' id='word_1_258' title='bbox 1733 802 1831 830; x_wconf 92' lang='lat' dir='ltr'>eum</span> <span class='ocrx_word' id='word_1_259' title='bbox 1877 807 1880 810; x_wconf 47' lang='lat'><strong>⁴</strong></span> 
     </span>
     <span class='ocr_line' id='line_1_55' title="bbox 1009 845 1831 897; baseline -0.001 -11"><span class='ocrx_word' id='word_1_260' title='bbox 1009 851 1184 887; x_wconf 86' lang='lat' dir='ltr'>sanctus</span> <span class='ocrx_word' id='word_1_261' title='bbox 1208 846 1394 887; x_wconf 74' lang='lat' dir='ltr'>Michael</span> <span class='ocrx_word' id='word_1_262' title='bbox 1419 846 1719 897; x_wconf 87' lang='lat' dir='ltr'>Archangelus</span> <span class='ocrx_word' id='word_1_263' title='bbox 1738 845 1831 895; x_wconf 86' lang='lat' dir='ltr'>Dei,</span> 
     </span>
     <span class='ocr_line' id='line_1_56' title="bbox 1011 901 1830 955; baseline -0.001 -12"><span class='ocrx_word' id='word_1_264' title='bbox 1011 902 1083 954; x_wconf 92' lang='lat' dir='ltr'>qui</span> <span class='ocrx_word' id='word_1_265' title='bbox 1101 902 1265 944; x_wconf 88' lang='lat' dir='ltr'>militiae</span> <span class='ocrx_word' id='word_1_266' title='bbox 1291 903 1482 944; x_wconf 84' lang='lat' dir='ltr'>coelestis</span> <span class='ocrx_word' id='word_1_267' title='bbox 1501 902 1658 944; x_wconf 80' lang='lat' dir='ltr'>meruit</span> <span class='ocrx_word' id='word_1_268' title='bbox 1676 901 1830 955; x_wconf 91' lang='lat' dir='ltr'>princi—</span> 
     </span>
     <span class='ocr_line' id='line_1_57' title="bbox 1008 958 1832 1011; baseline -0.001 -12"><span class='ocrx_word' id='word_1_269' title='bbox 1008 961 1170 1011; x_wconf 86' lang='lat' dir='ltr'>patum.</span> <span class='ocrx_word' id='word_1_270' title='bbox 1202 959 1390 1001; x_wconf 79' lang='lat' dir='ltr'>Veniant</span> <span class='ocrx_word' id='word_1_271' title='bbox 1414 959 1476 1000; x_wconf 92' lang='lat' dir='ltr'>illi</span> <span class='ocrx_word' id='word_1_272' title='bbox 1501 959 1675 1001; x_wconf 88' lang='lat' dir='ltr'>obviam</span> <span class='ocrx_word' id='word_1_273' title='bbox 1695 958 1832 999; x_wconf 87' lang='grc'>5311811</span> 
     </span>
     <span class='ocr_line' id='line_1_58' title="bbox 1010 1014 1833 1069; baseline -0.001 -14"><span class='ocrx_word' id='word_1_274' title='bbox 1010 1014 1166 1066; x_wconf 85' lang='lat' dir='ltr'>Angeli</span> <span class='ocrx_word' id='word_1_275' title='bbox 1192 1016 1290 1066; x_wconf 82' lang='lat' dir='ltr'>Dei,</span> <span class='ocrx_word' id='word_1_276' title='bbox 1323 1021 1366 1058; x_wconf 87' lang='lat' dir='ltr'>et</span> <span class='ocrx_word' id='word_1_277' title='bbox 1393 1015 1636 1069; x_wconf 84' lang='lat' dir='ltr'>perducant</span> <span class='ocrx_word' id='word_1_278' title='bbox 1663 1028 1762 1057; x_wconf 88' lang='lat' dir='ltr'>eum</span> <span class='ocrx_word' id='word_1_279' title='bbox 1788 1014 1833 1054; x_wconf 91' lang='lat' dir='ltr'>in</span> 
     </span>
     <span class='ocr_line' id='line_1_59' title="bbox 1010 1071 1833 1116; baseline 0.001 -4"><span class='ocrx_word' id='word_1_280' title='bbox 1010 1071 1228 1116; x_wconf 87' lang='lat' dir='ltr'>civitatem</span> <span class='ocrx_word' id='word_1_281' title='bbox 1239 1073 1463 1114; x_wconf 82' lang='lat' dir='ltr'>coelestem</span> <span class='ocrx_word' id='word_1_282' title='bbox 1472 1072 1723 1114; x_wconf 82' lang='lat' dir='ltr'>Jerusalem.</span> <span class='ocrx_word' id='word_1_283' title='bbox 1742 1072 1833 1113; x_wconf 92' lang='lat' dir='ltr'>Sus-</span> 
     </span>
     <span class='ocr_line' id='line_1_60' title="bbox 1010 1128 1831 1181; baseline -0.001 -11"><span class='ocrx_word' id='word_1_284' title='bbox 1010 1128 1142 1180; x_wconf 88' lang='lat' dir='ltr'>cipiat</span> <span class='ocrx_word' id='word_1_285' title='bbox 1167 1142 1265 1170; x_wconf 92' lang='lat' dir='ltr'>eum</span> <span class='ocrx_word' id='word_1_286' title='bbox 1287 1128 1443 1171; x_wconf 91' lang='lat' dir='ltr'>beatus</span> <span class='ocrx_word' id='word_1_287' title='bbox 1464 1129 1621 1171; x_wconf 89' lang='lat' dir='ltr'>Petrus</span> <span class='ocrx_word' id='word_1_288' title='bbox 1642 1128 1831 1181; x_wconf 91' lang='lat' dir='ltr'>Aposto—</span> 
     </span>
     <span class='ocr_line' id='line_1_61' title="bbox 1009 1185 1831 1236; baseline 0.001 -11"><span class='ocrx_word' id='word_1_289' title='bbox 1009 1185 1092 1235; x_wconf 91' lang='lat' dir='ltr'>lus,</span> <span class='ocrx_word' id='word_1_290' title='bbox 1126 1186 1194 1227; x_wconf 92' lang='lat' dir='ltr'>cui</span> <span class='ocrx_word' id='word_1_291' title='bbox 1218 1198 1258 1226; x_wconf 91' lang='lat' dir='ltr'>a</span> <span class='ocrx_word' id='word_1_292' title='bbox 1253 1186 1363 1227; x_wconf 93' lang='lat' dir='ltr'>Deo</span> <span class='ocrx_word' id='word_1_293' title='bbox 1389 1186 1534 1228; x_wconf 86' lang='lat' dir='ltr'>claves</span> <span class='ocrx_word' id='word_1_294' title='bbox 1558 1185 1678 1236; x_wconf 79' lang='lat' dir='ltr'>regni</span> <span class='ocrx_word' id='word_1_295' title='bbox 1705 1185 1831 1226; x_wconf 91' lang='grc'>80818-</span> 
     </span>
     <span class='ocr_line' id='line_1_62' title="bbox 1010 1241 1834 1294; baseline 0 -12"><span class='ocrx_word' id='word_1_296' title='bbox 1010 1242 1087 1283; x_wconf 91' lang='lat' dir='ltr'>stis</span> <span class='ocrx_word' id='word_1_297' title='bbox 1106 1241 1278 1283; x_wconf 86' lang='lat' dir='ltr'>traditae</span> <span class='ocrx_word' id='word_1_298' title='bbox 1299 1247 1408 1284; x_wconf 89' lang='lat' dir='ltr'>sunt.</span> <span class='ocrx_word' id='word_1_299' title='bbox 1428 1241 1618 1294; x_wconf 88' lang='lat' dir='ltr'>Adjuvet</span> <span class='ocrx_word' id='word_1_300' title='bbox 1633 1254 1732 1283; x_wconf 91' lang='lat' dir='ltr'>eum</span> <span class='ocrx_word' id='word_1_301' title='bbox 1747 1254 1834 1283; x_wconf 92' lang='lat' dir='ltr'>san-</span> 
     </span>
     <span class='ocr_line' id='line_1_63' title="bbox 1010 1298 1833 1351; baseline 0 -12"><span class='ocrx_word' id='word_1_302' title='bbox 1010 1303 1105 1340; x_wconf 91' lang='lat' dir='ltr'>ctus</span> <span class='ocrx_word' id='word_1_303' title='bbox 1124 1298 1284 1340; x_wconf 87' lang='lat' dir='ltr'>Paulus</span> <span class='ocrx_word' id='word_1_304' title='bbox 1304 1299 1563 1351; x_wconf 84' lang='lat' dir='ltr'>Apostolus,</span> <span class='ocrx_word' id='word_1_305' title='bbox 1584 1298 1657 1351; x_wconf 92' lang='lat' dir='ltr'>qui</span> <span class='ocrx_word' id='word_1_306' title='bbox 1677 1298 1833 1349; x_wconf 90' lang='lat' dir='ltr'>dignus</span> 
     </span>
     <span class='ocr_line' id='line_1_64' title="bbox 1009 1354 1834 1397; baseline 0.001 -2"><span class='ocrx_word' id='word_1_307' title='bbox 1009 1355 1088 1396; x_wconf 89' lang='lat' dir='ltr'>fuit</span> <span class='ocrx_word' id='word_1_308' title='bbox 1107 1367 1204 1396; x_wconf 88' lang='lat' dir='ltr'>esse</span> <span class='ocrx_word' id='word_1_309' title='bbox 1224 1368 1301 1396; x_wconf 88' lang='lat' dir='ltr'>vas</span> <span class='ocrx_word' id='word_1_310' title='bbox 1323 1355 1557 1397; x_wconf 86' lang='lat' dir='ltr'>electionis.</span> <span class='ocrx_word' id='word_1_311' title='bbox 1585 1354 1834 1396; x_wconf 83' lang='lat' dir='ltr'>Intercedat</span> 
     </span>
     <span class='ocr_line' id='line_1_65' title="bbox 1009 1411 1881 1463; baseline -0.001 -10"><span class='ocrx_word' id='word_1_312' title='bbox 1009 1424 1106 1463; x_wconf 40' lang='lat' dir='ltr'>pro«</span> <span class='ocrx_word' id='word_1_313' title='bbox 1124 1424 1177 1453; x_wconf 92' lang='lat' dir='ltr'>eo</span> <span class='ocrx_word' id='word_1_314' title='bbox 1210 1417 1384 1454; x_wconf 88' lang='lat' dir='ltr'>sanctus</span> <span class='ocrx_word' id='word_1_315' title='bbox 1417 1412 1442 1452; x_wconf 85' lang='lat' dir='ltr'>J</span> <span class='ocrx_word' id='word_1_316' title='bbox 1444 1414 1623 1462; x_wconf 83' lang='lat' dir='ltr'>oannes,</span> <span class='ocrx_word' id='word_1_317' title='bbox 1669 1411 1833 1453; x_wconf 83' lang='lat' dir='ltr'>electus</span> <span class='ocrx_word' id='word_1_318' title='bbox 1878 1442 1881 1444; x_wconf 25' lang='grc' dir='ltr'>ψ</span> 
     </span>
     <span class='ocr_line' id='line_1_66' title="bbox 1009 1468 1834 1521; baseline 0.001 -13"><span class='ocrx_word' id='word_1_319' title='bbox 1009 1468 1092 1510; x_wconf 94' lang='lat' dir='ltr'>Dei</span> <span class='ocrx_word' id='word_1_320' title='bbox 1120 1468 1377 1521; x_wconf 85' lang='lat' dir='ltr'>Apostolus,</span> <span class='ocrx_word' id='word_1_321' title='bbox 1410 1469 1478 1510; x_wconf 92' lang='lat' dir='ltr'>cui</span> <span class='ocrx_word' id='word_1_322' title='bbox 1509 1468 1702 1519; x_wconf 86' lang='lat' dir='ltr'>revelata</span> <span class='ocrx_word' id='word_1_323' title='bbox 1735 1473 1834 1509; x_wconf 85' lang='lat' dir='ltr'>sunt</span> 
     </span>
     <span class='ocr_line' id='line_1_67' title="bbox 1011 1525 1881 1577; baseline 0 -11"><span class='ocrx_word' id='word_1_324' title='bbox 1011 1527 1179 1567; x_wconf 81' lang='lat' dir='ltr'>secreta</span> <span class='ocrx_word' id='word_1_325' title='bbox 1198 1525 1402 1567; x_wconf 79' lang='lat' dir='ltr'>coelestia.</span> <span class='ocrx_word' id='word_1_326' title='bbox 1444 1525 1580 1567; x_wconf 93' lang='lat' dir='ltr'>Orent</span> <span class='ocrx_word' id='word_1_327' title='bbox 1603 1538 1685 1577; x_wconf 90' lang='lat' dir='ltr'>pro</span> <span class='ocrx_word' id='word_1_328' title='bbox 1710 1537 1764 1566; x_wconf 89' lang='lat' dir='ltr'>eo</span> <span class='ocrx_word' id='word_1_329' title='bbox 1790 1537 1832 1566; x_wconf 96' lang='grc'>0-</span> <span class='ocrx_word' id='word_1_330' title='bbox 1879 1539 1881 1543; x_wconf 94' lang='grc'><strong><em>·</em></strong></span> 
     </span>
     <span class='ocr_line' id='line_1_68' title="bbox 1009 1581 1834 1634; baseline 0 -12"><span class='ocrx_word' id='word_1_331' title='bbox 1009 1594 1130 1623; x_wconf 88' lang='grc'>1111185</span> <span class='ocrx_word' id='word_1_332' title='bbox 1151 1582 1289 1623; x_wconf 88' lang='grc'>5311811</span> <span class='ocrx_word' id='word_1_333' title='bbox 1304 1581 1520 1634; x_wconf 84' lang='lat' dir='ltr'>Apostoli,</span> <span class='ocrx_word' id='word_1_334' title='bbox 1541 1581 1698 1633; x_wconf 91' lang='lat' dir='ltr'>quibus</span> <span class='ocrx_word' id='word_1_335' title='bbox 1714 1594 1739 1622; x_wconf 89' lang='lat' dir='ltr'>a</span> <span class='ocrx_word' id='word_1_336' title='bbox 1753 1581 1834 1622; x_wconf 92' lang='lat' dir='ltr'>Do-</span> 
     </span>
     <span class='ocr_line' id='line_1_69' title="bbox 1009 1637 1881 1691; baseline 0.003 -13"><span class='ocrx_word' id='word_1_337' title='bbox 1009 1638 1125 1679; x_wconf 91' lang='lat' dir='ltr'>mino</span> <span class='ocrx_word' id='word_1_338' title='bbox 1151 1637 1254 1680; x_wconf 90' lang='lat' dir='ltr'>data</span> <span class='ocrx_word' id='word_1_339' title='bbox 1278 1643 1344 1680; x_wconf 90' lang='lat' dir='ltr'>est</span> <span class='ocrx_word' id='word_1_340' title='bbox 1367 1640 1566 1691; x_wconf 80' lang='lat' dir='ltr'>potestas</span> <span class='ocrx_word' id='word_1_341' title='bbox 1589 1637 1753 1689; x_wconf 86' lang='lat' dir='ltr'>ligandi</span> <span class='ocrx_word' id='word_1_342' title='bbox 1772 1643 1832 1679; x_wconf 88' lang='lat' dir='ltr'>at·</span> <span class='ocrx_word' id='word_1_343' title='bbox 1879 1679 1881 1681; x_wconf 84' lang='grc'><em>,</em></span> 
     </span>
     <span class='ocr_line' id='line_1_70' title="bbox 1011 1694 1832 1747; baseline 0 -12"><span class='ocrx_word' id='word_1_344' title='bbox 1011 1707 1095 1746; x_wconf 92' lang='lat' dir='ltr'>que</span> <span class='ocrx_word' id='word_1_345' title='bbox 1120 1694 1328 1736; x_wconf 82' lang='lat' dir='ltr'>solvendi.</span> <span class='ocrx_word' id='word_1_346' title='bbox 1365 1694 1644 1736; x_wconf 83' lang='lat' dir='ltr'>Intercedant</span> <span class='ocrx_word' id='word_1_347' title='bbox 1670 1707 1752 1747; x_wconf 92' lang='lat' dir='ltr'>pro</span> <span class='ocrx_word' id='word_1_348' title='bbox 1779 1707 1832 1735; x_wconf 92' lang='lat' dir='ltr'>eo</span> 
     </span>
     <span class='ocr_line' id='line_1_71' title="bbox 1011 1751 1834 1803; baseline -0.001 -11"><span class='ocrx_word' id='word_1_349' title='bbox 1011 1763 1161 1793; x_wconf 88' lang='lat' dir='ltr'>omnes</span> <span class='ocrx_word' id='word_1_350' title='bbox 1193 1751 1338 1793; x_wconf 89' lang='lat' dir='ltr'>Sancti</span> <span class='ocrx_word' id='word_1_351' title='bbox 1374 1757 1417 1793; x_wconf 90' lang='lat' dir='ltr'>et</span> <span class='ocrx_word' id='word_1_352' title='bbox 1448 1751 1589 1793; x_wconf 82' lang='lat' dir='ltr'>Electi</span> <span class='ocrx_word' id='word_1_353' title='bbox 1620 1751 1718 1802; x_wconf 89' lang='lat' dir='ltr'>Dei,</span> <span class='ocrx_word' id='word_1_354' title='bbox 1760 1751 1834 1803; x_wconf 92' lang='lat' dir='ltr'>qui</span> 
     </span>
     <span class='ocr_line' id='line_1_72' title="bbox 1009 1807 1834 1860; baseline -0.001 -12"><span class='ocrx_word' id='word_1_355' title='bbox 1009 1820 1090 1860; x_wconf 92' lang='lat' dir='ltr'>pro</span> <span class='ocrx_word' id='word_1_356' title='bbox 1130 1807 1289 1849; x_wconf 89' lang='lat' dir='ltr'>Christi</span> <span class='ocrx_word' id='word_1_357' title='bbox 1326 1808 1500 1849; x_wconf 89' lang='lat' dir='ltr'>nomine</span> <span class='ocrx_word' id='word_1_358' title='bbox 1536 1810 1754 1850; x_wconf 82' lang='lat' dir='ltr'>tormenta</span> <span class='ocrx_word' id='word_1_359' title='bbox 1790 1807 1834 1847; x_wconf 94' lang='lat' dir='ltr'>in</span> 
     </span>
     <span class='ocr_line' id='line_1_73' title="bbox 1010 1863 1833 1906; baseline 0 -1"><span class='ocrx_word' id='word_1_360' title='bbox 1010 1863 1094 1905; x_wconf 92' lang='lat' dir='ltr'>hoc</span> <span class='ocrx_word' id='word_1_361' title='bbox 1113 1864 1275 1905; x_wconf 78' lang='lat' dir='ltr'>saeculo</span> <span class='ocrx_word' id='word_1_362' title='bbox 1295 1865 1603 1906; x_wconf 82' lang='lat' dir='ltr'>sustinuerunt:</span> <span class='ocrx_word' id='word_1_363' title='bbox 1622 1870 1670 1906; x_wconf 91' lang='lat' dir='ltr'>ut</span> <span class='ocrx_word' id='word_1_364' title='bbox 1690 1866 1833 1905; x_wconf 88' lang='lat' dir='ltr'>vincu-</span> 
     </span>
     <span class='ocr_line' id='line_1_74' title="bbox 1009 1919 1832 1973; baseline 0.001 -13"><span class='ocrx_word' id='word_1_365' title='bbox 1009 1919 1062 1960; x_wconf 92' lang='lat' dir='ltr'>lis</span> <span class='ocrx_word' id='word_1_366' title='bbox 1081 1921 1221 1961; x_wconf 83' lang='lat' dir='ltr'>car&#39;nis</span> <span class='ocrx_word' id='word_1_367' title='bbox 1242 1924 1408 1971; x_wconf 83' lang='lat' dir='ltr'>exutuS,</span> <span class='ocrx_word' id='word_1_368' title='bbox 1428 1923 1656 1973; x_wconf 87' lang='lat' dir='ltr'>pervenire</span> <span class='ocrx_word' id='word_1_369' title='bbox 1670 1922 1832 1962; x_wconf 90' lang='lat' dir='ltr'>merea-</span> 
     </span>
     <span class='ocr_line' id='line_1_75' title="bbox 1009 1976 1832 2030; baseline 0 -12"><span class='ocrx_word' id='word_1_370' title='bbox 1009 1981 1079 2018; x_wconf 88' lang='lat' dir='ltr'>tur</span> <span class='ocrx_word' id='word_1_371' title='bbox 1098 1976 1155 2018; x_wconf 90' lang='lat' dir='ltr'>ad</span> <span class='ocrx_word' id='word_1_372' title='bbox 1169 1977 1351 2027; x_wconf 85' lang='lat' dir='ltr'>gloriam</span> <span class='ocrx_word' id='word_1_373' title='bbox 1365 1977 1486 2028; x_wconf 86' lang='lat' dir='ltr'>regni</span> <span class='ocrx_word' id='word_1_374' title='bbox 1501 1977 1704 2027; x_wconf 79' lang='lat' dir='ltr'>coelestis,</span> <span class='ocrx_word' id='word_1_375' title='bbox 1724 1990 1832 2030; x_wconf 82' lang='lat' dir='ltr'>prae-</span> 
     </span>
     <span class='ocr_line' id='line_1_76' title="bbox 1010 2033 1832 2075; baseline 0 -1"><span class='ocrx_word' id='word_1_376' title='bbox 1010 2035 1152 2074; x_wconf 91' lang='lat' dir='ltr'>stante</span> <span class='ocrx_word' id='word_1_377' title='bbox 1179 2033 1369 2075; x_wconf 89' lang='lat' dir='ltr'>Domino</span> <span class='ocrx_word' id='word_1_378' title='bbox 1401 2039 1553 2075; x_wconf 90' lang='lat' dir='ltr'>nostro</span> <span class='ocrx_word' id='word_1_379' title='bbox 1581 2034 1605 2074; x_wconf 88' lang='lat' dir='ltr'>J</span> <span class='ocrx_word' id='word_1_380' title='bbox 1608 2046 1685 2075; x_wconf 91' lang='lat' dir='ltr'>esu</span> <span class='ocrx_word' id='word_1_381' title='bbox 1715 2033 1832 2075; x_wconf 92' lang='lat' dir='ltr'>Chri-</span> 
     </span>
     <span class='ocr_line' id='line_1_77' title="bbox 1010 2088 1832 2143; baseline 0.002 -14"><span class='ocrx_word' id='word_1_382' title='bbox 1010 2094 1094 2130; x_wconf 90' lang='lat' dir='ltr'>sto:</span> <span class='ocrx_word' id='word_1_383' title='bbox 1119 2089 1202 2139; x_wconf 85' lang='lat' dir='ltr'>Qui</span> <span class='ocrx_word' id='word_1_384' title='bbox 1226 2088 1325 2131; x_wconf 91' lang='lat' dir='ltr'>cum</span> <span class='ocrx_word' id='word_1_385' title='bbox 1342 2090 1473 2131; x_wconf 88' lang='lat' dir='ltr'>Patre</span> <span class='ocrx_word' id='word_1_386' title='bbox 1497 2095 1540 2131; x_wconf 91' lang='lat' dir='ltr'>et</span> <span class='ocrx_word' id='word_1_387' title='bbox 1559 2090 1722 2143; x_wconf 90' lang='lat' dir='ltr'>Spiritu</span> <span class='ocrx_word' id='word_1_388' title='bbox 1740 2102 1832 2131; x_wconf 86' lang='grc'>5311-</span> 
     </span>
    </p>
   </div>
   <div class='ocr_carea' id='block_1_9' title="bbox 1009 2145 1834 2255">
    <p class='ocr_par' dir='ltr' id='par_1_16' title="bbox 1009 2145 1834 2255">
     <span class='ocr_line' id='line_1_78' title="bbox 1010 2145 1834 2197; baseline 0.002 -11"><span class='ocrx_word' id='word_1_389' title='bbox 1010 2150 1081 2186; x_wconf 91' lang='grc'>810</span> <span class='ocrx_word' id='word_1_390' title='bbox 1100 2145 1206 2187; x_wconf 88' lang='lat' dir='ltr'>vivit</span> <span class='ocrx_word' id='word_1_391' title='bbox 1226 2151 1269 2187; x_wconf 90' lang='lat' dir='ltr'>et</span> <span class='ocrx_word' id='word_1_392' title='bbox 1288 2151 1440 2197; x_wconf 88' lang='lat' dir='ltr'>regnat</span> <span class='ocrx_word' id='word_1_393' title='bbox 1458 2146 1501 2187; x_wconf 92' lang='lat' dir='ltr'>in</span> <span class='ocrx_word' id='word_1_394' title='bbox 1520 2146 1682 2188; x_wconf 79' lang='lat' dir='ltr'>saecula</span> <span class='ocrx_word' id='word_1_395' title='bbox 1699 2159 1834 2188; x_wconf 83' lang='grc'>538811-</span> 
     </span>
     <span class='ocr_line' id='line_1_79' title="bbox 1009 2201 1422 2255; baseline 0.002 -13"><span class='ocrx_word' id='word_1_396' title='bbox 1009 2201 1160 2243; x_wconf 92' lang='lat' dir='ltr'>lorum.</span> <span class='ocrx_word' id='word_1_397' title='bbox 1194 2203 1245 2255; x_wconf 70' lang='lat' dir='ltr'>R.</span> <span class='ocrx_word' id='word_1_398' title='bbox 1270 2202 1422 2244; x_wconf 89' lang='lat' dir='ltr'>Amen.</span> 
     </span>
    </p>
   </div>
   <div class='ocr_carea' id='block_1_10' title="bbox 1010 2269 1830 2452">
    <p class='ocr_par' dir='ltr' id='par_1_17' title="bbox 1010 2269 1830 2452">
     <span class='ocr_line' id='line_1_80' title="bbox 1062 2269 1830 2315; baseline 0.004 -11"><span class='ocrx_word' id='word_1_399' title='bbox 1062 2269 1103 2304; x_wconf 89' lang='lat' dir='ltr'>Si</span> <span class='ocrx_word' id='word_1_400' title='bbox 1127 2270 1305 2305; x_wconf 77' lang='lat' dir='ltr'>anxiatur</span> <span class='ocrx_word' id='word_1_401' title='bbox 1328 2270 1454 2305; x_wconf 88' lang='lat' dir='ltr'>adhuc</span> <span class='ocrx_word' id='word_1_402' title='bbox 1478 2272 1619 2315; x_wconf 88' lang='lat' dir='ltr'>anima,</span> <span class='ocrx_word' id='word_1_403' title='bbox 1652 2271 1830 2307; x_wconf 90' lang='lat' dir='ltr'>dicuntur</span> 
     </span>
     <span class='ocr_line' id='line_1_81' title="bbox 1012 2318 1830 2366; baseline 0.002 -14"><span class='ocrx_word' id='word_1_404' title='bbox 1012 2318 1053 2351; x_wconf 92' lang='lat' dir='ltr'>hi</span> <span class='ocrx_word' id='word_1_405' title='bbox 1072 2318 1225 2362; x_wconf 82' lang='lat' dir='ltr'>Psalmi,</span> <span class='ocrx_word' id='word_1_406' title='bbox 1240 2319 1422 2354; x_wconf 78' lang='lat' dir='ltr'>videlicet</span> <span class='ocrx_word' id='word_1_407' title='bbox 1437 2319 1690 2366; x_wconf 72' lang='lat' dir='ltr'>Confitomini.</span> <span class='ocrx_word' id='word_1_408' title='bbox 1714 2323 1766 2357; x_wconf 86' lang='grc'>18.</span> <span class='ocrx_word' id='word_1_409' title='bbox 1793 2324 1830 2355; x_wconf 88' lang='grc'>81</span> 
     </span>
     <span class='ocr_line' id='line_1_82' title="bbox 1010 2367 1827 2412; baseline 0.001 -12"><span class='ocrx_word' id='word_1_410' title='bbox 1010 2370 1113 2401; x_wconf 85' lang='grc'>101115</span> <span class='ocrx_word' id='word_1_411' title='bbox 1135 2367 1195 2402; x_wconf 89' lang='grc' dir='ltr'>Ρ5.</span> <span class='ocrx_word' id='word_1_412' title='bbox 1219 2367 1329 2404; x_wconf 85' lang='lat' dir='ltr'>Beati</span> <span class='ocrx_word' id='word_1_413' title='bbox 1351 2369 1593 2405; x_wconf 85' lang='lat' dir='ltr'>immaculati.</span> <span class='ocrx_word' id='word_1_414' title='bbox 1615 2378 1685 2412; x_wconf 85' lang='lat' dir='ltr'>per</span> <span class='ocrx_word' id='word_1_415' title='bbox 1700 2368 1827 2402; x_wconf 84' lang='lat' dir='ltr'>Horas</span> 
     </span>
     <span class='ocr_line' id='line_1_83' title="bbox 1011 2414 1327 2452; baseline 0.016 -5"><span class='ocrx_word' id='word_1_416' title='bbox 1011 2414 1247 2449; x_wconf 88' lang='lat' dir='ltr'>distributus.</span> <span class='ocrx_word' id='word_1_417' title='bbox 1275 2417 1327 2452; x_wconf 85' lang='lat'>19.</span> 
     </span>
    </p>
   </div>
   <div class='ocr_carea' id='block_1_11' title="bbox 1063 2471 1735 2517">
    <p class='ocr_par' dir='ltr' id='par_1_18' title="bbox 1063 2471 1735 2517">
     <span class='ocr_line' id='line_1_84' title="bbox 1063 2471 1735 2517; baseline 0.006 -13"><span class='ocrx_word' id='word_1_418' title='bbox 1063 2471 1230 2514; x_wconf 82' lang='lat' dir='ltr'>Egressa</span> <span class='ocrx_word' id='word_1_419' title='bbox 1254 2476 1380 2507; x_wconf 88' lang='lat' dir='ltr'>autem</span> <span class='ocrx_word' id='word_1_420' title='bbox 1404 2473 1541 2517; x_wconf 80' lang='lat' dir='ltr'>anima,</span> <span class='ocrx_word' id='word_1_421' title='bbox 1566 2473 1638 2508; x_wconf 87' lang='lat' dir='ltr'>dic.</span> <span class='ocrx_word' id='word_1_422' title='bbox 1661 2473 1735 2507; x_wconf 91' lang='lat' dir='ltr'>hoc</span> 
     </span>
    </p>
   </div>
   <div class='ocr_carea' id='block_1_12' title="bbox 1008 2528 1831 2808">
    <p class='ocr_par' dir='ltr' id='par_1_19' title="bbox 1008 2528 1831 2808">
     <span class='ocr_line' id='line_1_85' title="bbox 1062 2528 1830 2580; baseline 0.003 -12"><span class='ocrx_word' id='word_1_423' title='bbox 1062 2528 1112 2580; x_wconf 65' lang='lat' dir='ltr'>Rz.</span> <span class='ocrx_word' id='word_1_424' title='bbox 1137 2529 1371 2571; x_wconf 89' lang='lat' dir='ltr'>Subvenite</span> <span class='ocrx_word' id='word_1_425' title='bbox 1395 2531 1538 2572; x_wconf 88' lang='lat' dir='ltr'>Sancti</span> <span class='ocrx_word' id='word_1_426' title='bbox 1559 2531 1657 2579; x_wconf 91' lang='lat' dir='ltr'>Dei,</span> <span class='ocrx_word' id='word_1_427' title='bbox 1683 2534 1830 2572; x_wconf 93' lang='lat' dir='ltr'>occur-</span> 
     </span>
     <span class='ocr_line' id='line_1_86' title="bbox 1010 2585 1830 2639; baseline 0.002 -14"><span class='ocrx_word' id='word_1_428' title='bbox 1010 2585 1090 2626; x_wconf 92' lang='lat' dir='ltr'>rite</span> <span class='ocrx_word' id='word_1_429' title='bbox 1110 2585 1267 2636; x_wconf 87' lang='lat' dir='ltr'>Angeli</span> <span class='ocrx_word' id='word_1_430' title='bbox 1285 2586 1475 2628; x_wconf 90' lang='lat' dir='ltr'>Domini:</span> <span class='ocrx_word' id='word_1_431' title='bbox 1493 2587 1516 2612; x_wconf 89' lang='grc'>*</span> <span class='ocrx_word' id='word_1_432' title='bbox 1536 2587 1830 2639; x_wconf 83' lang='lat' dir='ltr'>Suscipientes</span> 
     </span>
     <span class='ocr_line' id='line_1_87' title="bbox 1010 2641 1831 2694; baseline 0.002 -13"><span class='ocrx_word' id='word_1_433' title='bbox 1010 2641 1196 2682; x_wconf 90' lang='lat' dir='ltr'>animam</span> <span class='ocrx_word' id='word_1_434' title='bbox 1224 2643 1327 2694; x_wconf 90' lang='lat' dir='ltr'>ejus:</span> <span class='ocrx_word' id='word_1_435' title='bbox 1346 2644 1368 2669; x_wconf 89' lang='lat'>*</span> <span class='ocrx_word' id='word_1_436' title='bbox 1395 2643 1637 2685; x_wconf 78' lang='lat' dir='ltr'>Offerentes</span> <span class='ocrx_word' id='word_1_437' title='bbox 1666 2656 1762 2684; x_wconf 89' lang='lat' dir='ltr'>eam</span> <span class='ocrx_word' id='word_1_438' title='bbox 1788 2643 1831 2683; x_wconf 93' lang='lat' dir='ltr'>in</span> 
     </span>
     <span class='ocr_line' id='line_1_88' title="bbox 1010 2694 1831 2751; baseline 0.002 -14"><span class='ocrx_word' id='word_1_439' title='bbox 1010 2700 1248 2750; x_wconf 79' lang='lat' dir='ltr'>conspectu</span> <span class='ocrx_word' id='word_1_440' title='bbox 1276 2699 1497 2741; x_wconf 89' lang='lat' dir='ltr'>Altissimi.</span> <span class='ocrx_word' id='word_1_441' title='bbox 1533 2694 1585 2745; x_wconf 67' lang='lat' dir='ltr'>V.</span> <span class='ocrx_word' id='word_1_442' title='bbox 1615 2699 1831 2751; x_wconf 89' lang='lat' dir='ltr'>Suscipiat</span> 
     </span>
     <span class='ocr_line' id='line_1_89' title="bbox 1008 2753 1831 2808; baseline 0.001 -14"><span class='ocrx_word' id='word_1_443' title='bbox 1008 2757 1052 2794; x_wconf 91' lang='lat' dir='ltr'>te</span> <span class='ocrx_word' id='word_1_444' title='bbox 1077 2753 1285 2805; x_wconf 91' lang='lat' dir='ltr'>Christus,</span> <span class='ocrx_word' id='word_1_445' title='bbox 1318 2756 1392 2808; x_wconf 90' lang='lat' dir='ltr'>qui</span> <span class='ocrx_word' id='word_1_446' title='bbox 1423 2755 1597 2797; x_wconf 88' lang='lat' dir='ltr'>vocavit</span> <span class='ocrx_word' id='word_1_447' title='bbox 1628 2760 1688 2805; x_wconf 90' lang='lat' dir='ltr'>te,</span> <span class='ocrx_word' id='word_1_448' title='bbox 1721 2760 1764 2797; x_wconf 86' lang='lat' dir='ltr'>et</span> <span class='ocrx_word' id='word_1_449' title='bbox 1787 2754 1831 2795; x_wconf 87' lang='lat' dir='ltr'>in</span> 
     </span>
    </p>
   </div>
   <div class='ocr_carea' id='block_1_13' title="bbox 80 171 1889 2854">
    <p class='ocr_par' dir='ltr' id='par_1_20' title="bbox 80 171 1889 2854">
     <span class='ocr_line' id='line_1_90' title="bbox 80 171 1889 2854; baseline 0 0"><span class='ocrx_word' id='word_1_450' title='bbox 80 171 1889 2854; x_wconf 95' lang='lat' dir='ltr'> </span> 
     </span>
    </p>
   </div>
  </div>
 </body>
</html>
