2040 2976
165 208 240 243 390

219 310 255 348 2.
292 304 349 345 Hi
378 309 495 354 sunt,
523 305 547 331 *
580 305 654 357 qui
691 308 906 348 venerunt
944 307 999 349 de

167 360 453 403 tribulatiene
494 374 668 412 magna3
714 367 757 404 et
800 362 999 406 laverunt

168 417 305 459 stolas
325 430 426 458 suas
445 417 489 458 in
509 419 720 469 sanguine
739 419 866 470 Agni.

219 479 255 517 .’3.
276 474 383 517 Ideo
403 479 506 516 sunt
522 475 546 500 *
565 480 666 517 ante
685 475 891 518 thronum
905 477 999 527 Dei,

168 535 212 572 et
231 531 426 573 serviunt
444 531 485 572 ei
505 531 586 582 die,
605 545 656 574 ac
675 538 817 574 nocte.

220 592 258 630 4.
297 591 354 630 Et
377 588 462 640 ipsi
489 588 686 631 vicerunt
710 590 734 615 *
761 589 997 632 draconem

168 648 352 696 propter
383 645 639 695 sanguinem
664 646 796 697 Agni,
828 651 872 688 et
900 659 998 699 pro·

168 706 267 753 pter
285 702 598 742 testamentum
616 702 756 744 Verbi
776 704 853 744 sui.

220 761 258 800 5.
289 757 412 799 Beati
431 758 454 782 *
476 758 548 810 qui
572 758 720 801 lavant
740 759 877 801 stolas
898 773 999 801 suas

168 813 211 853 in
231 813 441 865 sanguine
461 814 588 866 Agni.

248 878 507 930 Capitulum.
734 877 868 918 Hebr.
884 878 921 918 9.

249 940 404 976 ratres:
434 934 634 977 Christus
660 938 870 978 assistens
894 939 1000 989 pen-

265 991 373 1032 tifex
392 991 640 1033 futurorum
659 992 895 1043 bonorum,
921 1006 1002 1046 per

171 1047 375 1100 amplius,
406 1054 450 1089 et
477 1049 716 1101 perfectius
742 1050 999 1092 tabernacu-

170 1103 260 1144 lum
283 1116 370 1145 non
395 1105 709 1156 manufactum,
727 1105 783 1147 id
802 1111 885 1156 est,
913 1119 1001 1148 non

169 1159 296 1212 hujus
329 1161 582 1211 creationis,
616 1174 760 1214 neque
793 1175 874 1215 per
906 1165 1001 1204 san-

169 1217 343 1268 guinem
371 1217 613 1268 hircorum,
646 1224 720 1260 aut
747 1219 1001 1270 vitulorum,

169 1273 249 1315 sed
263 1287 343 1327 per
358 1275 588 1327 preprium
599 1276 857 1326 sanguinem
870 1277 1001 1318 intro-

169 1331 247 1372 ivit
272 1331 408 1372 semel
434 1331 477 1372 in
505 1331 681 1382 Sancta,
713 1335 879 1374 aeterna
907 1333 1001 1375 red-

170 1387 393 1440 emptione
411 1387 598 1430 inventa.

482 1445 694 1496 Hymnus.

292 1504 434 1547 alvete
456 1504 618 1547 Christi
637 1506 828 1556 vulnera,

315 1562 522 1603 Immensi
542 1562 703 1603 ameris
723 1565 919 1615 pignora,

276 1617 445 1667 Quibus
463 1620 679 1671 perennes
699 1619 826 1661 rivuli

275 1674 455 1716 Manant
475 1674 672 1716 rubentis
697 1677 930 1728 sanguinis.

223 1738 378 1780 Nitore
397 1739 548 1781 stellas
568 1740 752 1789 vincitis,

277 1796 422 1836 Rosas
442 1795 581 1838 odore
602 1802 645 1838 et
664 1796 874 1847 balsama,

276 1852 426 1894 Pretio
446 1852 622 1905 lapillos
641 1852 832 1903 Indicos,

278 1908 420 1950 Mellis
439 1908 562 1951 favos
583 1909 826 1952 dulcedine.

233 1976 310 2016 Per
329 1987 409 2015 vos
427 1981 551 2028 patet
570 1976 868 2027 gratissimum

279 2031 456 2074 Nostris
476 2033 644 2085 asylum
664 2033 901 2085 mentibus3

278 2088 379 2129 Non
399 2088 485 2130 huc
504 2089 625 2130 furor
644 2089 901 2131 minantium

280 2145 498 2197 Umquam
517 2147 720 2198 penetrat
739 2145 944 2188 hostium.

227 2210 346 2258 Quot
365 2210 389 2250 J
393 2222 494 2251 esus
513 2210 557 2250 in
575 2211 788 2263 praetorio

280 2265 474 2317 Flagella
492 2265 636 2308 nudus
656 2268 833 2320 excipit!

281 2323 399 2373 Quot
419 2323 557 2364 scissa
575 2323 705 2376 pellis
724 2323 919 2378 undique

280 2379 425 2421 Stillat
444 2379 612 2421 crueris
631 2381 842 2431 guttulas!

235 2443 440 2486 Frontem
459 2448 704 2495 venustam,
728 2446 842 2498 proh
863 2446 1007 2488 dolor!

280 2501 455 2542 Corena
472 2501 627 2554 pungit
646 2504 808 2554 spinea,

281 2558 406 2599 Clavi
422 2561 571 2600 retusa
591 2558 775 2611 cuspide

281 2613 425 2657 Pedes
443 2618 687 2667 manusque
706 2614 943 2667 perforant.

230 2680 470 2733 Postquam
490 2679 569 2721 sed
588 2679 660 2721 ille
680 2679 862 2721 tradidit

282 2738 458 2786 Amans,
480 2736 719 2788 volensque
739 2736 951 2789 spiritum,

632 214 913 248 Pretiosissimi
937 213 1147 255 Sanguinis
1172 213 1215 246 D.
1240 212 1285 246 N.
1309 212 1342 246 J.
1370 211 1431 254 C„

1112 281 1119 287 ¹
1154 307 1316 348 Pectus
1335 307 1488 350 feritur
1506 307 1670 358 lancea,

1155 364 1457 416 Geminusque
1475 364 1622 417 liquor
1641 366 1795 408 exsilit.

1106 434 1163 475 Ut
1182 429 1313 482 plena
1332 429 1388 470 sit
1406 428 1665 483 redemptio,

1154 485 1244 528 Sub
1262 485 1474 527 torculari
1493 487 1729 539 stringitur,

1154 543 1318 595 Suique
1337 542 1362 583 J
1365 554 1466 584 esus
1486 545 1727 595 immemor,

1153 599 1246 641 Sibi
1265 599 1324 639 nil
1344 601 1541 641 reservat
1559 601 1792 652 sanguinis.

1106 667 1272 713 Venite,
1294 669 1515 716 quotquot
1534 665 1761 708 criminum

1157 722 1348 763 Funesta
1367 720 1490 762 labes
1510 722 1660 764 inficit:

1156 779 1205 818 In
1225 778 1311 820 hoc
1330 778 1484 819 salutis
1503 778 1663 821 balneo

1157 835 1241 886 Qui
1261 848 1308 877 se
1327 835 1457 885 lavat,
1476 835 1770 878 mundabitur.

1105 901 1269 943 Summi
1289 901 1346 942 ad
1364 901 1565 943 Parentis
1587 900 1815 944 dexteram

1157 957 1337 999 Sedenti
1355 957 1559 999 habenda
1578 962 1647 999 est
1665 959 1816 1009 gratia,

1158 1014 1242 1064 Qui
1261 1026 1342 1055 nos
1363 1013 1550 1056 redemit
1568 1015 1790 1066 sanguine,

1156 1069 1408 1122 Sancteque
1426 1069 1572 1112 firmat
1590 1071 1765 1123 Spiritu.

1365 1126 1520 1168 Amen.

1108 1184 1158 1237 W.
1174 1187 1199 1227 J
1200 1187 1410 1229 ustificati
1427 1188 1470 1228 in
1486 1188 1698 1239 sanguine
1713 1188 1887 1231 Christi.

1055 1248 1107 1299 R,
1131 1242 1250 1284 Salvi
1277 1244 1438 1285 erimus
1465 1243 1520 1286 ab
1545 1244 1609 1286 ira
1631 1258 1712 1298 per
1731 1246 1887 1298 ipsum.

1107 1311 1180 1354 Ad
1211 1311 1374 1354 Bened.
1425 1312 1523 1353 Ant.
1574 1310 1671 1352 Erit
1707 1311 1885 1362 sanguis

1055 1365 1171 1416 Agni
1189 1364 1317 1407 vobis
1336 1366 1380 1406 in
1400 1366 1587 1417 signum,
1613 1365 1719 1409 dicit
1738 1367 1886 1408 Domi-

1055 1434 1152 1462 nus:
1171 1427 1214 1464 et
1228 1421 1389 1464 videbo
1406 1423 1672 1474 sanguinem,
1692 1428 1735 1464 et
1749 1428 1886 1465 trans-

1055 1478 1129 1520 ibo
1144 1491 1236 1529 VOS,
1254 1492 1336 1521 nec
1356 1480 1439 1522 erit
1454 1480 1498 1521 in
1512 1480 1639 1522 vobis
1653 1480 1785 1533 plaga
1802 1479 1887 1522 dis-

1054 1535 1258 1588 perdens.
1508 1581 1516 1589 ,

1395 1581 1559 1623 Oratlo.

1143 1637 1393 1688 mnipotens
1437 1637 1704 1689 sempiterne
1749 1638 1888 1687 Deus,

1161 1692 1235 1744 qui
1273 1692 1544 1743 unigenitum
1575 1693 1733 1735 Filium
1764 1699 1888 1736 tuum

1057 1747 1210 1790 mundi
1234 1749 1583 1802 Redemptorem
1611 1751 1889 1801 constituisti,

1060 1819 1111 1847 ac
1140 1806 1230 1857 ejus
1259 1806 1469 1856 sanguine
1502 1806 1671 1860 placeri
1696 1807 1889 1850 voluisti:

1059 1861 1264 1913 concede,
1281 1864 1544 1914 quaesumus,
1559 1863 1711 1905 salutis
1723 1868 1889 1906 nostrae

1058 1919 1249 1972 pretium
1268 1918 1451 1960 solemni
1471 1919 1590 1961 cultu
1605 1920 1666 1962 ita
1678 1921 1888 1970 venerari,

1058 1982 1192 2028 atque
1217 1989 1242 2017 a
1266 1977 1499 2029 praesentis
1518 1976 1621 2018 vitae
1645 1977 1772 2018 malis
1797 1978 1888 2029 ejus

1059 2033 1220 2075 virtute
1241 2032 1418 2076 defendi
1441 2033 1485 2074 in
1504 2034 1649 2084 terris;
1674 2039 1722 2077 ut
1745 2035 1889 2077 fructu

1057 2090 1276 2143 perpetuo
1308 2089 1509 2132 laetemur
1540 2091 1583 2131 in
1616 2091 1752 2132 coelis.
1804 2091 1890 2133 Per

1059 2145 1262 2189 eumdem
1280 2147 1530 2188 Dominum.

1111 2212 1159 2246 Et
1183 2212 1224 2245 fit
1248 2220 1445 2245 commem.
1469 2208 1695 2243 Dominicae.

1330 2274 1398 2311 Ad
1421 2274 1622 2310 Primam.

1114 2330 1163 2369 In
1195 2330 1246 2381 R.
1275 2327 1336 2369 br.
1369 2324 1420 2375 V.
1467 2326 1551 2376 Qui
1579 2332 1656 2368 tuo
1683 2338 1766 2367 nos
1793 2327 1888 2367 san-

1059 2385 1189 2435 guine
1208 2382 1446 2426 redemisti.
1736 2403 1740 2405 f

1328 2458 1395 2493 Ad
1419 2456 1622 2493 Tertiam.

1114 2512 1213 2553 Ant.
1241 2510 1298 2552 Hi
1319 2516 1429 2553 sunt.

1116 2566 1377 2620 Capitulum.
1430 2567 1624 2608 Fratres:
1677 2564 1889 2606 Christus.

1062 2630 1110 2665 ut
1129 2637 1274 2677 supra.

1114 2682 1165 2733 R.
1191 2681 1254 2722 br.
1280 2680 1524 2722 Redemisti
1547 2691 1628 2719 nos
1651 2678 1841 2719 Domine
1866 2675 1890 2700 *

1062 2738 1111 2777 In
1131 2737 1341 2787 sanguine
1359 2742 1449 2778 tuo.
1478 2734 1731 2777 Redemisti.
1756 2725 1806 2778 V.
1822 2734 1889 2775 Ex
