2040 2976
640 243 814 276 Officium
841 251 1002 285 parvum
1029 241 1067 274 Β.
1092 241 1224 274 Mariae
1248 241 1351 281 'Vir-u.

1761 236 1851 283 [155]

203 343 320 384 Ecce
339 354 426 383 non
445 341 700 384 dormitabit
716 353 858 393 neque
878 338 975 381 dor-

151 400 266 450 miet,
284 398 403 452 *qui
422 398 615 440 cust6dit
633 397 780 438 Israel.

202 460 416 502 Dominus
446 458 639 501 custodit
666 463 729 507 te,
761 458 975 499 Deminus

151 516 371 569 protectio
387 521 473 567 tua,
492 518 516 543 *
536 528 669 568 super
683 527 859 555 manum
874 513 974 556 dex-

150 578 290 615 teram
307 578 438 614 tuam.

201 630 286 671 Per
311 629 427 671 diem
451 629 517 670 sol
539 642 628 670 non
651 633 748 670 uret
771 632 831 669 te:
855 627 879 653 *
904 639 975 668 ne-

152 698 237 738 que
255 686 356 727 luna
374 698 453 739 per
470 690 655 727 noctem.

201 743 414 784 Dominus
455 741 647 784 custodit
681 746 726 784 10
765 741 820 783 ab
858 741 975 783 omni

149 799 284 841 malo:
319 800 344 825 *
381 798 600 841 custodiat
635 798 822 839 animam
855 802 976 839 tuam

149 855 374 897 Dominus.

200 912 414 953 Dominus
433 911 652 954 custOdiat
667 911 894 953 introitum
911 915 974 952 tu-

149 981 242 1018 um,
283 973 327 1010 et
363 969 526 1010 exitum
561 973 702 1009 tuum:
740 969 763 995 *
801 980 855 1009 ex
889 966 976 1009 hoc

149 1037 274 1074 nunc,
303 1029 346 1066 et
372 1037 513 1077 usque
540 1024 583 1065 in
612 1024 830 1066 saeculum.

203 1089 353 1131 Gloria
370 1090 500 1132 Patri.

414 1173 610 1213 Psalmus
633 1174 707 1212 121.

210 1239 367 1279 aetatus
401 1250 496 1279 sum
526 1237 571 1278 in
601 1237 688 1288 his,
725 1250 824 1290 quae
857 1237 975 1279 dicta

248 1298 348 1335 sunt
365 1293 483 1335 mihi:
501 1295 524 1321 *
543 1294 587 1335 in
607 1293 786 1336 domum
799 1294 976 1335 Domini

149 1349 318 1392 ibimus.

200 1411 373 1453 Stantes
399 1416 522 1453 erant
544 1411 682 1464 pedes
707 1411 856 1462 nostri,
882 1412 906 1439 *
931 1411 974 1452 in

150 1468 270 1509 Atriis
289 1469 375 1509 tuis
393 1468 646 1510 Jerusalem.

200 1528 451 1579 Jerusalem,
472 1542 570 1582 quae
590 1529 833 1571 aedificatur
851 1534 900 1571 ut
919 1531 974 1571 ci-

149 1585 277 1627 vitas:
306 1586 330 1611 *
358 1587 478 1638 cuius
505 1586 784 1639 participatio
814 1586 903 1638 ejus
931 1586 975 1627 in

147 1641 349 1694 idipsum.
881 1690 887 1695 ‚

201 1702 309 1745 Illuc
346 1703 460 1745 enim
496 1703 786 1746 ascenderunt
821 1702 973 1753 tribus,

148 1759 288 1801 tribus
315 1760 508 1801 Domini:
537 1762 560 1788 *
588 1760 888 1802 testimonium
913 1761 973 1801 Is-

148 1815 239 1857 rael
273 1815 330 1858 ad
363 1815 661 1859 confitendum
695 1817 860 1858 nomini
885 1817 973 1858 Do-

147 1885 264 1913 m1n1.

201 1934 313 1984 Quia
338 1934 426 1976 illic
455 1935 662 1976 sederunt
690 1933 818 1976 sedes
845 1934 889 1975 in
917 1935 973 1986 ju-

151 1988 277 2039 dicio,
295 1991 319 2016 *
339 1990 467 2033 8οᾰ08
482 2004 613 2043 8111101
628 1989 807 2032 domum
819 1989 974 2032 David.

201 2050 374 2102 Rogate
401 2064 499 2104 quae
524 2051 581 2093 ad
605 2064 760 2105 pacem
785 2056 886 2093 sunt
907 2051 932 2091 J
934 2064 973 2092 0-

150 2107 353 2149 rusalem:
373 2109 397 2136 *
417 2114 460 2151 et
479 2108 745 2151 abundantia
764 2108 974 2160 diligenti-

149 2163 232 2205 bus
252 2169 312 2206 te:

201 2224 298 2267 Fiat
316 2239 405 2278 pax
427 2226 472 2267 in
493 2227 654 2268 virtute
677 2231 766 2268 tua:
790 2227 814 2253 *
838 2230 881 2267 et
903 2224 973 2267 ab·

150 2281 358 2323 undantia
376 2283 420 2323 in
438 2283 631 2325 turribus
649 2283 746 2325 tuis.

202 2342 389 2396 Propter
413 2344 570 2387 fratres
594 2357 734 2394 meOS,
763 2348 806 2386 et
830 2343 975 2397 proxi-

151 2411 247 2440 mos
261 2413 395 2451 meOS,
411 2401 435 2426 *
451 2401 663 2453 loquebar
677 2413 833 2454 pacem
849 2400 903 2442 de
917 2404 975 2441 te:

202 2460 390 2513 Propter
408 2461 587 2503 domum
606 2462 783 2504 Domini
798 2461 882 2503 Dei
901 2473 975 2502 no-

152 2515 241 2565 stri,
259 2516 284 2542 *
304 2518 486 2569 quaesivi
503 2517 620 2560 bona
637 2517 727 2560 tibi.

205 2580 356 2622 Gloria
373 2582 503 2624 Patri.

210 2659 306 2699 Ant.
335 2660 469 2701 Maria
491 2661 629 2712 Virgo
658 2664 884 2713 assumpta
911 2665 977 2703 est

155 2714 212 2756 ad
247 2715 484 2757 aethereum
520 2716 777 2767 thalamum,
814 2717 857 2758 in
889 2730 976 2770 quo

155 2771 252 2812 Rex
269 2784 421 2823 regum
440 2772 614 2815 stellato
635 2773 759 2815 sedet
779 2773 902 2815 solio.

1079 337 1335 388 Capitulum.
1529 336 1654 376 Eccli.
1675 337 1738 374 24.
1760 335 1797 374 b.

1107 403 1124 440 t
1147 399 1210 441 sic
1232 400 1276 440 in
1294 400 1398 442 Sion
1416 400 1589 441 firmata
1612 413 1718 449 sum,
1743 404 1787 441 et
1809 399 1852 440 in

1133 456 1308 498 civitate
1347 456 1619 498 sanctificata
1655 456 1852 498 similiter

1027 512 1235 564 requievi,
1261 517 1305 553 et
1326 513 1370 553 in
1389 512 1632 554 Jerusalem
1654 514 1852 565 potestas

1026 581 1135 609 mea.
1183 571 1230 622 Rg.
1262 569 1358 610 Deo
1387 569 1561 620 gratias.

1080 622 1129 674 Ys.
1163 625 1335 666 Diffusa
1371 630 1438 667 081
1472 626 1613 677 gratia
1649 626 1692 666 in
1725 625 1853 667 labiis

1027 682 1125 722 tuis.
1175 684 1224 734 Rg.
1264 682 1505 735 Propterea
1544 682 1769 724 benedixit
1809 687 1852 724 10

1027 738 1147 779 Deus
1175 738 1219 779 in
1246 740 1469 780 aeternum.

1084 795 1214 847 Kyrie
1246 795 1421 837 eleison.
1476 795 1649 837 Christe
1679 796 1854 838 eleison.

1033 853 1164 904 Kyrie
1185 852 1359 894 eleison.

1080 904 1128 955 Y
1169 909 1383 951 Dominus
1419 908 1659 951 vobiscum.
1716 909 1761 959 Ru
1798 911 1855 952 Et

1029 978 1127 1007 cum
1147 966 1303 1019 spiritu
1321 971 1410 1008 tuo.

1366 1026 1527 1065 Oratio.

1117 1095 1204 1133 eus,
1231 1084 1304 1136 qui
1327 1083 1480 1125 salutis
1500 1085 1687 1134 aeternae,
1712 1083 1854 1125 beatae

1138 1140 1289 1181 Mariae
1339 1139 1587 1191 virginitate
1635 1139 1855 1190 foecunda,
1901 1143 1904 1189 j

1027 1195 1218 1238 humano
1255 1197 1404 1248 generi
1438 1197 1620 1249 praemia
1651 1197 1855 1249 praestiti·
1901 1227 1903 1229 .

1028 1253 1102 1293 811;
1134 1252 1296 1302 tribue,
1330 1255 1599 1305 quaesumus3
1636 1258 1684 1294 ut
1714 1253 1855 1306 ipsam

1027 1321 1109 1362 pro
1142 1309 1269 1351 nobis
1301 1309 1575 1351 intercedere
1606 1310 1855 1359 sentiamus,

1027 1378 1107 1418 per
1133 1379 1262 1418 quam
1285 1367 1522 1407 meruimus
1548 1368 1772 1408 auctorem
1796 1366 1854 1407 vi-

1027 1426 1085 1463 tae
1107 1424 1360 1476 suscipere,
1392 1423 1629 1464 Dominum
1656 1429 1855 1464 nostrum

1027 1479 1051 1519 J
1054 1492 1176 1520 esum
1195 1478 1416 1520 Christum
1434 1479 1592 1521 Filium
1612 1484 1749 1522 tuum:
1772 1480 1855 1531 Qui

1027 1539 1173 1577 tecum
1191 1536 1298 1578 vivit
1318 1541 1361 1578 et
1379 1541 1542 1588 regnat.

1306 1610 1373 1646 Ad
1399 1610 1585 1647 Sextam.

1088 1670 1176 1709 Ave
1195 1667 1343 1708 Maria.

1084 1728 1132 1778 V.
1156 1729 1277 1770 Deus
1296 1729 1341 1769 in
1360 1728 1634 1781 adjutorium.

1083 1794 1293 1844 Hymnus
1322 1791 1550 1832 Memento.
1578 1790 1683 1843 [154]

1082 1852 1180 1891 Ant.
1212 1851 1257 1891 ln
1277 1849 1470 1891 odorem.

1293 1920 1490 1959 Psalmus
1510 1919 1593 1958 122.

1033 1989 1156 2028 22³
1178 1980 1207 2023 d
1232 1986 1276 2023 te
1303 1981 1446 2023 levavi
1476 1981 1627 2022 oculos
1655 1994 1797 2032 meos,
1829 1984 1853 2010 *

1036 2039 1049 2071 <²
1195 2038 1269 2089 qui
1287 2037 1459 2079 habitas
1478 2037 1523 2078 in
1543 2038 1678 2079 coelis.

1051 2099 1054 2107 ⁴
1228 2095 1342 2136 Ecce
1359 2094 1472 2135 sicut
1487 2094 1602 2135 oculi
1617 2096 1854 2149 servotum,

1028 2151 1051 2176 *
1069 2151 1113 2191 in
1131 2151 1333 2192 manibus
1353 2151 1629 2192 dominorum
1648 2154 1836 2202 suorum,

1079 2207 1199 2249 Sicut
1230 2207 1346 2249 (iculi
1378 2207 1547 2249 ancillae
1579 2208 1624 2249 in
1653 2208 1853 2251 manibus

1029 2263 1218 2305 dominae
1242 2277 1347 2306 suae:
1370 2265 1394 2290 *
1417 2264 1477 2306 ita
1501 2264 1617 2306 001111
1639 2266 1779 2307 nostri
1798 2265 1854 2307 ad

1027 2321 1265 2362 Dominum
1298 2321 1442 2362 Deum
1476 2326 1676 2363 nostrum
1712 2321 1854 2364 donec

1028 2377 1286 2419 misereatur
1312 2378 1460 2419 nostri.

1079 2434 1288 2476 Miserere
1318 2434 1459 2476 nostri
1484 2434 1693 2484 Demine,
1727 2434 1853 2475 mise-

1029 2492 1125 2532 rere
1146 2491 1298 2532 nostri:
1322 2492 1345 2518 *
1370 2491 1470 2544 quia
1490 2491 1674 2533 multum
1698 2490 1853 2543 repleti

1030 2560 1177 2588 sumus
1197 2547 1495 2600 despectione:

1081 2604 1192 2654 Quia
1213 2604 1397 2646 multum
1425 2604 1594 2657 repleta
1620 2608 1687 2645 est
1711 2603 1853 2643 {mima

1028 2665 1196 2702 nostra:
1228 2662 1252 2688 ¹⁸¹
1284 2661 1572 2715 opprobrium
1599 2659 1852 2701 abundanti-

1029 2716 1121 2766 buS,
1141 2722 1184 2759 et
1205 2717 1431 2771 despectio
1452 2716 1663 2770 superbis.

1082 2774 1233 2816 Gloria
1250 2774 1380 2816 Patri.
