2040 2976
553 204 618 237 Dic
649 205 697 236 1⁵¹.
726 204 820 244 Aug.

199 309 433 360 episcopus
458 305 767 358 Ephesiorum,
795 309 839 346 et
862 303 1023 355 Diony-

198 363 286 403 sius
311 363 598 415 Areopagita‚
633 361 747 402 sicut
774 361 870 413 ipse
893 361 1023 402 testa·

197 424 268 460 tur
286 419 328 459 in
348 419 410 468 iis,
431 431 529 470 quae
549 417 605 459 de
618 418 751 459 beato
767 415 1022 463 Hieretheo,

198 475 272 527 qui
291 476 385 528 ipse
406 486 580 527 quoque
600 479 705 516 tunc
723 473 894 523 aderat,
921 473 1021 514 scri-

195 531 284 583 psit
302 531 359 572 ad
374 530 635 584 praedictum
650 529 940 578 Timotheum,
961 529 1022 569 sic

196 586 363 629 dicens:
399 587 514 628 Nam
543 587 674 628 etiam
702 585 822 639 apud
849 587 969 638 ipsos
997 598 1022 626 a

195 644 292 686 Deo
325 644 499 686 afflatos
533 646 758 686 sacrerum
789 643 1021 692 antistites,

197 700 373 752 quando
403 713 484 742 nos
514 712 708 753 quoque,
742 705 790 741 ut
813 699 945 747 nosti,
978 703 1022 740 et

195 757 319 799 multi
347 770 400 799 ex
426 758 589 799 sanctis
615 756 774 798 nostris
802 754 1020 804 fratribus,

195 812 251 854 ad
271 813 568 855 contuendum
588 826 758 866 corpus,
779 811 898 864 quod
918 812 1019 854 vitae

194 870 457 923 principium
481 870 618 920 dedit,
647 875 691 912 et
709 870 851 910 Deum
876 870 1019 910 susce-

195 927 277 979 pit,
304 928 657 968 convenissemus
681 926 848 977 (aderat
874 931 1019 967 autem

195 988 239 1024 et
266 983 443 1025 Demini
471 984 604 1026 frater
631 983 656 1024 J
658 983 840 1032 acebuS,
870 987 912 1024 et
939 982 1017 1024 Pe-

192 1045 303 1090 trus,
361 1043 564 1094 suprema
619 1046 662 1082 et
715 1040 1019 1091 antiquissima

191 1097 500 1148 theologorum
541 1097 796 1148 summitas):
839 1101 882 1137 et
922 1097 1017 1138 viso

193 1166 319 1195 sacro
356 1156 560 1206 corpore,
596 1154 762 1207 placuit
799 1152 1016 1203 Omnibus,

191 1215 324 1262 prout
344 1211 528 1263 quisque
547 1213 738 1263 peterat,
757 1209 930 1262 hymnis
950 1222 1016 1251 ce-

191 1266 362 1309 lebrare
392 1267 606 1309 infinitam
637 1267 880 1309 bonitatem
912 1266 1016 1308 divi-

190 1335 259 1364 nae
277 1324 498 1376 potentiae.

247 1395 294 1444 lx'g.
318 1392 457 1435 Beata
475 1406 533 1435 es.
553 1393 640 1434 513.

414 1489 461 1527 In
480 1489 550 1527 111.
571 1489 792 1527 Nocturno.

198 1557 344 1599 Lectio
369 1557 507 1598 sancti
525 1556 752 1607 Evangelii
775 1556 1015 1598 secundum

515 1613 691 1654 Lucam.

270 1679 419 1720 Lectio
441 1681 507 1719 vii.
626 1679 628 1682 ’
702 1681 803 1732 Cap.
821 1682 883 1720 10.
902 1694 940 1731 g.

190 1738 266 1845 In
284 1743 358 1784 illo
378 1746 591 1797 tempore:
616 1744 802 1786 Intravit
820 1744 845 1785 J
847 1757 948 1786 esus
971 1745 1015 1786 in

266 1799 489 1852 quoddam
518 1800 761 1842 castellum:
788 1806 832 1843 et
858 1801 1015 1843 mulier

192 1855 409 1908 quaedam,
435 1857 607 1898 Martha
624 1857 816 1907 nemine,
841 1858 1015 1911 excepit

189 1912 310 1954 illum
350 1914 395 1954 in
436 1913 615 1955 domum
654 1927 785 1955 suam.
851 1915 908 1956 Et
949 1917 1013 1956 re-

190 1969 320 2022 liqua.

265 2054 326 2094 l)e
346 2053 538 2095 Homilia
557 2054 696 2096 sancti
714 2054 949 2105 Augustini

492 2111 712 2163 Episcopi.

196 2175 248 2208 Ex
281 2176 394 2209 δἐι-ιη.
426 2176 475 2209 27.
508 2176 553 2209 dc
580 2178 718 2210 Verbis
743 2177 867 2217 Doni„
897 2180 1014 2221 paulo

463 2231 546 2258 amc
574 2226 748 2259 medium.

303 2288 381 2317 ene
400 2277 572 2319 Martha
596 2279 712 2320 circa
736 2281 1013 2333 corporalem

318 2332 507 2382 Demini,
528 2334 632 2386 quid
651 2335 806 2386 dicam,
826 2339 1012 2380 necessi-

254 2392 258 2393 ’
318 2390 470 2438 tatem,
495 2402 548 2430 an
572 2391 863 2434 voluntatem?
891 2395 1011 2436 mini-

191 2443 360 2486 strabat
396 2445 514 2485 carni
549 2447 733 2488 mortali.

191 2561 285 2598 erat
295 2556 503 2606 Verbum,
523 2563 566 2599 et
576 2559 773 2601 Verbum
787 2567 881 2604 erat
895 2563 1013 2615 apud

190 2612 344 2662 Deum,
365 2618 408 2654 et
425 2613 547 2655 Deus
565 2620 658 2656 erat
672 2616 877 2658 Verbum.
898 2619 1013 2660 Ecce

192 2669 312 2720 quod
356 2668 495 2711 Maria
539 2670 754 2714 audiebat.
815 2674 1013 2716 Verbum

191 2737 294 2767 caro
327 2725 490 2768 factum
522 2733 605 2777 est,
646 2733 689 2770 et
727 2728 940 2772 habitavit
970 2731 1014 2772 in

790 2449 878 2491 Sed
945 2452 1012 2492 uis

192 2506 286 2542 erat
304 2499 348 2541 in
367 2513 497 2542 carne
516 2503 710 2544 mortali?
730 2505 780 2545 In
796 2463 1011 2559 princcilpio
1096 2494 1144 2544 ἔνι.

869 208 1009 243 Quarta
1037 203 1097 235 dic
1125 202 1220 235 infra
1248 202 1326 235 Oct.
1355 202 1550 244 Assumpt.

1076 301 1215 343 nobis.
1252 301 1369 342 Ecce
1395 299 1568 342 Martha
1593 300 1663 341 cui
1688 299 1903 342 ministra-

1075 358 1162 399 bat.
1191 357 1308 408 Ergo
1328 356 1466 397 Maria
1485 355 1713 398 melierem
1732 361 1904 409 partem

1076 414 1224 464 elegit,
1258 425 1357 466 quae
1389 425 1478 454 non
1510 412 1729 454 auferetur
1757 412 1812 454 ab
1840 425 1903 454 ea.

1075 471 1174 511 Hoc
1194 469 1307 511 enim
1328 469 1470 521 elegit,
1490 468 1612 521 quod
1629 481 1802 522 semper
1815 483 1903 511 ma-

1075 526 1205 575 nebit,
1226 526 1327 568 ideo
1347 538 1436 567 non
1454 526 1675 567 auferetur
1694 525 1749 567 ab
1770 539 1832 568 ea.

1128 596 1176 646 lx'g.
1216 590 1389 632 Diffusa
1426 595 1494 632 est
1525 591 1667 642 gratia
1697 590 1742 631 in
1773 590 1903 634 labiis

1074 648 1175 690 tuis:
1192 652 1212 674 *
1228 648 1471 701 Propterea
1485 647 1712 689 benedixit
1725 652 1770 689 te
1781 647 1903 690 Deus

1072 705 1116 746 in
1143 707 1367 746 aeternum.
1404 701 1453 753 Y.
1477 704 1672 756 Myrrha,
1700 709 1744 746 et
1768 710 1902 756 gutta,

1074 767 1118 804 et
1137 762 1255 803 casia
1275 775 1300 802 a
1319 761 1590 803 vestimentis
1607 761 1706 811 tuis,
1725 774 1751 803 a
1766 760 1902 804 domi-

1072 818 1154 860 bus
1170 818 1385 867 eburneis,
1405 831 1460 859 ex
1479 817 1637 870 quibus
1657 816 1901 860 delectave-

1072 880 1174 916 runt
1196 880 1240 917 te
1263 875 1367 916 filiae
1390 887 1544 926 regum
1561 874 1606 915 in
1624 874 1793 916 honere
1811 879 1902 918 tuo.

1072 932 1325 985 Propterea.

1133 998 1136 1001 ’
1363 1000 1513 1041 Lectio
1535 1000 1617 1039 viii.

1075 1056 1240 1164 Circa
1283 1072 1418 1100 unum
1460 1058 1601 1101 Maria
1659 1073 1706 1102 se
1762 1061 1902 1104 veluit

1171 1115 1392 1168 occupari.
1435 1116 1460 1157 J
1463 1129 1534 1157 am
1564 1117 1758 1160 tenebat:
1793 1118 1901 1160 Mihi

1070 1177 1216 1214 autem
1245 1171 1471 1214 adhaerere
1500 1173 1598 1215 Deo
1628 1173 1794 1216 bonum
1823 1181 1900 1218 est.

1069 1229 1261 1271 Sedebat
1295 1229 1352 1271 ad.
1387 1228 1526 1282 pedes
1558 1231 1716 1284 capitis
1748 1233 1899 1274 nostri.

1070 1287 1246 1336 Quanto
1284 1285 1489 1327 humilius
1527 1286 1728 1338 sedebat,
1772 1293 1898 1331 tanto

1070 1343 1256 1396 amplius
1290 1342 1503 1396 capiebat.
1559 1344 1751 1386 Confluit
1783 1345 1899 1387 enim

1069 1412 1184 1451 aqua
1229 1398 1286 1442 ad
1334 1400 1626 1443 humilitatem
1670 1401 1898 1453 convallis,

1070 1456 1249 1498 denatat
1272 1455 1328 1499 de
1351 1457 1598 1500 tumeribus
1623 1458 1760 1500 collis.
1795 1458 1898 1501 Non

1069 1526 1173 1564 ergo
1208 1514 1426 1556 Dominus
1458 1527 1570 1567 opus
1599 1514 1898 1568 reprehendit,

1068 1570 1148 1611 sed
1173 1583 1330 1612 munus
1356 1570 1566 1613 distinxit.
1609 1571 1736 1613 Circa
1759 1572 1898 1614 multa

1068 1639 1115 1668 es
1144 1630 1374 1680 occupata:
1406 1641 1541 1680 porro
1570 1641 1703 1670 unum
1732 1634 1799 1671 est
1825 1642 1896 1672 ne-

1068 1684 1317 1726 cessarium.
1377 1685 1475 1727 Jam
1513 1685 1599 1727 hoc
1640 1685 1724 1727 sibi
1758 1686 1898 1728 Maria

1068 1741 1208 1792 elegit.

1127 1804 1176 1855 Rg.
1205 1803 1345 1844 Beata
1381 1816 1428 1845 es
1455 1803 1595 1856 Virgo
1625 1803 1782 1854 Maria,
1813 1803 1898 1846 Dei

1068 1858 1285 1910 Genitrix,
1312 1873 1412 1912 quae
1438 1859 1666 1903 credidisti
1687 1860 1896 1902 Domino:

1066 1916 1263 1968 perfecta
1288 1922 1389 1959 sunt
1410 1917 1455 1958 in
1475 1922 1519 1959 te
1540 1930 1639 1970 quae
1659 1916 1777 1960 dicta
1796 1922 1897 1959 sunt

1066 1971 1164 2014 tibi:
1183 1986 1287 2015 ecce
1308 1974 1500 2015 exaltata
1520 1987 1567 2016 es
1586 1987 1720 2027 super
1735 1974 1896 2016 choros

1066 2029 1354 2080 Angelerum:
1381 2030 1403 2052 *
1416 2030 1648 2073 Intercede
1666 2043 1749 2084 pro
1768 2030 1896 2073 nobis

1066 2085 1123 2127 ad
1150 2087 1267 2128 Dfim
1294 2087 1439 2129 Deum
1466 2093 1678 2130 nostrum.
1727 2081 1778 2133 V.
1798 2089 1895 2130 Ave

1066 2143 1222 2192 Maria,
1254 2145 1394 2194 gratia
1418 2144 1566 2197 plena,
1594 2145 1810 2187 Dominus
1834 2150 1895 2187 te-

1065 2212 1175 2241 cum.
1209 2200 1450 2242 Intercede.
1490 2200 1640 2243 Gleria
1663 2201 1793 2244 Patri.
1827 2202 1894 2242 In-

1064 2256 1252 2298 tercede.

1254 2329 1326 2363 Pro
1352 2330 1387 2364 S
1414 2331 1584 2374 Agapito
1611 2332 1718 2366 Mart.

1374 2392 1526 2433 Lectio
1548 2394 1601 2432 ix.

1173 2455 1349 2505 gapitus
1367 2453 1683 2503 Praenestinus,
1713 2453 1892 2506 quinde-

1191 2509 1275 2550 cim
1308 2522 1445 2551 annos
1474 2516 1620 2561 natus,
1652 2510 1891 2552 Aureliano

1064 2564 1341 2617 imperatare,
1360 2567 1557 2620 martyrii
1573 2566 1892 2619 cupidissimus,

1065 2633 1164 2662 cum
1191 2628 1374 2674 propter
1403 2623 1694 2664 constantiam
1721 2623 1890 2673 religie-

1064 2677 1141 2726 nis,
1159 2678 1438 2730 imperateris
1457 2680 1576 2731 jussu
1592 2679 1783 2732 primum
1798 2691 1891 2720 ner·

1065 2733 1130 2774 vis
1149 2733 1393 2776 diutissime
1412 2748 1569 2785 caesus,
1589 2733 1750 2777 deinde
1767 2735 1812 2775 in
1830 2740 1890 2776 te-
