2040 2976
824 210 997 245 Officium
1022 211 1304 245 Defunctorum.

273 309 369 348 Ant.
396 306 567 349 Delicta
588 307 821 359 juventutis
843 319 967 356 meae,
991 311 1035 348 et

216 364 482 414 ignorantias
526 377 646 406 meas
689 376 744 405 ne
787 363 1033 405 memineris

217 420 413 462 Domine.

268 488 364 528 Ant.
403 488 550 530 Credo
578 488 728 530 videre
754 489 779 516 *
805 488 921 530 bona
947 488 1033 529 De-

215 545 320 586 mini
337 545 380 586 in
399 549 515 587 terra
531 545 779 587 viventium.

478 627 674 667 Psalmus
703 628 766 667 26.

303 701 473 742 eminus
496 701 751 742 illuminatio
772 713 882 750 mea,
907 705 950 742 et
970 713 1033 741 sa-

318 757 385 799 lus
402 770 510 807 mea,
529 758 552 783 *
573 770 702 810 quem
720 755 906 798 timebo?

266 814 479 856 Deminus
500 815 723 867 protector
743 814 845 854 vitae
863 825 988 862 meae,
1010 812 1034 838 *

215 884 242 913 a
260 883 347 923 quo
365 869 619 923 trepidabo?

265 928 383 968 Dum
414 927 678 980 appropiant
705 938 837 978 super
862 937 933 966 me
959 937 1033 966 no-

217 985 375 1033 centeS‚
394 984 416 1009 *
436 989 483 1024 ut
502 982 632 1025 edant
650 995 802 1024 carnes
820 995 950 1024 meas.

267 1040 352 1090 Qui
378 1039 585 1081 tribulant
607 1051 677 1080 me
703 1039 863 1080 inimici
884 1038 984 1088 mei,
1010 1039 1034 1065 *

215 1096 299 1149 ipsi
318 1096 523 1138 infirmati
542 1101 651 1146 sunt,
671 1097 715 1137 et
733 1095 992 1137 ceciderunt.

266 1153 311 1194 Si
343 1155 581 1195 consistant
612 1151 844 1194 adversum
870 1165 939 1194 me
967 1164 1033 1193 ca·

215 1213 316 1259 stra,
334 1210 357 1235 *
375 1222 463 1251 non
481 1209 652 1251 timebit
671 1222 747 1250 cor
764 1221 919 1250 meum.

267 1266 312 1307 Si
340 1269 543 1317 exsurgat
570 1264 801 1307 adversum
827 1278 897 1306 me
924 1267 1033 1318 prae-

214 1321 330 1373 lium,
349 1323 372 1348 *
391 1323 435 1362 in
453 1322 538 1363 hoc
558 1334 638 1373 ego
659 1321 859 1375 sperabo.

266 1378 406 1420 Unam
429 1379 535 1431 petii
559 1391 584 1419 a
602 1379 809 1428 Domino,
836 1378 948 1419 hanc
970 1390 1032 1419 re-

215 1437 402 1486 quiram,
434 1435 458 1461 *
489 1439 537 1476 ut
563 1434 802 1476 inhabitem
829 1435 873 1475 in
901 1434 1033 1476 domo

214 1491 392 1532 Domini
410 1491 609 1533 omnibus
625 1491 779 1533 diebus
794 1491 896 1533 vitae
910 1504 1034 1533 meae:

265 1548 324 1590 Ut
352 1547 523 1590 videam
551 1548 823 1600 voluptatem
848 1548 1034 1597 Domini,

214 1604 238 1630 *
258 1609 301 1645 et
319 1604 490 1646 visitem
508 1604 719 1656 templum
739 1605 839 1655 ejus.

268 1661 482 1710 Quoniam
501 1660 730 1702 abscondit
745 1673 815 1702 me
833 1661 877 1701 in
894 1660 1034 1702 taber-

215 1717 371 1758 naculo
391 1729 485 1758 suo:
507 1717 531 1743 *
552 1717 596 1757 in
616 1716 686 1758 die
705 1717 919 1758 malorum
936 1730 1034 1769 pro-

215 1773 323 1814 texit
339 1785 409 1815 me
428 1773 472 1814 in
490 1771 749 1815 abscondito
768 1772 1036 1814 tabernaculi

216 1842 292 1870 sui.

267 1885 318 1926 In
336 1890 462 1938 petra
480 1885 687 1927 exaltavit
706 1898 790 1927 me:
812 1886 836 1912 *
860 1890 904 1927 et
921 1898 1036 1927 nunc

217 1941 424 1983 exaltavit
443 1947 574 1994 caput
587 1955 733 1983 meum
751 1955 883 1995 super
899 1942 1035 1983 inimi-

217 2010 293 2039 cos
312 2011 445 2039 meos.

270 2054 474 2104 Circuivi,
508 2060 550 2096 et
575 2055 798 2097 immolavi
823 2055 867 2095 in
895 2054 1034 2096 taber-

217 2110 371 2151 naculo
387 2112 477 2162 ejus
494 2111 680 2153 hostiam
699 2111 1035 2153 vociferatioms:

216 2165 239 2190 *
263 2167 465 2230 cantabo,
489 2172 532 2208 et
552 2167 767 2220 psalmum
787 2167 929 2210 dicam
946 2168 1034 2209 Do-

215 2234 344 2264 mino.

266 2277 437 2320 Exaudi
470 2279 657 2321 Domine
692 2293 847 2322 vocem
882 2293 1034 2331 meam,

217 2346 302 2385 qua
321 2334 503 2376 clamavi
521 2335 577 2377 ad
595 2340 653 2377 te:
671 2337 694 2363 *
712 2337 919 2379 miserere
937 2337 1032 2387 mei,

217 2394 260 2431 et
278 2389 436 2432 exaudi
454 2404 534 2432 me.

267 2445 366 2488 Tibi
386 2446 494 2489 dixit
518 2460 594 2488 cor
616 2461 775 2498 meum,
801 2450 1034 2502 exquisivit

215 2506 258 2543 te
282 2502 416 2544 facies
441 2515 552 2544 mea:
577 2504 601 2529 *
625 2504 779 2545 faciem
803 2510 922 2547 tuam
945 2507 1033 2547 Do-

214 2558 330 2600 mine
348 2561 575 2612 requiram.

265 2615 333 2657 Ne
357 2617 527 2657 avertas
550 2616 705 2657 faciem
723 2621 841 2658 tuam
860 2630 885 2658 a
903 2631 986 2659 me:
1009 2619 1032 2644 *

216 2683 269 2712 ne
289 2670 480 2714 declines
498 2673 542 2713 in
559 2672 623 2713 ira
642 2685 667 2713 a
685 2685 811 2714 servo
830 2678 919 2714 tuo.

266 2726 452 2779 Adjutor
469 2741 591 2770 meus
611 2733 721 2770 esto:
739 2729 762 2754 *
780 2741 835 2770 ne
854 2728 1032 2771 derelin-

1088 321 1195 360 quas
1214 319 1294 356 me,
1313 320 1454 359 neque
1470 307 1686 360 despicias
1701 320 1771 350 me
1785 308 1905 350 Deus

1086 364 1287 405 salutaris
1305 376 1440 405 meus.

1138 425 1354 475 Quenia'm
1380 429 1506 477 pater
1533 437 1672 475 meus,
1701 429 1744 466 et
1767 429 1906 466 mater

1085 494 1182 522 mea
1202 479 1527 533 dereliquerunt
1544 494 1628 523 me:
1651 482 1675 507 *
1693 481 1905 522 Dominus

1086 542 1231 579 autem
1251 537 1487 590 assumpsit
1505 550 1585 579 me.

1136 598 1299 650 Legem
1316 611 1433 651 pone
1451 597 1555 639 mihi
1568 597 1755 640 Domine
1773 597 1817 639 in
1833 597 1906 639 via

1085 659 1174 696 tua:
1196 655 1219 681 *
1245 660 1288 696 et
1311 654 1446 706 dirige
1469 667 1539 696 me
1561 655 1605 695 in
1624 654 1822 696 semitam
1841 667 1905 696 re-

1086 717 1201 754 ctam
1219 717 1401 764 propter
1418 711 1616 753 inimicos
1634 724 1768 753 meos.

1136 772 1204 814 Ne
1229 772 1460 814 tradideris
1482 785 1552 814 me
1574 773 1619 813 in
1645 772 1810 813 animas
1832 772 1904 813 tri-

1085 828 1326 870 bulantium
1343 842 1427 871 me:
1445 830 1468 855 *
1494 829 1698 881 queniam
1719 828 1904 870 insurre-

1085 887 1241 927 xerunt
1258 886 1302 926 in
1320 898 1390 927 me
1407 890 1542 927 testes
1560 885 1708 938 iniqui,
1728 889 1772 927 et
1788 897 1904 926 men-

1084 944 1165 984 tita
1184 947 1251 984 est
1269 943 1472 995 iniquitas
1493 942 1584 984 sibi.

1133 1002 1281 1045 ‘Credo
1306 1003 1456 1045 videre
1479 1003 1595 1045 bona
1613 1001 1791 1044 Domini
1814 1002 1839 1030 *
1861 1001 1906 1042 in

1085 1063 1203 1101 terra
1219 1060 1467 1102 viventium.

1135 1120 1355 1174 Exspecta
1363 1122 1610 1171 Dominum,
1620 1120 1802 1163 viriliter
1811 1132 1906 1171 age:

1085 1177 1108 1202 *
1126 1182 1169 1219 et
1188 1178 1457 1219 confortetur
1477 1191 1553 1220 cor
1565 1182 1700 1227 tuum,
1719 1181 1763 1219 et
1781 1176 1905 1218 susti-

1085 1246 1140 1275 ne
1158 1234 1404 1275 Deminum.

1137 1295 1351 1347 Requiem
1369 1296 1585 1337 aeternam.

1088 1421 1098 1429 ⁶
1140 1364 1238 1406 Ant.
1266 1364 1409 1430 Credo
1427 1365 1577 1407 videre
1594 1364 1711 1407 bona
1730 1363 1907 1406 Demini

1086 1434 1129 1461 1n
1146 1426 1265 1463 terra
1283 1421 1530 1464 viventium.

1139 1480 1188 1532 V.
1224 1485 1421 1528 Collocet
1453 1499 1530 1529 eos
1561 1486 1774 1528 Deminus
1809 1500 1907 1529 cum

1085 1542 1364 1595 principibus.
1411 1544 1461 1596 R.
1500 1543 1608 1585 Cum
1638 1543 1906 1597 principibus

1086 1599 1238 1651 populi
1260 1600 1336 1640 sui.

1143 1664 1270 1707 Pater
1285 1670 1445 1707 noster.
1462 1670 1602 1707 totum
1621 1669 1802 1707 secreto.

1188 1750 1338 1792 Lectiv
1357 1751 1409 1791 iv.

1581 1750 1606 1791 J
1609 1750 1665 1793 ob
1684 1751 1742 1792 13.
1762 1750 1801 1792 d.

1139 1829 1412 1891 *ξεερόῐιᾶε
1447 1829 1567 1871 mihi:
1608 1830 1802 1880 Quantas
1833 1831 1906 1872 ha-

1098 1894 1165 1950 ff
1171 1894 1210 1945 ³1*
1233 1885 1317 1927 beo
1349 1886 1603 1939 iniquitates
1639 1890 1682 1928 et
1713 1889 1906 1939 peccata,

1149 1928 1189 1959 ³*
1232 1942 1398 1984 scelera
1415 1955 1514 1985 mea
1531 1947 1575 1985 et
1589 1942 1748 1984 delicta
1763 1945 1906 1986 osten-

1088 1998 1143 2040 de
1160 1998 1277 2039 mihi.
1310 1999 1396 2040 Cur
1415 1999 1571 2042 faciem
1588 2003 1708 2041 tuam
1726 1999 1906 2042 abscon-

1088 2055 1170 2105 dis,
1199 2059 1242 2097 et
1267 2055 1492 2098 arbitraris
1515 2069 1585 2098 me
1604 2056 1824 2098 inimicum
1841 2061 1906 2098 tu-

1087 2111 1181 2152 um?
1222 2112 1387 2154 Contra
1418 2112 1584 2163 folium,
1622 2112 1742 2165 quod
1771 2118 1905 2155 vento

1087 2168 1270 2220 rapitur,
1298 2168 1492 2211 ostendis
1516 2169 1758 2222 potentiam
1775 2174 1905 2219 tuam,

1089 2229 1133 2266 et
1171 2225 1376 2277 stipulam
1416 2225 1576 2267 siccam
1613 2226 1906 2279 persequeris:

1087 2281 1241 2323 scribis
1264 2282 1378 2323 enim
1402 2287 1554 2324 contra
1571 2295 1641 2323 me
1660 2282 1905 2324 amaritudi-

1086 2350 1178 2387 nes,
1203 2342 1246 2379 et
1265 2341 1522 2380 consumere
1539 2352 1609 2381 me
1628 2339 1694 2380 vis
1711 2339 1904 2391 peccatis

1086 2393 1393 2437 adolescentiae
1442 2408 1562 2437 meae.
1623 2396 1814 2438 Posuisti
1861 2395 1905 2436 in

1085 2463 1219 2492 nervo
1239 2451 1397 2503 pedem
1415 2465 1574 2501 meum,
1599 2456 1642 2493 et
1662 2451 1905 2494 observasti

1086 2519 1237 2549 omnes
1268 2509 1444 2550 semitas
1475 2521 1613 2558 meas,
1646 2513 1690 2550 et
1722 2508 1905 2559 vestigia

1085 2564 1247 2615 pedum
1274 2566 1472 2606 meorum
1499 2564 1801 2606 considerasti:
1827 2565 1903 2616 qui

1087 2620 1210 2671 quasi
1236 2621 1423 2672 putredo
1450 2621 1770 2663 consumendus
1797 2634 1902 2671 sum,

1086 2682 1127 2717 et
1152 2677 1275 2727 quasi
1298 2678 1618 2728 vestimentum,
1644 2677 1763 2729 quod
1786 2689 1900 2719 com-

1085 2731 1226 2773 editur
1245 2745 1270 2773 a
1287 2735 1413 2775 tinea.
