2040 2976
804 199 1013 231 Commune
1040 196 1243 230 Abbatum.

339 298 446 338 Pro
476 298 601 339 Abb
611 297 823 339 atibus.

391 376 439 414 In
459 376 529 414 III.
551 376 775 415 Nocturno.

172 432 322 473 Lectio
347 432 487 473 sancti
506 431 733 481 Evangelii
757 430 998 472 secundum

450 486 720 529 Matthaeum.

273 552 422 592 Lectio
446 554 510 592 vii.
653 555 755 605 Cap.
776 554 833 592 19.
855 553 893 592 d.

213 627 241 654 n
270 613 345 654 illo
371 615 587 666 tempore:
613 613 736 654 Dixit
758 613 915 654 Petrus
940 610 997 652 ad

247 669 414 711 Jesum:
456 670 574 711 Ecce
614 682 696 711 nos
738 668 996 719 reliquimus

166 726 331 776 omnia,
365 730 409 767 et
441 725 581 767 secuti
612 738 762 766 sumus
794 729 859 765 te:
891 722 998 775 quid

168 795 274 833 ergo
295 781 378 823 erit
394 781 545 823 nobis?
586 781 643 822 Et
661 781 840 832 reliqua.
882 788 885 791 ’

172 855 360 898 Homilia
385 855 424 896 S.
449 855 709 907 Hieronymi
733 853 997 905 Presbyteri.

312 919 392 952 Lib.
418 920 446 952 3.
472 919 509 952 in
538 918 666 952 Matth.
694 929 774 961 cup.
805 918 853 951 19.

172 966 451 1009 &randis
475 966 651 1008 fiducia:
674 966 833 1006 Petrus
857 965 997 1017 pisca-

174 1014 296 1106 b:
320 1022 692 1120 &errante
708 1034 813 1118 ,223¹

165 1134 255 1176 bat:
275 1139 319 1176 et
336 1140 484 1176 tamen
501 1135 697 1186 loquitur
712 1090 998 1182 confidenter,

165 1190 442 1243 Reliquimus
479 1191 636 1232 omnia.
680 1190 738 1230 Et
774 1189 876 1241 quia
909 1201 998 1229 non

167 1247 329 1288 sufficit
360 1251 531 1288 tantum
564 1246 831 1298 relinquere,
861 1245 998 1296 jungit

168 1302 289 1354 quod
306 1303 553 1355 perfectum
571 1307 651 1343 est:
682 1302 739 1342 Et
765 1301 905 1342 secliti
929 1314 997 1341 su-

165 1372 262 1400 mus
304 1364 359 1400 te.
411 1359 614 1400 Fecimus
657 1356 778 1410 quod
820 1357 998 1408 jussisti:

168 1415 274 1467 quid
310 1416 443 1466 igitur
480 1414 609 1456 nobis
642 1413 768 1455 dabis
803 1413 998 1465 praemii?

165 1471 190 1512 J
195 1484 296 1512 esus
316 1476 462 1512 autem
481 1471 592 1512 dixit
609 1470 711 1511 illis:
733 1469 877 1510 Amen
897 1468 997 1510 dico

166 1527 310 1568 vobis:
348 1527 469 1579 quod
500 1539 580 1568 vos
613 1526 687 1578 qui
719 1525 861 1567 secliti
893 1525 998 1566 estis

166 1596 253 1633 me,
277 1583 322 1623 in
341 1583 690 1634 regeneratione,
715 1594 815 1623 cum
834 1580 999 1622 sederit

166 1639 303 1679 Filius
331 1639 521 1680 hominis
549 1639 594 1679 in
621 1637 727 1679 sede
754 1637 996 1688 majestatis

168 1707 275 1744 suae,
302 1694 512 1736 sedebitis
537 1699 582 1736 et
604 1706 685 1735 vos
710 1706 842 1745 super
867 1692 996 1734 sedes

167 1750 412 1801 duodecim,
427 1750 673 1803 judicantes
686 1749 921 1791 duodecim
930 1748 998 1789 tri—

166 1806 249 1849 bus
268 1807 416 1848 Israel.
448 1807 551 1848 Non
571 1806 695 1856 dixit,
719 1806 804 1856 Qui
823 1805 997 1857 reliqui-

167 1864 247 1904 stis
269 1863 427 1904 omnia:
451 1862 537 1904 hoc
563 1863 677 1904 enim
702 1866 745 1903 et
765 1861 918 1903 Crates
938 1861 995 1902 fe-

168 1920 226 1961 cit
245 1919 554 1972 philosophuS,
581 1923 625 1960 et
646 1917 772 1960 multi
793 1917 867 1958 alii
890 1916 996 1958 divi-

166 1976 249 2016 tias
278 1977 656 2028 contempserunt:
693 1973 790 2024 sed,
819 1973 905 2024 Qui
932 1985 996 2014 se-

169 2032 259 2073 cuti
287 2032 392 2073 estis
417 2044 502 2073 me:
531 2030 651 2084 quod
674 2030 855 2083 proprie
877 2030 996 2082 Apo-

169 2087 384 2129 stolorum
404 2093 470 2129 est
489 2092 623 2140 atque
643 2086 926 2130 credentium.

223 2147 273 2197 R,
303 2144 394 2185 Iste
421 2149 489 2185 est
516 2144 591 2196 qui
617 2147 717 2185 ante
741 2143 886 2184 Deum
910 2154 998 2183 ma-

167 2212 276 2252 gnas
302 2201 487 2242 virtutes
517 2202 727 2252 operatus
756 2204 838 2249 est,
873 2203 917 2240 et
943 2197 998 2239 de

169 2256 289 2297 omni
300 2255 433 2297 corde
447 2269 527 2297 suo
540 2255 736 2297 laudavit
745 2255 998 2296 Dominum:

173 2315 194 2338 *
221 2313 326 2365 Ipse
353 2311 596 2353 intercedat
621 2324 704 2364 pro
730 2311 926 2363 peccatis
955 2312 999 2352 o-

168 2369 333 2409 mnium
350 2367 627 2420 populorum.
656 2366 705 2417 V.
730 2368 847 2408 Ecce
866 2367 999 2408 homo

169 2425 262 2466 sine
283 2424 471 2477 querela.
486 2436 615 2465 verus
629 2423 714 2464 Dei
731 2423 884 2473 cultor,
901 2423 997 2464 abs-

168 2481 312 2522 tinens
345 2493 393 2522 se
425 2479 481 2521 ab
508 2479 626 2520 omni
647 2481 781 2531 opere
806 2479 935 2528 malo,
955 2483 999 2520 et

170 2539 434 2589 permanens
448 2536 493 2577 in
507 2535 758 2576 innocentia
771 2547 861 2576 sua.
884 2536 999 2588 Ipse.

459 2593 608 2634 Lectio
632 2593 714 2632 viii.

222 2668 250 2695 n
269 2652 615 2705 regeneratione,
636 2663 736 2692 cum
753 2650 918 2691 sederit
932 2650 999 2690 Fi-

230 2711 315 2752 lius
342 2708 532 2751 hominis
558 2707 603 2749 in
628 2706 734 2748 sede
758 2705 1000 2758 majestatis

1051 306 1143 334 suae
1171 291 1362 344 (quando
1393 295 1436 332 et
1463 289 1627 330 mortui
1653 289 1709 330 de
1736 301 1882 330 corru-

1049 349 1202 401 ptione
1221 350 1453 398 resurgent
1467 345 1739 398 incorrupti),
1758 343 1882 386 sede-

1049 405 1152 446 bitis
1181 410 1225 446 et
1251 416 1332 445 vos
1364 403 1409 443 in
1438 402 1559 443 soliis
1588 400 1883 453 judicantium,

1051 460 1397 502 condemnantes
1417 457 1653 500 duedecim
1665 456 1809 498 tribus
1822 456 1884 497 Is-

1050 517 1155 558 ra'el:
1195 516 1297 569 quia
1329 515 1455 557 vobis
1490 512 1790 562 credentibus,
1822 511 1885 552 illi

1050 573 1230 614 credere
1258 571 1505 618 noluerunt.
1549 570 1606 611 Et
1636 569 1777 610 omnis
1811 567 1885 620 qui

1050 629 1275 681 reliquerit
1295 627 1491 676 domum,
1519 625 1590 667 vel
1608 625 1782 674 fratres,
1810 628 1886 665 aut

1051 687 1243 734 sorores,
1273 689 1349 726 aut
1373 687 1561 736 patrem,
1590 686 1666 723 aut
1687 685 1884 730 matrem,

1050 746 1125 782 aut
1152 743 1351 790 uxorem,
1379 744 1453 781 aut
1480 738 1611 790 filios,
1649 742 1725 778 aut
1753 748 1885 788 agros

1050 802 1234 850 propter
1257 809 1418 838 nomen
1440 807 1601 845 meum3
1630 792 1884 845 centuplum

1050 854 1253 906 accipiet,
1282 857 1326 894 et
1348 852 1484 894 vitam
1510 852 1721 892 aeternam
1744 847 1884 902 possi-

1050 909 1180 951 debit.
1215 910 1362 950 Locus
1385 909 1468 949 iste
1494 920 1593 948 cum
1615 905 1690 947 illa
1714 905 1883 947 senten-

1049 965 1111 1006 tia
1130 965 1341 1016 congruit,
1360 965 1404 1005 in
1424 976 1511 1015 qua
1525 962 1727 1004 Salvator
1745 960 1884 1012 loqui-

1050 1026 1136 1063 tur:
1162 1021 1266 1063 Non
1291 1021 1392 1062 veni
1411 1032 1568 1072 pacem
1585 1020 1775 1067 mittere,
1804 1015 1885 1058 sed

1050 1077 1255 1128 gladium.
1291 1077 1408 1119 Veni
1431 1076 1546 1117 enim
1574 1076 1782 1127 separare
1807 1072 1883 1113 ho-

1049 1134 1211 1175 minem
1240 1146 1266 1174 a
1293 1137 1420 1186 patre
1448 1144 1545 1182 suo,
1576 1135 1621 1173 et
1647 1134 1834 1171 matrem
1859 1141 1885 1169 a

1050 1189 1156 1239 filia,
1185 1194 1229 1231 et
1252 1202 1410 1230 nurum
1434 1201 1461 1229 a
1484 1199 1630 1229 socru:
1656 1190 1700 1228 et
1722 1184 1885 1226 inimici

1050 1245 1239 1286 hominis
1269 1244 1502 1286 domestici
1530 1244 1632 1296 ejus.
1669 1242 1754 1292 Qui
1778 1253 1883 1292 ergo

1050 1306 1234 1354 propter
1252 1301 1387 1342 fidem
1408 1300 1585 1350 Christi,
1610 1303 1653 1340 et
1671 1297 1884 1351 praediea-

1050 1358 1216 1399 tionem
1241 1355 1484 1407 Evangelii,
1519 1367 1672 1397 omnes
1701 1353 1885 1395 affectus

1051 1413 1415 1466 contempserint,
1457 1416 1590 1464 atque
1628 1410 1802 1452 divitias
1841 1412 1885 1450 et

1050 1470 1201 1511 saeculi
1227 1469 1494 1521 voluptates:
1525 1467 1599 1509 isti
1630 1465 1885 1519 centuplum

1050 1526 1275 1623 Eecgpienn
1300 1530 1343 1567 et
1358 1525 1495 1567 vitam
1519 1525 1731 1565 aeternam
1744 1521 1884 1575 possi-

1084 1583 1107 1623 e
1139 1587 1228 1623 unt.

1108 1641 1157 1681 R.
1185 1638 1280 1679 Sint
1311 1637 1449 1678 lumbi
1477 1635 1614 1678 vestri
1644 1633 1883 1688 praecincti,

1053 1698 1096 1735 et
1132 1684 1324 1735 lucernae
1362 1692 1567 1734 ardentes
1604 1691 1649 1732 in
1681 1689 1884 1732 manibus

1051 1750 1225 1791 vestris:
1255 1754 1278 1776 *
1304 1749 1362 1790 Et
1388 1761 1470 1790 vos
1503 1747 1668 1789 similes
1699 1745 1883 1788 homini-

1051 1805 1134 1847 bus
1167 1804 1526 1858 exspectantibus
1558 1803 1785 1845 deminum
1816 1815 1884 1843 su-

1051 1875 1141 1912 um,
1175 1861 1352 1915 quando
1382 1862 1629 1902 revertetur
1656 1872 1682 1900 a
1708 1859 1885 1912 nuptiis.

1055 1917 1104 1969 V.
1128 1917 1319 1968 Vigilate
1340 1929 1457 1968 ergo,
1481 1916 1583 1968 quia
1599 1915 1780 1957 nescitis
1798 1926 1885 1966 qua

1051 1974 1161 2015 hora
1179 1974 1396 2015 Dominus
1417 1977 1564 2014 vester
1583 1974 1795 2013 venturus
1816 1970 1886 2014 sit.

1051 2031 1109 2072 Et
1128 2043 1220 2072 vos.
1248 2030 1401 2074 Gloria
1417 2028 1549 2071 Patri.
1576 2028 1634 2069 Et
1651 2040 1742 2069 vos.

1359 2088 1509 2128 Lectio
1530 2087 1583 2127 ix.

1137 2157 1165 2184 x
1176 2142 1409 2184 occasione
1419 2141 1546 2193 hujus
1554 2139 1782 2182 sententiae
1795 2138 1885 2191 qui-

1144 2199 1246 2241 dam
1276 2197 1564 2240 introducunt
1597 2195 1716 2237 mille
1746 2207 1885 2236 annos

1051 2261 1154 2309 post
1164 2254 1543 2303 resurrectionem,
1559 2252 1767 2302 dicentes,
1781 2255 1886 2292 tunc

1050 2313 1179 2354 nobis
1216 2310 1469 2363 centuplum
1511 2309 1705 2351 omnium
1738 2320 1886 2350 rerum

1053 2382 1162 2421 quas
1182 2368 1437 2416 dimisimus,
1458 2371 1501 2408 et
1518 2366 1654 2407 vitam
1676 2366 1886 2406 aeternam

1053 2438 1149 2467 esse
1168 2423 1455 2466 reddendam:
1474 2435 1564 2464 non
1580 2421 1884 2472 intelligentes,

1053 2481 1184 2534 quod,
1207 2481 1244 2522 si
1263 2481 1307 2521 in
1327 2479 1486 2521 ceteris
1506 2478 1639 2529 digna
1659 2478 1715 2519 sit
1734 2488 1884 2529 repro-

1051 2538 1214 2587 missio,
1234 2537 1277 2577 in
1292 2535 1505 2577 uxoribus
1520 2537 1735 2587 appareat
1749 2531 1883 2584 turpi-

1051 2594 1177 2636 tudo:
1194 2598 1242 2634 ut
1263 2593 1337 2645 qui
1356 2604 1489 2633 unam
1506 2603 1589 2643 pro
1608 2589 1802 2631 Domino
1822 2583 1883 2629 di-

1051 2650 1234 2699 miserit,
1259 2652 1435 2691 centum
1458 2646 1643 2699 recipiat
1661 2646 1706 2686 in
1724 2644 1884 2686 futuro.

1052 2706 1214 2748 Sensus
1241 2717 1346 2756 ergo
1373 2705 1457 2746 iste
1481 2707 1564 2746 est:
1590 2701 1675 2753 Qui
1693 2699 1885 2743 carnalia
