2040 2976
217 209 310 254 HQ

218 307 358 347 sinum
373 303 563 346 Abrahae
578 303 734 356 Angeli
750 302 967 345 dediicant
985 308 1038 344 te.

217 361 512 414 Suscipientes
537 360 723 401 animam
748 360 853 412 ejus,
879 360 902 383 ¹⁸¹
925 358 1038 401 Offe-

217 420 362 460 rentes
383 429 478 458 eam
497 417 540 457 in
560 418 798 469 conspectu
817 415 1039 458 Altissimi.

140 491 144 493 *
221 468 270 519 V.
285 473 501 526 Requiem
515 475 724 515 aeternam
744 472 860 514 dona
878 472 918 514 ei
931 472 1038 520 Bne,

218 536 261 573 et
278 530 353 572 lux
372 531 586 583 perpetua
604 530 747 571 laceat
766 529 816 570 ei.
847 528 1037 570 Offeren-

216 593 284 630 tes
304 599 400 629 eam
418 586 462 627 in
481 587 720 638 conspectu
739 585 962 626 Altissimi.

271 642 439 685 Deinde
478 642 608 695 Kyrie
640 642 813 684 eleison.
871 640 1038 682 Christe

218 700 392 742 eleison.
424 699 556 751 Kyrie
576 699 750 741 eleison.

275 757 433 798 Postea
456 757 578 798 Pater
595 760 755 797 noster,
779 760 957 795 secreto.

272 808 321 859 Y.
351 813 407 855 Et
435 825 489 854 ne
516 825 598 853 nos
625 811 806 853 indticas
834 810 877 850 in
903 813 1038 850 tenta-

217 870 391 912 tic'mem.
426 870 477 922 R.
502 867 590 910 Sed
612 867 748 910 libera
765 879 846 908 nos
869 878 894 906 a
912 864 1039 906 malo.

272 920 321 972 V.
359 925 574 978 Requiem
612 926 819 966 aeternam
852 921 969 963 dona
1000 921 1039 962 ei

219 982 415 1025 Domine.
461 982 510 1033 Rv.
540 982 597 1023 Et
628 981 702 1022 lux
734 981 947 1032 perpetua
978 976 1038 1018 lu-

171 1054 173 1059 ·
220 1045 316 1081 ceat
342 1039 389 1080 ei.

265 1090 321 1160 JV.
352 1095 392 1135 A
415 1099 543 1147 porta
567 1092 710 1134 inferi:
739 1094 789 1134 R.
814 1091 929 1132 Erue
952 1090 1039 1132 Do-

218 1165 333 1193 mme
353 1151 540 1192 animam
559 1151 659 1202 ejus.

981 207 1170 242 Formula.

1143 299 1194 350 V.
1211 301 1476 354 Requiescat
1492 300 1536 342 in
1549 313 1669 354 pace.
1690 304 1739 355 R.
1758 301 1910 343 Amen.

1144 362 1192 413 V.
1239 366 1426 408 D6mine
1469 363 1626 407 exandi
1669 365 1911 408 orationem

1090 435 1241 464 meam.
1280 424 1329 474 R·.
1361 422 1418 464 Et
1445 421 1610 464 clamor
1635 434 1758 463 meus
1784 420 1842 464 ad
1866 427 1911 464 te

1090 479 1244 520 veniat.
1928 492 1930 497 ·

1145 539 1194 591 V.
1233 543 1446 585 D6minus
1481 542 1717 585 vobiscum.
1770 545 1821 596 R.
1855 542 1912 585 Et

1091 612 1189 641 cum
1208 600 1363 653 spiritu
1380 606 1468 642 tuo.

1197 682 1390 724 Oremus.
1648 682 1811 724 Oratio.

1094 746 1230 852 Tibi
1248 752 1435 794 Domine
1454 751 1808 794 commendAmus
1826 751 1912 793 ani-

1194 821 1309 849 mam
1332 808 1480 850 famuli
1503 809 1566 850 tui
1590 810 1659 859 Ν.,
1690 813 1738 850 ut
1764 808 1912 850 deffin-

1092 869 1187 906 ctus
1209 864 1371 906 saeculo
1395 864 1473 906 tibi
1492 865 1623 906 vivat:
1648 870 1691 907 et
1716 877 1814 918 quae
1833 877 1913 918 per

1091 920 1367 972 fragilitatem
1395 921 1596 962 humanae
1623 921 1913 963 conversatio-

1091 977 1157 1018 nis
1176 979 1358 1030 peccata
1377 977 1608 1028 commisit,
1628 982 1677 1020 tu
1695 977 1821 1019 venia
1838 977 1912 1018 mi-

1091 1033 1446 1075 sericordissimae
1480 1033 1656 1086 pietatis
1700 1033 1913 1085 absterge.

1092 1090 1175 1131 Per
1202 1090 1421 1132 Christum
1443 1090 1678 1132 Dominum
1705 1095 1913 1132 nostrum.

1146 1147 1197 1198 Rz.
1218 1146 1370 1188 Amen.

850 1354 1293 1407 FORMULA

219 1465 267 1498 ad
292 1465 584 1508 impertiendam
606 1463 889 1508 Indulgentiam
910 1464 1039 1507 plena-

218 1513 314 1547 riam
347 1514 385 1547 in
418 1513 578 1547 articulo
610 1513 744 1547 mortis
777 1512 825 1546 ab
856 1512 934 1553 his,
975 1511 1039 1555 qui

220 1561 438 1595 facultatem
470 1562 612 1595 habent
641 1572 662 1594 a
692 1560 782 1595 sede
811 1560 1041 1603 Apostolica

519 1609 743 1653 delegatam.

273 1656 321 1707 Y.
362 1661 637 1714 Adjutorium
669 1666 866 1702 nostrum
896 1660 940 1700 in
967 1661 1040 1700 no—

218 1719 332 1760 mine
355 1718 543 1760 Domini.
577 1718 625 1769 R.
650 1716 733 1767 Qui
759 1716 861 1758 fecit
883 1715 1042 1758 coelum

219 1781 262 1818 et
280 1781 451 1817 terram.

275 1829 372 1871 Ant.
392 1830 454 1872 Ne
473 1829 761 1872 reminiscaris
775 1828 962 1870 Domine
978 1827 1042 1870 de·

218 1887 321 1929 licta
351 1887 500 1928 famuli
527 1886 590 1928 tui
623 1884 705 1934 (vel
734 1885 902 1927 ancillae
930 1884 1042 1934 tuae),

219 1957 361 1996 neque
381 1943 616 1985 vindictam
639 1954 786 1983 sumas
810 1941 866 1983 de
888 1943 1041 1994 pecca-

218 2000 275 2041 tis
297 2001 397 2052 ejus.

272 2060 404 2112 Kyrie
441 2060 615 2102 eleison.
666 2059 835 2101 Christe
867 2058 1042 2100 eleison.

222 2115 355 2169 Kyrie
375 2117 549 2158 eleison.

278 2172 402 2214 Pater
420 2178 580 2214 noster.
601 2177 781 2214 secreto.

273 2223 324 2274 V.
354 2229 411 2271 Et
437 2242 492 2271 ne
519 2242 600 2270 nos
627 2228 808 2270 indiicas
836 2228 879 2268 in
905 2232 1040 2269 tenta-

220 2285 394 2326 ti6nem.
428 2285 478 2336 Ru
503 2285 590 2326 Sed
613 2284 750 2327 libera
771 2298 852 2326 nos
871 2297 897 2325 a
915 2283 1042 2325 malo.

274 2333 324 2386 V.
345 2340 520 2382 Salvum
541 2341 608 2382 fac
627 2354 799 2382 servum
818 2346 941 2382 tuum
962 2340 1045 2390 (vel

221 2396 420 2438 ancillam
436 2398 580 2446 tuam).
601 2397 651 2447 Rz.
671 2397 791 2438 Deus
807 2410 930 2439 meus
949 2409 1042 2449 spe-

219 2455 388 2495 rantem
407 2453 450 2494 in
468 2458 523 2494 te.

274 2502 324 2554 V.
367 2510 554 2551 Domine
599 2508 756 2550 exandi
803 2510 1044 2551 orationem

221 2573 372 2608 meam.
416 2565 466 2616 Rz.
494 2566 550 2607 Et
578 2565 742 2607 clamor
767 2579 889 2607 meus
918 2566 974 2607 ad
997 2571 1041 2607 te

221 2623 377 2664 veniat.

1408 1459 1601 1501 Oremus.

1170 1516 1477 1559 lementissime
1507 1516 1644 1566 Deus,
1679 1516 1810 1558 Pater
1839 1515 1914 1557 mi·

1185 1572 1547 1623 sericordiarum,'
1566 1577 1610 1614 et
1634 1572 1755 1614 Deus
1779 1573 1914 1614 totius

1091 1629 1419 1679 consolati6nis,
1473 1629 1554 1681 qui·
1590 1629 1805 1671 neminem
1849 1628 1914 1670 vis

1091 1688 1234 1739 perire
1258 1686 1302 1726 in
1326 1690 1371 1727 te
1395 1685 1646 1727 credentem
1668 1690 1800 1738 atque
1819 1697 1914 1738 spe-

1091 1745 1274 1784 rantem:
1316 1741 1556 1784 sect'mdum
1594 1741 1915 1784 mulfitndinem

1090 1798 1416 1840 miserationum
1435 1799 1609 1840 tuarum
1626 1798 1796 1851 respice
1814 1810 1912 1852 pro-

1090 1855 1224 1908 pitius
1242 1854 1450 1896 famulum
1467 1859 1590 1896 tuum
1612 1853 1664 1895 N.
1683 1866 1813 1907 quem
1833 1853 1917 1904 (vel

1091 1911 1296 1953 famulam
1319 1916 1439 1953 tuam
1466 1910 1517 1951 N.
1540 1911 1685 1963 quam)
1707 1910 1788 1953 tibi
1811 1923 1916 1953 vera

1091 1967 1202 2010 fides
1235 1972 1278 2010 et
1309 1980 1411 2021 spes
1439 1967 1674 2009 christiana
1700 1969 1913 2010 commen-

1092 2024 1207 2067 dant.
1234 2024 1378 2066 Visita
1397 2036 1495 2066 eum
1518 2022 1601 2073 (vel
1620 2024 1731 2072 eam)
1746 2023 1790 2065 in
1805 2024 1914 2070 salu-

1091 2081 1175 2123 tari
1198 2086 1291 2131 tuo,
1317 2085 1361 2122 et
1383 2093 1464 2133 per
1486 2080 1706 2131 Unigeniti
1731 2080 1795 2122 tui
1818 2094 1915 2134 pas-

1092 2138 1259 2179 si6nem
1277 2142 1321 2179 et
1338 2142 1540 2188 mortem,
1570 2137 1762 2178 omnium
1785 2137 1825 2179 ei
1844 2137 1914 2179 de-

1092 2194 1294 2236 lictorum
1332 2195 1511 2235 suorum
1542 2193 1841 2235 remissionem
1871 2199 1915 2236 et

1091 2251 1263 2292 veniam
1286 2250 1520 2292 clementer
1542 2249 1734 2302 indfilge,
1757 2254 1806 2292 ut
1825 2250 1915 2303 eius

1093 2307 1235 2348 anima
1267 2307 1310 2348 in
1341 2306 1451 2348 hora
1478 2307 1618 2348 exitus
1646 2306 1712 2348 sui
1737 2311 1783 2348 te
1809 2306 1913 2359 judi-

1094 2376 1189 2405 cem
1227 2363 1514 2417 propitiatum
1550 2363 1756 2414 inveniat,
1797 2368 1840 2405 et
1871 2363 1915 2404 in

1093 2421 1301 2472 sanguine
1320 2419 1514 2472 ejfisdem
1527 2419 1625 2461 Filii
1642 2419 1706 2461 tui
1724 2418 1780 2461 ab
1799 2419 1916 2461 omni

1092 2476 1263 2518 macula
1294 2475 1457 2526 ablata,
1489 2478 1672 2518 transire
1699 2475 1756 2518 ad
1782 2476 1916 2518 vitam

1094 2535 1311 2574 mereatur
1324 2534 1593 2585 perpetuam.
1611 2533 1696 2574 Per
1715 2530 1916 2574 elimdem

1095 2589 1314 2631 Christum
1332 2589 1448 2630 Dfim
1466 2594 1673 2631 nostrum.
1701 2587 1852 2630 Amen.

1148 2647 1255 2681 Tunc
1289 2647 1394 2681 dicto
1423 2647 1471 2681 ab
1503 2657 1580 2681 uno
1613 2657 1632 2681 e
1663 2645 1823 2682 Clericis
1852 2644 1916 2679 ad-

276 2674 326 2726 V·
359 2679 572 2720 deinUS
603 2677 840 2720 vobiscum.
896 2680 947 2731 RI-
986 2679 1042 2720 Et
1098 2695 1302 2736 stantibuS‚
1340 2694 1548 2741 Confiteor,
1591 2694 1779 2729 Sacerdos
1814 2692 1917 2727 dicat

221 2748 322 2777 cum
343 2735 498 2788 spiritu
520 2740 608 2776 tuo.

1097 2741 1331 2788 Misereatun
1359 2752 1402 2775 ac
1426 2741 1580 2776 deinde:
