2040 2976
507 194 610 227 Infra
635 194 931 227 chdomadam
956 195 1004 227 ix.
1030 202 1120 237 post
1146 195 1224 230 Oct.
1251 196 1508 232 I'cntccostcs.

155 296 267 333 tuus.
309 291 393 341 Qui
419 290 662 344 respondit:
691 292 803 333 Rem
832 290 984 333 diffici-

154 347 241 389 lem
267 347 519 400 postulasti:
547 350 740 389 attamen
766 348 802 389 si
821 347 983 389 videris

155 416 241 454 me,
275 404 452 456 quando
484 403 615 446 tollar
647 418 672 445 a
699 409 762 454 te,
796 404 878 446 erit
904 404 984 446 tibi

157 460 277 512 quod
294 461 460 513 petisti:
483 461 519 502 si
538 466 684 503 autem
702 473 791 502 non
810 460 983 511 videris,

154 530 243 558 non
261 517 354 559 erit.

207 584 258 635 R
284 582 515 625 Exaudisti
533 582 731 624 Domine.
749 583 844 623 180.

455 664 608 705 Lectio
628 664 682 704 iii.

233 743 394 783 umque
408 732 653 783 pergerent,
671 735 715 772 et
729 730 983 773 incedentes

245 787 660 838 sermocinarentur,
698 800 801 829 ecce
830 800 983 829 currus

154 848 324 896 igneus,
367 848 410 885 et
448 844 550 896 equi
588 844 703 895 ignei
742 843 984 886 diviserunt

153 905 403 953 utrumque:
442 905 486 942 et
522 900 718 943 ascendit
749 901 868 942 Elias
903 914 984 954 per

153 957 372 1000 turbinem
390 957 433 997 in
454 957 626 1007 coelum,
645 957 818 999 Eliseus
838 964 984 1000 autem

154 1013 345 1064 videbat,
365 1018 409 1055 et
424 1013 657 1056 clamabat:
675 1014 806 1056 Pater
821 1015 890 1065 mi,
909 1028 983 1067 pa-

153 1076 221 1113 ter
234 1070 305 1120 mi,
325 1082 476 1111 currus
491 1070 639 1121 Israel,
660 1076 703 1113 et
718 1073 868 1122 auriga
883 1073 984 1123 ejus.

153 1128 211 1169 Et
234 1139 322 1169 non
341 1126 451 1169 vidit
475 1139 574 1168 eum
598 1127 798 1180 amplius:
828 1141 982 1181 appre-

153 1182 396 1236 henditque
421 1184 685 1226 vestimenta
710 1197 807 1235 sua,
836 1190 879 1226 et
904 1185 982 1226 sci-

154 1240 218 1283 dit
240 1240 314 1281 illa
339 1240 383 1280 in
409 1239 518 1282 duas
543 1245 704 1293 partes.
741 1242 798 1283 Et
821 1241 984 1283 levavit

152 1297 335 1350 pallium
365 1297 492 1347 Eliae,
526 1297 646 1350 quod
677 1298 897 1340 ceciderat
930 1298 984 1339 ei:

153 1357 446 1406 reversusque
492 1354 613 1396 stetit
663 1367 797 1408 super
842 1355 984 1408 ripam

152 1409 370 1451 Iordanis.

202 1473 253 1525 Rz.
279 1474 397 1516 Audi
415 1475 613 1517 Domine.
632 1476 725 1516 180.

371 1605 533 1642 Feria
565 1605 767 1644 Tertia.

281 1670 350 1712 De
370 1669 483 1712 libro
505 1676 661 1724 quarto
679 1672 862 1724 Regum.

227 1739 381 1787 Lectio
401 1739 424 1779 i.
745 1740 846 1791 Cap.
866 1741 902 1780 3.

239 1806 416 1856 gressus
437 1810 504 1847 est
522 1806 654 1858 igitur
673 1821 752 1850 rex
770 1809 796 1850 J
798 1821 921 1850 oram
939 1810 983 1850 in

257 1861 328 1904 die
350 1862 426 1904 illa
450 1862 505 1904 de
529 1863 738 1916 Samaria,
768 1871 812 1907 et
836 1868 982 1908 recen-

153 1919 239 1961 suit
257 1919 509 1960 universum
522 1921 671 1962 Israel.
699 1922 906 1975 Misitque
927 1923 984 1964 ad

152 1975 178 2017 J
179 1975 369 2028 osaphat
387 1989 536 2028 regem
551 1977 576 2018 J
578 1978 680 2029 uda,
701 1977 866 2021 dicens:
886 1981 983 2021 Rex

151 2032 284 2074 Moab
310 2033 494 2075 recessit
519 2047 545 2075 a
569 2048 658 2085 me,
686 2036 787 2077 veni
811 2049 983 2078 mecum

153 2094 308 2131 contra
335 2102 435 2131 eum
462 2089 519 2132 ad
546 2091 758 2144 praelium.
806 2093 890 2143 Qui
917 2106 981 2135 re-

153 2145 345 2198 spondit:
370 2146 635 2189 Ascendam:
663 2149 737 2201 qui
760 2162 883 2191 meus
904 2155 982 2200 est,

151 2206 252 2243 tuus
281 2207 361 2244 est:
398 2204 590 2256 populus
621 2218 761 2256 meus,
788 2206 981 2258 populus

151 2262 266 2300 tuus:
292 2264 336 2301 et
355 2260 456 2312 equi
475 2261 577 2311 mei,
605 2262 707 2314 equi
730 2262 805 2303 tui.
842 2262 979 2304 Dixit-

153 2327 252 2367 que:
277 2315 362 2357 Per
383 2329 514 2368 quam
532 2317 648 2359 viam
668 2317 980 2360 ascendemus?

152 2371 213 2413 At
248 2371 321 2413 ille
358 2374 600 2426 respondit:
638 2375 723 2416 Per
758 2374 981 2417 desertum

152 2426 374 2470 Idumaeae.
414 2430 709 2472 Perrexerunt
740 2431 871 2482 igitur
903 2444 981 2473 rex

151 2484 304 2535 Israel,
332 2490 376 2526 et
400 2498 478 2527 rex
491 2486 628 2536 Juda,
657 2493 700 2529 et
726 2500 803 2528 rex
825 2486 980 2538 Edom,

152 2545 196 2582 et
234 2542 496 2585 circuierunt
535 2556 616 2596 per
655 2544 771 2584 viam
810 2548 980 2596 septem

153 2596 330 2648 dierum,
347 2611 429 2640 nec
449 2604 543 2641 erat
561 2612 676 2651 aqua
696 2600 916 2650 exercitui,
937 2605 981 2642 et

151 2654 364 2706 jumentis,
385 2668 484 2708 quae
504 2655 800 2708 sequebantur
820 2668 908 2697 eos.

203 2720 255 2771 R.
280 2720 480 2763 Domine.
507 2722 600 2786 180.

1796 197 1863 232 219
1914 182 1915 185 ’

1350 292 1500 333 LCC‘H‘U
1522 295 1558 334 il.

1125 355 1293 408 ixitque
1331 370 1409 398 rex
1447 359 1599 399 Israel:
1639 359 1740 400 Heu
1778 358 1865 400 heu
1914 387 1916 390 ψ

1133 413 1229 463 heu,
1250 415 1532 465 congregavit
1550 428 1630 456 nos
1649 416 1864 456 Dominus

1038 475 1129 512 tres
1157 483 1299 521 reges,
1332 475 1381 511 ut
1413 470 1608 513 traderet
1639 472 1683 512 in
1710 485 1864 513 manus

1037 527 1182 569 Moab.
1218 528 1276 569 Et
1300 528 1361 568 ait
1378 527 1606 580 Josaphat:
1634 529 1769 570 Estne
1793 529 1864 570 hic

1037 584 1257 637 propheta
1281 583 1475 634 Domini,
1504 589 1552 626 ut
1578 585 1864 637 deprecemur

1037 641 1276 682 Dominum
1300 654 1380 693 per
1407 639 1527 682 eum?
1561 642 1618 683 Et
1636 642 1865 693 respondit
1912 655 1915 658 ·

1037 711 1150 739 unus
1184 698 1239 739 de
1271 698 1409 739 servis
1442 698 1558 748 regis
1590 698 1740 739 Israel:
1784 699 1864 739 Est
1912 720 1914 753 l

1037 755 1109 796 hic
1131 755 1303 796 Eliseus
1326 754 1442 795 filius
1467 754 1649 806 Saphat,
1678 755 1750 807 qui
1774 755 1863 796 fun-

1039 812 1173 854 debat
1204 824 1364 863 aquam
1396 824 1529 863 super
1561 824 1714 852 manus
1745 811 1865 852 Eliae.

1038 869 1096 911 Et
1128 869 1188 910 ait
1219 868 1449 921 Josaphat:
1495 869 1575 910 Est
1612 868 1730 920 apud
1767 881 1866 909 eum

1039 939 1185 968 sermo
1218 926 1406 968 Domini.
1451 925 1778 977 Descenditque
1810 925 1867 966 ad

1039 997 1138 1025 eum
1170 997 1248 1025 rex
1280 982 1433 1033 Israel,
1467 988 1511 1024 et
1542 982 1757 1034 Josaphat
1789 995 1866 1023 rex

1038 1041 1168 1091 Juda,
1202 1046 1246 1082 et
1272 1054 1350 1082 rex
1377 1039 1532 1081 Edom.
1572 1039 1694 1080 Dixit
1722 1044 1867 1080 autem

1038 1098 1210 1139 Eliseus
1228 1097 1285 1140 ad
1299 1110 1448 1149 regem
1461 1096 1614 1137 Israel:
1634 1096 1748 1146 Quid
1762 1096 1866 1136 mihi

1039 1160 1083 1197 et
1100 1155 1181 1197 tibi
1200 1154 1289 1197 est?
1317 1154 1430 1196 vade
1455 1154 1511 1195 ad
1534 1153 1773 1206 prophetas
1793 1166 1865 1205 pa-

1037 1214 1117 1254 tris
1135 1212 1208 1262 tui,
1229 1216 1272 1253 et
1289 1211 1442 1252 matris
1462 1216 1561 1252 tuae.

1088 1282 1138 1333 R.
1166 1279 1350 1320 Factum
1370 1282 1448 1319 est.
1476 1278 1556 1317 181.

1333 1364 1487 1404 Lectio
1508 1364 1562 1403 iii.

1114 1432 1133 1469 t
1157 1427 1217 1469 ait
1239 1426 1303 1467 illi
1324 1439 1402 1468 rex
1421 1424 1573 1467 Israe'l:
1603 1426 1745 1475 Quare
1766 1437 1864 1466 con-

1131 1483 1332 1536 gregavit
1364 1483 1580 1523 Dominus
1617 1487 1706 1523 tres
1739 1494 1864 1532 reges

1036 1542 1136 1591 hos,
1182 1546 1230 1582 ut
1275 1539 1470 1582 traderet
1516 1552 1593 1580 eos
1632 1539 1675 1579 in
1711 1551 1864 1579 manus

1036 1596 1192 1640 Moab?
1230 1597 1441 1648 Dixitque
1470 1595 1526 1638 ad
1555 1609 1653 1637 eum
1680 1595 1865 1636 Eliseus:
1913 1603 1914 1606 ’

1037 1655 1161 1697 Vivit
1179 1654 1396 1696 Dominus
1417 1655 1704 1702 exercituum,
1733 1653 1776 1692 in
1796 1664 1865 1693 cu-

1036 1713 1103 1764 jus
1123 1713 1367 1764 conspectu
1386 1715 1466 1759 sto,
1487 1709 1607 1761 quod
1624 1709 1660 1750 si
1674 1722 1762 1750 non
1776 1708 1864 1750 vul-

1036 1773 1129 1810 tum
1143 1769 1167 1809 J
1171 1767 1359 1821 osaphat
1373 1767 1487 1818 regis
1499 1767 1523 1807 J
1525 1766 1624 1807 udae
1641 1765 1865 1807 erubesce-
1909 1772 1912 1780 ⁴

1035 1838 1147 1875 rem,
1179 1837 1267 1866 non
1294 1823 1581 1866 attendissem
1611 1822 1788 1875 quidem
1811 1827 1866 1871 te,

1035 1896 1118 1925 nec
1136 1883 1442 1934 respexissem.
1474 1880 1602 1921 Nunc
1627 1885 1773 1921 autem
1792 1878 1864 1920 ad-

1036 1940 1183 1981 ducite
1208 1938 1315 1979 mihi
1340 1937 1539 1990 psaltem.
1577 1936 1774 1988 Cumque
1798 1937 1865 1977 ca·

1034 2001 1159 2038 neret
1177 1995 1360 2049 psaltes,
1388 1994 1504 2035 facta
1529 1998 1595 2034 est
1614 2005 1746 2045 super
1766 2005 1865 2033 eum

1034 2065 1189 2093 manus
1217 2050 1410 2100 Domini,
1443 2054 1486 2091 et
1514 2050 1587 2091 ait:
1619 2050 1730 2090 Haec
1759 2048 1864 2090 dicit

1034 2110 1266 2150 Dominus:
1291 2107 1441 2149 Facite
1465 2106 1638 2148 alveum
1657 2105 1863 2148 torrentis

1034 2165 1160 2217 hujus
1180 2165 1339 2214 fossas,
1367 2168 1410 2205 et
1429 2163 1582 2204 fossas.
1617 2163 1728 2203 Haec
1748 2161 1863 2203 enim

1035 2222 1140 2263 dicit
1159 2221 1391 2262 Dominus:
1417 2219 1520 2261 Non
1539 2217 1743 2260 videbitis
1762 2230 1861 2259 ven-

1034 2284 1137 2328 tum,
1156 2290 1299 2330 neque
1318 2276 1527 2330 pluviam:
1547 2281 1591 2317 et
1610 2275 1760 2317 alveus
1778 2275 1861 2315 iste

1033 2335 1274 2388 replebitur
1293 2333 1429 2386 aquis,
1456 2338 1499 2374 et
1522 2332 1681 2375 bibetis
1700 2344 1791 2380 vos,
1819 2336 1861 2372 et

1032 2392 1208 2434 familiae
1226 2395 1403 2441 vestrae,
1430 2394 1474 2431 et
1496 2391 1686 2442 jumenta
1704 2393 1859 2429 vestra.

1031 2450 1281 2500 Parumque
1320 2452 1387 2489 est
1422 2447 1507 2489 hoc
1544 2447 1588 2487 in
1621 2446 1858 2496 conspectu

1032 2505 1225 2547 Domini:
1240 2506 1419 2557 insuper
1428 2503 1575 2546 tradet
1586 2502 1717 2544 etiam
1724 2499 1856 2541 Moab

1031 2563 1075 2603 in
1094 2573 1249 2605 manus
1269 2566 1452 2602 vestras.

1084 2628 1135 2680 Rv.
1160 2628 1256 2680 Ego
1275 2633 1319 2669 te
1337 2625 1427 2668 tuli.
1447 2626 1526 2666 181.
