2040 2976
196 211 241 247 76

740 210 850 244 Fcria
877 208 1008 252 quinta
1034 208 1082 242 ad
1108 206 1343 241 Matutinum.

197 255 1901 279 ————-——-—-—-————————-———-—

199 308 335 348 Deus:
354 307 377 332 *
400 308 474 345 aut
501 315 587 344 non
616 303 810 354 apponet
837 304 884 341 ut
907 311 1020 341 com-

201 362 401 416 placitior
429 360 486 402 sit
514 357 682 400 adhuc?

254 420 342 460 Aut
369 418 412 458 in
432 416 564 458 finem
586 412 933 456 misericordiam
953 425 1020 453 su-

202 489 270 517 am
299 473 540 522 abscindet,
568 474 591 499 *
620 485 644 513 a
671 469 951 521 generatione
979 468 1022 508 in

201 527 550 583 generationem?

253 589 343 629 Aut
358 586 641 628 obliviscetur
659 582 856 625 misereri
876 579 1021 622 Deus?

202 646 224 671 *
252 649 326 686 aut
345 641 584 685 continebit
610 641 653 682 in
675 641 739 681 ira
758 651 836 680 sua
857 638 1021 679 miseri—

203 700 376 742 cordias
405 696 532 740 suas?

253 757 310 798 Et
338 756 444 797 dixi:
471 755 599 796 Nunc
619 753 749 805 coepi:
769 753 791 779 *
810 751 905 793 haee
932 764 1021 792 mu-

202 814 312 855 tatio
342 812 535 854 dexterae
562 809 747 851 Excelsi.

255 869 423 910 Memor
460 868 521 909 fui
558 869 739 920 operum
774 864 967 905 Domini:
999 865 1023 890 *

205 926 306 978 quia
333 937 500 966 memor
528 936 603 965 ero
628 923 682 964 ab
710 921 832 963 initio
853 920 1022 962 mirabi-

204 982 310 1023 lium
338 983 524 1029 tuorum,
699 994 703 997 ·

256 1039 312 1079 Et
338 1037 584 1079 meditabor
617 1036 659 1076 in
688 1034 890 1076 omnibus
923 1035 1023 1086 ope-

205 1095 326 1136 ribus
346 1094 445 1135 tuis:
466 1095 489 1120 *
514 1099 556 1135 et
575 1093 618 1133 in
642 1090 1023 1133 adinventionibus

205 1151 292 1192 tuis
321 1150 568 1192 exercebor.

258 1207 377 1249 Deus
421 1207 464 1247 in
505 1211 655 1247 sancto
696 1205 766 1247 via
799 1208 889 1245 tua:
927 1203 1023 1255 quis

206 1265 326 1305 Deus
355 1276 536 1313 magnus
565 1263 676 1304 sieut
702 1262 824 1303 Deus
852 1258 1023 1302 noster?

208 1322 231 1347 *
252 1326 299 1361 tu
328 1333 374 1362 es
397 1320 517 1361 Deus
546 1319 620 1371 qui
647 1319 753 1359 facis
780 1316 1004 1358 mirabilia.

258 1377 419 1418 Notam
451 1375 591 1417 fecisti
620 1375 662 1416 in
690 1373 866 1427 populis
894 1374 1025 1414 virtu-

207 1438 294 1474 tem
322 1438 457 1474 tuam:
482 1434 505 1459 *
524 1431 748 1473 redemisti
774 1431 817 1471 in
843 1429 1025 1472 brachio

206 1494 283 1531 tuo
317 1488 530 1541 populum
558 1493 696 1538 tuum,
727 1487 844 1529 filios
876 1487 1025 1537 Jacob,

208 1551 251 1587 et
278 1546 301 1586 J
306 1545 454 1597 oseph.

260 1601 476 1643 Viderunt
510 1606 554 1642 te
581 1614 708 1653 aquae
735 1601 875 1650 Deus,
911 1600 1026 1642 vide-

210 1663 310 1699 runt
337 1663 381 1699 te
409 1670 550 1709 aquae:
577 1659 600 1685 *
629 1663 671 1699 et
699 1658 949 1707 timuerunt,
985 1661 1028 1698 et

210 1714 397 1756 turbatae
422 1718 522 1755 sunt
551 1713 708 1766 abyssi.

262 1769 499 1811 Multitudo
539 1770 708 1812 sonitus
744 1771 970 1822 aquarumz
1005 1771 1028 1797 *

211 1839 364 1868 vocem
393 1826 607 1868 dederunt
633 1826 783 1868 nubes

262 1883 435 1925 Etenim
466 1886 637 1934 sagittae
670 1888 758 1925 tuae
790 1885 1030 1925 transeunt:

212 1941 235 1967 *
262 1952 350 1981 vox
377 1939 556 1981 tonitrui
583 1939 648 1981 tui
675 1940 719 1980 in
750 1945 857 1981 rota.

263 1995 504 2037 Illuxerunt
521 1996 846 2038 coruscationes
859 2000 948 2037 tuae
964 2008 1029 2037 or-

212 2052 423 2094 bi·terrae:
451 2053 475 2079 *
503 2055 722 2094 commota
751 2057 831 2102 est,
861 2057 904 2094 et
931 2065 1030 2094 con-

212 2109 390 2150 tremuit
417 2113 544 2150 terra.

265 2165 316 2205 In
338 2165 447 2206 mari
474 2165 545 2206 via
571 2170 657 2215 tua,
686 2170 729 2207 et
749 2165 917 2207 semitae
944 2170 1032 2207 tuae

214 2221 257 2261 in
285 2221 410 2272 aquis
437 2221 601 2263 multis:
629 2223 652 2249 *
675 2226 718 2263 et
747 2222 932 2273 vestigia
958 2227 1034 2263 tua

214 2290 299 2318 non
329 2279 661 2329 cognoscentur.

264 2333 497 2376 Deduxisti
532 2335 645 2376 sicut
682 2347 788 2376 oves
821 2335 1034 2388 populum

213 2393 386 2440 tuum,*
406 2391 449 2432 in
469 2404 600 2432 manu
628 2391 772 2444 Moysi
801 2396 844 2433 et
872 2391 1034 2433 Aaron.

481 2454 675 2493 l'salmus
706 2454 767 2494 77.

294 2503 480 2545 ttendite
524 2503 689 2557 popule
731 2516 854 2545 meus
895 2504 1037 2556 legem

334 2573 490 2601 meam:
509 2561 532 2587 *
554 2559 759 2601 inclinate
787 2573 937 2602 aurem
965 2573 1035 2602 ve-

213 2621 347 2657 stram
376 2617 418 2657 in
447 2616 580 2658 verba
609 2616 699 2657 oris
726 2617 823 2658 mei.

264 2673 471 2725 Aperiam
491 2673 534 2713 in
555 2672 779 2725 parabolis
800 2685 850 2714 os
875 2685 1035 2715 meum:

214 2730 236 2754 ¹⁸¹
258 2728 411 2782 loquar
438 2729 765 2783 propositiones
794 2729 848 2771 ab
877 2730 1011 2771 initio.

1126 297 1298 346 Quanta
1331 291 1578 335 audivimus
1613 294 1657 331 et
1693 288 1899 340 cognovi-

1072 366 1169 395 mus
1199 364 1264 393 ea:
1292 352 1316 378 *
1336 354 1380 391 et
1406 352 1558 401 patres
1585 345 1727 387 nostri
1755 357 1900 387 narra-

1073 411 1228 451 verunt
1256 406 1398 448 nobis.

1123 466 1226 507 Non
1255 467 1356 505 sunt
1388 460 1610 503 occultata
1639 472 1666 501 a
1696 458 1800 500 filiis
1831 460 1901 501 eo-

1074 536 1180 572 rum,
1208 523 1231 549 *
1259 521 1303 562 in
1331 517 1616 570 generatione
1644 516 1794 558 altera.

1124 579 1366 620 Narrantes
1381 574 1536 616 laudes
1551 572 1743 622 Domini,
1763 577 1807 615 et
1818 572 1900 613 vir-

1074 639 1191 677 tutes
1213 635 1315 686 ejus‚
1335 634 1359 659 *
1379 636 1422 673 et
1442 629 1661 672 mirabilia
1678 630 1781 682 ejus,
1801 641 1901 682 quae

1074 692 1188 734 fecit.

1126 748 1183 789 Et
1203 745 1432 788 suscitavit
1452 743 1756 786 testimonium
1773 743 1818 784 in
1833 743 1858 784 J
1861 755 1901 784 a·

1075 804 1175 847 cob:
1203 806 1227 831 *
1256 807 1299 845 et
1324 802 1468 854 legem
1494 799 1646 853 posuit
1672 799 1717 840 in
1745 799 1893 841 Israel.

1127 862 1300 912 Quanta
1330 857 1557 900 mandavit
1590 855 1792 910 patribus
1826 869 1902 898 no-

1076 918 1178 960 stris
1209 921 1316 958 nota
1350 915 1496 957 facere
1525 926 1577 956 ea
1604 913 1708 954 fih'is
1743 913 1850 955 suis:
1878 914 1902 941 *

1075 979 1123 1017 ut
1151 975 1390 1026 cognoscat
1418 970 1645 1023 generatio
1675 969 1824 1012 altera.

1126 1031 1226 1072 Filii
1242 1030 1317 1083 qui
1331 1030 1578 1077 nascentur,
1595 1031 1638 1069 et
1654 1029 1904 1079 exsurgent,

1076 1091 1099 1115 *
1129 1093 1172 1130 et
1199 1086 1441 1129 narrabunt
1468 1084 1572 1126 filiis
1601 1083 1704 1134 suis,

1128 1145 1188 1187 Ut
1215 1147 1384 1197 ponant
1418 1142 1463 1183 in
1489 1141 1587 1183 Deo
1616 1153 1742 1193 spem
1769 1152 1904 1190 suam,

1078 1206 1122 1243 et
1149 1213 1236 1242 non
1258 1199 1575 1242 obliviscantur
1601 1199 1786 1250 operum
1805 1196 1905 1239 Dei:

1077 1260 1100 1286 *
1130 1263 1174 1300 et
1201 1257 1409 1299 mandata
1438 1256 1529 1308 ejus
1557 1256 1801 1306 exquirant.

1128 1315 1196 1356 Ne
1223 1314 1330 1355 fiant
1358 1313 1474 1354 sicut
1501 1315 1652 1365 patres
1685 1312 1854 1352 eorum:
1881 1311 1905 1337 *

1077 1371 1304 1424 generatio
1333 1382 1471 1423 prava
1499 1373 1543 1411 et
1572 1370 1850 1420 exasperans.

1130 1427 1382 1477 Generatio,
1411 1438 1510 1478 quae
1529 1437 1619 1467 non
1648 1423 1810 1466 direxit
1829 1436 1907 1465 cor

1078 1498 1220 1527 suum:
1247 1485 1271 1512 *
1301 1488 1344 1526 et
1371 1495 1461 1524 non
1489 1486 1556 1524 est
1584 1480 1779 1523 creditus
1807 1493 1907 1522 cum

1078 1542 1175 1583 Deo
1205 1540 1386 1594 spiritus
1415 1540 1518 1591 ejus.

1131 1598 1230 1640 Filii
1280 1596 1477 1650 Ephrem
1528 1593 1808 1636 intendentes
1864 1597 1908 1635 et

1078 1655 1304 1697 mittentes
1333 1665 1497 1695 arcum:
1524 1653 1548 1679 *
1576 1650 1780 1693 conversi
1807 1654 1908 1692 sunt

1079 1711 1123 1752 in
1152 1711 1224 1753 die
1250 1709 1367 1753 belli.

1131 1768 1233 1810 Non
1261 1765 1567 1809 custodierunt
1596 1765 1910 1806 testamentum

1080 1825 1178 1866 Dei:
1211 1827 1235 1852 *
1264 1829 1307 1867 et
1341 1823 1386 1864 in
1417 1822 1515 1874 lege
1549 1822 1641 1874 ejus
1674 1820 1910 1862 noluerunt

1081 1881 1317 1923 ambulare.

1132 1938 1189 1980 Et
1200 1937 1327 1980 obliti
1345 1940 1446 1978 sunt
1462 1934 1797 1977 benefactorum
1808 1934 1911 1987 ejus,

1081 1996 1104 2022 *
1126 2000 1169 2037 et
1189 1994 1456 2036 mirabilium
1477 1993 1568 2045 ejus
1591 2004 1690 2044 quae
1715 1989 1911 2033 ostendit

1083 2064 1157 2093 eis.

1134 2108 1294 2150 Coram
1313 2106 1514 2161 patribus
1535 2107 1688 2148 eorum
1707 2103 1811 2146 fecit
1834 2104 1910 2145 mi-

1083 2165 1237 2206 rabilia
1258 2165 1302 2205 in
1318 2169 1436 2206 terra
1451 2162 1647 2216 AEgypti,
1658 2163 1682 2189 *
1692 2161 1736 2202 in
1752 2173 1910 2214 campo

1083 2222 1270 2263 Taneos.

1134 2277 1375 2330 Interrupit
1392 2288 1523 2325 mare,
1542 2279 1585 2317 et
1596 2274 1805 2328 perduxit
1819 2287 1911 2317 eos:

1084 2337 1107 2361 *
1135 2340 1178 2376 et
1206 2334 1361 2377 statuit
1389 2345 1526 2386 aquas
1556 2332 1683 2384 quasi
1710 2332 1755 2372 in
1777 2337 1886 2374 utre.

1134 2392 1190 2433 Et
1220 2390 1404 2434 deduxit
1432 2402 1510 2431 eos
1538 2389 1582 2430 in
1611 2388 1728 2431 nube
1756 2388 1860 2431 diei:
1887 2389 1911 2416 *

1085 2453 1128 2489 et
1141 2453 1236 2490 tota
1250 2452 1383 2490 nocte
1397 2447 1442 2487 in
1452 2445 1773 2488 illuminatione
1787 2445 1912 2497 ignis.

1135 2504 1375 2557 Interrupit
1409 2508 1582 2556 petram
1614 2503 1659 2544 in
1696 2503 1859 2544 eremo:
1887 2502 1910 2529 *

1085 2566 1128 2602 et
1157 2561 1394 2614 adaquavit
1423 2572 1500 2601 eos
1528 2559 1649 2602 velut
1676 2559 1721 2600 in
1747 2558 1909 2611 abysso

1083 2618 1230 2659 multa.

1136 2674 1192 2715 Et
1221 2674 1372 2716 eduxit
1400 2686 1559 2726 aquam
1587 2672 1643 2714 de
1668 2676 1809 2725 petra:
1829 2673 1911 2713 *et

1087 2730 1269 2773 deduxit
1296 2736 1521 2783 tamquam
1550 2729 1729 2771 flumina
1761 2740 1910 2781 aquas.
