2040 2976
487 220 555 253 Die
580 220 631 252 24.
659 219 755 259 Aug.

182 314 237 355 sti
257 311 543 362 Evangelium
566 311 609 352 in
634 311 856 363 Scythiam
880 311 1013 359 misit3

181 370 276 422 ipse
311 381 418 410 vero
456 367 669 421 plurimas
702 367 844 408 Italiae
880 367 1013 409 urbes

182 428 466 473 concursans‚
508 423 743 474 gliscentes
779 423 823 464 in
859 424 921 465 eis
958 425 1012 464 ci-

180 482 299 522 vium
331 479 576 522 discordias
609 480 875 532 compesuit,
907 479 1012 520 mul-

180 539 336 589 tasque
362 537 420 578 ad
444 536 637 577 Romani
660 535 887 577 Pontificis
911 535 1012 576 obe-

180 592 390 635 dientiam
432 592 675 642 revocavit;
719 591 914 644 nihilque
957 591 1012 633 de

181 649 328 691 studio
347 649 501 690 alienae
517 649 671 690 salutis
687 651 904 698 omittens
923 660 1014 700 per-

182 705 424 747 ditissimos
444 705 644 747 hemines
665 717 688 746 e
702 705 907 746 vitiorum
927 717 1011 746 coe·

180 774 238 803 no
258 761 315 803 ad
334 761 641 814 poenitentiam
661 773 713 802 ac
727 761 752 801 J
756 773 832 801 esu
849 760 1011 802 Christi

180 819 376 859 amerem
390 817 609 870 perduxit.
636 816 835 858 Orationi
852 829 1010 857 summ-

180 875 316 926 epere
347 872 567 923 addictus,
605 885 726 925 saepe
753 873 798 912 in
825 874 1012 914 extasim

181 930 277 982 rapi
304 930 423 970 visus
451 934 528 971 est.
568 929 878 980 Virginitatem
903 941 1010 970 vero

180 985 293 1027 adeo
315 986 460 1035 coluit,
479 991 528 1027 ut
541 985 598 1027 ad
614 987 857 1027 extremum
871 999 1010 1038 usque

180 1042 381 1094 spiritum
405 1041 663 1083 voluntariis
687 1054 739 1083 ac
764 1041 1010 1083 durissimis

180 1098 405 1150 suppliciis
423 1097 636 1140 illibatam
655 1097 925 1140 custodierit.

236 1162 286 1212 R.
308 1158 487 1200 Amavit
506 1171 607 1200 eum
625 1159 856 1208 DOminus,
880 1164 924 1201 et
942 1172 1008 1200 or-

179 1215 299 1256 navit
337 1227 451 1255 eum:
491 1214 650 1256 stolam
682 1215 836 1266 gleriae
868 1216 1011 1257 induit

179 1283 288 1320 eum,
309 1275 330 1297 *
350 1271 407 1313 Et
426 1270 483 1313 ad
500 1276 652 1324 portas
671 1271 866 1324 paradisi
885 1285 1009 1314 coro-

178 1327 298 1369 navit
312 1340 422 1368 eum.
448 1325 497 1375 V.
513 1326 663 1369 Induit
678 1340 778 1369 eum
792 1328 1009 1370 Dominus

178 1383 357 1425 loricam
380 1383 501 1434 fidei,
526 1389 570 1425 et
594 1385 766 1427 ornavit
790 1397 900 1426 eum.
942 1385 1010 1427 Et.

483 1448 636 1488 Lectio
657 1448 709 1487 vi.

271 1496 435 1539 ffleruit
453 1498 497 1538 in
517 1509 570 1538 eo
595 1498 752 1549 jugiter
778 1498 1010 1549 singularis

275 1566 378 1603 erga
424 1557 645 1606 pauperes
691 1555 1010 1605 misericordia,

179 1608 259 1650 sed
290 1612 515 1662 praecipue
540 1623 638 1651 cum
663 1611 783 1663 apud
810 1612 1007 1653 Camilia-

180 1678 283 1706 num
311 1665 403 1716 agri
426 1666 629 1707 Senensis
658 1667 803 1708 vicum
829 1667 1009 1721 lepreso

179 1720 298 1762 nudo
341 1721 666 1775 eleemesynam
706 1725 873 1776 petenti
909 1727 1009 1777 pro-

179 1777 335 1829 priam,
368 1791 454 1830 qua
486 1778 664 1821 indutus
698 1785 808 1830 erat,
840 1786 1011 1823 vestem

179 1834 260 1875 fuit
290 1834 513 1885 elargitus:
548 1848 634 1888 qua
661 1836 735 1878 ille
763 1840 1011 1888 contectus,

180 1890 328 1931 statim
346 1903 371 1931 a
390 1891 513 1944 lepra
530 1891 765 1934 mundatus
782 1899 859 1935 est.
880 1894 1010 1947 Cujus

179 1946 377 1988 miraculi
404 1960 503 1988 cum
530 1948 662 1999 longe
690 1949 866 2002 lateque
895 1951 1010 1993 fama

180 2004 420 2053 manasset,
451 2005 650 2046 nonnulli
683 2018 739 2047 ex
771 2006 1010 2050 Cardinali-

180 2057 274 2107 bus,
289 2059 362 2110 qui
372 2060 630 2111 Viterbium‚
647 2061 872 2105 Clemente
886 2078 1010 2117 quar-

181 2119 228 2156 to
248 2115 338 2156 vita
361 2116 527 2167 functo,
552 2131 634 2170 pro
659 2123 917 2163 successore
938 2121 1010 2164 de-

181 2170 358 2221 ligendo
375 2175 679 2225 convenerant,
692 2175 736 2216 in
747 2176 1010 2230 Philippum,

182 2227 304 2278 cujus
327 2228 553 2270 coelestem
577 2231 709 2272 etiam
731 2233 1011 2284 prudentiam

182 2285 462 2335 perspectam
474 2284 704 2336 habebant,
719 2288 1011 2334 intenderunt.

183 2339 282 2388 Quo
314 2342 543 2392 comperto
575 2343 641 2382 vir
672 2343 772 2394 Dei,
807 2359 863 2388 ne
895 2348 1011 2390 forte

182 2395 419 2446 pastoralis
456 2398 678 2447 regiminis
715 2412 826 2443 onus
864 2403 1011 2446 subire

183 2453 434 2502 cogeretur,
471 2452 590 2505 apud
620 2454 858 2498 Tuniatum
890 2473 1011 2501 mon-

182 2511 273 2548 tem
290 2507 459 2549 temdiu
478 2507 661 2559 delituit,
683 2509 826 2555 donec
845 2515 1011 2567 Grego-

182 2562 272 2604 rius
317 2562 515 2605 decimus
551 2565 755 2607 Pentifex
794 2570 1011 2613 Maximus

182 2618 314 2661 fuerit
327 2621 616 2662 renuntiatus:
630 2621 706 2663 ubi
719 2624 897 2675 balneis,
913 2640 1012 2679 quae

923 2721 1148 2757 &ww

804 218 843 251 In
870 217 1014 259 Yigilia
1040 218 1074 249 S.
1101 214 1378 249 Bau-tholomaei
1403 213 1596 255 Apostoli.

1067 310 1201 351 etiam
1218 307 1354 350 hedie
1371 307 1513 349 sancti
1527 306 1722 359 Philippi
1739 308 1900 348 vocen-

1066 372 1153 414 tur‚
1178 365 1387 407 virtutem
1409 361 1594 405 sanandi
1611 362 1793 404 morbos
1810 362 1902 405 suis

1066 421 1272 475 precibus
1297 419 1564 473 impetravit.
1591 419 1796 471 Denique
1813 419 1900 460 Tu·

1067 477 1192 527 detti,
1208 489 1323 519 anno
1342 475 1577 517 millesimo
1597 474 1900 518 ducentesimo

1066 533 1341 584 octogesimo
1370 532 1525 585 quinto
1553 531 1598 572 in
1625 530 1789 574 Christi
1811 531 1901 574 De-

1066 590 1170 631 mini
1203 603 1227 632 e
1261 601 1391 631 cruce
1417 587 1654 641 pendentis
1683 587 1902 641 amplexu,

1068 659 1198 699 quem
1246 659 1373 687 suum
1425 644 1683 698 appellabat
1726 639 1901 695 librum,

1066 703 1342 744 sanctissime
1375 714 1431 744 ex
1462 701 1546 743 hac
1569 701 1660 743 vita
1685 701 1901 752 migravit.

1066 758 1139 800 Ad
1184 760 1275 811 ejus
1326 758 1544 800 tumulum
1589 758 1698 799 caeci
1741 757 1901 808 visum,

1066 815 1212 858 claudi
1236 828 1455 867 gressum,
1486 814 1651 856 mortui
1676 814 1812 856 vitam
1836 826 1901 856 re-

1066 874 1290 926 ceperunt.
1337 871 1506 923 Quibus
1543 871 1731 924 aliisque
1767 870 1901 924 pluri-

1064 929 1148 969 mis
1171 928 1413 979 fulgentem
1437 927 1573 980 signis
1600 927 1803 969 Clemens
1828 925 1901 969 de-

1065 985 1204 1026 cimus
1235 985 1441 1027 Pentifex
1473 984 1693 1026 Maximus
1729 984 1901 1026 sancte-

1064 1054 1162 1082 rum
1178 1044 1364 1083 numero
1384 1040 1631 1093 adscripsit.

1121 1102 1172 1153 R.
1192 1098 1285 1140 Iste
1303 1097 1450 1140 homo.
1469 1097 1551 1150 [72]

1119 1167 1161 1200 In
1186 1167 1250 1201 III.
1272 1167 1472 1201 Nocturno
1498 1167 1670 1201 Homilia
1696 1166 1734 1200 in
1754 1167 1900 1210 Evang.

1067 1211 1194 1247 Nolite
1235 1211 1380 1246 timere.
1426 1215 1473 1249 de
1518 1216 1655 1249 eodem
1696 1214 1902 1249 Communi

1065 1263 1095 1296 2.
1122 1263 1220 1296 loeo.
1244 1258 1315 1303 [79]

1124 1311 1196 1344 Ubi
1241 1311 1379 1345 festum
1417 1311 1452 1345 S.
1490 1310 1771 1345 Bartholomaei
1807 1311 1903 1345 cele-

1066 1360 1200 1393 bratur
1225 1360 1287 1393 die
1314 1361 1508 1403 sequenti,
1539 1369 1612 1402 pro
1639 1359 1785 1402 Vigilia
1811 1359 1903 1402 legi-

1067 1412 1128 1441 tur
1152 1408 1285 1442 Lectio
1310 1408 1359 1442 ix.
1386 1409 1433 1442 de
1458 1408 1631 1442 Homilia
1659 1408 1697 1441 in
1718 1408 1902 1451 Evangel.

1070 1456 1153 1489 Iloc
1170 1459 1229 1489 est
1244 1456 1494 1499 praeceptum.
1512 1461 1553 1490 ut
1574 1456 1613 1490 in
1630 1455 1747 1499 Vigil.
1765 1456 1902 1499 Apost.

1066 1502 1113 1546 [1]
1143 1514 1228 1537 cum
1254 1515 1452 1539 commem.
1485 1505 1659 1547 ejusdem
1682 1504 1839 1547 Vigiliae
1864 1504 1903 1538 in

1066 1552 1186 1585 Laud.
1211 1553 1298 1587 Ant.
1326 1558 1361 1586 et
1381 1548 1427 1594 Y.
1454 1553 1501 1587 de
1527 1553 1641 1587 Feria
1666 1555 1903 1595 oecurrente,

1066 1606 1107 1633 ut
1132 1600 1169 1633 in
1196 1601 1398 1635 Psalterio.

1408 1649 1572 1690 Oratio.

1065 1699 1179 1805 Da
1195 1707 1449 1757 quaesumus
1466 1706 1747 1757 omnipotens
1761 1703 1899 1746 Deus:

1166 1767 1214 1803 ut
1228 1761 1350 1803 beati
1362 1760 1682 1802 Bartholomaei
1691 1760 1900 1813 Apestoli

1064 1818 1139 1867 tui,
1165 1830 1296 1869 quam
1315 1815 1900 1870 praevenimus‚.venerAnda

1066 1874 1321 1915 solemnitas
1363 1879 1407 1916 et
1449 1873 1736 1915 devotienem
1770 1871 1900 1915 nobis

1065 1934 1235 1981 augeat,
1255 1935 1299 1972 et
1318 1930 1517 1972 salutem.
1545 1930 1630 1972 Per
1649 1929 1900 1971 Dominum.

1117 1987 1303 2030 Vespera]
1327 1987 1374 2021 de
1397 1987 1432 2021 S.
1451 1987 1741 2021 Bartholomaeo
1761 1986 1899 2030 Apost.

1066 2046 1151 2068 cum
1171 2045 1369 2069 commem.
1388 2036 1422 2069 S.
1442 2035 1627 2078 Philippi.

1286 2118 1370 2160 Die
1389 2119 1456 2159 24.
1476 2117 1678 2169 Augusti.

1367 2183 1416 2221 In
1436 2182 1598 2232 Vigilia

1151 2239 1194 2279 S.
1211 2238 1579 2282 Bartholomaei
1603 2237 1817 2289 Apostoli.

1118 2294 1252 2328 Romae
1287 2296 1504 2329 celebratur
1536 2296 1694 2329 Festum
1727 2293 1901 2336 ejusdem

1066 2342 1127 2375 die
1153 2344 1205 2376 23.
1232 2344 1410 2385 Augusti.

1117 2390 1213 2424 'si-es
1244 2391 1346 2425 Lect.
1377 2392 1556 2432 leguntur
1585 2392 1631 2425 de
1659 2391 1831 2425 Homilia
1861 2390 1900 2424 in

1066 2438 1211 2479 Evang.
1247 2439 1325 2473 Hoc
1349 2442 1408 2472 est
1434 2439 1681 2482 praeceptum.
1707 2444 1748 2473 ut
1772 2439 1810 2472 in
1836 2438 1899 2471 Vi-

1066 2486 1158 2527 gilia
1186 2487 1321 2529 Apost.
1348 2485 1410 2529 [l];
1438 2487 1517 2531 RR„
1544 2487 1590 2521 de
1614 2487 1728 2521 Feria
1754 2497 1899 2521 occurr.

1116 2534 1177 2567 Ad
1207 2534 1373 2573 Laudes,
1406 2541 1445 2569 ut
1475 2536 1512 2568 in
1538 2535 1747 2574 l'salterio;
1778 2540 1815 2569 et
1843 2534 1899 2568 di-

1066 2587 1202 2615 cuntur
1212 2582 1351 2616 l'reees
1364 2583 1517 2617 feriales
1529 2584 1641 2617 flexis
1653 2581 1897 2625 genibus-50.

1118 2630 1283 2669 Oratio.
1314 2631 1382 2670 Da
1403 2631 1668 2682 quaesumus.
1688 2636 1734 2670 ut
1753 2642 1898 2681 supra.
