2040 2976
762 184 931 218 Sabbato
959 185 1004 218 ad
1032 185 1267 220 Matutinum.
1821 189 1866 223 95

161 289 274 317 rum:
299 277 323 303 *
345 281 394 318 ut
422 277 614 318 solveret
641 277 756 319 filios
785 278 985 319 interem-

160 334 353 385 ptorum:

212 389 272 431 Ut
308 389 566 432 annuntient
600 391 644 431 in
681 391 786 432 Sion
826 404 987 432 nomen

161 445 354 487 Domini:
375 446 399 473 *
419 451 463 487 et
486 445 663 489 laudem
687 449 777 499 ejus
798 448 842 488 in
866 448 890 488 J
893 451 985 489 eru-

162 501 309 544 salem.

212 559 263 599 In
274 558 574 600 conveniendo
585 560 777 612 p6pulos
788 560 832 601 in
841 574 984 611 unum,

159 616 183 642 *
206 619 249 656 et
267 628 394 667 reges
414 620 463 657 ut
480 615 673 657 serviant
692 617 895 658 Domino.

212 671 461 724 Resp6ndit
481 672 521 712 ei
540 672 584 712 in
599 673 669 714 via
683 673 859 714 virtt'itis
878 687 984 714 suae:

159 729 183 755 *
197 728 470 770 Paucitatem
486 727 655 770 dierum
670 731 869 771 me6rum
879 733 984 771 nun-

159 784 220 826 tia
238 784 355 825 mihi.

210 840 278 882 Ne
306 842 486 883 revoces
514 854 584 883 me
611 842 655 883 in
685 841 868 884 dimidio
897 843 983 885 die-

159 910 255 939 rum
272 899 484 939 meorum:
499 899 522 925 *
536 898 581 938 in
598 899 926 949 generationem
942 905 985 942 et

159 954 487 1006 generationem
506 955 608 995 anni
626 955 701 996 tui.

209 1011 341 1052 Initio
369 1016 418 1052 tu
437 1011 625 1053 Domine
652 1016 815 1053 terram
836 1013 984 1054 funda-

159 1067 231 1109 sti:
263 1069 287 1094 *
319 1072 362 1109 et
399 1069 534 1120 Opera
573 1070 779 1109 manuum
811 1072 985 1111 tuarum

135 1137 147 1145 ’
159 1128 259 1165 sunt
278 1124 390 1165 coeli.

210 1180 303 1233 Ipsi
324 1180 546 1233 peribunt,
574 1186 623 1222 tu
647 1186 793 1223 autem
816 1184 983 1235 perma-

158 1249 251 1278 nes:
270 1239 294 1264 *
311 1242 356 1279 et
376 1249 527 1279 omnes
545 1238 659 1280 sicut
675 1239 984 1280 vestimentum

159 1295 445 1335 veterascent.

209 1350 266 1391 Et
281 1350 394 1391 sicut
408 1351 679 1403 opertOrium
694 1351 884 1392 mutabis
896 1364 982 1402 eos,

159 1411 204 1447 et
230 1406 534 1448 mutabuntur:
562 1409 585 1435 ¹⁸¹
609 1413 658 1449 tu
689 1412 835 1449 autem
864 1407 981 1449 idem

158 1462 254 1514 ipse
274 1475 331 1512 es,
351 1467 395 1504 et
413 1465 513 1504 anni
531 1464 595 1504 tui
613 1476 702 1505 non
723 1463 939 1506 deficient.

208 1518 307 1559 Filii
343 1521 572 1560 serv6rum
604 1522 780 1561 tuorum
815 1520 980 1562 habita-

157 1573 284 1616 bunt:
302 1576 325 1602 *
347 1579 390 1616 et
418 1588 567 1617 semen
596 1578 746 1617 eorum
773 1577 818 1617 in
846 1579 980 1618 saecu-

157 1631 247 1672 lum
266 1630 487 1683 dirigetur.

409 1691 606 1731 Psalmus
627 1693 717 1732 102.

240 1743 394 1786 enedic
422 1745 566 1786 anima
597 1758 694 1787 mea
722 1745 928 1787 D6mino:
957 1749 980 1774 *

259 1805 303 1842 et
322 1801 484 1851 omnia,
515 1814 613 1853 quae
639 1802 754 1843 intra
777 1815 847 1844 me
868 1808 979 1853 sunt,

156 1856 320 1897 nomini
341 1863 493 1899 sancto
512 1859 613 1910 ejus.

209 1912 403 1955 Benedic
431 1914 575 1955 anima
601 1927 699 1956 mea
725 1914 931 1956 D6mino:
955 1918 979 1943 *

157 1973 201 2010 et
218 1968 309 2010 noli
333 1968 534 2011 oblivisci
558 1982 709 2012 omnes
728 1971 978 2013 retributio-

155 2037 233 2066 nes
254 2026 355 2077 ejus.

207 2081 291 2131 Qui
309 2082 577 2134 propitiatur
597 2082 800 2124 omnibus
824 2084 978 2136 iniqui-

155 2136 320 2178 tatibus
340 2138 442 2179 tuis:
459 2139 483 2165 *
504 2139 578 2190 qui
598 2144 723 2180 sanat
747 2151 898 2181 omnes
917 2140 976 2180 in-

154 2192 383 2235 firmitates
403 2199 512 2235 tuas.

207 2249 291 2299 Qui
328 2249 504 2292 redimit
541 2251 596 2292 de
627 2251 805 2293 interitu
843 2252 977 2293 vitam

154 2310 289 2347 tuam:
312 2307 335 2332 ¹⁸¹
357 2306 432 2358 qui
459 2310 643 2349 coronat
670 2312 714 2349 te
742 2308 786 2348 in
812 2308 976 2351 miseri-

154 2361 305 2403 cordia
327 2367 370 2403 et
389 2363 755 2405 miserationibus.

206 2418 289 2468 Qui
317 2418 457 2470 replet
484 2420 529 2460 in
555 2419 681 2461 bonis
710 2419 977 2461 desiderium

153 2479 290 2515 tuum:
309 2476 332 2501 *
354 2475 637 2517 renovabitur
661 2481 709 2517 ut
736 2475 894 2527 aquilae
918 2477 975 2528 ju-

153 2532 307 2572 ventus
327 2536 420 2572 tua:

204 2587 387 2629 Faciens
407 2588 731 2630 misericordias
746 2588 976 2629 Dominus:

153 2644 176 2670 *
191 2647 235 2684 et
249 2643 455 2694 judicium
470 2643 671 2685 Omnibus
687 2644 885 2695 injuriam
902 2658 975 2698 pa-

152 2699 371 2741 fientibus.

1090 279 1233 321 Notas
1253 281 1356 322 fecit
1375 283 1467 324 vias
1487 298 1587 326 suas
1603 286 1756 338 Moysi,
1776 289 1800 314 *
1818 288 1863 328 fi-

1039 335 1108 376 liis
1128 337 1265 377 Isra'el
1286 338 1533 381 voluntates
1554 355 1666 383 suas.

1090 392 1338 443 Miserator‚
1367 400 1411 436 et
1437 397 1686 439 misericors
1715 400 1863 440 Domi-

1038 462 1135 489 nus:
1154 451 1177 475 *
1196 449 1475 501 longanimis,
1504 458 1547 494 et
1574 455 1759 496 multum
1787 456 1862 497 mi-

1038 517 1237 546 serieors.

1088 561 1191 603 Non
1219 563 1262 602 in
1290 565 1552 615 perpetuum
1580 566 1812 609 irascetur:
1840 571 1863 596 *

1037 630 1179 670 neque
1204 619 1248 659 in
1277 621 1491 661 aeternum
1516 623 1862 666 comminabitur.

1088 674 1190 715 Non
1226 675 1469 717 secundum
1503 681 1685 729 peecata
1713 686 1862 722 nostra

1040 730 1140 772 fecit
1159 731 1303 772 nobis:
1323 733 1346 758 *
1365 745 1506 784 neque
1528 735 1767 776 seeundum
1787 738 1861 777 ini-

1039 787 1229 838 quitates
1248 794 1422 829 nostras
1443 790 1645 832 retribuit
1665 791 1802 833 nobis.

1091 844 1308 893 Quoniam
1328 845 1570 886 secundum
1590 847 1860 890 altitudinem

1039 899 1139 941 coeli
1159 913 1184 940 a
1207 906 1340 942 terra:
1360 903 1384 928 *
1404 902 1710 946 corroboravit
1738 906 1861 947 mise-

1040 957 1274 998 ricordiam
1291 971 1414 998 suam
1435 972 1566 1011 super
1585 961 1789 1002 timentes
1807 975 1862 1003 se.

1090 1014 1309 1063 Quantum
1344 1014 1478 1056 distat
1511 1021 1634 1057 ortus
1666 1017 1721 1058 ab
1751 1019 1862 1059 oeci-

1038 1069 1182 1111 dente:
1202 1072 1225 1097 *
1244 1070 1373 1121 longe
1394 1071 1497 1113 fecit
1517 1085 1542 1112 a
1562 1072 1688 1114 nobis
1708 1074 1861 1126 iniqui·

1037 1127 1151 1167 tates
1173 1132 1358 1168 nostras.

1089 1183 1323 1232 Qu6m0do
1348 1184 1580 1226 miseretur
1605 1190 1730 1237 pater
1754 1187 1861 1228 filio-

1036 1252 1143 1288 rum,
1163 1239 1368 1281 misertus
1391 1246 1457 1282 est
1477 1242 1691 1283 Dominus
1710 1243 1860 1284 timen-

1036 1294 1153 1336 tibus
1173 1308 1234 1336 se:
1254 1298 1277 1322 *
1297 1298 1504 1347 quoniam
1531 1298 1625 1350 ipse
1652 1300 1859 1350 eognc'wit
1906 1307 1907 1310 ’

1035 1351 1291 1401 figmentum
1311 1358 1520 1395 nostrum.

1087 1408 1364 1450 Recordatus
1393 1415 1459 1451 est
1488 1412 1694 1462 quo'niam
1717 1412 1859 1464 pulvis

1035 1478 1198 1505 sumus:
1218 1467 1241 1492 *
1260 1465 1410 1515 homo,
1438 1467 1552 1508 sieut
1576 1467 1741 1508 foenum
1767 1468 1859 1510 dies

1035 1522 1140 1573 ejus,
1168 1526 1391 1573 tamquam
1421 1523 1502 1564 flos
1531 1525 1625 1574 agri
1652 1525 1714 1565 sie
1742 1525 1859 1566 efflo-

1034 1577 1158 1619 rebit.
1378 1607 1382 1610 -
1571 1601 1573 1606 Α

1088 1634 1305 1684 Quossiam
1322 1636 1500 1687 spiritus
1515 1637 1799 1688 pertransibit
1814 1638 1858 1678 in

1032 1691 1120 1741 illo,
1140 1697 1184 1732 et
1203 1704 1290 1732 non
1311 1691 1533 1734 subsistet:
1549 1694 1572 1719 *
1591 1698 1634 1734 et
1654 1706 1739 1734 non
1758 1707 1856 1745 cog-

1033 1750 1188 1789 noscet
1208 1747 1395 1800 amplius
1415 1748 1561 1789 locum
1581 1763 1716 1790 suum.

1084 1803 1387 1845 Misericordia
1415 1810 1561 1846 autem
1589 1806 1767 1846 D6mini
1799 1806 1854 1847 ab

1032 1862 1208 1910 aeterno,
1229 1862 1252 1887 *
1272 1865 1316 1902 et
1335 1873 1472 1912 usque
1493 1861 1536 1901 in
1556 1863 1769 1903 aeternum
1788 1876 1854 1903 su-

1031 1930 1111 1969 per
1129 1917 1332 1958 timentes
1354 1929 1463 1958 eum.

1083 1973 1140 2014 Et
1153 1973 1315 2025 justitia
1332 1972 1446 2013 illius
1463 1973 1507 2013 in
1522 1972 1637 2014 filios
1653 1973 1852 2024 filiorum,

1031 2030 1054 2055 *
1064 2028 1132 2069 his
1147 2029 1220 2080 qui
1237 2034 1413 2070 servant
1423 2030 1733 2072 testamentum
1748 2031 1852 2082 ejus:

1083 2085 1139 2126 Et
1170 2086 1386 2126 memores
1419 2090 1519 2126 sunt
1546 2085 1851 2127 mandatorum

1031 2141 1178 2193 ipsius,
1197 2142 1220 2167 *
1238 2140 1294 2182 ad
1311 2141 1558 2182 faciendum
1578 2154 1638 2182 ea.

1082 2197 1295 2238 D6minus
1314 2197 1358 2237 in
1378 2196 1491 2238 coelo
1512 2197 1682 2249 paravit
1701 2197 1850 2238 sedem

1030 2266 1166 2294 suam:
1186 2254 1209 2280 *
1227 2258 1271 2294 et
1289 2266 1470 2304 regnum
1491 2253 1627 2306 ipsius
1648 2253 1848 2294 omnibus

1030 2308 1336 2350 dominabitur.

1081 2364 1334 2406 Benedicite
1362 2365 1551 2406 Domino
1585 2378 1735 2406 omnes
1763 2364 1847 2410 An-

1028 2421 1113 2471 geli
1130 2422 1234 2473 ejus:
1249 2423 1271 2447 *
1286 2422 1489 2473 potentes
1505 2421 1675 2469 virtute,
1693 2420 1846 2461 facien·

1029 2483 1095 2518 tes
1123 2476 1305 2518 verbum
1332 2476 1465 2526 illius,
1499 2476 1555 2518 ad
1587 2476 1845 2517 audiendam

1029 2546 1181 2575 vocem
1201 2535 1450 2574 sermonum
1470 2534 1570 2584 ejus.

1079 2588 1332 2631 Benedicite
1344 2589 1532 2629 Domino
1549 2600 1698 2629 omnes
1714 2587 1842 2627 virtu—

1029 2650 1095 2687 tes
1116 2647 1219 2697 ejus:
1238 2647 1262 2672 *
1280 2645 1465 2685 ministri
1485 2645 1589 2696 ejus,
1610 2643 1682 2694 qui
1701 2642 1842 2683 facitis

1028 2701 1298 2743 voluntatem
1318 2701 1418 2752 ejus.
