2040 2976
609 210 678 242 Die
702 210 753 242 25.
778 209 837 242 vel
862 209 913 241 243.
943 208 1036 248 Aug.

180 302 300 344 deles
333 300 390 343 ad
419 301 581 342 Christi
613 300 747 343 fidem
780 302 1010 343 convertit:

179 360 394 410 praeterea
449 357 617 410 aliquot
663 357 1009 399 Christianorum

178 414 309 455 urbes
328 413 480 455 refecit
499 414 589 455 suis
609 413 868 466 samptibus.
895 414 1008 455 Inte-

179 470 260 510 rim
273 475 413 511 mater
429 471 520 522 ejus
535 470 694 520 migrat
711 483 734 511 e
749 470 853 511 vita:
875 482 1008 522 quare

179 526 359 567 domum
388 525 532 567 redire
558 526 742 578 cegitur,
766 526 841 568 ubi
866 531 1008 567 totum

179 595 226 624 se
246 582 369 624 dedit
387 582 565 634 pietatis
584 581 750 623 officiis.

237 648 284 698 Rg.
307 642 486 683 Amavit
505 655 605 684 eum
622 643 853 691 Dominus,
878 647 920 683 et
941 654 1006 683 or-

179 699 300 740 navit
332 711 446 740 eum:
486 699 646 740 stolam
681 699 833 750 gloriae
868 697 1009 739 induit

179 769 289 805 eum,
310 760 330 781 *
343 756 400 796 Et
419 755 475 797 ad
499 761 652 808 portas
671 755 864 808 paradisi
885 766 1007 796 coro-

177 812 298 853 navit
327 824 437 853 eum.
479 811 526 861 V.
548 811 695 853 Induit
715 824 814 852 eum
834 811 927 851 Dfis
946 810 1006 851 lo-

179 871 312 910 ricam
332 867 447 917 fidei,
467 873 510 910 et
530 868 702 909 ornavit
721 880 831 909 eum.
858 867 925 908 Et.

486 935 635 975 Lectio
654 937 706 974 vi.

183 991 376 1096 Multa
402 993 636 1035 aedificavit
661 992 937 1042 monasteria,
964 997 1008 1033 et

312 1053 558 1102 pauperum
593 1049 800 1102 hospitia:
848 1048 1007 1090 benefi-

179 1106 320 1148 centia
366 1108 544 1157 egentes
595 1106 874 1148 sublevabat:
928 1106 1008 1147 fre-

180 1175 317 1215 quens
332 1162 503 1204 visebat
518 1164 722 1213 aegrotos,
740 1162 897 1214 quibus
912 1162 1009 1214 ipse

177 1232 265 1261 non
293 1219 435 1261 solum
467 1219 556 1260 suis
585 1219 833 1271 sumptibus
862 1218 1009 1260 omnia

178 1274 504 1328 suppeditabat,
522 1274 601 1317 sed
617 1275 759 1324 etiam,
781 1287 880 1327 quae
897 1287 1009 1327 opus

178 1337 311 1381 erant,
330 1331 531 1373 manibus
550 1331 837 1373 ministrabat.
864 1331 1009 1373 Vesti-

177 1394 225 1430 tu
244 1388 412 1439 vulgari
431 1387 647 1437 utebatur,
671 1387 813 1429 cilicio
839 1400 890 1429 ac
909 1388 1008 1439 jeju-

177 1444 250 1486 nio
272 1457 433 1496 corpus
457 1443 634 1486 assidue
654 1444 888 1495 affligebat.
922 1444 1011 1486 Sed

180 1514 278 1542 cum
305 1503 464 1542 sterum
491 1500 817 1550 transmisisset,
845 1500 1011 1542 bellum

179 1557 407 1598 Saracenis
431 1557 641 1607 illaturus,
667 1557 840 1609 jamque
866 1562 1010 1599 castra

179 1613 223 1653 in
241 1615 393 1654 earum
419 1615 661 1666 conspectu
679 1616 914 1666 posuisset,
937 1627 1010 1666 pe-

180 1669 370 1711 stilentia
402 1669 591 1712 decessit
623 1670 666 1710 in
693 1670 768 1711 illa
796 1671 1011 1713 oratione:

180 1725 380 1767 Introibo
399 1726 443 1766 in
459 1726 639 1768 domum
657 1732 792 1777 tuam3
811 1727 1010 1770 adorabo

181 1780 238 1823 ad
252 1781 465 1834 templum
482 1787 681 1823 sanctum
696 1788 830 1834 tuum,
851 1789 895 1825 et
910 1797 1009 1826 con—

180 1837 338 1879 fitebor
370 1839 535 1879 nemini
568 1843 658 1880 tuo.
711 1840 816 1890 Ejus
849 1853 1011 1893 corpus

181 1895 339 1946 pastea
352 1894 571 1936 Lutetiam
586 1895 854 1937 Parisierum
873 1901 1009 1938 trans-

182 1949 318 1991 latum
346 1955 428 2000 est,
460 1951 580 2003 quod
608 1951 653 1991 in
681 1952 844 1994 celebri
871 1954 1011 1995 sancti

181 2005 382 2057 Dion5⁷sii
396 2007 563 2060 templo
579 2010 830 2049 asservatur
850 2014 893 2050 et
907 2009 1010 2050 coli-

181 2065 267 2111 tur3
293 2068 425 2114 caput
449 2075 554 2104 vero
579 2063 623 2103 in
650 2077 775 2105 sacra
797 2064 893 2106 aede
915 2078 1010 2107 san-

183 2121 267 2158 ctae
292 2117 492 2170 Capellae.
529 2119 632 2171 Ipse
660 2120 803 2162 clarus
826 2122 1010 2176 miracu—

183 2171 235 2212 lis
255 2185 280 2213 a
294 2173 521 2215 Bonifacio
537 2175 659 2227 Papa
678 2178 837 2218 octavo
858 2178 901 2218 in
915 2191 1009 2219 san-

184 2230 355 2270 cterum
373 2233 601 2271 numerum
621 2237 687 2273 est
706 2233 881 2274 relatus.

238 2288 287 2340 R.
305 2289 396 2331 Iste
416 2289 561 2332 homo.
581 2291 660 2343 [72]

408 2364 457 2403 In
483 2365 554 2405 ΙΙΙ.
579 2366 801 2407 Nocturno.

185 2426 338 2468 Lectio
365 2427 505 2468 sancti
524 2428 749 2480 Evangelii
771 2433 1011 2474 secandum

509 2483 684 2525 Lucam.

260 2541 413 2586 Lectio
436 2544 503 2584 vii.
693 2547 795 2598 Cap.
816 2548 874 2587 19.
892 2548 932 2589 b.

184 2599 260 2704 In
278 2603 353 2645 illo
371 2606 585 2656 tempore:
605 2605 725 2647 Dixit
740 2608 762 2647 J
769 2621 868 2649 esus
885 2609 1011 2650 disci-

249 2660 364 2712 pulis
388 2660 477 2701 suis
500 2660 758 2712 parabolam
776 2662 902 2705 hanc:
923 2666 1011 2706 Ho-

184 2728 257 2757 mo
285 2715 462 2767 quidam
488 2716 647 2758 nebilis
676 2717 781 2760 abiit
805 2719 848 2759 in
874 2722 1012 2771 regio-

1086 207 1119 239 S.
1147 204 1334 238 Ludovici
1361 203 1470 237 Conf.

1063 314 1163 343 nem
1186 302 1481 352 longinquam,
1507 302 1709 352 accipere
1729 300 1813 342 sibi
1831 314 1895 344 re-

1062 371 1206 408 gnum,
1225 362 1269 399 et
1287 357 1460 398 reverti.
1487 357 1545 397 Et
1563 356 1743 408 reliqua.

1066 434 1258 476 Homilia
1277 434 1418 475 sancti
1433 433 1660 475 Ambrosii
1674 435 1896 488 Episcopi.

1294 504 1374 538 Lib.
1399 504 1432 537 8.
1458 504 1496 537 in
1523 503 1676 537 Lucam.

1073 576 1163 608 ξ
1172 568 1282 596 onus
1308 554 1431 604 ordo,
1455 559 1503 596 ut
1522 558 1762 597 vocatarus
1782 556 1896 598 Gen-

1072 606 1168 670 ξῆ
1188 617 1268 661 tes,
1289 617 1332 653 et
1351 612 1376 652 J
1379 611 1533 653 udaeos
1552 612 1750 663 jussarus
1767 613 1896 654 inter-

1072 661 1166 691 ’ἑή
1188 668 1277 717 fici,
1326 668 1399 720 qui
1440 668 1676 710 noluerunt
1711 672 1897 721 regnare

1062 737 1196 778 supra
1223 737 1271 766 se
1301 724 1533 774 Christum,
1563 724 1678 766 hanc
1705 728 1896 778 praemit-

1061 786 1174 823 teret
1191 781 1578 834 comparationem,
1593 794 1649 823 ne
1663 781 1898 824 diceretur:

1060 837 1180 878 Nihil
1214 837 1398 879 dederat
1431 838 1600 890 pepulo
1629 837 1897 889 Judae6rum,

1062 893 1178 935 unde
1202 896 1379 946 peterat
1402 893 1559 935 melior
1581 893 1698 935 fieri?
1723 900 1772 936 ut
1792 895 1898 947 quid

1062 950 1200 1001 abeo
1232 951 1305 1002 qui
1331 950 1438 991 nihil
1466 951 1650 1003 recepit,
1684 950 1896 1002 exigitur?

1061 1006 1163 1048 Non
1183 1006 1420 1048 mediocris
1438 1007 1523 1049 ista
1543 1012 1610 1049 est
1627 1020 1740 1058 mna,
1766 1021 1897 1061 quam

1062 1076 1196 1116 supra
1220 1063 1377 1105 malier
1403 1064 1658 1114 evangelica
1683 1065 1786 1116 quia
1809 1077 1899 1106 non

1061 1119 1238 1170 invenit,
1258 1119 1482 1161 lucernam
1502 1120 1714 1170 accendit,
1734 1120 1898 1175 himine

1064 1177 1223 1228 quaerit
1251 1175 1451 1226 admoto,
1479 1177 1724 1227 gratulatur
1750 1177 1898 1219 inven—

1063 1238 1165 1274 tam.

1121 1299 1168 1350 Rg.
1198 1294 1289 1335 Iste
1316 1298 1383 1335 est
1412 1294 1487 1346 qui
1511 1298 1613 1335 ante
1638 1294 1785 1335 Deum
1809 1307 1897 1336 ma-

1063 1363 1171 1401 gnas
1200 1350 1385 1391 virtates
1414 1352 1624 1402 operatus
1653 1355 1738 1400 est,
1771 1355 1815 1392 et
1843 1350 1899 1392 de

1064 1407 1183 1448 omni
1222 1406 1358 1448 corde
1396 1419 1477 1448 suo
1514 1405 1712 1449 laudavit
1749 1407 1898 1448 Domi-

1063 1476 1181 1504 num:
1197 1469 1219 1492 *
1243 1464 1347 1516 Ipse
1369 1463 1615 1505 intercedat
1638 1476 1722 1517 pro
1743 1465 1898 1516 pecca-

1063 1520 1119 1561 tis
1149 1520 1345 1561 emnium
1372 1519 1653 1572 populorum.
1699 1516 1751 1568 V.
1781 1520 1899 1562 Ecce

1063 1576 1197 1617 homo
1219 1576 1311 1617 sine
1333 1575 1529 1628 querela,
1555 1589 1687 1618 verus
1706 1576 1791 1618 Dei
1811 1576 1898 1618 cul-

1063 1637 1150 1682 tor,
1189 1633 1414 1674 abstinens
1449 1645 1497 1674 se
1530 1633 1585 1675 ab
1615 1633 1735 1675 omni
1763 1635 1900 1686 opere

1063 1689 1197 1738 malo,
1225 1694 1269 1730 et
1292 1690 1557 1742 permanens
1580 1690 1625 1730 in
1648 1689 1899 1731 innocentia

1065 1758 1155 1787 sua.
1183 1746 1297 1798 Ipse.

1355 1813 1510 1854 Lectio
1530 1813 1613 1853 viii.

1066 1870 1313 1976 Denique
1333 1885 1387 1914 ex
1407 1885 1493 1914 una
1509 1872 1664 1915 decem
1679 1885 1804 1914 mnas
1824 1873 1897 1914 ali-

1176 1941 1228 1969 us
1256 1928 1370 1978 fecit,
1401 1929 1512 1970 alius
1542 1930 1746 1982 quinque.
1793 1930 1898 1971 For-

1063 1987 1183 2026 tasse
1198 1985 1282 2026 iste
1296 1986 1481 2027 moralia
1494 1986 1639 2036 habet,
1659 1986 1763 2039 quia
1777 1986 1897 2038 quin-

1065 2054 1150 2092 que
1177 2046 1277 2083 sunt
1302 2042 1503 2095 corporis
1527 2055 1699 2084 sensus:
1723 2042 1797 2084 ille
1822 2041 1898 2084 du-

1064 2098 1206 2149 plicia,
1226 2097 1272 2139 id
1292 2103 1369 2148 est,
1393 2099 1579 2151 mystica
1598 2099 1719 2150 legis,
1745 2104 1789 2141 et
1806 2111 1897 2140 mo-

1063 2154 1173 2194 ralia
1187 2154 1434 2206 probitatis.
1458 2155 1587 2197 Unde
1602 2161 1646 2198 et
1660 2155 1898 2198 Matthaeus

1065 2211 1258 2262 quinque
1277 2211 1454 2261 talenta,
1474 2217 1518 2253 et
1538 2210 1627 2254 duo
1641 2212 1808 2254 talenta
1821 2214 1897 2265 po-

1064 2267 1163 2308 suit:
1200 2267 1244 2307 in
1281 2267 1475 2320 quinque
1511 2268 1690 2310 talentis
1726 2273 1775 2310 ut
1811 2268 1898 2310 sint

1063 2323 1258 2372 moralia,
1278 2323 1323 2364 in
1342 2323 1516 2365 duabus
1535 2327 1783 2377 utramque,
1807 2327 1896 2377 my-

1063 2379 1221 2420 sticum
1240 2384 1374 2432 atque
1389 2380 1570 2423 morale.
1597 2382 1666 2423 Ita
1686 2380 1807 2433 quod
1821 2384 1896 2422 nli-

1063 2448 1186 2477 mero
1206 2436 1396 2486 inferius,
1414 2450 1462 2478 re
1482 2437 1671 2479 uberius.

1120 2502 1170 2553 R.
1184 2500 1278 2542 Sint
1291 2500 1427 2543 lumbi
1444 2502 1581 2543 vestri
1595 2502 1834 2555 praecincti,
1853 2507 1897 2544 et

1063 2556 1254 2597 lucernae
1283 2556 1489 2599 ardentes
1522 2558 1567 2598 in
1593 2558 1797 2600 manibus
1824 2571 1896 2599 ve-

1065 2612 1180 2653 stris:
1200 2615 1220 2636 *
1230 2613 1286 2654 Et
1300 2626 1382 2654 vos
1394 2614 1557 2655 similes
1568 2614 1819 2656 hominibus
1833 2626 1897 2655 ex-

1065 2669 1367 2719 spectantibus
1379 2669 1606 2711 dominum
1616 2683 1754 2719 suum,
1771 2683 1896 2722 quan-

1065 2723 1123 2764 do
1139 2727 1385 2766 revertatur
1401 2739 1426 2767 a
1439 2726 1617 2778 naptiis.
1640 2725 1691 2774 V.
1701 2726 1895 2777 Vigilate
