2040 2976
393 210 461 243 Die
485 211 514 242 2.
543 210 638 250 Aug.

149 325 214 353 cae
230 309 460 363 passienis,
481 313 524 349 et
540 319 678 348 sacrae
694 305 984 347 Eucharistiae

148 365 474 418 contemplator
485 363 700 412 assiduuS,
717 363 807 414 ejus
819 362 983 403 cultum

147 423 331 464 mirifice
354 421 631 474 propagavit.
664 419 781 460 Dum
802 430 907 459 vero
928 417 985 459 ad

149 480 239 531 ejus
261 491 381 520 aram
401 479 559 526 oraret,
585 475 655 517 vel
675 487 850 515 sacrum
873 474 984 515 face-

148 541 232 585 ret,
270 534 391 587 quod
423 545 663 584 numquam
692 531 857 579 omisit,
890 543 985 583 prae

148 592 312 633 ameris
337 589 625 639 vehementia,
650 587 720 629 vel
742 587 984 640 seraphicis

148 647 422 701 liquescebat
442 645 687 694 arderibus,
707 644 778 686 vel
798 643 985 685 inselitis

150 704 429 757 quatiebatur
446 702 654 751 motibus,
673 701 744 743 vel
762 700 984 742 abstrahe-

146 761 278 803 batur
293 774 319 802 a
337 759 548 802 sensibus.
576 758 733 799 Miram
747 758 850 799 vitae
864 757 985 798 inno-

149 817 354 866 centiam,
385 829 517 869 quam
544 815 663 856 nulla
690 827 900 866 umquam
927 813 984 854 le-

147 874 257 916 thali
275 873 376 915 labe
397 872 593 922 foedavit,
612 872 709 924 pari
729 883 830 912 cum
847 870 985 923 poeni-

148 931 286 972 tentia
301 930 485 979 secians,
506 941 670 981 corpus
686 941 814 969 suum
828 926 985 976 inedia,

149 987 302 1028 ferreis
331 986 559 1035 catenulis,
589 985 757 1034 ciliciis,
787 985 985 1025 cruenta-

150 1055 235 1095 que
257 1043 551 1094 flagellatiene
575 1041 831 1092 castigabat.
863 1041 986 1081 Inter

147 1099 246 1141 haec
273 1099 542 1153 prophetiae,
575 1098 856 1140 scrutatienis
890 1099 984 1138 cer-

149 1156 281 1207 dium,
301 1155 594 1206 bilocatienis,
615 1160 659 1197 et
673 1154 985 1195 miracularum

150 1212 279 1254 donis
299 1212 515 1254 inclaruit.

204 1284 255 1335 R.
284 1282 421 1323 Pesui
450 1280 719 1333 adjuterium
748 1293 881 1332 super
909 1293 984 1333 po-

147 1340 335 1388 tentem,
382 1343 426 1380 et
467 1337 659 1379 exaltavi
699 1336 889 1378 electum
929 1337 984 1378 de

147 1395 279 1447 plebe
316 1407 434 1436 mea:
475 1396 498 1420 *
532 1394 690 1434 Manus
730 1394 847 1435 enim
886 1406 985 1435 mea

150 1451 436 1492 auxiliabitur
470 1451 520 1492 ei.
570 1444 622 1496 Υ.
650 1450 804 1491 Inveni
838 1449 984 1491 David

148 1521 326 1549 servum
353 1520 518 1557 meum,
557 1507 657 1548 eleo
696 1512 852 1548 sancto
884 1519 984 1548 meo

148 1565 254 1605 unxi
276 1577 387 1606 eum.
414 1564 583 1604 Manus.

456 1650 609 1691 Lectio
630 1649 683 1689 vi.

226 1719 255 1761 b
271 1718 584 1761 ecclesiasticis
600 1717 888 1768 dignitatibus
902 1717 986 1759 sibi

264 1775 426 1817 oblatis
452 1775 809 1816 constantissime
830 1774 986 1816 abher-

149 1833 245 1874 ruit.
262 1833 322 1874 At
333 1831 571 1873 Clementis
583 1831 863 1872 decimitertii
874 1831 986 1872 Pon-

147 1889 278 1930 tificis
304 1888 569 1930 auctoritate
596 1890 804 1937 coactus,
820 1892 988 1928 sanctae

149 1945 338 1997 Agathae
368 1944 618 1986 Gothorum
651 1944 883 1985 ecclesiam
913 1956 986 1994 gu-

148 2000 420 2044 bernandam
430 2001 636 2054 suscepit.
650 2001 904 2053 Episcopus
916 2013 986 2042 ex-

148 2060 322 2100 ternum
338 2058 568 2100 dumtaxat
584 2057 794 2107 habitum,
812 2070 901 2099 non
917 2070 988 2098 au-

149 2119 240 2156 tem
259 2115 460 2155 severam
479 2113 657 2155 vivendi
678 2114 894 2155 ratienem
912 2114 988 2154 im-

150 2170 346 2212 mutavit.
392 2170 561 2212 Eadem
595 2170 840 2222 frugalitas,
874 2183 988 2211 sum-

150 2239 249 2268 mus
286 2226 538 2268 christianae
571 2226 818 2279 disciplinae
853 2227 988 2277 zelus,

151 2283 398 2335 impensum
423 2283 467 2323 in
492 2282 610 2323 vitiis
637 2281 895 2324 coercendis
923 2296 988 2324 ar-

152 2338 394 2391 cendisque
418 2338 652 2388 erroribus,
677 2344 722 2380 et
743 2339 787 2379 in
806 2339 989 2391 reliquis

151 2394 452 2448 pastoralibus
484 2394 738 2436 muneribus
771 2395 989 2437 obeundis

153 2450 360 2493 studium.
391 2451 607 2492 Liberalis
626 2451 670 2491 in
689 2455 921 2504 paupereS,
945 2465 988 2493 o-

152 2520 277 2549 mnes
313 2507 515 2548 ecclesiae
553 2509 796 2559 proventus
830 2507 990 2549 iisdem

155 2563 462 2613 distribuebat,
496 2576 563 2612 ac,
591 2565 775 2614 urgente
804 2566 990 2605 annenae

155 2620 349 2669 caritate,
372 2620 518 2672 ipsam
537 2618 825 2660 domesticam
846 2619 986 2671 supel-

153 2675 345 2717 lectilem
364 2676 408 2716 in
424 2674 593 2717 alendis
611 2674 822 2715 famelicis
840 2678 989 2726 eroga-

154 2732 229 2774 vit.
261 2731 476 2773 Omnibus
496 2731 642 2772 emnia
661 2731 814 2781 factus,
834 2731 989 2773 sancti-

687 208 720 242 S.
747 208 941 251 Alphonsi
967 208 1013 241 de
1042 207 1199 248 Ligorio
1227 206 1292 249 Ep.
1318 206 1427 240 Conf.
1454 211 1489 240 ct
1514 206 1622 240 Doct.

1037 304 1252 346 moniales
1279 303 1336 345 ad
1360 304 1671 356 perfectiorem
1696 305 1872 346 vivendi

1037 362 1224 402 formam
1256 360 1444 411 redegit,
1477 363 1659 414 suaeque
1691 374 1872 412 congre-

1036 417 1227 468 gatienis
1263 416 1520 458 monialium
1555 418 1873 459 monasterium

1038 473 1394 515 constituendum
1417 474 1597 515 curavit.
1628 473 1871 527 Episcopa-

1036 536 1085 572 tu
1101 530 1158 572 ob
1170 543 1327 581 graves
1340 529 1675 583 habitualesque
1690 531 1872 572 morbos

1038 587 1239 636 dimisso,
1273 585 1331 627 ad
1358 586 1558 628 alamnos
1578 599 1699 637 suos,
1727 600 1753 628 a
1782 587 1872 639 qui-

1036 643 1121 685 bus
1144 655 1316 696 pauper
1337 642 1615 693 discesserat,
1638 644 1874 686 revertitur

1036 713 1218 752 pauper.
1276 699 1466 740 Demum
1503 700 1702 752 quamvis
1739 700 1874 750 senio,

1036 756 1371 808 laboribusque,
1400 755 1608 798 diuturna
1635 755 1874 807 arthritide,

1037 812 1222 864 aliisque
1238 812 1509 863 gravissimis
1526 812 1693 855 morbis
1708 812 1874 855 fractus

1038 871 1238 922 corpore,
1258 869 1415 922 spiritu
1430 874 1579 911 tamen
1598 869 1797 920 alacrior,
1818 868 1874 911 de

1039 925 1294 967 coelestibus
1329 925 1462 967 rebus
1500 925 1763 976 disserendi,
1799 931 1875 967 aut

1039 981 1260 1024 scribendi
1271 982 1403 1023 finem
1412 995 1652 1034 numquam
1662 981 1874 1033 adhibuit,

1039 1038 1182 1080 donec
1201 1039 1536 1089 nonagenarius,
1557 1038 1773 1080 Kalendis
1786 1038 1873 1079 Au-

1038 1095 1166 1146 gasti,
1190 1108 1305 1136 anno
1325 1094 1558 1137 millesimo
1579 1095 1873 1148 septingente-

1038 1152 1151 1193 simo
1167 1151 1440 1202 octogesimo
1454 1152 1655 1205 septimo,
1669 1151 1875 1194 Nuceriae

1037 1209 1319 1259 Paganorum'
1339 1208 1452 1249 inter
1480 1210 1660 1250 suerum
1680 1208 1874 1250 alumne-

1038 1277 1135 1305 rum
1163 1264 1370 1306 lacrimas
1402 1264 1701 1317 placidissime
1731 1265 1874 1318 exspi-

1038 1321 1163 1362 ravit.
1197 1321 1312 1362 Eum
1336 1319 1438 1362 inde
1465 1321 1703 1363 virtutibus
1730 1326 1775 1362 et
1798 1321 1874 1362 mi-

1039 1377 1200 1419 raculis
1223 1377 1390 1419 clarum
1408 1377 1512 1419 Pius
1531 1378 1745 1430 septimus
1763 1378 1875 1419 Pen-

1038 1435 1147 1476 tifex
1157 1434 1376 1476 Maximus
1391 1439 1475 1476 ano
1491 1434 1723 1476 millesimo
1741 1434 1874 1476 octin-

1037 1491 1282 1542 gentesimo
1303 1490 1477 1532 decimo
1498 1495 1625 1532 sexto
1644 1490 1876 1532 beaterum

1038 1548 1180 1597 fastis,
1212 1550 1428 1600 novisque
1460 1547 1702 1598 fulgentem
1729 1547 1876 1598 signis,

1039 1604 1282 1655 Gregerius
1309 1604 1662 1646 decimussextus
1689 1604 1734 1644 in
1759 1604 1874 1646 festo

1039 1660 1332 1703 sanctissimae
1346 1661 1588 1710 Trinitatis,
1608 1673 1723 1702 anno
1740 1659 1875 1701 mille-

1039 1718 1151 1759 simo
1172 1717 1540 1768 octingentesimo
1557 1717 1784 1768 trigesimo
1799 1729 1875 1758 no-

1039 1787 1095 1815 no
1121 1774 1308 1815 solemni
1331 1774 1418 1816 ritu
1437 1775 1693 1815 sanctarum
1713 1773 1876 1815 catalo-

1039 1844 1096 1882 go
1123 1830 1360 1881 accensuit3
1388 1830 1570 1872 tandem
1592 1829 1697 1871 Pius
1723 1841 1876 1878 nonus,

1039 1887 1246 1929 Pentifex
1291 1887 1512 1928 Maximus
1551 1899 1606 1928 ex
1641 1886 1877 1940 Sacrorum

1040 1943 1223 1985 Rituum
1262 1942 1626 1995 Congregationis
1672 1942 1876 1984 consalto

1040 2000 1300 2041 universalis
1314 1999 1528 2042 Ecclesiae
1543 1999 1786 2040 Docterem
1804 1997 1877 2040 de-

1042 2056 1236 2099 claravit.

1099 2118 1151 2170 R.
1171 2118 1263 2159 Iste
1283 2121 1350 2159 est
1370 2117 1455 2169 qui.
1475 2116 1560 2169 [54]

1261 2210 1311 2249 In
1338 2209 1410 2249 111.
1436 2208 1661 2248 Nocturno.

1046 2273 1202 2315 Lectio
1223 2272 1364 2314 sancti
1371 2271 1611 2369 IEvangt-‘21ii
1635 2272 1878 2314 secundum

1410 2341 1549 2370 ucam.

1125 2393 1278 2434 Lectio
1300 2393 1370 2432 vii.
1613 2391 1719 2443 Cap.
1738 2391 1802 2430 10.

1091 2465 1119 2491 n
1146 2450 1222 2491 illo
1251 2451 1469 2502 tempore:
1501 2449 1760 2501 Designavit
1787 2449 1875 2490 Βό-

1107 2507 1250 2548 minus
1271 2511 1314 2547 et
1332 2506 1443 2548 alios
1458 2508 1738 2559 septuaginta
1751 2504 1876 2547 duos.

1043 2565 1100 2606 Et
1134 2563 1252 2604 misit
1286 2562 1387 2603 illos
1423 2562 1550 2605 binos
1586 2567 1688 2604 ante
1718 2561 1876 2613 faciem

1043 2633 1182 2669 suam,
1210 2619 1253 2659 in
1278 2631 1454 2660 omnem
1478 2619 1718 2666 civitatem,
1747 2621 1791 2658 et
1814 2615 1874 2658 10-

1044 2688 1159 2724 cum,
1191 2687 1279 2726 quo
1310 2679 1404 2716 erat
1435 2675 1530 2727 ipse
1558 2676 1779 2715 venturus.
1818 2672 1876 2714 Et

1043 2732 1226 2783 reliqua.
