2040 2976
178 303 321 344 ambae
340 315 428 343 non
447 301 592 343 solum
611 314 752 351 carne,
776 301 856 343 sed
878 302 1010 343 etiam

178 359 389 410 religione
404 360 640 409 germanae:
658 357 802 399 ambae
816 358 1010 399 Domino

178 415 468 464 cohaeserunt,
488 414 630 456 ambae
645 414 839 456 Domino
859 414 903 454 in
919 427 1010 455 car-

178 485 231 513 ne
242 471 452 524 praesenti
465 470 746 513 concorditer
757 471 1011 513 servierunt.

234 532 283 580 R·
299 529 410 569 Haec
429 533 496 569 est
513 527 652 578 Virgo
671 527 860 580 sapiens,
880 540 1013 579 quam

179 586 395 627 Dominus
420 583 675 635 vigilantem
699 584 882 633 invenit,
913 596 1012 636 quae

179 641 374 693 acceptis
402 639 698 692 lampadibus,
731 640 919 692 sumpsit
947 652 1011 682 se-

179 712 279 740 cum
298 698 458 739 oleum:
476 700 498 722 *
511 697 568 738 Et
588 697 789 739 veniente
808 697 1012 747 Domino,

178 755 374 796 introivit
389 767 489 795 011111
504 766 557 795 00
574 752 631 795 ad
645 754 833 806 nuptias.
857 747 907 799 Ys'.
925 754 1013 794 Me-

180 811 252 853 dia
277 816 408 852 nocte
433 810 599 852 clamor
623 811 766 852 factus
786 815 869 851 est:
897 810 1013 851 Ecce

179 880 371 920 sponsus
390 867 521 916 venit,
541 869 657 908 exite
677 866 854 908 obviam
874 866 925 907 ei.
946 866 1014 908 Et.

469 924 620 965 Lectio
645 924 727 964 viii.

183 974 423 1082 Suscepit
438 994 538 1022 eum
548 979 731 1029 Martha,
745 979 857 1020 sicut
872 978 1015 1020 solent

277 1038 443 1090 suscipi
475 1036 713 1090 peregrini:
751 1035 831 1077 sed
867 1040 1014 1076 tamen

182 1094 376 1146 suscepit
408 1093 572 1135 famula
603 1093 860 1142 Dominum,
897 1104 1015 1142 aegra

180 1151 471 1200 Salvatorem,
509 1152 712 1192 creatura
748 1149 1015 1190 Creatorem.

179 1207 382 1259 Suscepit
414 1212 562 1248 autem
595 1206 753 1258 spiritu
780 1204 1015 1257 pascenda,

180 1264 222 1304 in
247 1276 376 1305 carne
400 1262 683 1315 pascendum.
720 1262 874 1303 veluit
900 1261 1014 1302 enim

180 1320 395 1361 Dominus
434 1319 620 1361 formam
654 1318 769 1360 servi
802 1320 1015 1370 accipere,

180 1382 223 1418 et
243 1379 426 1429 accepta
446 1376 587 1417 forma
606 1375 722 1417 servi
740 1375 784 1415 in
803 1374 877 1415 illa
892 1375 1015 1427 pasci

180 1447 204 1474 a
232 1433 385 1482 servis,
415 1431 686 1483 dignatione,
714 1445 803 1473 non
833 1430 1015 1472 conditi—

180 1492 275 1530 one.
336 1489 451 1530 Nam
488 1494 531 1529 et
568 1488 652 1530 ista
690 1487 886 1538 dignatio
924 1487 1016 1536 fuit,

180 1559 227 1587 se
256 1545 457 1597 praebere
484 1543 768 1597 pascendum.
810 1543 1017 1584 Habebat

181 1614 367 1650 carnem,
391 1602 435 1641 in
460 1614 547 1653 qua
566 1603 752 1642 esuriret
773 1600 953 1652 quidem
973 1605 1017 1641 et

181 1658 338 1699 sitiret:
376 1656 455 1698 sed
488 1657 683 1707 nescitis,
721 1657 823 1709 quia
853 1657 897 1697 in
926 1657 1016 1697 ere—

180 1726 252 1755 mo
274 1714 483 1755 esurienti
502 1713 662 1763 Angeli
687 1711 1016 1754 ministrabant?

181 1771 299 1821 Ergo
329 1769 450 1822 quod
478 1770 602 1822 pasci
628 1770 784 1819 voluit,
816 1769 1017 1822 pascenti

182 1827 399 1879 praestitit.
429 1826 545 1877 Quid
564 1832 710 1868 autem
725 1826 895 1875 mirum,
915 1825 953 1866 si
972 1830 1017 1866 et

181 1882 237 1924 de
283 1888 436 1924 sancto
473 1882 570 1923 Elia
606 1882 814 1936 praestitit
858 1881 1016 1931 viduae,

183 1952 313 1991 quem
328 1939 461 1992 prius,
481 1951 618 1980 corvo
635 1939 922 1987 ministrante,
940 1951 1015 1991 pa-

182 1995 356 2037 scebat?
394 1995 622 2047 Numquid
645 1994 870 2048 pascendo
898 1994 1014 2036 defe-

182 2057 313 2102 cerat,
332 2051 509 2103 quando
525 2051 582 2094 ad
598 2052 776 2093 viduam
790 2049 1014 2093 mittebat?

181 2108 485 2160 Nequaquam,
510 2108 590 2150 sed
616 2108 869 2159 religiosam
893 2107 1015 2149 vidu-

182 2177 252 2206 am
262 2177 342 2217 per
354 2164 616 2217 obsequium
628 2164 870 2206 exhibitum
886 2177 1016 2206 servo

183 2233 275 2270 suo,
293 2220 559 2262 benedicere
580 2220 858 2274 disponebat.

240 2277 291 2327 Rz.
326 2277 474 2318 Media
506 2283 636 2319 nocte
676 2278 843 2320 clamor
874 2277 1016 2319 factus

184 2339 267 2375 est:
301 2334 324 2357 ¹⁶¹
346 2333 464 2374 Ecce
486 2346 690 2396 sponsus
725 2335 862 2383 venit,
900 2335 1016 2375 exite

184 2389 359 2431 obviam
378 2389 428 2430 ei.
468 2382 518 2434 Y
535 2389 779 2432 Prudentes
798 2365 1016 2440 Virgines,

183 2448 334 2499 aptate
369 2450 541 2487 vestras
585 2446 824 2499 lampades.
888 2447 1015 2488 Ecce.

190 2502 339 2544 Gloria
355 2502 487 2544 Patri.
515 2502 642 2544 Ecce.

492 2559 644 2602 Lectio
667 2562 718 2601 ix.

260 2615 301 2657 10
325 2627 432 2666 ergo
452 2616 685 2666 susceptus
711 2619 779 2655 est
801 2615 1017 2655 Dominus

278 2677 505 2723 tamquam
537 2671 720 2723 hospes,
756 2671 830 2722 qui
861 2671 905 2711 in
938 2684 1018 2711 sua

183 2727 365 2781 propria
379 2727 509 2776 venit,
529 2731 572 2768 et
592 2726 659 2767 sui
677 2738 778 2767 eum
796 2739 885 2768 non
899 2738 1017 2767 rece·

573 207 641 240 Dic
668 208 727 241 ἔξω.
752 207 856 240 Julii.
905 209 959 241 55.
988 207 1130 241 Abdon
1158 211 1192 240 et
1218 206 1369 240 Sennen
1395 207 1502 240 Mart.

1062 303 1238 354 perunt:
1271 300 1351 342 sed
1384 306 1604 354 quotquot
1635 303 1898 353 receperunt

1064 370 1174 406 eum,
1189 356 1313 398 dedit
1328 358 1391 398 eis
1400 359 1672 410 potestatem
1685 357 1802 399 filios
1813 357 1898 399 Dei

1064 414 1174 455 fieri:
1209 413 1429 467 adoptans
1457 427 1627 465 servos,
1660 419 1705 456 et
1730 414 1896 456 liberos

1064 471 1245 512 faciens:
1273 469 1494 511 redimens
1520 473 1738 523 captivos,
1766 475 1810 512 et
1837 470 1896 511 fa-

1065 527 1184 568 ciens
1213 525 1481 568 cohaeredes.
1525 526 1595 568 Ne
1624 526 1721 579 quis
1749 531 1898 569 tamen

1065 589 1263 625 vestrum
1299 583 1484 624 forsitan
1519 582 1654 624 dicat:
1692 583 1730 625 O
1766 582 1898 632 beati,

1067 641 1141 692 qui
1162 640 1385 681 Christum
1410 641 1635 692 suscipere
1654 639 1699 680 in
1718 638 1899 681 domum

1067 697 1294 750 propriam
1313 695 1582 737 meruerunt!
1614 695 1719 739 Noli
1737 694 1899 746 dolere,

1066 753 1156 795 noli
1180 755 1470 802 murmurare,
1497 752 1600 805 quia
1623 751 1900 805 temporibus

1066 815 1194 851 natus
1231 822 1295 858 es,
1334 785 1510 861 quando
1545 810 1630 860 jam
1661 808 1900 850 Dominum

1066 879 1154 907 non
1173 865 1297 907 vides
1323 866 1367 906 in
1394 877 1536 906 carne.
1571 865 1673 906 Non
1698 864 1779 907 tibi
1804 864 1901 906 abs-

1066 922 1167 964 tulit
1186 922 1317 963 istam
1338 921 1650 989 dignationem.
1688 921 1798 963 Cum
1816 921 1901 970 uni,

1067 979 1226 1031 inquit,
1264 991 1319 1020 ex
1354 978 1544 1019 minimis
1579 977 1688 1019 meis
1724 977 1901 1028 fecistis,

1066 1035 1173 1076 mihi
1192 1035 1369 1077 fecistis.
1404 1035 1515 1075 Haec
1539 1033 1594 1076 de
1613 1034 1808 1075 Domino
1828 1045 1902 1086 pa-

1068 1091 1236 1134 scendo
1264 1092 1308 1132 in
1335 1103 1481 1140 carne,
1514 1090 1595 1132 sed
1622 1092 1831 1143 pascente
1858 1090 1902 1131 in

1069 1149 1242 1201 spiritu,
1273 1159 1415 1200 pauca
1442 1160 1524 1200 pro
1553 1149 1754 1200 tempore
1782 1145 1901 1188 dixe-

1067 1217 1214 1245 rimus.

1123 1266 1187 1307 Te
1206 1266 1351 1307 Deum
1367 1265 1611 1306 laudamus.
1629 1265 1688 1305 13.

1125 1333 1168 1366 In
1187 1332 1305 1367 Laud.
1324 1334 1365 1367 fit
1382 1344 1579 1369 commem.
1598 1334 1655 1369 Ss.
1673 1334 1782 1368 Mart.

1127 1387 1226 1426 Ant.
1246 1386 1392 1428 Vestri
1412 1386 1560 1440 capilli
1575 1385 1733 1438 capitis
1749 1397 1903 1427 omnes

1068 1443 1288 1485 numerati
1306 1448 1421 1485 sunt:
1446 1443 1583 1484 nolite
1602 1442 1771 1484 timere:
1796 1441 1903 1483 mul·

1069 1501 1125 1542 tis
1144 1500 1400 1552 passeribus
1419 1499 1625 1553 meliores
1645 1498 1751 1540 estis
1769 1511 1863 1540 vos.

1124 1557 1175 1607 Ys.
1195 1561 1494 1603 Exsultabunt
1520 1559 1660 1602 sancti
1683 1560 1728 1600 in
1754 1558 1904 1610 gloria.

1073 1619 1123 1670 R.
1138 1617 1430 1659 Laetabuntur
1448 1617 1492 1658 in
1511 1615 1730 1658 cubilibus
1750 1615 1851 1656 suis.

1126 1676 1291 1716 Oratio.
1320 1678 1499 1719 Praesta.
1528 1677 1630 1718 450.

1126 1741 1169 1774 In
1188 1741 1232 1775 ΙΙ.
1248 1742 1365 1786 Y'csp.
1384 1751 1582 1777 commem.
1600 1751 1707 1784 sequ.

1329 1842 1414 1883 Die
1433 1843 1504 1882 30.
1524 1842 1549 1882 J
1550 1841 1637 1882 ulii.

1070 1912 1139 1952 Ss.
1158 1910 1339 1952 Abdon
1367 1916 1410 1952 ct
1428 1911 1628 1951 Sennen
1655 1912 1908 1962 Martyrum.

1125 1973 1225 2013 Ant.
1258 1973 1449 2013 Istorum
1481 1976 1549 2012 est
1581 1970 1695 2012 enim
1723 1981 1906 2020 regnum

1072 2029 1297 2078 coelorum,
1312 2029 1386 2080 qui
1398 2029 1759 2080 contempserunt
1769 2026 1904 2069 vitam

1060 2085 1233 2135 mundi,
1257 2090 1301 2126 et
1324 2086 1618 2138 pervenerunt
1641 2081 1698 2124 ad
1722 2082 1905 2135 praemia

1072 2141 1211 2193 regni,
1245 2146 1288 2183 et
1321 2141 1523 2182 laverunt
1556 2139 1692 2181 stolas
1726 2151 1828 2180 suas
1860 2139 1904 2179 in

1072 2198 1282 2250 sanguine
1309 2197 1436 2249 Agni.

1127 2258 1179 2306 V.
1196 2258 1428 2300 Laetamini
1455 2258 1499 2298 in
1523 2258 1735 2308 Domino,
1764 2261 1808 2298 et
1833 2269 1902 2298 ex-

1071 2317 1232 2357 sultate
1259 2315 1370 2365 justi.
1420 2316 1470 2367 Ru
1496 2314 1553 2356 Et
1584 2313 1833 2365 gloriamini
1859 2325 1903 2354 o-

1070 2384 1194 2413 mnes
1212 2371 1322 2413 recti
1342 2370 1488 2412 corde.

1415 2441 1579 2482 Oratio.

1164 2514 1253 2551 eus,
1279 2501 1354 2553 qui
1378 2501 1543 2542 sanctis
1567 2500 1654 2542 tuis
1672 2497 1836 2541 Abdon
1860 2503 1904 2540 et

1183 2558 1357 2600 Sennen
1376 2557 1434 2598 ad
1451 2556 1564 2598 hanc
1582 2556 1769 2607 gloriam
1787 2554 1903 2596 veni-

1071 2614 1174 2656 endi
1197 2613 1429 2666 copiosum
1452 2625 1609 2654 munus
1629 2611 1783 2662 gratiae
1803 2621 1903 2651 con-

1070 2670 1222 2712 tulisti:
1247 2669 1305 2711 da
1327 2668 1502 2710 famulis
1527 2668 1615 2710 tuis
1634 2669 1814 2708 suorum
1832 2667 1902 2707 ve-

1070 2726 1188 2767 niam
1223 2727 1528 2778 peccatorum;
1566 2728 1614 2765 ut
1650 2724 1903 2764 sanctorum
