2040 2976
666 207 736 240 Dic
766 208 812 240 12.
838 205 1014 247 Augusti.
1064 206 1097 238 S.
1125 204 1248 237 Clarae
1275 202 1378 243 Yirg.

160 322 291 361 quam
309 314 358 349 ut
378 307 433 348 sit
452 305 527 347 ubi
548 310 614 347 est
633 304 798 351 unicus,
821 314 910 343 non
931 313 984 341 ae-

160 364 299 416 qualis
323 364 464 405 factus
485 360 711 409 divinitati,
735 359 814 400 sed
834 369 986 400 conso-

160 422 299 463 ciatus
320 417 581 461 aeternitati?

221 485 318 539 Rho
340 483 595 536 Hippalyte.
615 482 711 523 496.

168 584 241 617 Pro
260 584 315 617 ὃς.
336 582 568 626 Martyribus
586 580 762 614 Tiburtio
781 583 816 612 ct
832 578 991 611 Susam.

469 655 620 695 Lectio
642 654 694 693 ix.

177 740 201 797 Ῑ
221 740 241 771 2*
261 724 476 767 iburtius
515 719 755 764 Chromatii
791 716 989 771 praefecti

274 781 404 824 Urbis
430 779 556 829 filius,
584 777 723 819 sancti
743 772 990 817 Sebastiani

111 858 114 860 ·
164 843 300 893 Opera
338 837 627 884 Christianus,
663 846 762 875 cum
799 831 856 873 ob
894 842 991 871 eam

164 909 340 938 causam
364 894 420 935 ad
439 892 682 934 Fabianum
705 888 894 941 judicem
918 886 990 928 ad-

165 953 323 995 ductus
343 956 470 998 esset,
490 948 713 999 multaque
733 943 852 998 apud
870 943 991 984 illum

165 1009 219 1051 de
245 1007 405 1050 Christi
429 1005 516 1047 fide
539 1003 813 1058 praedicaret,
837 1012 991 1042 excan-

165 1066 347 1108 descens
358 1063 487 1116 judex
497 1061 797 1115 pavimentum
807 1056 990 1098 canden-

166 1122 284 1164 tibus
297 1119 561 1162 carbonibus
576 1116 711 1159 sterni
728 1114 860 1168 jubet:
875 1113 992 1162 Mox,

166 1178 351 1227 Tiburti,
374 1176 526 1229 inquit,
550 1174 621 1216 vel
645 1173 727 1214 diis
744 1171 909 1213 nostris
928 1182 992 1210 sa-

167 1235 337 1277 crifices
361 1235 548 1286 oportet,
573 1230 644 1272 vel
666 1242 746 1282 per
769 1228 878 1269 istos
903 1239 992 1268 car-

166 1291 305 1343 banes
328 1289 457 1331 nudis
481 1287 671 1341 pedibus
691 1285 771 1327 tibi
791 1282 993 1325 inceden-

167 1347 271 1389 dum
299 1352 376 1389 est.
431 1346 491 1386 At
522 1344 595 1385 ille
623 1342 764 1385 crucis
792 1341 918 1391 signo
947 1352 994 1380 se

166 1405 375 1453 muniens,
400 1402 673 1452 fidenterque
699 1397 927 1439 ambulans
951 1396 995 1436 in

167 1473 316 1513 pruna,
336 1460 480 1507 Disce,
501 1458 653 1509 inquit,
674 1468 728 1497 ex
746 1455 832 1500 hoc
851 1453 995 1495 solum

168 1530 264 1558 esse
298 1517 456 1564 Deum,
493 1527 622 1567 quem
657 1510 889 1554 Christiani
924 1522 994 1551 co-

167 1574 275 1615 lunt:
308 1585 459 1626 prunae
494 1571 609 1613 enim
639 1568 745 1610 mihi
772 1568 905 1609 flores
934 1567 993 1608 vi-

170 1630 337 1671 dentur.
366 1627 494 1679 Quod
513 1640 612 1668 cum
626 1625 808 1676 magicis
829 1623 996 1665 artibus

168 1686 451 1734 tribueretur,
486 1689 609 1725 extra
640 1681 806 1724 Urbem
838 1679 996 1722 ductus

169 1742 411 1790 Tiburtius,
439 1754 491 1782 ac
518 1741 590 1781 via
614 1739 836 1780 Lavicana
863 1736 995 1778 tertio

169 1799 225 1843 ab
249 1799 368 1841 Urbe
396 1797 543 1850 lapide
573 1795 720 1848 gladio
749 1797 996 1846 percussus,

168 1855 229 1897 ibi
249 1869 273 1896 a
290 1854 547 1897 Christianis
565 1851 785 1905 sepelitur.
809 1851 906 1900 Quo
926 1848 996 1891 die

170 1913 367 1954 Susanna
400 1911 522 1961 virgo
555 1908 842 1957 nobilissima,
876 1905 997 1958 quod

172 1968 335 2009 Galerii
355 1966 616 2015 Maximiani,
638 1964 715 2005 filii
734 1962 998 2005 Diocletiani

171 2024 459 2077 imperataris‚
487 2022 735 2073 conjugium
761 2021 998 2067 recusaret,

172 2085 220 2122 ut
245 2093 343 2133 quae
367 2079 660 2131 virginitatem
683 2077 780 2118 Deo
805 2078 998 2124 voverat,

172 2143 275 2190 post
307 2137 443 2178 multa
475 2136 795 2177 tormentorum
827 2134 998 2184 genera,

175 2193 333 2246 quibus
347 2193 466 2234 varie
482 2194 696 2233 tentatum
716 2195 783 2232 est
798 2194 998 2231 sanctum

174 2249 354 2301 virginis
397 2248 696 2301 propositum,
742 2246 862 2288 domi
906 2258 998 2286 suae

173 2307 292 2358 jussu
312 2305 590 2358 imperatoris
611 2302 758 2354 gladio
777 2305 998 2355 percussa,

174 2362 231 2404 ad
259 2361 423 2414 duplex
448 2360 709 2411 virginitatis
734 2364 778 2400 et
801 2358 999 2410 martyrii

173 2418 404 2472 praemium
422 2416 625 2468 migravit
643 2416 687 2456 in
707 2415 878 2457 coelum.

234 2483 295 2525 Te
313 2483 458 2524 Deum
475 2481 713 2523 laudamus.
732 2482 790 2521 13.

238 2558 281 2593 In
298 2558 496 2594 Laudibus
513 2560 552 2594 fit
568 2570 762 2594 commem.
782 2560 837 2594 Ss.
855 2561 941 2594 Mm.

238 2621 337 2661 Ant.
357 2620 501 2663 Vestri
516 2619 661 2672 capilli
676 2619 832 2670 capitis
851 2629 1002 2659 omnes

175 2678 390 2721 numerati
409 2682 525 2718 sunt:
548 2675 684 2716 nolite
704 2675 871 2716 timere:
894 2672 1000 2714 mul-

174 2737 231 2778 tis
249 2733 501 2788 passeribus
520 2732 727 2774 meliores
747 2731 852 2772 estis
871 2742 964 2770 vos.

1098 296 1458 348 V.Exsultabunt
1485 296 1626 337 sancti
1648 295 1693 336 in
1716 294 1867 346 gloria.

1046 359 1097 410 R.
1114 353 1402 396 Laetabuntur
1419 353 1464 394 in
1483 351 1700 394 cubilibus
1718 348 1820 392 suis.

1100 413 1264 455 Oratio.
1294 411 1566 451 Sanctorum.
1589 409 1686 450 498.

1099 476 1214 518 Vesp.
1241 474 1287 507 de
1316 481 1436 514 sequ..
1465 480 1550 504 cum
1576 478 1772 503 commem.
1796 467 1876 502 Oct.

1048 524 1082 559 S.
1108 521 1314 557 Laurentii.

1264 592 1347 632 Die
1367 591 1424 631 12.
1444 590 1644 642 Augusti.
1669 585 1672 589 ’

1217 657 1261 698 S.
1292 656 1455 698 Glarae
1491 659 1697 708 Virginis.

1382 724 1546 767 Duplex.

1102 776 1238 810 Omnia
1265 774 1311 807 de
1336 772 1540 807 Communi
1561 771 1667 813 Virg.
1681 764 1754 808 [83]
1783 777 1880 811 prae-

1050 830 1107 859 ter
1123 823 1333 867 sequentia.

1386 864 1550 905 Oratio.

1050 915 1269 1027 Exaudi
1304 927 1387 957 nos
1418 915 1540 955 Deus
1569 913 1774 954 salutaris
1801 925 1875 954 no-

1153 978 1258 1015 ster:
1281 977 1340 1022 ut,
1360 971 1473 1012 sicut
1493 970 1548 1012 de
1567 970 1712 1012 beatae
1733 969 1875 1011 Clarae

1044 1030 1239 1082 Virginis
1258 1034 1347 1072 tuae
1365 1027 1603 1070 festivitate
1621 1025 1876 1079 gaudemus,

1044 1088 1105 1129 ita
1127 1087 1213 1140 piae
1234 1085 1483 1128 devotionis
1507 1083 1758 1126 erudiamur
1776 1081 1876 1124 affc-

1046 1149 1130 1186 ctu.
1156 1144 1242 1185 Per
1260 1142 1508 1184 Dominum.

1104 1202 1151 1236 Et
1167 1202 1207 1236 fit
1225 1210 1421 1235 commem.
1439 1199 1519 1233 Oct.
1542 1198 1576 1233 S.
1595 1195 1802 1235 Laurentii.

1104 1256 1203 1295 Ant.
1231 1252 1392 1294 Beatus
1417 1249 1680 1292 Laurentius
1705 1246 1811 1290 dum
1835 1247 1879 1288 in

1047 1308 1255 1350 craticula
1271 1307 1578 1361 superpositus
1592 1306 1802 1355 ureratur,
1823 1302 1880 1346 ad

1046 1365 1352 1418 impiissimum
1379 1365 1614 1417 tyrannum
1642 1360 1767 1403 dixit:
1800 1361 1879 1401 As-

1049 1423 1193 1463 satum
1213 1426 1280 1463 est
1298 1422 1393 1473 jam,
1417 1432 1561 1469 versa,
1585 1423 1630 1460 et
1647 1416 1881 1459 manduca:

1049 1491 1151 1519 nam
1178 1477 1408 1519 facultates
1431 1475 1656 1524 Ecclesiae‚
1682 1486 1792 1526 quas
1817 1485 1881 1514 re-

1049 1534 1199 1587 quiris,
1228 1534 1273 1574 in
1302 1533 1507 1575 coelestes
1535 1532 1767 1574 thesauros
1793 1541 1881 1570 ma-

1047 1605 1130 1633 nus
1148 1593 1395 1644 pauperum
1415 1589 1774 1642 deportaverunt.

1106 1644 1882 1700 VLevitaLaurentiusbonumopus

1049 1706 1258 1757 operatus
1288 1708 1366 1745 est.
1418 1706 1469 1758 R.
1489 1701 1575 1753 Qui
1601 1713 1684 1754 per.
1708 1701 1882 1751 signum

1049 1761 1191 1803 crucis
1220 1773 1364 1802 caecos
1391 1757 1662 1800 illuminavit.

1394 1823 1559 1864 Oratio.

1151 1877 1326 1928 anobis,
1341 1879 1591 1930 quaesumus
1603 1876 1884 1927 omnipotens

1179 1935 1318 1976 Deus:
1372 1933 1579 1976 vitiarum
1628 1932 1883 1973 nostrorum

1051 1992 1251 2033 flammas
1292 1993 1592 2042 exstinguere3
1634 1987 1709 2040 qui
1747 1986 1882 2029 beato

1050 2047 1287 2091 Laurentio
1329 2047 1523 2089 tribm'sti
1563 2045 1883 2088 tormentatum

1051 2106 1233 2146 suorum
1274 2103 1478 2146 incendia
1523 2103 1744 2156 superare.
1797 2099 1884 2141 Per

1050 2160 1290 2203 DOminum
1308 2165 1519 2202 nostrum.

1112 2226 1155 2261 In
1187 2226 1212 2260 1.
1241 2225 1441 2260 Nocturno
1474 2223 1677 2258 Lectiones
1714 2222 1761 2256 de
1792 2220 1890 2255 Scri-

1060 2279 1173 2318 ptura
1198 2278 1431 2308 occurrente.
1475 2284 1477 2286 ·

1286 2331 1334 2370 In
1361 2331 1411 2370 Π.
1440 2330 1665 2369 Nocturna

1364 2387 1517 2427 Lectio
1538 2387 1590 2425 iv.
1835 2413 1861 2430 .-

1092 2446 1262 2503 '4„32⁵lara
1277 2443 1437 2485 nabilis
1453 2443 1589 2493 virgo,
1609 2440 1768 2482 Assisii
1782 2444 1885 2481 nata

1057 2537 1069 2559 Α,
1087 2499 1164 2559 ⁴23.sz
1187 2503 1231 2543 in
1256 2500 1455 2549 Umbria,
1483 2502 1684 2540 sanctum
1709 2496 1883 2538 Franci-

1061 2560 1066 2572 *
1098 2583 1104 2585 —
1133 2559 1150 2569 ”’
1188 2571 1311 2600 scum
1327 2558 1556 2599 concivem
1569 2553 1884 2599 suumimitata,

1055 2621 1212 2657 cuncta
1245 2627 1325 2660 sua
1355 2613 1473 2655 bona
1504 2613 1549 2653 in
1581 2610 1884 2661 eleemosynas

1055 2678 1099 2714 et
1117 2675 1364 2725 pauperum
1383 2668 1581 2711 subsidia
1599 2664 1823 2709 distribuit
1842 2669 1886 2705 et

1056 2728 1282 2770 convertit.
1323 2727 1392 2768 De
1424 2723 1575 2767 saeculi
1606 2721 1791 2775 strepitu
1822 2720 1884 2762 fu-
