2040 2976
538 206 608 240 Die
637 208 683 241 17.
710 209 813 243 Julii.
862 210 897 244 S.
923 212 1062 247 Leonis
1088 214 1148 248 IV.
1178 216 1292 259 Papae
1318 225 1351 251 et
1378 220 1483 252 (tons.

161 305 365 358 seditque
391 306 434 346 in
458 306 667 348 cathedra
689 308 807 350 Petri
830 322 989 351 novem

160 373 309 411 annos,
334 366 425 403 tres
444 374 628 412 menses,
649 368 692 404 et
712 363 805 406 dies
825 365 987 415 decem,

158 417 429 470 presbyteris
454 418 656 487 quinque,
679 420 820 463 tribus
843 422 986 464 diaco-

158 473 225 515 nis
253 479 298 516 et
325 487 404 516 sex
434 476 656 528 episcopis
685 476 849 530 duplici
875 478 986 521 ordi-

158 530 334 572 natione
354 531 523 581 creatis,
548 531 629 573 sub
646 532 865 585 Traiano
854 548 987 588 1mpe-

158 588 315 628 ratore.
371 587 421 638 Rz.
448 587 696 630 Honestum
714 589 825 632 fecit.
846 592 922 632 16*

471 644 504 683 Ι
507 646 620 685 ectio
639 660 674 684 x.

251 698 293 740 ic
323 700 516 753 Principi
550 701 869 753 Apostolorum
900 717 986 746 me-

273 756 468 807 moriam,
486 769 564 798 seu
579 758 820 809 ecclesiam,
836 766 985 812 gratus

159 816 203 853 et
220 824 390 854 memor
412 813 522 855 tanti
545 813 747 856 beneficii
771 816 826 858 ab
847 829 899 858 eo
919 830 986 858 ac-

159 869 292 922 cepti,
327 881 408 922 per
445 870 558 911 sacri
596 870 761 912 ordinis
793 873 986 914 collatio-

158 938 274 975 nem,
303 924 407 967 dum
432 925 576 967 adhuc
601 928 833 981 presbyter
860 935 986 980 esset,

157 981 202 1022 in
220 982 440 1024 Vaticano
467 985 684 1026 exstruxit
707 990 839 1037 atque
862 989 985 1028 orna-

159 1038 232 1088 vit,
247 1039 568 1091 Apostolorum
581 1040 830 1093 trophaeum
845 1042 899 1084 ab
915 1055 984 1083 an-

157 1095 291 1147 tiquis
311 1095 510 1148 patribus
530 1097 687 1138 merito
708 1098 985 1150 appellatam,

159 1162 291 1202 quam
314 1151 434 1193 nullo
459 1165 652 1205 unquam
679 1153 860 1196 furentis
885 1155 986 1197 licet

156 1208 478 1259 persecutionis
505 1208 680 1251 turbine
709 1209 835 1262 dejici
859 1217 984 1263 potu-

156 1265 244 1305 isse
270 1263 365 1315 sed,
390 1264 512 1317 quod
536 1278 710 1307 omnem
736 1266 983 1309 admiratio-

155 1331 256 1361 nem
275 1323 464 1373 superat,
488 1322 652 1373 majore
671 1323 714 1363 in
734 1323 826 1364 dies
846 1324 984 1375 gloria

155 1381 330 1418 auctam
353 1377 488 1420 fuisse
514 1381 790 1431 compertum
815 1385 897 1421 est:
923 1380 983 1421 fu-

154 1435 300 1474 turum
332 1446 438 1476 sane
468 1436 683 1477 secuturis
711 1436 983 1489 temporibus

154 1489 331 1540 majoris
360 1495 404 1532 et
432 1490 658 1544 amplioris
684 1492 812 1534 molis
836 1492 982 1534 nobile

152 1544 460 1588 rudimentum.
513 1551 565 1603 R.
591 1548 878 1591 Desiderium.
905 1550 982 1590 16*

456 1607 608 1648 Lectio
627 1608 679 1649 vi.

246 1670 294 1700 es
313 1658 369 1701 ab
394 1671 447 1702 eo
468 1665 617 1712 gestae,
644 1673 752 1713 quas
778 1661 982 1703 mirificas

275 1714 408 1758 fuisse
427 1716 575 1758 multis
595 1718 862 1768 argumentis
882 1730 982 1759 con-

153 1771 284 1822 jicere
311 1771 431 1822 licet,
464 1774 685 1815 communi
717 1774 983 1826 scriptorum

154 1827 434 1880 antiquorum
452 1829 678 1881 naufragio
699 1830 900 1872 obscurae
922 1835 981 1871 at-

155 1895 241 1935 que
267 1884 438 1926 obrutae
463 1888 724 1928 manserunt.
761 1886 899 1928 Multa
926 1885 981 1927 ad

152 1939 409 1991 religionem
429 1946 473 1983 et
493 1941 767 1994 disciplinam
782 1944 980 1995 spectan-

152 1996 214 2037 tia
240 1997 481 2049 prudenter
513 1998 678 2048 statuit,
710 2011 761 2040 ac
790 2012 883 2051 prae
914 2000 979 2040 ce-

151 2052 272 2102 teris,
305 2058 353 2095 ut
386 2056 621 2106 episcopus
649 2067 674 2095 a
700 2054 980 2107 paucioribus

153 2120 284 2160 quam
297 2109 438 2151 tribus
454 2111 675 2163 episcopis
689 2111 864 2152 minime
880 2123 979 2152 con—

152 2167 414 2217 secraretur3
434 2171 481 2208 ut
500 2166 646 2208 clerici
665 2168 799 2209 sacris
816 2167 977 2208 ordini-

151 2219 234 2262 bus
274 2222 450 2274 publice
486 2236 511 2264 a
547 2224 728 2276 proprio
766 2225 977 2276 episcopo

150 2277 437 2330 initiarentur;
471 2285 514 2321 et
545 2285 593 2322 ut
624 2281 667 2321 in
698 2280 850 2328 Missa,
882 2291 978 2332 per-

151 2335 250 2375 acta
286 2336 635 2386 consecratione,
676 2349 827 2378 omnes
865 2347 977 2376 com-

150 2390 432 2433 municarent.
474 2392 594 2434 Obiit
619 2391 796 2434 tandem
821 2394 976 2443 marty-

150 2445 215 2486 rio
240 2449 492 2498 coronatus,
517 2448 648 2489 tertio
668 2448 773 2489 Idus
791 2448 816 2488 J
818 2446 912 2495 ulii,
934 2451 977 2487 et

151 2502 270 2552 juxta
297 2515 459 2555 corpus
487 2504 606 2545 beati
632 2505 751 2546 Petri
778 2502 976 2555 sepultus

151 2563 229 2599 est.
288 2563 339 2612 R.
365 2560 488 2602 Stola
506 2559 797 2612 jucunditatis.

205 2622 249 2657 In
272 2623 337 2659 111.
362 2625 559 2660 Nocturno
577 2625 746 2659 Homilia
768 2626 805 2659 in
828 2626 972 2668 Evang.

153 2669 194 2704 Si
218 2670 306 2714 quis
329 2672 436 2707 venit
459 2672 509 2706 ad
532 2682 602 2706 me.
632 2673 678 2707 de
703 2674 838 2708 eodem
863 2673 972 2707 Com-

152 2718 258 2752 muni
282 2720 310 2754 1.
334 2720 432 2755 loco.

467 2771 542 2779 sm

178 2869 270 2901 Propr.
286 2875 333 2899 pro
353 2868 428 2893 Clero
444 2869 518 2894 Rom.
548 2869 612 2894 Pars
629 2869 736 2894 AEstiva.

1302 315 1385 357 Die
1404 317 1459 357 17.
1478 316 1589 357 Julii.

1105 377 1147 417 S.
1166 377 1344 420 Leonis
1362 380 1443 420 IV.
1465 380 1592 431 Papae
1614 388 1655 421 et
1677 384 1795 422 Conf.

1369 442 1530 486 Duplex.

1093 494 1227 530 Omnia
1252 497 1298 531 de
1324 499 1352 532 C
1358 509 1465 533 omm.
1491 501 1597 535 Conf.
1619 502 1735 540 lQont
1763 514 1806 546 pr
1809 514 1856 537 zc-

1039 545 1096 575 ter
1119 553 1225 586 sequ.

1094 594 1234 630 Oratio.
1260 598 1326 639 Da,
1353 597 1582 639 quaesumus.

1089 646 1132 679 In
1163 647 1188 680 Ι.
1220 648 1416 683 Nocturno
1450 651 1650 686 Lectiones
1684 653 1729 686 de
1759 654 1855 686 Seri-

1038 699 1148 736 ptura
1174 703 1403 731 occurrente.

1259 758 1308 795 In
1334 758 1383 796 II.
1412 759 1632 799 Nocturno.

1329 818 1478 858 Lectio
1499 820 1550 858 iv.

1043 880 1044 892 ¹
1081 909 1140 926 5
1155 883 1207 912 eo
1224 870 1348 923 hujus
1363 872 1548 913 nominis
1565 880 1754 925 quartus,
1772 877 1858 918 Ro-

1042 931 1052 958 ff
1084 923 1149 980 {13⁴
1171 929 1340 977 manus,
1366 927 1590 981 Rodulphi
1616 930 1743 980 filius,
1769 935 1858 974 mo·

1171 983 1334 1024 nachus
1360 985 1498 1026 sancti
1521 985 1748 1028 Benedicti
1774 989 1858 1040 pri-

1038 1052 1166 1089 mum,
1182 1040 1414 1081 cardinalis
1430 1039 1598 1091 deinde,
1618 1055 1669 1084 ac
1684 1043 1858 1086 demum

1039 1100 1140 1147 post
1165 1096 1331 1137 obitum
1350 1097 1489 1147 Sergii
1507 1098 1687 1140 secundi
1706 1100 1859 1142 eadem

1039 1151 1126 1201 die,
1157 1152 1316 1194 invitus
1345 1153 1463 1203 licet,
1495 1154 1538 1194 in
1566 1154 1858 1199 Lateranense

1038 1208 1346 1259 patriarchium
1358 1209 1583 1260 deductus,
1597 1210 1654 1252 ad
1665 1218 1858 1254 sanctam

1037 1263 1195 1305 Sedem
1210 1265 1401 1306 omnium
1412 1266 1525 1307 votis
1540 1270 1768 1319 promotus
1782 1274 1858 1310 est.

1037 1320 1117 1361 Vir
1140 1320 1219 1362 fuit
1244 1321 1464 1371 religione,
1491 1322 1746 1373 innocentia,
1770 1325 1857 1376 pie—

1037 1378 1138 1426 tate,
1161 1377 1440 1427 humanitate,
1466 1378 1734 1429 liberalitate,
1758 1394 1856 1432 pru-

1037 1432 1198 1483 dentia,
1223 1439 1266 1475 et
1290 1433 1501 1484 doctrina,
1527 1437 1770 1488 praesertim
1789 1450 1855 1479 ec-

1036 1489 1294 1540 clesiastica,
1326 1491 1515 1542 insignis.
1567 1492 1690 1534 Sedit
1720 1505 1857 1534 annos

1036 1551 1153 1596 octo,
1180 1559 1257 1588 sex
1275 1560 1463 1598 menses,
1487 1554 1530 1590 et
1547 1547 1733 1590 totidem
1753 1549 1857 1600 dies,

1035 1602 1245 1645 Lothario
1274 1608 1317 1645 et
1340 1603 1568 1646 Ludovico
1592 1605 1757 1656 juniore
1782 1605 1856 1647 im-

1034 1659 1312 1711 peratoribus
1332 1660 1554 1711 Augustis.

1088 1718 1137 1757 R.
1162 1717 1313 1757 Inveni
1338 1716 1482 1758 David
1505 1730 1679 1758 servum
1702 1730 1854 1768 meum,

1036 1760 1134 1813 oleo
1161 1778 1313 1814 sancto
1337 1786 1436 1815 meo
1460 1773 1563 1814 unxi
1589 1786 1701 1815 eum:
1723 1777 1744 1798 *
1766 1774 1853 1814 Ma-

1034 1841 1115 1869 nus
1131 1829 1245 1870 enim
1259 1842 1355 1871 mea
1370 1829 1645 1870 auxiliabitur
1661 1830 1710 1870 ei.
1726 1826 1774 1876 V.
1789 1829 1856 1870 Ni-

1034 1884 1094 1924 hil
1109 1884 1310 1936 proficiet
1324 1886 1547 1926 inimicus
1536 1899 1580 1926 1n
1595 1897 1659 1934 eo,
1675 1890 1718 1927 et
1738 1885 1854 1926 filius

1033 1940 1273 1992 iniquitatis
1292 1953 1377 1982 non
1401 1940 1576 1982 nocebit
1595 1941 1644 1982 ei.
1688 1940 1853 1986 Manus,

1340 1999 1490 2041 Lectio
1512 2014 1547 2039 v,

1118 2057 1236 2098 aucis
1260 2061 1359 2099 ante
1381 2057 1494 2099 illius
1514 2057 1854 2109 assumptionem

1147 2113 1384 2162 mensibus,
1412 2126 1510 2155 cum
1538 2113 1731 2155 basilicae
1760 2126 1852 2154 san-

1031 2171 1201 2210 ctorum
1213 2169 1530 2221 Apostolorum
1543 2169 1661 2210 Petri
1676 2174 1720 2211 et
1731 2169 1853 2210 Pauli

1031 2237 1056 2265 a
1069 2224 1294 2266 Saracenis
1314 2224 1498 2277 direptae
1513 2225 1705 2274 fuissent,
1724 2224 1780 2266 ad
1794 2224 1850 2265 al-

1029 2286 1167 2322 teram
1195 2281 1324 2322 Urbis
1356 2281 1647 2334 direptionem
1673 2281 1756 2331 jam
1784 2293 1850 2322 ac-

1030 2339 1196 2378 cinctos
1219 2337 1309 2378 suis
1334 2337 1538 2389 precibus
1556 2336 1692 2387 fregit,
1718 2340 1761 2377 et
1779 2337 1849 2376 eo-

1029 2406 1124 2433 rum
1143 2393 1328 2434 classem
1346 2393 1585 2446 dissipavit.
1610 2391 1746 2432 Muris
1764 2391 1849 2432 Va-

1028 2448 1220 2489 ticanum
1257 2449 1409 2498 cinxit,
1454 2454 1498 2490 et
1541 2448 1584 2488 in
1629 2447 1850 2488 civitatem

1022 2503 1266 2545 'Leoninam
1284 2504 1576 2552 commutavit,
1601 2515 1731 2554 quam
1748 2501 1847 2543 bea-

1027 2565 1074 2601 to
1111 2560 1244 2602 Petro
1289 2559 1621 2602 custodiendam
1657 2556 1848 2599 tradidit.

1028 2615 1278 2658 Tiberinam
1303 2629 1423 2658 oram
1443 2614 1636 2656 turribus
1654 2613 1847 2662 munivit,

1029 2671 1223 2724 direptas
1253 2672 1454 2714 basilicas
1490 2669 1767 2719 restauravit,
1803 2673 1848 2732 et

1029 2730 1231 2770 ornatum
1251 2728 1407 2769 domus
1425 2726 1518 2776 Dei,
1542 2724 1787 2778 praesertim
1802 2737 1847 2765 111
