2040 2976
700 202 800 235 Infra
827 204 1010 234 (mavum
1036 199 1219 242 (Im-poris
1246 197 1398 231 Christi.

202 305 262 345 tio
291 301 414 343 nobis
443 297 801 340 irrationabilium
827 299 1023 338 motuum

202 361 257 401 sit
281 356 505 400 correctio.
546 355 773 406 Quotquot
795 353 925 404 igitur
948 351 1022 392 hu-

201 417 265 468 jus
298 412 533 466 participes
571 410 770 463 corporis
803 408 1022 456 efficimur,

203 474 418 523 quotquot
447 467 701 518 sanguinem
726 465 1021 516 degustamus:

203 527 452 577 cogitemus,
480 523 598 576 quod
622 523 742 563 illum
766 534 936 562 sursum
960 533 1022 561 se-

203 582 395 630 dentem,
426 581 499 632 qui
527 580 581 621 ab
610 578 787 629 Angelis
815 576 1022 618 adoratur

202 636 519 690 incorruptibili
538 636 705 676 vicinus
724 633 887 681 virtuti,
910 632 1023 673 hunc

203 695 494 746 degustamus.
522 692 606 733 Hei
625 690 739 740 mihi,
759 695 865 742 quot
885 688 940 730 ad
960 701 1022 729 sa-

204 752 337 792 lutem
352 749 477 791 nobis
492 748 591 789 viae!
616 748 709 788 Nos
725 759 884 798 corpus
899 758 1024 786 suum

204 806 361 848 effecit:
389 805 515 847 nobis
542 818 666 845 suum
692 801 1024 844 communicavit

205 876 378 916 corpus:
400 868 442 904 et
459 862 616 902 horum
635 872 714 901 nos
733 858 838 899 nihil
857 871 881 899 a
900 857 1024 898 malis

204 919 369 960 avertit.
411 920 460 969 lx'g.
490 918 585 968 Ego
605 930 700 957 sum
718 915 854 967 panis.
874 915 960 955 152.
998 965 1002 971 ι

428 996 475 1034 Ι11
496 995 565 1033 ΠΙ.
586 993 805 1032 ΝοοῒὶΠ-Ῑιο.

210 1058 359 1099 Lectio
385 1057 523 1098 sancti
541 1054 764 1105 Evangelii
779 1053 1025 1108 ‚seeundum

502 1113 526 1153 J
530 1115 724 1153 oannem.

309 1174 457 1214 Lectio
483 1173 549 1213 vii.
721 1172 820 1221 Cap.
842 1172 878 1209 (j.
900 1169 922 1208 f.

253 1250 280 1277 n
305 1236 379 1277 illo
404 1237 619 1288 tempore:
646 1236 766 1276 Dixit
788 1235 813 1276 J
815 1248 913 1276 esus
938 1240 1022 1276 tur—

271 1292 338 1334 bis
357 1291 624 1333 Judaeorum:
652 1292 763 1334 Caro
788 1305 899 1341 mea,
923 1304 1025 1333 vere

207 1354 272 1390 est
301 1348 442 1398 cibus,
475 1354 519 1390 et
548 1349 722 1399 sanguis
749 1361 891 1398 meus,
923 1360 1025 1390 vere

207 1410 273 1446 est
290 1409 431 1457 potus.
459 1405 515 1446 Et
534 1405 710 1457 reliqua.

266 1477 329 1519 De
359 1477 551 1518 Homilia
579 1477 717 1518 sancti
742 1477 976 1527 Augustini

506 1534 727 1586 Episcopi.

265 1597 389 1631 Truct.
406 1594 456 1628 27.
476 1594 513 1627 in
531 1593 667 1626 Jounn.
687 1596 772 1625 ante
792 1590 967 1625 medium.

220 1671 224 1702 2
240 1662 304 1702 VJ>
337 1646 501 1695 iximus,
517 1646 683 1694 fratres,
696 1645 781 1687 hoc
790 1646 1028 1687 Dominum

220 1696 309 1758 {iffi
352 1702 682 1743 commendasse
718 1702 761 1742 in
797 1701 1026 1743 manduca-

221 1752 286 1784 ’Β
351 1758 468 1800 tione
489 1758 630 1800 carnis
654 1771 756 1807 suae,
781 1763 823 1799 et
843 1759 1028 1810 potatio-

209 1826 262 1855 ne
286 1815 505 1865 sanguinis
529 1815 604 1864 sui,
629 1820 675 1855 ut
698 1815 741 1855 in
765 1814 839 1855 illo
858 1817 1027 1856 manea-

210 1883 323 1918 mus,
351 1876 394 1911 et
421 1871 514 1923 ipse
542 1871 585 1912 in
612 1870 749 1912 nobis.
803 1871 1028 1912 Manemus

210 1931 354 1967 autem
374 1927 418 1967 in
438 1927 524 1977 illo,
549 1940 645 1968 cum
669 1940 816 1968 sumus
835 1926 1028 1968 membra

211 1983 319 2034 ejus:
350 1989 494 2024 manet
523 1988 667 2024 autem
695 1984 788 2036 ipse
821 1983 863 2023 in
892 1983 1029 2033 nobis,

210 2051 310 2079 cum
333 2052 481 2080 sumus
503 2040 713 2092 templum
737 2040 837 2091 ejus.
876 2040 935 2081 Ut
958 2053 1028 2081 au-

210 2099 299 2136 tem
317 2095 451 2136 simus
465 2095 659 2137 membra
675 2097 774 2147 ejus,
793 2096 934 2137 unitas
949 2109 1029 2138 nos

210 2151 502 2203 compaginat:
520 2157 567 2193 ut
585 2152 860 2204 compaginet
876 2153 1028 2202 unitas,

212 2220 309 2259 quae
331 2207 443 2257 facit,
467 2208 547 2248 nisi
571 2207 750 2250 caritas?
790 2209 846 2250 Et
870 2209 1030 2250 caritas

211 2263 294 2304 Dei
325 2262 464 2304 unde?
509 2264 770 2316 Apostolum
800 2266 1031 2316 interroga.

213 2319 396 2369 Caritas,
424 2320 579 2372 inquit,
608 2321 689 2362 Dei
716 2321 872 2363 diffiisa
898 2326 964 2363 est
988 2322 1030 2362 in

213 2376 418 2418 cordibus
438 2377 596 2418 nostris
617 2390 695 2430 per
713 2378 919 2430 Spiritum
939 2391 1031 2420 san-

213 2437 341 2482 ctum,
362 2433 434 2484 qui
454 2432 580 2474 datus
602 2439 667 2474 est
685 2434 821 2475 nobis

265 2490 314 2540 R«.
340 2489 423 2539 Qui
442 2489 686 2532 manducat.
714 2491 800 2531 154.

495 2549 644 2589 Lcctio
666 2549 747 2588 viii.
943 2568 949 2574 -

214 2601 373 2707 Ergo
406 2606 584 2658 spiritus
619 2612 685 2647 est
719 2608 791 2658 qui
827 2608 1034 2649 vivificat:

323 2663 499 2715 spiritus
524 2663 637 2704 enim
661 2663 763 2704 facit
786 2664 882 2705 viva
903 2677 1033 2705 mem-

214 2719 306 2761 bra:
331 2732 411 2761 nec
436 2720 534 2760 viva
557 2719 751 2760 membra
775 2721 952 2772 spiritus
976 2720 1034 2761 fa-

1075 294 1145 343 cit,
1168 293 1251 334 nisi
1275 305 1373 344 quae
1397 292 1440 332 in
1463 293 1662 344 corpore,
1686 292 1806 344 quod
1828 295 1898 334 ve-

1075 355 1194 400 getat
1211 350 1307 401 ipse
1325 348 1516 400 spiritus,
1534 347 1758 390 invenerit.
1784 348 1899 390 Nam

1075 407 1266 459 spiritus,
1288 405 1361 457 qui
1381 410 1447 446 est
1465 405 1509 445 in
1526 410 1582 454 te,
1603 417 1630 446 o
1646 404 1790 455 homo,
1811 419 1898 458 quo

1076 468 1252 504 constas
1267 467 1315 503 ut
1329 461 1462 502 homo
1479 461 1551 510 sis,
1569 461 1780 514 numquid
1794 462 1898 503 vivi-

1075 520 1177 560 ficat
1213 517 1457 560 membrum
1494 517 1615 569 quod
1650 520 1899 570 separatum

1075 575 1287 616 invenerit
1319 587 1345 615 a
1377 587 1506 616 carne
1538 572 1636 616 tua?
1690 574 1900 627 Spiritum

1075 638 1198 674 tuum
1225 631 1324 673 dico
1352 631 1540 672 animam
1567 635 1698 671 tuam.
1742 630 1900 672 Anima

1075 694 1150 730 tua
1166 701 1253 729 non
1269 688 1470 737 vivificat,
1489 687 1571 728 nisi
1589 686 1785 729 membra
1801 699 1899 739 quae

1077 749 1177 786 sunt
1199 745 1243 785 in
1270 757 1400 785 carne
1425 748 1515 785 tua:
1541 757 1675 785 unum
1700 743 1737 784 si
1759 743 1901 794 tollas,

1077 802 1160 852 jam
1184 813 1271 841 non
1299 800 1544 842 vivificatur
1568 812 1622 841 ex
1647 800 1791 841 anima
1814 805 1901 850 tua,
1937 843 1939 846 ,

1079 858 1179 909 quia
1206 857 1362 899 unitati
1395 856 1595 909 corporis
1622 856 1686 897 tui
1715 869 1803 898 non
1831 869 1900 898 co-

1076 914 1262 966 pulatur.
1503 929 1506 932 ⁴

1130 972 1181 1023 R*-
1206 970 1325 1012 Misit
1343 982 1413 1011 me
1431 969 1593 1010 vivens.
1619 969 1708 1010 154.

1378 1033 1529 1075 Lectio
1550 1033 1603 1072 ix.

1173 1104 1238 1134 aec
1257 1091 1469 1141 dicuntur,
1488 1096 1537 1133 ut
1557 1092 1750 1133 amemus
1765 1091 1902 1133 unita-

1197 1153 1305 1197 tem,
1336 1153 1380 1190 et
1406 1148 1637 1190 timeamus
1666 1147 1903 1200 separatio-

1078 1217 1188 1246 nem.
1230 1204 1351 1246 Nihil
1375 1205 1489 1246 enim
1514 1204 1577 1246 sic
1602 1203 1735 1246 debet
1757 1203 1902 1245 formi-

1079 1261 1183 1303 dare
1203 1261 1486 1310 Christi-anus,
1513 1271 1643 1313 quam
1662 1260 1860 1313 separari
1878 1272 1904 1301 a

1079 1321 1266 1370 corpore
1282 1317 1453 1359 Christi.
1481 1318 1526 1359 Si
1546 1317 1659 1358 enim
1675 1318 1904 1370 separatur

1080 1388 1106 1416 a
1134 1377 1322 1427 corpore
1350 1374 1531 1424 Christi,
1562 1386 1651 1415 non
1678 1378 1746 1415 est
1771 1385 1903 1414 mem-

1081 1431 1208 1472 brum
1239 1431 1348 1482 ejus:
1383 1431 1419 1472 si
1448 1443 1536 1472 non
1566 1435 1632 1472 est
1659 1428 1904 1471 membrum

1080 1489 1189 1540 ejus,
1226 1500 1313 1529 non
1345 1489 1574 1538 vegetatur
1611 1486 1766 1539 spiritu
1802 1487 1904 1538 ejus.

1080 1544 1287 1596 Quisquis
1310 1549 1467 1594 autem,
1490 1543 1630 1595 inquit
1648 1542 1906 1595 Apostolus,

1079 1601 1287 1654 Spiritum
1325 1600 1487 1642 Christi
1523 1611 1611 1640 non
1646 1598 1798 1641 habet:
1833 1598 1904 1640 hic

1079 1670 1167 1699 non
1186 1662 1254 1699 est
1273 1657 1374 1709 ejus.
1401 1656 1587 1709 Spiritus
1607 1668 1712 1707 ergo
1733 1659 1811 1704 est,
1831 1655 1905 1708 qui

1079 1713 1287 1763 vivificat,
1313 1726 1416 1754 caro
1441 1717 1586 1754 autem
1610 1724 1699 1753 non
1720 1711 1905 1764 prodest

1081 1770 1331 1823 quidquam.
1371 1769 1532 1819 Verba,
1558 1781 1657 1821 quae
1681 1780 1764 1819 ego
1787 1767 1905 1809 locu—

1079 1833 1150 1869 tus
1169 1840 1266 1868 sum
1281 1826 1417 1876 vobis,
1438 1825 1615 1878 spiritus
1631 1830 1675 1867 et
1689 1825 1779 1866 vita
1794 1829 1905 1866 sunt.

1082 1882 1197 1935 Quid
1229 1888 1315 1933 est,
1351 1883 1538 1935 Spiritus
1575 1887 1620 1923 et
1654 1881 1745 1924 vita
1781 1878 1904 1923 sunt?

1081 1940 1342 1993 Spiritaliter
1368 1938 1649 1990 intelligenda
1677 1942 1788 1979 sunt.
1837 1938 1905 1978 In-

1080 1997 1287 2038 tellexisti
1314 1993 1594 2049 spiritaliter?
1648 1994 1834 2047 Spiritus
1862 1998 1907 2035 et

1082 2054 1170 2095 vita
1199 2058 1310 2094 sunt.
1364 2051 1622 2094 Intellexisti
1651 2048 1904 2092 carnaliter?

1082 2110 1225 2151 Etiam
1244 2109 1306 2151 sic
1327 2109 1401 2150 illa
1423 2108 1604 2161 spiritus
1625 2111 1668 2148 et
1686 2107 1776 2148 vita
1795 2110 1906 2156 sunt,

1083 2165 1161 2208 sed
1187 2166 1267 2208 tibi
1294 2178 1383 2207 non
1410 2169 1521 2206 sunt.
1588 2201 1594 2208 .

1140 2229 1197 2269 Te
1217 2228 1359 2269 Deum
1377 2225 1616 2268 laudamus.
1643 2226 1700 2266 13.

1313 2308 1392 2350 Ad
1413 2308 1678 2358 vesperas.

1136 2372 1223 2405 Ant.
1245 2374 1281 2404 ct
1298 2370 1358 2404 Ps.
1376 2373 1416 2403 ut
1436 2369 1474 2402 in
1491 2368 1516 2402 1.
1534 2368 1650 2410 Vesp.
1670 2367 1766 2401 festi.
1782 2368 1852 2402 144.

1138 2428 1395 2480 Capitulum.
1587 2427 1614 2466 1.
1630 2426 1750 2466 Joafi.
1766 2425 1802 2464 3.
1818 2422 1856 2464 b.

1088 2484 1364 2592 Carissimi:
1390 2488 1539 2534 Noh'te
1562 2486 1726 2536 mirari,
1753 2486 1791 2527 si
1814 2485 1909 2527 odit

1175 2559 1255 2588 vos
1268 2545 1473 2586 mundus.
1506 2545 1600 2586 Nos
1624 2544 1784 2585 scimus
1805 2543 1908 2594 quo-

1086 2604 1201 2644 niam
1224 2601 1423 2644 translati
1449 2614 1598 2642 sumus
1617 2599 1672 2641 de
1691 2603 1833 2640 morte
1853 2597 1910 2639 ad

1086 2660 1236 2708 vitam,
1265 2659 1471 2711 quoniam
1499 2656 1716 2707 diligimus
1743 2655 1910 2696 fratres.

1139 2719 1347 2769 Hymnus
1380 2718 1522 2770 Pange
1541 2717 1698 2768 lingua.
1717 2717 1806 2757 146.
