2040 2976
208 212 258 246 20

825 212 1020 245 Dominica
1048 212 1094 245 ad
1120 212 1293 246 l’rimum.

261 309 383 349 Tunc
402 321 485 348 non
506 307 755 353 eonfi'mdar,
774 308 796 331 ¹⁸¹
817 319 914 347 eum
930 319 1023 358 per-

210 366 393 416 spexero
412 364 453 403 in
474 363 674 404 omnibus
694 362 909 403 mandatis
928 362 1023 403 tuis.

262 419 510 461 Confitebor
528 419 607 460 tibi
622 420 663 460 in
680 419 917 460 directione
933 431 1023 459 cor-

209 474 288 516 dis:
307 477 329 499 *
348 476 388 515 in
415 488 467 516 eo
494 475 611 527 quod
636 474 765 516 didici
787 473 942 525 judicia
966 475 1022 525 ju-

209 532 335 572 stitiae
355 537 451 572 tuae.

256 587 593 629 Justificatit'mes
629 593 725 628 tuas
762 586 1022 628 custddiam:

206 644 228 667 *
282 656 367 683 non
420 657 488 684 me
541 643 814 695 derelinquas
868 656 1021 695 usque-

210 701 391 751 quaque.

256 755 305 795 In
351 768 437 807 quo
483 756 659 806 cdrrigit
704 755 1021 797 adolescentior

206 811 317 851 viam
347 810 489 852 suam?
510 812 593 852 *in
622 811 906 853 custodiendo
935 825 1020 853 ser-

205 869 356 908 menes
376 874 485 909 tuos.

256 924 304 963 In
329 928 422 965 toto
447 924 578 966 corde
604 938 700 966 meo
727 925 938 977 exquisivi
962 930 1020 966 te:

205 979 226 1003 *
246 992 298 1020 ne
319 980 503 1032 repellas
522 994 590 1022 me
610 994 634 1021 a
653 980 867 1022 mandatis
886 981 981 1022 tuis.

255 1035 303 1075 In
329 1035 460 1078 corde
485 1050 582 1078 meo
612 1036 819 1078 abscendi
848 1037 1019 1089 elaquia

203 1095 291 1132 tua:
309 1092 331 1115 *
353 1098 398 1133 ut
418 1105 503 1133 non
522 1106 698 1145 peccem
718 1093 805 1134 tibi.

256 1147 516 1189 Benedictus
549 1162 594 1190 es
626 1150 830 1190 Damine:
858 1151 880 1174 *
910 1150 1019 1191 doce

203 1216 271 1244 me
291 1204 614 1254 justificatidnes
634 1211 741 1246 tuas.

253 1259 300 1300 In
347 1259 471 1301 lzibiis
515 1262 642 1310 meis,
679 1263 701 1286 *
742 1263 1019 1314 pronuntiavi

202 1316 344 1356 6mnia
362 1316 518 1367 judicia
538 1318 624 1358 oris
645 1319 718 1359 tui.

251 1372 298 1411 In
342 1372 407 1413 via
453 1374 798 1415 testimoniorum
843 1378 1017 1417 tudrum

201 1426 440 1469 delectatus
460 1443 565 1479 sum,
584 1432 606 1454 *
627 1431 738 1472 sieut
756 1431 799 1471 in
816 1433 1016 1474 omnibus

200 1482 370 1524 divitiis.

251 1539 299 1579 In
319 1540 533 1582 mandatis
553 1543 638 1582 tuis
658 1543 910 1585 exercebor:
930 1546 952 1570 *
973 1551 1017 1587 et

202 1595 486 1638 considerabo
507 1598 598 1638 vias
617 1603 724 1639 tuas.

252 1651 300 1691 In
324 1652 695 1702 justificatidnibus
724 1656 809 1696 tuis
838 1657 1016 1699 medita-

201 1705 299 1746 bor:
335 1709 357 1732 *
394 1722 478 1749 non
520 1709 750 1752 obliviscar
793 1716 1016 1755 sermo'nes

202 1767 310 1803 tuos.

207 1866 452 1971 Retribue
473 1886 598 1915 servo
619 1879 710 1924 tuo,
739 1876 908 1918 vivifica
932 1891 1015 1919 me:

307 1928 329 1951 *
350 1933 392 1968 et
407 1929 649 1971 cust6diam
669 1934 890 1974 sermdnes
906 1938 1014 1974 tuos.

252 1982 414 2024 Revela
438 1985 587 2026 Oculos
610 2000 746 2028 meos:
765 1989 788 2014 *
812 1994 855 2030 et
878 1991 1014 2031 consi-

201 2036 364 2080 derabo
383 2041 592 2082 mirabilia
612 2042 665 2084 de
685 2043 778 2094 lege
798 2050 882 2085 tua.

251 2094 398 2136 Incola
427 2109 507 2146 ego
536 2111 630 2139 sum
658 2099 699 2139 in
728 2106 858 2141 terra:
882 2102 903 2126 *
928 2095 1013 2143 n'on

200 2148 442 2192 abscendas
462 2165 485 2193 a
505 2167 573 2194 me
592 2155 794 2197 mandata
814 2162 896 2198 tua.

253 2206 510 2260 Concupivit
541 2211 682 2252 anima
719 2226 814 2253 mea
846 2213 1013 2256 deside-

201 2263 295 2302 rare
315 2263 640 2313 justificatidnes
659 2273 770 2317 tuas,
789 2270 811 2294 *
831 2269 872 2309 in
898 2272 1013 2311 omni

199 2318 404 2370 tempore.

252 2374 487 2427 Increpasti
507 2379 733 2430 superbos:
753 2381 775 2405 *
795 2382 1012 2424 maledicti

200 2429 273 2481 qui
292 2429 508 2474 declinant
527 2447 550 2474 a
569 2435 784 2477 mandatis
804 2438 900 2478 tuis.

250 2486 384 2528 Aufer
403 2500 427 2528 a
447 2502 515 2530 me
536 2491 833 2543 opprObrium,
853 2500 895 2535 et
914 2508 1012 2535 con-

197 2542 427 2606 temptum:
459 2546 481 2570 *
516 2547 614 2597 quia
654 2549 897 2591 testimenia
938 2557 1011 2592 tua

197 2600 418 2649 exquisivi.

248 2654 418 2695 Etenim
456 2656 658 2700 sederunt
694 2662 926 2714 principes,
969 2670 1011 2704 et

197 2708 425 2753 adversum
455 2726 522 2754 me
551 2713 853 2767 loquebantur:
878 2720 900 2743 *
925 2733 1010 2761 ser-

1079 318 1157 345 vus
1180 310 1324 346 autem
1347 310 1447 346 tuus
1472 304 1759 346 exercebatur
1782 305 1826 345 in
1844 305 1902 356 ju-

1078 360 1411 402 stifieatidnibus
1430 361 1526 402 tuis.

1127 417 1239 458 Nam
1260 422 1303 458 et
1320 417 1568 458 testimdnia
1582 421 1658 458 tua
1672 415 1901 458 meditatio

1076 487 1171 514 mea
1198 479 1277 514 est:
1301 474 1324 498 *
1350 478 1392 514 et
1420 473 1650 514 eonsilium
1674 486 1819 514 meum
1842 473 1901 525 ju·

1076 530 1360 571 stificatic'mes
1380 534 1477 570 tuae.

1126 586 1327 627 Adhaesit
1350 586 1600 638 pavimento
1627 585 1772 626 anima
1789 599 1901 628 mea:

1074 643 1097 667 *
1130 643 1299 683 vivifica
1334 655 1403 683 me
1441 641 1683 683 secundum
1718 641 1900 684 verbum

1074 704 1205 739 tuum.

1125 755 1232 796 Vias
1248 768 1367 796 meas
1383 754 1615 804 enuntiavi,
1627 759 1671 796 et
1682 754 1899 797 exaudisti

1074 824 1156 852 me:
1178 813 1200 836 *
1221 811 1330 852 doce
1350 824 1419 852 me
1439 811 1770 863 justificatidnes
1790 816 1899 853 tuas.

1124 868 1253 909 Viam
1272 867 1625 919 justificatidnum
1647 869 1821 909 tuarum
1839 870 1899 909 in-

1073 929 1191 965 strue
1219 938 1302 966 me:
1322 925 1343 949 *
1365 930 1408 966 et
1436 923 1676 965 exercebor
1703 923 1747 964 in
1774 925 1899 966 mira-

1072 979 1230 1021 bilibus
1250 981 1346 1022 tuis.

1123 1037 1386 1078 Dormitavit
1411 1037 1552 1077 anima
1577 1049 1675 1078 mea
1701 1050 1795 1090 prae
1823 1039 1898 1079 tae-

1073 1091 1160 1133 dio:
1179 1094 1202 1118 *
1222 1094 1432 1134 confirma
1450 1107 1520 1134 me
1541 1096 1584 1134 in
1604 1093 1750 1135 verbis
1770 1094 1868 1136 tuis.

1123 1149 1253 1190 Viam
1276 1150 1518 1202 iniquitatis
1544 1152 1700 1191 amove
1724 1163 1750 1191 a
1771 1163 1856 1192 me:
1874 1150 1899 1176 *

1072 1210 1115 1246 et
1135 1205 1188 1247 de
1207 1206 1302 1256 lege
1321 1211 1395 1247 tua
1414 1207 1622 1248 miserere
1640 1207 1737 1248 mei.

1121 1263 1250 1303 Viam
1266 1263 1462 1304 veritatis
1478 1262 1603 1314 elegi:
1613 1264 1636 1289 *
1648 1263 1807 1315 judicia
1821 1268 1898 1305 tua

1069 1331 1156 1359 non
1176 1332 1271 1359 sum
1292 1319 1464 1360 oblitus.

1121 1374 1302 1416 Adhaesi
1313 1377 1573 1417 testimoniis
1584 1377 1682 1426 tuis,
1693 1377 1896 1419 D6mine:

1068 1432 1091 1455 *
1110 1431 1198 1472 noli
1217 1445 1286 1473 me
1306 1433 1584 1475 confundere.

1120 1488 1248 1528 Viam
1280 1488 1587 1531 mandaterum
1619 1491 1795 1531 tudrum
1825 1503 1894 1532 cu-

1069 1545 1194 1593 curri,
1214 1546 1236 1569 *
1257 1558 1355 1586 eum
1375 1545 1569 1587 dilatasti
1589 1559 1666 1588 cor
1686 1559 1842 1588 meum.

1127 1610 1299 1654 Sequens
1324 1612 1551 1657 Symbolum
1583 1615 1724 1650 dicitur
1754 1616 1794 1651 in
1822 1617 1900 1652 Do-

1076 1658 1226 1692 minicis
1256 1664 1418 1698 tantum.
1457 1663 1613 1706 quando
1642 1663 1684 1699 fit
1712 1663 1819 1700 offic.
1852 1665 1900 1700 de

1076 1705 1275 1742 Dominica
1307 1714 1345 1743 ut
1378 1710 1412 1743 in
1439 1710 1629 1747 I'salterio
1655 1717 1691 1747 et
1720 1713 1760 1747 in
1783 1713 1900 1749 Festo

1075 1755 1129 1787 Ss.
1155 1755 1363 1791 Trinitatis

1202 1814 1454 1864 Symbolum
1475 1818 1514 1857 S.
1536 1818 1774 1860 Athanasii.

1075 1867 1385 1990 Quicumque
1418 1883 1511 1925 vult
1543 1883 1690 1925 salvus
1723 1897 1837 1934 esse,
1869 1884 1893 1910 '⁸¹

1174 1944 1272 1980 ante
1289 1940 1433 1980 Omnia
1448 1953 1559 1992 opus
1581 1946 1658 1990 est,
1677 1946 1726 1983 ut
1745 1943 1893 1983 teneat

1067 1992 1326 2036 cathelicam
1345 1995 1491 2037 fidem:

1118 2050 1257 2099 Quam
1280 2052 1362 2092 nisi
1388 2053 1573 2105 quisque
1597 2055 1813 2104 integram
1830 2053 1891 2095 in-

1067 2105 1358 2159 violatamque
1388 2109 1644 2159 servaverit,
1672 2110 1696 2136 *
1724 2109 1891 2162 absque

1067 2160 1201 2203 dubio
1220 2163 1263 2203 in
1284 2166 1494 2206 aeternum
1513 2165 1683 2218 peribit.

1118 2218 1247 2260 Fides
1276 2226 1420 2261 autem
1449 2222 1665 2264 catholica
1688 2222 1784 2264 haec
1809 2227 1890 2264 est:

1066 2274 1088 2297 *
1112 2279 1159 2315 ut
1186 2288 1318 2316 unum
1346 2277 1489 2318 Deum
1516 2279 1560 2319 in
1587 2279 1818 2328 Trinitate,
1847 2284 1890 2320 et

1066 2329 1322 2372 Trinitatem
1343 2333 1386 2373 in
1406 2334 1570 2376 unitate
1590 2337 1857 2376 veneremur.

1116 2386 1270 2438 Neque
1289 2389 1603 2432 confundentes
1622 2393 1850 2444 personas,
1865 2393 1889 2417 ¹⁸¹

1066 2454 1205 2494 neque
1225 2444 1513 2487 substantiam
1533 2450 1798 2500 separantes.

1116 2499 1214 2540 Alia
1229 2506 1296 2542 est
1311 2502 1423 2542 enim
1436 2506 1625 2554 persc'ma
1634 2504 1788 2554 Patris,
1804 2500 1889 2546 'alia

1065 2554 1172 2603 Filii,
1192 2557 1214 2580 *
1235 2557 1318 2598 alia
1337 2558 1524 2610 Spiritus
1545 2560 1698 2602 saneti:

1115 2611 1200 2652 Sed
1227 2613 1385 2662 Patris,
1413 2620 1456 2656 et
1483 2616 1595 2666 Filii,
1629 2622 1672 2658 et
1699 2617 1888 2670 Spiritus

1065 2668 1202 2708 sancti
1226 2682 1309 2710 una
1333 2676 1399 2711 est
1423 2670 1642 2722 divinitas,
1661 2674 1684 2698 *
1704 2673 1886 2726 aequalis

1061 2721 1210 2772 g16ria,
1230 2728 1447 2768 coaeterna
1466 2729 1680 2779 majestas.
