2040 2976
186 208 237 244 70
741 207 849 241 Feria
873 206 1004 249 quinta
1030 204 1078 238 ad
1100 203 1336 237 Matutinum.

189 252 1891 277 -—.-.-————-————-———-————-——-—

249 307 419 352 l’raesta,
445 302 578 343 Pater
603 299 809 353 piissime,

294 361 498 411 Patrique
527 369 707 409 compar
734 355 882 404 Unice,

296 418 403 458 Cum
430 414 595 467 Spiritu
620 411 840 454 Paraclito

293 474 498 522 Regnans
517 483 597 523 per
621 481 749 511 omne
769 467 987 508 saeculum.

500 527 653 568 Amen.

248 590 344 629 Ant.
387 585 568 626 Domine
594 583 727 624 Deus.

465 643 657 683 l‘salmus
686 643 750 679 158.

202 698 443 766 &alvum
469 710 539 739 me
567 696 634 737 fac
658 695 792 736 Deus:
816 695 839 720 *
866 691 1014 745 quoni-

201 754 292 821 &a
324 768 394 795 am
420 755 688 796 intraverunt
720 763 845 803 aquae
877 761 1015 801 usque

199 818 201 828 ¹
226 816 262 828 ’Ψ
292 820 293 838 ¹
325 811 381 852 ad
410 810 597 851 animam
623 820 775 849 meam.

247 868 413 909 Infixus
437 880 531 908 sum
553 866 597 906 in
619 865 724 906 limo
749 861 969 916 profundi:
993 862 1016 888 *

198 930 241 967 et
267 937 354 966 non
382 928 448 965 est
475 921 730 964 substantia.

248 981 361 1023 Veni
388 981 430 1020 in
458 978 731 1021 altitudinem
757 976 902 1017 maris:
927 977 950 1002 *
974 979 1018 1016 et

197 1039 436 1090 tempestas
465 1035 670 1077 demersit
696 1046 776 1075 me.

249 1093 467 1135 Laboravi
494 1092 694 1140 clamans,
719 1102 863 1131 raucae
890 1089 1018 1129 factae

199 1156 299 1192 sunt
344 1150 490 1191 fauces
534 1161 659 1190 meae:
703 1149 726 1175 *
768 1146 1019 1188 defecerunt

200 1207 314 1248 oculi
349 1206 454 1256 mei,
491 1205 595 1247 dum
631 1216 760 1257 spero
797 1203 841 1243 in
876 1203 1019 1243 Deum

199 1276 353 1306 meum.

252 1318 527 1372 Multiplicati
555 1322 654 1359 sunt
682 1329 813 1368 super
839 1314 1020 1368 capillos

202 1377 355 1429 capitis
370 1376 464 1424 mei,
475 1377 498 1402 *
511 1375 584 1427 qui
599 1373 786 1415 oderunt
795 1385 864 1413 me
876 1372 1019 1423 gratis.

254 1432 498 1474 Consortati
542 1435 642 1472 sunt
687 1430 761 1483 qui
800 1428 1020 1482 persecuti

203 1494 302 1530 sunt
320 1501 389 1530 me
408 1487 570 1528 inimici
586 1487 673 1528 mei
691 1487 861 1536 iniuste:
879 1487 903 1512 *
925 1497 1022 1537 quae

203 1558 290 1586 non
318 1545 454 1597 rapui,
481 1548 584 1585 tunc
612 1542 902 1585 exsolvebam.

255 1602 375 1642 Deus
410 1606 458 1642 tu
494 1600 579 1641 scis
615 1598 906 1652 insipientiam
937 1610 1023 1639 me-

206 1671 291 1699 am:
328 1659 351 1684 *
388 1662 431 1699 et
472 1655 630 1698 delicta
665 1669 763 1698 mea
798 1668 823 1696 a
858 1660 902 1697 te
937 1668 1024 1696 non

207 1719 306 1756 sunt
333 1712 599 1755 abscondita.

257 1770 358 1812 Non
392 1769 648 1811 erubescant
680 1769 724 1809 in
756 1781 826 1809 me
855 1768 928 1820 qui
956 1781 1025 1809 ex-

209 1829 408 1880 spectant
451 1831 495 1868 te
539 1825 740 1874 Domine,
781 1827 804 1852 *
840 1825 1026 1866 Domine

209 1884 425 1925 virtutum.
691 1904 694 1908 -

260 1939 360 1981 Non
393 1938 709 1980 confundantur
741 1951 872 1991 super
903 1950 973 1979 me
1005 1940 1028 1965 *

212 1996 284 2048 qui
313 2000 511 2048 quaerunt
538 1999 594 2044 te,
620 1995 741 2036 Deus
768 1994 915 2035 Israel.

263 2052 476 2103 Quoniam
527 2056 708 2104 propter
752 2055 797 2096 te
849 2051 1030 2092 sustinui

212 2108 515 2162 opprobrium:
556 2110 579 2134 *
621 2108 794 2160 operuit
834 2107 1031 2149 confusio

212 2165 366 2206 faciem
392 2177 544 2206 meam.

263 2222 510 2263 Extraneus
539 2220 678 2261 factus
705 2233 800 2261 sum
828 2220 1033 2262 fratribus

213 2278 331 2326 meis,
358 2279 381 2304 *
410 2282 452 2319 et
478 2278 731 2330 peregrinus
759 2276 857 2317 filiis
884 2277 1034 2317 matris

214 2347 335 2375 meae.
487 2346 491 2352 ·

267 2390 482 2440 Quoniam
500 2389 619 2431 zelus
639 2389 795 2430 domus
812 2394 900 2430 tuae
921 2402 1035 2430 com-

216 2446 306 2488 edit
341 2459 425 2487 me:
461 2448 484 2473 *
525 2451 568 2487 et
609 2445 847 2498 opprobria
883 2458 1035 2498 expro-

216 2502 434 2544 brantium
446 2502 535 2551 tibi,
547 2501 796 2543 ceciderunt
811 2514 943 2554 super
957 2515 1037 2543 mc.

268 2559 325 2600 Et
345 2559 498 2611 operui
516 2559 558 2598 in
578 2558 732 2610 jejunio
753 2558 939 2598 unimam
952 2571 1038 2599 me-

218 2629 301 2657 am:
329 2617 352 2642 *
380 2621 423 2657 et
456 2615 618 2656 factum
646 2619 713 2656 est
739 2614 781 2654 in
812 2614 1038 2666 opprobri-

219 2685 291 2713 um
319 2671 433 2712 mihi.

271 2729 325 2770 Et
373 2728 501 2781 posui
547 2727 851 2769 vestimentum
896 2740 1041 2769 meum

1063 293 1264 336 cilicium:
1295 293 1319 319 *
1351 294 1395 332 et
1428 289 1570 331 factus
1600 299 1698 328 sum
1730 285 1816 327 illis
1847 285 1891 326 in

1065 348 1332 404 parabolam.

1115 405 1363 447 Adversum
1389 415 1460 444 me
1485 399 1792 453 loquebantur,
1818 398 1892 451 qui

1065 462 1276 505 sedebant
1294 461 1338 501 in
1353 463 1499 513 porta:
1522 458 1546 485 *
1566 460 1611 498 et
1628 456 1672 497 in
1690 468 1761 498 me
1780 454 1893 508 psal-

1064 520 1213 562 lebant
1242 517 1317 570 qui
1342 515 1552 559 bibebant
1578 513 1739 555 vinum.

1117 576 1211 627 Ego
1248 587 1354 616 vero
1389 571 1633 614 orationem
1665 582 1809 611 meam
1838 568 1895 610 ad

1066 638 1111 675 te
1138 631 1340 673 Domine:
1371 631 1395 658 *
1422 633 1598 681 tempus
1629 625 1896 679 beneplaciti

1066 690 1199 731 Deus.

1118 747 1169 786 In
1187 742 1465 786 multitudine
1479 739 1792 782 misericordiae
1806 744 1896 781 tuae

1069 801 1227 845 exaudi
1262 814 1347 842 me:
1382 801 1407 827 *
1443 799 1487 840 in
1522 797 1708 839 veritate
1744 795 1898 838 salutis

1067 865 1172 902 tuae:

1120 915 1252 967 Eripe
1285 926 1355 955 me
1389 912 1444 954 de
1470 911 1582 961 luto,
1615 914 1665 951 ut
1691 922 1780 952 non
1806 909 1899 950 infi-

1069 985 1161 1024 gar:
1189 973 1212 998 *
1238 970 1376 1012 libera
1408 981 1479 1010 me
1508 967 1562 1010 ab
1590 967 1659 1017 iis,
1695 966 1771 1019 qui
1798 965 1899 1007 ode-

1070 1034 1170 1070 runt
1188 1040 1269 1078 me,
1289 1032 1332 1069 et
1352 1026 1406 1068 de
1423 1023 1655 1079 profundis
1675 1024 1901 1076 aquarum.

1121 1085 1223 1126 Non
1267 1096 1336 1125 me
1386 1082 1612 1133 demergat
1659 1081 1901 1133 tempestas

1072 1155 1218 1195 aquae,
1254 1153 1398 1193 neque
1431 1137 1667 1181 absorbeat
1698 1149 1769 1178 me
1801 1148 1901 1189 pro-

1072 1198 1267 1240 fundum:
1286 1199 1310 1224 *
1329 1209 1473 1249 neque
1497 1198 1652 1247 urgeat
1676 1206 1810 1246 super
1831 1205 1902 1234 me

1072 1259 1232 1309 puteus
1261 1268 1311 1296 os
1339 1266 1478 1295 suum.

1123 1311 1295 1353 Exaudi
1333 1323 1404 1353 me
1443 1309 1648 1358 Domine,
1697 1307 1904 1360 quoniam

1072 1370 1259 1421 benigna
1301 1373 1367 1410 est
1409 1364 1711 1408 misericordia
1745 1369 1840 1405 tua:
1880 1364 1904 1390 *

1074 1425 1314 1468 secundum
1340 1422 1668 1466 multitudinem
1694 1419 1904 1462 miserati-

1075 1486 1208 1524 onum
1234 1484 1411 1524 tuarum
1437 1480 1609 1533 respice
1635 1479 1680 1519 in
1706 1490 1789 1519 me.

1126 1541 1183 1582 Et
1218 1552 1272 1581 ne
1314 1540 1487 1580 avertas
1529 1536 1686 1577 faciem
1722 1539 1845 1576 tuam
1881 1545 1907 1573 a

1076 1600 1214 1650 puero
1233 1602 1330 1639 tuo:
1349 1597 1373 1623 *
1394 1594 1601 1648 quoniam
1618 1590 1816 1640 tribulor,
1835 1602 1906 1631 ve-

1076 1654 1231 1696 lociter
1259 1652 1420 1695 exaudi
1445 1663 1528 1693 me.

1128 1710 1313 1753 Intende
1347 1709 1503 1751 animae
1534 1718 1661 1756 meae,
1695 1709 1740 1747 et
1769 1703 1909 1746 libera

1079 1781 1193 1809 eam:
1238 1769 1262 1795 *
1306 1771 1491 1820 propter
1536 1764 1735 1805 inimicos
1784 1772 1908 1802 meos

1080 1825 1198 1876 eripe
1225 1837 1307 1866 me.

1131 1882 1200 1922 Tu
1227 1881 1313 1922 seis
1339 1878 1657 1933 improperium
1683 1887 1841 1924 meum,
1865 1877 1910 1915 et

1082 1937 1382 1979 confusionem
1408 1949 1563 1986 meam,
1587 1936 1611 1962 *
1639 1937 1684 1976 et
1709 1932 1910 1974 reveren-

1082 1995 1188 2036 tiam
1214 2007 1368 2036 meam.

1134 2051 1186 2092 In
1222 2052 1463 2104 conspectu
1498 2054 1577 2092 tuo
1614 2051 1716 2090 sunt
1758 2057 1911 2088 omnes

1085 2108 1160 2160 qui
1187 2107 1397 2150 tribulant
1424 2119 1512 2156 me,
1543 2108 1567 2133 *
1595 2102 1913 2158 improperium

1085 2164 1358 2217 exspectavit
1395 2176 1472 2205 cor
1507 2175 1670 2212 meum,
1709 2165 1752 2203 et
1787 2159 1912 2200 mise-

1085 2234 1205 2261 riam.

1138 2278 1194 2318 Et
1222 2277 1408 2319 sustinui
1434 2276 1510 2329 qui
1535 2274 1665 2317 simul
1687 2273 1914 2316 contrista-

1087 2335 1216 2383 retur,
1244 2339 1287 2376 et
1314 2346 1402 2375 non
1429 2334 1526 2375 fuit:
1544 2334 1568 2360 *
1588 2337 1632 2374 et
1659 2331 1734 2384 qui
1761 2341 1914 2371 conso-

1087 2390 1261 2440 laretur,
1290 2395 1333 2432 et
1360 2403 1449 2431 non
1475 2389 1631 2431 inveni.

1140 2447 1196 2488 Et
1241 2446 1457 2488 dederunt
1499 2447 1543 2487 in
1584 2458 1731 2487 escam
1773 2454 1918 2484 meam

1091 2502 1161 2544 fel:
1197 2504 1220 2530 *
1254 2508 1297 2544 et
1333 2503 1377 2543 in
1414 2503 1484 2545 siti
1518 2515 1618 2544 mea
1652 2501 1918 2555 potaverunt

1090 2572 1159 2600 me
1188 2562 1325 2601 aceto.

1142 2615 1238 2657 Fiat
1268 2629 1418 2657 mensa
1451 2618 1604 2657 eorum
1637 2627 1786 2657 coram
1812 2612 1919 2665 ipsis

1092 2672 1134 2712 in
1161 2671 1378 2724 laqueum,
1405 2674 1429 2700 *
1458 2678 1501 2714 et
1527 2673 1571 2713 in
1598 2670 1920 2718 retributiones,

1093 2733 1136 2770 ct
1167 2728 1209 2768 in
1237 2729 1502 2770 scandalum.
