2040 2976
179 201 269 246 [132]

181 300 281 352 quia
301 298 385 340 sibi
402 298 463 338 nil
482 298 655 346 retinet,
681 297 827 338 omnia
851 309 929 338 sua
949 296 1008 337 di-

180 355 361 408 spergit,
407 353 483 395 dat
519 352 804 406 pauperibus,
849 352 1011 405 justitia

180 413 270 463 ejus
294 415 441 451 manet
464 410 508 450 in
528 409 739 450 saeculum
757 409 917 451 saeculi.
954 409 1011 449 Et

179 468 274 509 haec
301 472 368 508 est
388 466 564 518 sapiens
582 465 656 506 illa
676 465 859 507 stultitia
879 477 1010 517 quam

178 524 233 566 de
254 525 487 575 schmoro
506 521 766 574 publicanus
787 521 911 573 quasi
927 521 1010 561 fru-

179 585 297 622 ctum
323 579 425 620 vitae
451 578 633 628 legerat:
661 582 788 630 rapta
806 576 1010 618 videlicet

178 635 381 684 reddere,
409 634 590 687 propria
617 633 880 686 relinquere,
913 632 1010 673 visi-

178 692 282 734 bilia
301 692 597 739 contemnere,
620 703 702 742 pro
721 688 1011 730 invisibilibus

180 749 311 790 etiam
347 747 461 788 mori
500 745 771 796 desiderare,
817 747 1011 797 seipsum

179 804 416 855 abnegare,
445 808 488 844 et
513 803 618 854 ejus,
649 802 723 854 qui
745 801 934 843 necdum
953 800 1011 841 vi-

180 861 347 909 deatur,
366 859 546 900 Domini
565 858 752 908 vestigia
772 857 897 909 sequi
912 869 1011 898 con-

181 919 419 969 cupiscere.
477 918 539 957 Te
562 914 716 955 Deum.
737 915 802 964 213.

542 985 758 1014 *ww—j
782 998 786 999 ν

472 1054 523 1093 In
545 1053 714 1101 Octava

266 1109 629 1160 Dedicationis
660 1107 929 1158 Ecclesiae.

502 1185 689 1237 Duplex.

230 1248 368 1282 Omnia
398 1253 438 1283 ut
464 1249 501 1282 in
528 1250 606 1291 die,
639 1254 781 1292 praeter
804 1250 1009 1284 Lectiones

177 1296 222 1330 ΙΙ.
247 1296 447 1330 Nocturni.

200 1365 271 1403 Ex
289 1360 491 1414 Epistola
509 1359 651 1412 prima
671 1358 811 1399 sancti
828 1357 988 1399 Felicis

440 1416 577 1468 Papae
599 1414 753 1467 quarti.

300 1482 357 1516 De
384 1482 564 1516 Consecr.
591 1482 678 1516 dist.
704 1482 732 1516 1.
758 1492 840 1525 cap„
860 1482 890 1515 2.

483 1534 635 1574 Lectio
656 1535 709 1573 iv.

256 1600 294 1643 ,ᾗ
308 1584 619 1628 abernaculum
637 1584 840 1636 Moysen,
864 1583 1014 1624 Domi-

188 1635 227 1699 {2²³3ss
257 1636 300 1700 3·
321 1655 377 1683 no
393 1641 691 1694 praecipiente,
710 1640 867 1681 fecisse
889 1644 932 1680 et
951 1651 1015 1679 sa-

321 1700 486 1746 crasse,
515 1709 615 1738 cum
639 1708 792 1737 mensa
817 1700 862 1737 et
889 1695 1017 1736 altari

183 1755 289 1805 ejus,
316 1758 360 1795 et
380 1753 538 1795 ceteris
557 1752 673 1793 vasis
694 1757 738 1793 et
756 1750 1016 1793 utensilibus

184 1810 240 1852 ad
260 1810 455 1851 divinum
474 1809 640 1850 cultum
660 1807 940 1860 explendum,
959 1807 1016 1848 le-

184 1867 342 1917 gimus:
368 1871 413 1907 et
431 1878 519 1906 non
539 1864 682 1906 solum
702 1864 859 1905 divinis
878 1864 1016 1916 preci-

183 1923 266 1964 bus
292 1935 343 1964 ea
369 1923 584 1971 sacresse,
614 1920 693 1962 sed
719 1920 850 1962 etiam
878 1920 1017 1961 sancti

185 1978 271 2020 olei
286 1978 501 2027 unctione,
513 1977 704 2018 Demino
719 1976 905 2028 jubente,
920 1989 1016 2029 per-

184 2035 332 2076 linisse
367 2035 580 2075 nevimus.
636 2033 834 2083 Qualiter
871 2038 1017 2074 autem

161 2090 281 2131 'haec
309 2090 424 2132 facta
452 2090 553 2140 sint,
586 2094 630 2131 et
662 2088 888 2141 quomodo
920 2089 1017 2142 ipsa

186 2159 311 2187 sacra
342 2159 430 2187 non
465 2145 553 2196 alii,
596 2158 727 2197 quam
762 2144 1017 2186 sacerdOtes

185 2215 310 2243 sacra
338 2202 543 2243 unctione
571 2201 771 2251 delibuti,
807 2201 1016 2242 Domino—

187 2270 271 2310 que
301 2270 401 2299 cum
428 2257 625 2299 vestibus
654 2258 816 2299 sanctis
845 2258 1016 2308 sacreti,

186 2319 230 2356 et
243 2313 410 2355 Levitae
427 2313 687 2363 tractabant,
707 2313 918 2363 ferebant,
939 2314 1016 2355 eri-

184 2369 347 2421 gebant
366 2374 410 2411 et
434 2369 728 2422 deponebant:
752 2370 796 2410 in
822 2370 929 2422 ipsis
955 2370 1016 2410 in—

185 2425 499 2475 stituti6nibus,
521 2438 618 2477 quae
634 2425 810 2477 jubente
824 2425 1016 2467 Dornino

185 2484 449 2534 conscriptae
484 2486 584 2522 sunt
615 2494 694 2534 per
725 2481 928 2533 Moysen,
973 2483 1016 2522 in

184 2538 282 2588 lege
301 2537 479 2579 Demini
498 2539 724 2589 reperitur.

239 2597 290 2647 Rt·
316 2593 557 2636 Orantibus
575 2593 618 2635 in
636 2594 748 2635 loco.
776 2593 873 2644 [118]

670 205 713 238 In
739 204 886 239 Octava
910 204 1179 239 Dedieationis
1204 203 1400 237 Ecclesiae.

1370 299 1524 341 Lectio
1544 313 1581 339 v.

1150 355 1307 396 ualiter
1333 367 1439 406 ergo
1464 354 1626 404 David,
1655 367 1809 406 regum
1833 355 1895 408 pi-

1167 412 1357 461 issimus,
1378 411 1711 464 amplificaverit
1730 410 1895 452 cultum

1063 468 1157 518 Dei,
1178 472 1222 509 et
1239 468 1453 520 templum
1467 467 1660 508 Domino
1675 466 1895 508 aedificare

1065 524 1270 573 voluerit,
1295 523 1375 565 sed
1393 528 1578 576 propter
1596 522 1782 564 multum
1802 524 1897 563 san-

1063 581 1239 632 guinem
1259 593 1389 632 quem
1404 579 1630 629 effuderat,
1649 578 1897 632 prohibitus

1066 642 1143 686 est,
1181 642 1224 678 et
1258 636 1354 688 ipse
1391 635 1631 686 collegerat
1668 637 1898 688 expensas:

1065 693 1274 734 Salomon
1304 704 1497 744 quoque,
1527 691 1642 732 filius
1672 691 1762 743 ejus
1788 691 1897 744 idip-

1066 762 1178 798 sum,
1215 748 1335 800 quod
1362 748 1458 800 ipse
1482 748 1628 789 facere
1655 749 1898 800 optaverat,

1066 804 1243 857 jubente
1263 809 1307 845 et
1325 803 1562 845 auxiliante
1580 804 1679 845 Deo
1702 803 1899 856 perfecit,

1068 866 1111 902 et
1129 860 1343 913 templum
1368 873 1468 901 cum
1492 859 1636 910 altari,
1665 864 1708 901 et
1731 859 1900 912 reliqua

1067 917 1124 958 ad
1161 917 1357 958 divinum
1398 916 1565 957 cultum
1600 915 1901 968 peragendum

1067 973 1357 1014 consecravit:
1388 973 1432 1013 in
1458 971 1574 1013 libro
1599 972 1772 1022 Regum
1798 971 1900 1023 legi-

1067 1034 1150 1070 tur.
1194 1029 1319 1071 Fecit
1349 1041 1456 1079 ergo
1485 1028 1694 1070 Salomon
1721 1028 1766 1069 in
1793 1029 1900 1070 tem-

1067 1098 1177 1138 pore
1196 1085 1273 1126 illo
1293 1085 1579 1127 festivitatem
1598 1084 1835 1134 celebrem,
1857 1089 1902 1126 et

1069 1142 1211 1183 omnis
1242 1141 1382 1183 Israel
1414 1154 1514 1183 cum
1546 1153 1620 1190 eo,
1663 1140 1900 1183 multitudo

1067 1211 1226 1249 magna
1258 1197 1313 1239 ab
1346 1197 1532 1239 intr6itu
1562 1196 1724 1238 Emath
1760 1209 1901 1249 usque

1069 1254 1126 1295 ad
1150 1254 1294 1295 rivum
1312 1253 1514 1306 AEgypti,
1540 1265 1691 1294 coram
1708 1253 1901 1294 Domino

1067 1311 1166 1352 Deo
1194 1315 1347 1352 nostro
1376 1314 1548 1362 septem
1574 1308 1744 1359 diebus,
1773 1314 1818 1351 et
1837 1321 1901 1350 se-

1069 1371 1191 1419 ptem
1211 1366 1378 1416 diebus,
1396 1366 1443 1407 id
1463 1370 1541 1415 est,
1568 1364 1902 1417 quatuordecim

1070 1422 1236 1472 diebuS‚
1256 1427 1300 1464 et
1318 1423 1363 1463 in
1382 1422 1452 1464 die
1472 1423 1630 1464 octava
1649 1421 1813 1464 dimisit
1825 1423 1902 1474 po-

1068 1479 1210 1531 pulos.

1117 1544 1168 1594 R.
1201 1539 1239 1580 O
1261 1551 1403 1591 quam.
1432 1539 1530 1591 [118]

1367 1622 1522 1663 Lectio
1542 1623 1596 1663 vi.

1206 1692 1263 1726 De
1290 1691 1450 1727 Consec.
1477 1692 1564 1727 dist.
1590 1693 1618 1727 1.
1645 1703 1674 1727 c.
1700 1692 1751 1727 17.

1069 1744 1421 1851 Solemnitates
1470 1745 1799 1787 dedicationum
1835 1758 1902 1787 ec-

1161 1802 1393 1844 clesiarum
1422 1807 1466 1844 et
1494 1801 1792 1852 saeerd6tum,
1821 1814 1902 1854 per

1070 1859 1265 1910 singulos
1284 1871 1423 1900 annos
1445 1858 1698 1900 solemniter
1717 1862 1819 1900 sunt
1835 1870 1901 1900 ee-

1069 1914 1306 1965 lebrandae,
1323 1915 1422 1968 ipso
1437 1915 1631 1956 Domino
1651 1913 1902 1967 exemplum

1070 1972 1220 2021 dante,
1250 1971 1324 2024 qui
1349 1971 1407 2013 ad
1430 1971 1590 2013 festum
1613 1970 1903 2013 dedicationis

1069 2027 1240 2080 templi,
1273 2027 1477 2070 omnibus
1507 2027 1555 2069 id
1577 2026 1768 2069 faciendi
1793 2025 1902 2068 dans

1070 2085 1266 2134 formam,
1282 2097 1382 2125 cum
1397 2083 1577 2137 reliquis
1592 2083 1770 2137 populis
1789 2085 1903 2125 eam·

1071 2140 1171 2182 dem
1195 2140 1481 2182 festivitatem
1507 2139 1808 2182 celebraturus
1832 2151 1903 2181 ve-

1070 2197 1143 2247 nit,
1162 2196 1276 2238 sicut
1299 2196 1512 2249 scriptum
1539 2201 1622 2238 est:
1648 2196 1785 2237 Facta
1803 2199 1904 2237 sunt

1071 2253 1265 2294 encaenia
1292 2253 1337 2293 in
1361 2253 1663 2305 Jeros61ymis,
1692 2257 1736 2294 et
1763 2252 1903 2294 hiems

1071 2314 1175 2360 erat,
1196 2314 1240 2350 et
1259 2308 1513 2351 ambulabat
1528 2310 1554 2350 J
1556 2322 1657 2351 esus
1676 2309 1720 2349 in
1735 2308 1903 2361 templo

1070 2366 1113 2406 in
1132 2365 1306 2418 porticu
1325 2365 1582 2407 Salomonis.
1608 2364 1739 2416 Quod
1758 2370 1903 2407 autem

1071 2426 1173 2463 octo
1194 2421 1350 2463 diebus
1369 2422 1564 2463 encaenia
1579 2422 1667 2463 sint
1682 2421 1903 2464 celebran-

1071 2478 1144 2527 da,
1170 2478 1214 2518 in
1232 2477 1346 2519 libro
1366 2478 1555 2529 Regum,
1583 2480 1765 2531 peracta
1785 2477 1903 2520 dedi-

1072 2534 1246 2576 catione
1265 2534 1429 2586 templi,
1449 2535 1690 2588 reperietis.

1122 2596 1174 2647 Κ.
1199 2594 1328 2636 Mane
1349 2608 1542 2646 surgens.
1571 2595 1668 2649 [118]

778 2683 1306 2742 -ssjssgfflffi
