2040 2976
768 206 808 239 In
835 206 1086 239 Dedicationc
1112 205 1307 239 Ecclesiae.

187 302 316 350 scitis,
332 301 432 353 quia
445 303 632 354 cerpora
643 305 788 342 vestra
797 299 1009 353 templum

187 363 286 398 sunt
308 358 494 410 Spiritus
522 357 675 407 sancti,
709 357 782 410 qui
810 357 854 398 in
881 356 1008 398 vobis

187 412 275 455 est?
295 414 351 455 Et
366 414 477 464 ideo,
495 414 651 456 fratres
666 413 886 463 carissimi,
908 413 1009 465 quia

186 470 313 511 nullis
343 470 696 523 praecedentibus
734 470 897 511 meritis
928 482 1008 522 per

184 527 367 578 gratiam
391 527 476 569 Dei
508 527 745 569 meruimus
777 527 871 568 fieri
902 530 1008 567 tem-

184 583 305 635 plum
319 584 413 633 Dei,
434 588 643 636 quantum
659 585 893 637 pessumus
909 595 1007 623 cum

183 640 321 692 ipsius
341 639 557 693 adjuterio
572 640 832 691 laboremus,
851 652 905 681 ne
919 639 1007 679 Do-

183 696 324 737 minus
352 701 501 738 noster
528 697 571 737 in
599 697 764 749 templo
794 708 890 743 suo,
922 695 1007 736 hoc

185 757 265 802 est,
298 753 342 793 in
373 753 498 795 nobis
530 753 636 806 ipsis
668 753 859 794 inveniat
889 750 1007 803 quod

184 809 336 851 eculos
355 822 446 851 suae
464 810 702 861 majestatis
722 808 923 850 offendat.

241 867 289 917 lx‘g.
315 866 552 908 Orantibus
578 867 621 907 in
645 866 744 907 loco
771 866 872 914 isto,
898 865 1005 905 *Di-

137 964 139 966 .
183 925 305 965 mitte
331 926 515 977 peccata
540 922 691 976 pepuli
717 923 779 963 tui
799 922 935 971 DeUS,
965 926 1007 963 et

183 979 367 1021 ostende
386 980 448 1021 eis
463 980 577 1020 viam
592 979 762 1029 bonam,
782 991 861 1031 per
877 991 1007 1030 quam

185 1036 423 1086 ambulent,
456 1041 499 1077 et
531 1035 587 1077 da
618 1036 801 1087 gleriam
834 1035 878 1075 in
906 1034 1006 1076 loco

183 1093 279 1134 isto.
327 1087 375 1138 V.
401 1093 485 1143 Qui
513 1093 627 1144 regis
654 1092 791 1133 Israel
819 1091 1006 1142 intende,

184 1150 257 1202 qui
294 1149 476 1191 deducis
508 1149 628 1191 velut
665 1162 793 1190 ovem
825 1148 1006 1201 Joseph,

185 1206 256 1258 qui
269 1205 397 1247 sedes
409 1218 541 1258 super
553 1205 796 1247 Cherubim.
811 1205 1006 1246 Dimitte.

244 1260 507 1301 Benedictio.
530 1261 726 1304 Christus
745 1264 981 1314 perpetuae.

290 1365 293 1369 ,
494 1318 643 1358 Lectio
665 1332 701 1357 v.

189 1370 311 1477 Sed
352 1375 648 1418 habitaculum
685 1375 832 1418 cordis
868 1376 1007 1418 nostri

272 1435 507 1474 evacuetur
534 1434 664 1482 vitiis,
697 1438 741 1474 et
772 1433 1006 1474 virtutibus

182 1489 418 1542 repleatur:
460 1490 688 1532 claudatur
727 1489 921 1539 diab010,
964 1495 1007 1531 et

182 1546 403 1598 aperiatur
436 1546 625 1588 Christo:
666 1551 708 1588 et
744 1546 805 1587 ita
839 1546 1014 1595 labore:

181 1615 294 1652 mus,
334 1608 382 1644 ut
416 1603 542 1654 nobis
573 1603 790 1645 bonerum
823 1604 1006 1655 operum

182 1659 378 1700 clavibus
427 1660 599 1711 januam
648 1659 769 1710 regni
814 1659 1005 1701 coelestis

182 1718 350 1768 aperire
374 1718 603 1768 possimus.
639 1716 758 1757 Sicut
783 1716 897 1758 enim
919 1729 1006 1757 ma-

181 1771 233 1812 lis
249 1771 466 1825 operibus,
483 1773 607 1825 quasi
624 1772 884 1825 quibusdam
898 1773 1006 1814 seris

181 1841 232 1870 ac
251 1828 459 1878 vectibus,
479 1829 580 1870 vitae
599 1829 726 1871 nobis
744 1830 871 1881 janua
890 1829 1003 1870 clau-

181 1885 311 1926 ditur:
336 1885 398 1927 ita
416 1885 582 1938 absque
602 1885 736 1927 dubio
755 1885 881 1928 bonis
901 1888 1002 1939 ope-

181 1941 300 1983 ribus
319 1945 522 1995 aperitur.
550 1943 606 1984 Et
624 1942 742 1992 ideo,
761 1943 917 1984 fratres
937 1956 1004 1984 ca-

181 1998 356 2048 rissimi,
410 2002 708 2052 unusquisque
758 2000 1006 2041 consideret
1063 2004 1069 2026 (
1091 2014 1102 2040 ψ·
1137 2021 1141 2023 <

182 2055 491 2097 conscientiam
517 2069 655 2106 suam,
684 2061 727 2098 et
757 2055 931 2108 quando
958 2069 1005 2097 se

182 2111 329 2163 aliquo
373 2113 551 2154 crimine
592 2113 867 2154 vulneratum
909 2125 1003 2154 esse

182 2168 446 2219 cognoverit,
465 2170 586 2222 prius
607 2169 887 2219 oratienibus,
906 2170 1004 2221 jeju-

181 2224 276 2274 niis,
296 2224 366 2266 vel
386 2225 672 2278 eleemesynis
692 2226 868 2268 studeat
885 2239 1005 2267 mun-

182 2279 288 2322 dare
307 2282 615 2323 conscientiam
631 2296 767 2333 suam,
788 2288 831 2324 et
845 2283 908 2324 sic
922 2283 1004 2323 Eu-

182 2336 431 2378 charistiam
450 2342 687 2390 praesumat
707 2341 918 2392 accipere.

241 2391 291 2442 R·-
311 2392 349 2434 O
369 2406 500 2445 quam
518 2395 776 2436 metuendus
797 2400 863 2437 est
882 2395 1004 2437 locus

182 2449 278 2492 iste:
302 2447 454 2491 *Vere
477 2462 565 2491 non
585 2456 651 2492 est
669 2450 738 2492 hic
763 2451 896 2501 aliud,
924 2452 1006 2492 nisi

183 2505 339 2547 domus
357 2506 451 2555 Dei,
471 2511 515 2547 et
533 2512 661 2558 porta
681 2507 790 2548 coeli.
827 2500 876 2551 V·
895 2509 1005 2549 Haec

183 2567 248 2604 est
276 2562 432 2604 domus
459 2563 637 2604 Demini
663 2563 844 2605 firmiter
872 2563 1004 2606 aedifi-

182 2620 297 2668 cata,
333 2618 444 2660 bene
476 2618 656 2660 fundata
685 2624 751 2660 est
778 2632 909 2672 supra
937 2620 1005 2660 fir-

181 2688 297 2716 mam
315 2679 495 2728 petram.
522 2675 649 2717 Vere.

242 2726 402 2767 Bened·
431 2727 577 2782 Ignem
596 2732 662 2772 sui
681 2732 851 2773 ameris.

1363 299 1515 341 Lectio
1535 300 1587 340 vi.

1066 352 1145 459 Si
1164 354 1278 396 enim
1298 355 1541 405 agnoscens
1559 357 1729 396 reatum
1748 367 1885 404 suum,

1147 413 1240 465 ipse
1267 425 1313 453 se
1341 424 1366 452 a
1392 410 1538 452 divino
1564 410 1691 452 altari
1718 409 1885 452 subtra-

1060 471 1187 520 xerit,
1211 470 1299 511 cito
1319 467 1376 510 ad
1394 467 1706 519 indulgentiam
1727 466 1885 509 divinae

1059 525 1372 568 misericerdiae
1399 524 1634 578 perveniet.
1671 524 1782 574 Quia
1806 524 1885 565 sic-

1061 588 1118 634 ut,
1138 583 1212 635 qui
1231 595 1278 624 se
1298 581 1476 631 exaltat,
1495 579 1805 631 humiliabitur3
1825 580 1886 621 ita

1061 653 1084 682 e
1104 639 1342 688 contrario,
1371 638 1446 690 qui
1465 650 1512 679 se
1531 637 1745 687 humiliat,
1771 635 1884 678 exal-

1060 696 1232 738 tabitur.
1261 695 1344 747 Qui
1364 695 1488 744 enim,
1508 694 1620 735 sicut
1635 693 1736 744 dixi,
1755 695 1884 744 agne-

1061 766 1187 795 scens
1208 755 1377 794 reatum
1396 763 1539 800 suum,
1565 750 1661 803 ipse
1684 763 1732 792 se
1750 749 1886 791 humi-

1060 809 1158 852 liter
1183 809 1238 851 ab
1262 808 1390 850 altari
1408 807 1618 849 Ecclesiae
1642 819 1724 860 pro
1745 819 1886 848 emen-

1062 865 1238 908 dati6ne
1253 866 1355 907 vitae
1370 866 1597 906 removere
1613 863 1811 913 voluerit,
1831 862 1886 905 ab

1060 924 1226 964 aeterno
1245 922 1320 963 illo
1342 926 1385 963 et
1405 921 1575 963 coelesti
1594 920 1795 962 convivio
1816 932 1900 961 ex·-

1060 979 1371 1020 communicari
1397 978 1570 1031 penitus
1594 983 1686 1018 non'
1706 975 1886 1018 timebit.

1118 1036 1167 1088 R.
1182 1036 1311 1077 Mane
1331 1048 1514 1086 surgens
1532 1033 1670 1075 Jacob
1690 1032 1886 1084 erigebat

1060 1091 1252 1145 lapidem
1270 1092 1314 1133 in
1333 1091 1516 1141 titulum,
1536 1090 1721 1132 fundens
1742 1089 1886 1131 eleum

1061 1148 1266 1202 desuper,
1300 1152 1451 1189 votum
1479 1147 1600 1189 vovit
1630 1147 1838 1188 Demino:
1865 1145 1887 1170 *

1059 1206 1177 1248 Vere
1196 1205 1320 1247 locus
1338 1205 1421 1246 iste
1441 1209 1618 1246 sanctus
1638 1208 1715 1253 est,
1741 1207 1784 1244 et
1803 1214 1885 1253 ego

1059 1262 1319 1304 nesciebam.
1350 1257 1400 1307 V.
1421 1260 1618 1313 Cumque
1637 1259 1887 1311 evigilasset

1059 1318 1197 1361 Jacob
1218 1318 1273 1361 de
1293 1331 1458 1368 somno,
1478 1318 1547 1359 ait.
1575 1317 1703 1359 Vere.
1736 1314 1886 1357 Gleria

1059 1376 1190 1417 Patri.
1217 1376 1346 1417 Vere.

1276 1455 1325 1493 In
1352 1454 1423 1493 111.
1450 1453 1674 1493 Nocturno.

1117 1523 1216 1564 Ant.
1246 1523 1328 1573 Qui
1356 1522 1523 1564 habitat
1547 1522 1571 1547 *
1598 1522 1642 1563 in
1670 1520 1885 1574 adjutorio

1059 1580 1290 1629 Altissimi,
1313 1580 1357 1620 in
1379 1579 1655 1632 protectione
1677 1578 1762 1620 Dei
1786 1577 1887 1619 coeli

1059 1636 1413 1679 commorabitur.

1118 1697 1280 1738 Quando
1302 1697 1385 1731 haec
1404 1697 1491 1731 Ant.
1511 1696 1651 1731 dicitur
1667 1696 1831 1740 integra,
1856 1699 1892 1730 et

1066 1745 1121 1779 ini
1146 1756 1222 1779 non
1249 1745 1403 1779 additur
1427 1745 1465 1778 in
1488 1745 1561 1779 fine
1579 1744 1764 1788 Anemja,
1800 1748 1890 1779 tunc

1066 1793 1248 1836 incipitur
1264 1793 1440 1827 Psalmus
1458 1793 1560 1827 idem
1578 1803 1599 1826 a
1617 1792 1786 1827 secundo
1800 1792 1892 1827 Ver-

1069 1852 1112 1875 su
1124 1852 1130 1875 :
1155 1842 1266 1879 Dicet
1280 1843 1457 1878 Domino.

1330 1902 1531 1942 Psalmus
1551 1902 1623 1942 90.

1068 1986 1078 2001 1
1117 1977 1225 2013 afui
1251 1972 1420 2014 habitat
1445 1972 1488 2012 in
1515 1971 1729 2023 adjuterio
1753 1970 1884 2012 Altis-

1172 2079 1175 2087 *
1197 2029 1391 2079 simi,*in
1405 2028 1679 2082 protectione
1689 2027 1774 2069 Dei
1784 2026 1885 2069 coeli

1066 2091 1083 2104 ²
1099 2085 1142 2109 χῖ
1160 2087 1180 2108 '²¹'
1197 2085 1550 2127 commorabitur.

1066 2158 1237 2264 Dicet
1262 2167 1470 2209 Demino:
1496 2167 1735 2220 Susceptor
1761 2178 1885 2208 meus

1166 2237 1212 2266 es
1247 2229 1312 2274 tu,
1350 2229 1393 2266 et
1429 2224 1643 2275 refugium
1677 2237 1839 2265 meum:
1861 2223 1884 2248 *

1058 2281 1178 2323 Deus
1197 2294 1321 2323 meus
1341 2280 1530 2334 sperabo
1549 2281 1593 2321 in
1613 2294 1723 2322 eum.

1110 2338 1327 2388 Quoniam
1362 2338 1457 2390 ipse
1493 2337 1696 2379 liberavit
1726 2349 1795 2378 me
1830 2335 1884 2378 de

1057 2393 1215 2446 laqueo
1249 2394 1516 2443 venantium,
1550 2394 1573 2419 *
1607 2398 1650 2435 et
1691 2406 1716 2434 a
1747 2392 1883 2434 verbo

1058 2463 1227 2503 aspero.

1109 2507 1309 2560 Scapulis
1335 2507 1425 2548 suis
1450 2506 1729 2548 obumbrabit
1747 2505 1842 2547 tibi:
1860 2506 1883 2531 *

1059 2569 1102 2605 et
1122 2564 1202 2605 sub
1222 2564 1375 2617 pennis
1396 2564 1486 2615 ejus
1506 2562 1715 2616 sperabis.

1109 2621 1242 2662 Scuto
1255 2620 1544 2662 circumdabit
1553 2625 1597 2661 te
1608 2619 1768 2661 veritas
1779 2619 1883 2670 ejus:

1058 2677 1081 2702 *
1100 2690 1188 2718 non
1206 2677 1380 2719 timebis
1400 2690 1425 2718 a
1444 2677 1601 2718 timere
1619 2678 1847 2724 nocturno,

1111 2734 1151 2774 A
1171 2735 1331 2785 sagitta
1348 2733 1523 2774 volante
1542 2733 1585 2773 in
1605 2732 1690 2781 die,
1709 2743 1735 2772 a
1753 2734 1882 2782 nege-
