2040 2976
846 196 1054 231 Commune
1080 196 1288 239 Virginum.

279 292 375 331 Ant.
404 290 515 331 Haec
535 291 601 330 est
621 300 718 340 quae
738 289 922 331 nescivit
939 289 964 315 *
982 293 1045 330 to-

226 359 321 386 rum
339 345 382 386 in
402 343 576 386 delicto:
604 343 782 386 habebit
798 345 986 387 fructum
1004 346 1046 386 in

227 401 501 455 respectione
525 400 765 442 animarum
789 403 1045 444 sanctarum.

486 480 684 522 Psalmus
706 481 779 520 121.

290 543 446 582 aetatus
479 553 575 582 sum
604 540 647 581 in
675 540 758 590 his,
802 553 900 592 quae
929 539 1046 581 dicta

311 602 412 638 sunt
435 596 555 638 mihi:
574 597 656 638 *in
676 597 852 639 domum
868 596 1045 639 Domini

224 654 394 695 ibimus.

276 710 450 752 Stantes
479 714 601 751 erant
626 709 763 762 pedes
791 709 941 759 nostri,
960 709 1045 749 *in

225 766 346 809 atriis
366 766 452 808 tuis
471 766 722 808 Jerusalem.

278 823 530 872 Jerusalem,
549 835 647 874 quae
665 822 906 863 aedificatur
922 826 971 863 ut
990 823 1044 863 ci·

226 879 352 920 vitas:
377 879 401 905 *
430 879 549 931 cujus
576 878 855 931 participatio
884 879 974 930 ejus
1001 878 1045 918 in

224 935 426 988 idipsum.

277 991 387 1033 Illuc
422 991 535 1033 enim
569 991 859 1032 ascenderunt
891 990 1044 1040 tribus,

225 1047 365 1090 tribus
421 1048 618 1089 Domini:
671 1048 705 1100 *⁵
747 1047 1046 1089 testimonium

224 1105 361 1145 Israel
382 1104 439 1146 ad
464 1104 758 1146 confitendum
776 1104 940 1145 nomini
958 1104 1044 1144 Do-

224 1174 338 1202 1111111.

280 1217 390 1267 Quia
418 1217 507 1258 11110
536 1216 742 1258 sederunt
770 1216 897 1258 sedes
922 1216 966 1257 in
987 1218 1044 1269 ju-

226 1272 353 1323 dicio,
368 1273 391 1299 *
406 1273 533 1315 sedes
551 1286 681 1326 super
698 1272 875 1314 domum
889 1272 1045 1315 David.

276 1330 448 1381 Rogate
477 1343 575 1382 quae
603 1329 661 1371 ad
683 1342 837 1382 pacem
858 1334 958 1371 sunt
979 1329 1003 1370 J
1006 1342 1044 1371 e-

225 1386 428 1428 rusalem:
443 1387 466 1412 *
484 1391 527 1428 et
546 1385 811 1428 abundantia
831 1385 1044 1438 diligenti-

227 1443 308 1485 bus
326 1447 386 1484 te:

276 1499 374 1540 Fiat
401 1513 489 1552 pax
509 1500 552 1540 in
571 1500 733 1541 virtute
750 1503 840 1540 tua:
859 1499 882 1525 *
903 1504 946 1541 et
972 1499 1044 1540 ab-

225 1555 434 1597 undantia
452 1556 496 1596 in
517 1555 710 1598 turribus
728 1555 827 1596 tuis.

276 1612 465 1665 Propter
484 1613 639 1654 fratres
663 1624 803 1662 meOS,
832 1616 875 1653 01
900 1612 1044 1664 proxi-

225 1681 322 1709 mos
337 1681 470 1719 meos,
483 1669 507 1694 *
521 1668 733 1720 loquebar
748 1681 902 1720 pacem
917 1668 972 1710 de
986 1673 1045 1710 te:

276 1725 463 1777 Propter
484 1724 663 1766 domum
676 1725 854 1765 Domini
868 1725 952 1766 Dei
970 1737 1044 1766 no-

226 1781 316 1831 stri,
335 1782 358 1807 *
377 1781 559 1834 quaesivi
577 1781 694 1823 bona
711 1780 803 1822 tibi.

281 1846 375 1884 Ant.
410 1845 516 1885 11300
548 1846 615 1884 est
643 1854 740 1894 quae
772 1842 955 1883 nescivit
981 1847 1044 1884 to-

225 1911 319 1939 rum
338 1898 382 1939 in
402 1897 576 1940 delicto:
600 1897 778 1940 habebit
796 1898 983 1940 fructum
1001 1899 1044 1939 in

225 1955 498 2007 respectione
522 1955 761 1996 animarum
788 1957 1045 1997 sanctarum.

281 2023 373 2062 Ant.
410 2021 514 2062 Veni
541 2020 679 2062 electa
706 2033 817 2070 mea,
845 2020 869 2046 *
897 2026 941 2062 et
967 2034 1044 2074 po-

225 2089 324 2117 nam
342 2077 384 2117 in
403 2081 446 2118 te
464 2076 668 2120 thronum
687 2090 846 2127 meum,
865 2077 1044 2130 alleluja.

487 2146 682 2187 Psalmus
704 2147 787 2186 126.

319 2209 372 2250 isi
403 2211 616 2252 Dominus
653 2210 936 2253 aedificaverit
970 2212 1044 2254 do-

340 2279 473 2316 mum,
507 2267 531 2292 *
565 2267 609 2308 in
636 2280 794 2309 vanum
823 2267 1044 2311 laborave-

224 2326 325 2363 runt
345 2322 419 2374 qui
439 2322 655 2365 aedificant
676 2336 781 2365 eam.

276 2378 373 2420 Nisi
387 2379 600 2420 Dominus
621 2379 878 2422 custodierit
898 2380 1044 2423 civita-

224 2438 324 2484 tem,
342 2435 366 2460 *
384 2434 544 2477 frustra
571 2436 721 2487 vigilat
749 2437 823 2488 qui
851 2437 1045 2479 custodit

225 2503 331 2533 eam.

275 2547 449 2589 Vanum
493 2552 559 2589 est
595 2547 721 2589 vobis
763 2553 863 2590 ante
902 2549 1043 2591 lucem

226 2607 420 2656 surgere:
437 2604 461 2630 *
479 2604 644 2656 surgite
667 2609 900 2657 postquam
924 2605 1043 2647 sede-

225 2661 340 2714 ritis,
383 2661 456 2713 qui
483 2660 757 2702 manducatis
784 2674 941 2713 panem
969 2661 1043 2703 do-

225 2717 341 2759 loris.

1151 287 1259 329 Cum
1295 287 1467 330 dederit
1507 287 1678 330 dilectis
1720 289 1810 331 suis
1851 302 1918 331 so-

1099 357 1262 385 mnum:
1289 344 1312 370 *
1341 357 1443 386 0000
1475 344 1710 387 haereditas
1742 346 1919 388 Domini

1099 400 1192 441 filii:
1211 413 1390 451 merces,
1410 401 1577 443 fructus
1596 402 1775 444 ventris.

1150 457 1270 499 Sicut
1295 460 1467 510 sagsttae
1492 458 1536 499 in
1556 471 1686 500 manu
1708 458 1918 511 potentis:

1098 513 1121 540 *
1141 514 1201 555 ita
1219 513 1297 555 fssii
1317 516 1611 556 excussorum.

1150 571 1313 612 Beatus
1340 571 1405 612 vir
1431 571 1504 623 qui
1528 571 1725 624 implevit
1750 571 1918 614 deside-

1098 627 1209 668 rium
1230 640 1355 668 suum
1375 640 1428 669 ex
1447 627 1571 680 ipsis:
1591 628 1614 654 *
1632 640 1720 669 11011
1743 628 1918 670 confun-

1099 682 1225 725 detur
1260 697 1358 725 cum
1385 684 1588 737 loquetur
1614 684 1800 726 inimicis
1828 685 1918 726 suis

1097 739 1140 780 in
1158 745 1297 792 porta.

1145 816 1241 855 Ant.
1276 813 1385 855 Veni
1404 812 1543 855 electa
1560 826 1674 863 mea,
1694 818 1738 855 et
1757 826 1919 866 ponam

1097 869 1141 910 in
1158 874 1202 912 te
1220 869 1425 912 thronum
1442 883 1597 920 meum,
1617 869 1797 922 alleluja.

1151 949 1248 988 Ant.
1284 948 1369 985 Ista
1392 948 1458 985 est
1481 944 1682 996 speciosa
1699 944 1724 971 *
1741 944 1854 986 111101·
1871 943 1918 985 fi-

1097 997 1176 1041 lias
1194 999 1445 1042 Jerusalem.

1361 1083 1555 1124 Psalmus
1575 1083 1659 1122 147.

1097 1143 1283 1249 Lauda
1325 1147 1566 1190 Jerusalem
1609 1149 1859 1191 Dominum:
1894 1150 1919 1176 *

1182 1205 1206 1231 *
1225 1204 1355 1246 lauda
1372 1204 1515 1246 Deum
1533 1209 1655 1246 tuum
1673 1206 1787 1247 Sion.

1151 1262 1366 1312 Quoniam
1390 1261 1653 1303 confortavit
1676 1275 1796 1304 seras
1820 1275 1918 1315 por-

1096 1320 1239 1359 tarum
1274 1319 1461 1359 tuarum:
1496 1318 1520 1344 *
1555 1317 1778 1361 benedixit
1820 1318 1919 1360 filiis

1096 1375 1181 1416 tuis
1200 1374 1243 1415 in
1263 1379 1317 1416 te.

1148 1431 1232 1482 Qui
1258 1431 1406 1484 posuit
1431 1431 1540 1473 fines
1567 1435 1668 1473 tuos
1695 1445 1868 1485 pacem:
1895 1433 1919 1459 ¹⁸¹

1097 1492 1140 1530 et
1168 1487 1297 1541 adipe
1324 1487 1528 1529 frumenti
1555 1488 1685 1530 satiat
1710 1493 1765 1531 te.

1148 1544 1231 1594 Qui
1259 1544 1415 1586 emittit
1443 1544 1663 1597 eloquium
1690 1558 1816 1587 suum
1836 1549 1919 1588 ter-

1096 1613 1172 1642 rae:
1199 1600 1458 1642 *velociter
1486 1602 1619 1642 currit
1647 1614 1791 1644 sermo
1819 1602 1920 1655 ejus.

1148 1657 1231 1707 Qui
1268 1656 1343 1698 dat
1378 1657 1521 1699 nivem
1557 1658 1670 1699 sicut
1704 1657 1863 1700 lanam:
1894 1659 1919 1686 *

1096 1713 1302 1758 nebulam
1327 1714 1438 1755 sicut
1465 1716 1654 1756 cinerem
1681 1715 1859 1768 spargit.

1148 1769 1280 1811 Mittit
1295 1770 1547 1822 crystallum
1563 1784 1685 1812 suam
1696 1771 1808 1813 sicut
1816 1771 1918 1814 buc-

1097 1825 1242 1867 cellas:
1265 1826 1289 1852 *
1317 1831 1417 1868 ante
1444 1827 1600 1869 faciem
1626 1827 1800 1879 frigoris
1828 1829 1918 1881 ejus

1098 1883 1194 1934 quis
1213 1882 1464 1925 sustinebit?

1147 1939 1328 1981 Emittet
1346 1939 1529 1982 verbum
1552 1954 1692 1991 suum,
1721 1945 1764 1983 et
1785 1941 1918 1994 lique-

1096 1995 1226 2038 faciet
1253 2009 1319 2038 ea:
1337 1996 1361 2023 *
1385 1996 1507 2039 flabit
1537 1998 1715 2051 spiritus
1743 1998 1847 2050 ejus,
1876 2002 1919 2040 et

1096 2052 1232 2094 fluent
1251 2065 1388 2105 aquae.

1148 2109 1231 2160 Qui
1254 2110 1480 2152 annuntiat
1501 2110 1683 2152 verbum
1707 2125 1832 2153 suum
1849 2111 1917 2153 Ja-

1097 2165 1195 2207 cob:
1187 2166 1432 2218 ·*just1‘tias,
1448 2171 1491 2208 01
1504 2166 1662 2219 judicia
1677 2180 1756 2209 sua
1771 2167 1919 2209 Israel.

1147 2222 1247 2264 Non
1270 2222 1372 2265 fecit
1394 2223 1538 2265 taliter
1562 2224 1680 2265 omni
1697 2224 1876 2266 nationi:
1894 2225 1918 2251 *

1097 2283 1140 2321 et
1158 2278 1316 2331 judicia
1335 2293 1413 2321 sua
1430 2293 1518 2322 non
1536 2280 1828 2327 manifestavit
1846 2280 1918 2323 eis.

1154 2351 1249 2391 Ant.
1287 2351 1375 2390 Ista
1410 2354 1476 2391 est
1509 2351 1708 2403 speciosa
1734 2350 1845 2391 inter
1872 2350 1918 2391 fi-

1096 2405 1175 2446 lias
1202 2405 1454 2447 Jerusalem.

1190 2478 1445 2529 Capitulum.
1550 2481 1586 2520 2.
1603 2479 1696 2520 Cor.
1714 2481 1775 2520 10.
1787 2478 1829 2530 d.

1094 2545 1326 2651 Fratres:
1355 2550 1438 2600 Qui
1461 2549 1686 2602 gloriatur,
1710 2550 1754 2590 in
1771 2549 1917 2591 Domi-

1202 2619 1258 2647 no
1295 2606 1512 2657 glorietur.
1556 2607 1658 2648 Non
1695 2606 1807 2647 enim
1844 2606 1917 2658 qui

1095 2665 1287 2715 seipsum
1307 2663 1597 2713 commendat,
1615 2662 1687 2704 ille
1704 2661 1917 2715 probatus

1096 2723 1175 2759 est:
1204 2719 1282 2761 sed
1302 2732 1431 2771 quem
1450 2720 1571 2761 Deus
1589 2717 1874 2760 commendat.
