<?xml version="1.0" encoding="UTF-8"?>
<!DOCTYPE html PUBLIC "-//W3C//DTD XHTML 1.0 Transitional//EN"
    "http://www.w3.org/TR/xhtml1/DTD/xhtml1-transitional.dtd">
<html xmlns="http://www.w3.org/1999/xhtml" xml:lang="en" lang="en">
 <head>
  <title>
</title>
<meta http-equiv="Content-Type" content="text/html;charset=utf-8" />
  <meta name='ocr-system' content='tesseract 3.04.00' />
  <meta name='ocr-capabilities' content='ocr_page ocr_carea ocr_par ocr_line ocrx_word'/>
</head>
<body>
  <div class='ocr_page' id='page_1' title='image "./p3breviariumroma00cathuoft_0603.png"; bbox 0 0 2040 2976; ppageno 0'>
   <div class='ocr_carea' id='block_1_1' title="bbox 712 221 1239 265">
    <p class='ocr_par' dir='ltr' id='par_1_1' title="bbox 712 221 1239 265">
     <span class='ocr_line' id='line_1_1' title="bbox 712 221 1239 265; baseline -0.002 -8"><span class='ocrx_word' id='word_1_1' title='bbox 712 221 923 257; x_wconf 86' lang='lat' dir='ltr'>Commune</span> <span class='ocrx_word' id='word_1_2' title='bbox 948 222 1239 265; x_wconf 87' lang='lat' dir='ltr'>Apostolorum.</span> 
     </span>
    </p>
   </div>
   <div class='ocr_carea' id='block_1_2' title="bbox 145 314 814 775">
    <p class='ocr_par' dir='ltr' id='par_1_2' title="bbox 145 314 814 775">
     <span class='ocr_line' id='line_1_2' title="bbox 154 314 722 368; baseline -0.002 -11"><span class='ocrx_word' id='word_1_3' title='bbox 154 315 244 357; x_wconf 90' lang='lat' dir='ltr'><strong>Vos</strong></span> <span class='ocrx_word' id='word_1_4' title='bbox 264 314 528 357; x_wconf 80' lang='lat' dir='ltr'><strong>saeculorum</strong></span> <span class='ocrx_word' id='word_1_5' title='bbox 545 314 722 368; x_wconf 80' lang='lat' dir='ltr'><strong>judices,</strong></span> 
     </span>
     <span class='ocr_line' id='line_1_3' title="bbox 197 371 745 422; baseline -0.004 -7"><span class='ocrx_word' id='word_1_6' title='bbox 197 373 255 415; x_wconf 91' lang='lat' dir='ltr'><strong>Et</strong></span> <span class='ocrx_word' id='word_1_7' title='bbox 273 385 378 415; x_wconf 87' lang='lat' dir='ltr'><strong>vera</strong></span> <span class='ocrx_word' id='word_1_8' title='bbox 395 371 548 414; x_wconf 92' lang='lat' dir='ltr'><strong>mundi</strong></span> <span class='ocrx_word' id='word_1_9' title='bbox 571 371 745 422; x_wconf 82' lang='lat' dir='ltr'><strong>lumina,</strong></span> 
     </span>
     <span class='ocr_line' id='line_1_4' title="bbox 198 428 814 483; baseline -0.005 -11"><span class='ocrx_word' id='word_1_10' title='bbox 198 430 328 472; x_wconf 90' lang='lat' dir='ltr'><strong>Votis</strong></span> <span class='ocrx_word' id='word_1_11' title='bbox 347 431 581 483; x_wconf 73' lang='lat' dir='ltr'><strong>precamur</strong></span> <span class='ocrx_word' id='word_1_12' title='bbox 601 428 814 471; x_wconf 87' lang='lat' dir='ltr'><strong>cordium:</strong></span> 
     </span>
     <span class='ocr_line' id='line_1_5' title="bbox 198 485 796 539; baseline -0.003 -11"><span class='ocrx_word' id='word_1_13' title='bbox 198 486 363 529; x_wconf 89' lang='lat' dir='ltr'><strong>Audite</strong></span> <span class='ocrx_word' id='word_1_14' title='bbox 382 499 516 528; x_wconf 87' lang='lat' dir='ltr'><strong>voces</strong></span> <span class='ocrx_word' id='word_1_15' title='bbox 538 485 796 539; x_wconf 79' lang='lat' dir='ltr'><strong>supplicum.</strong></span> 
     </span>
     <span class='ocr_line' id='line_1_6' title="bbox 145 550 770 604; baseline -0.003 -11"><span class='ocrx_word' id='word_1_16' title='bbox 145 552 230 603; x_wconf 92' lang='lat' dir='ltr'><strong>Qui</strong></span> <span class='ocrx_word' id='word_1_17' title='bbox 251 551 417 604; x_wconf 88' lang='lat' dir='ltr'><strong>templa</strong></span> <span class='ocrx_word' id='word_1_18' title='bbox 436 551 538 593; x_wconf 89' lang='lat' dir='ltr'><strong>coeli</strong></span> <span class='ocrx_word' id='word_1_19' title='bbox 557 550 770 601; x_wconf 78' lang='lat' dir='ltr'><strong>clauditis,</strong></span> 
     </span>
     <span class='ocr_line' id='line_1_7' title="bbox 173 607 748 661; baseline -0.003 -11"><span class='ocrx_word' id='word_1_20' title='bbox 173 609 391 661; x_wconf 80' lang='lat' dir='ltr'><strong>Serasque</strong></span> <span class='ocrx_word' id='word_1_21' title='bbox 410 607 548 650; x_wconf 87' lang='lat' dir='ltr'><strong>verbo</strong></span> <span class='ocrx_word' id='word_1_22' title='bbox 568 607 748 657; x_wconf 88' lang='lat' dir='ltr'><strong>solvitis,</strong></span> 
     </span>
     <span class='ocr_line' id='line_1_8' title="bbox 172 665 633 708; baseline -0.007 0"><span class='ocrx_word' id='word_1_23' title='bbox 172 666 268 708; x_wconf 91' lang='lat' dir='ltr'><strong>Nos</strong></span> <span class='ocrx_word' id='word_1_24' title='bbox 287 679 313 707; x_wconf 90' lang='lat' dir='ltr'><strong>a</strong></span> <span class='ocrx_word' id='word_1_25' title='bbox 332 667 456 707; x_wconf 77' lang='lat' dir='ltr'><strong>reatu</strong></span> <span class='ocrx_word' id='word_1_26' title='bbox 475 665 633 706; x_wconf 82' lang='lat' dir='ltr'><strong>noxios</strong></span> 
     </span>
     <span class='ocr_line' id='line_1_9' title="bbox 173 722 760 775; baseline -0.005 -10"><span class='ocrx_word' id='word_1_27' title='bbox 173 722 294 765; x_wconf 85' lang='lat' dir='ltr'><strong>Solvi</strong></span> <span class='ocrx_word' id='word_1_28' title='bbox 311 722 467 775; x_wconf 86' lang='lat' dir='ltr'><strong>jubete,</strong></span> <span class='ocrx_word' id='word_1_29' title='bbox 497 723 760 774; x_wconf 81' lang='lat' dir='ltr'><strong>quaesumus.</strong></span> 
     </span>
    </p>
   </div>
   <div class='ocr_carea' id='block_1_3' title="bbox 146 786 856 1009">
    <p class='ocr_par' dir='ltr' id='par_1_3' title="bbox 146 786 856 1009">
     <span class='ocr_line' id='line_1_10' title="bbox 146 786 804 840; baseline -0.002 -12"><span class='ocrx_word' id='word_1_30' title='bbox 146 788 377 839; x_wconf 83' lang='lat' dir='ltr'><strong>Praecepta</strong></span> <span class='ocrx_word' id='word_1_31' title='bbox 397 799 584 839; x_wconf 92' lang='lat' dir='ltr'><strong>quorum</strong></span> <span class='ocrx_word' id='word_1_32' title='bbox 602 786 804 840; x_wconf 91' lang='lat' dir='ltr'><strong>protinus</strong></span> 
     </span>
     <span class='ocr_line' id='line_1_11' title="bbox 197 843 856 895; baseline -0.003 -10"><span class='ocrx_word' id='word_1_33' title='bbox 197 844 404 895; x_wconf 86' lang='lat' dir='ltr'>Languor</span> <span class='ocrx_word' id='word_1_34' title='bbox 424 843 630 895; x_wconf 78' lang='lat' dir='ltr'><strong>salusque</strong></span> <span class='ocrx_word' id='word_1_35' title='bbox 649 843 856 893; x_wconf 85' lang='lat' dir='ltr'><strong>sentiunt:</strong></span> 
     </span>
     <span class='ocr_line' id='line_1_12' title="bbox 198 899 809 951; baseline -0.005 -8"><span class='ocrx_word' id='word_1_36' title='bbox 198 901 358 943; x_wconf 69' lang='lat' dir='ltr'><strong>Sanete</strong></span> <span class='ocrx_word' id='word_1_37' title='bbox 376 904 547 942; x_wconf 84' lang='lat' dir='ltr'><strong>mentes</strong></span> <span class='ocrx_word' id='word_1_38' title='bbox 565 899 809 951; x_wconf 79' lang='lat' dir='ltr'><strong>languidas:</strong></span> 
     </span>
     <span class='ocr_line' id='line_1_13' title="bbox 198 956 738 1009; baseline -0.002 -10"><span class='ocrx_word' id='word_1_39' title='bbox 198 958 370 1009; x_wconf 87' lang='lat' dir='ltr'><strong>Augete</strong></span> <span class='ocrx_word' id='word_1_40' title='bbox 389 969 470 999; x_wconf 93' lang='lat' dir='ltr'><strong>nos</strong></span> <span class='ocrx_word' id='word_1_41' title='bbox 488 956 738 999; x_wconf 82' lang='lat' dir='ltr'><strong>virtutibus:</strong></span> 
     </span>
    </p>
   </div>
   <div class='ocr_carea' id='block_1_4' title="bbox 120 1021 952 1949">
    <p class='ocr_par' dir='ltr' id='par_1_4' title="bbox 146 1021 952 1483">
     <span class='ocr_line' id='line_1_14' title="bbox 146 1021 706 1075; baseline -0.005 -9"><span class='ocrx_word' id='word_1_42' title='bbox 146 1023 215 1075; x_wconf 86' lang='lat' dir='ltr'><strong>Ut,</strong></span> <span class='ocrx_word' id='word_1_43' title='bbox 245 1037 344 1066; x_wconf 92' lang='lat' dir='ltr'><strong>cum</strong></span> <span class='ocrx_word' id='word_1_44' title='bbox 362 1022 523 1064; x_wconf 76' lang='lat' dir='ltr'><strong>redibit</strong></span> <span class='ocrx_word' id='word_1_45' title='bbox 542 1021 706 1064; x_wconf 78' lang='lat' dir='ltr'><strong>arbiter</strong></span> 
     </span>
     <span class='ocr_line' id='line_1_15' title="bbox 197 1078 755 1129; baseline -0.005 -7"><span class='ocrx_word' id='word_1_46' title='bbox 197 1081 249 1122; x_wconf 94' lang='lat' dir='ltr'><strong>In</strong></span> <span class='ocrx_word' id='word_1_47' title='bbox 267 1080 354 1122; x_wconf 91' lang='lat' dir='ltr'><strong>fine</strong></span> <span class='ocrx_word' id='word_1_48' title='bbox 374 1079 573 1121; x_wconf 91' lang='lat' dir='ltr'><strong>Christus</strong></span> <span class='ocrx_word' id='word_1_49' title='bbox 593 1078 755 1129; x_wconf 83' lang='lat' dir='ltr'><strong>saeculi,</strong></span> 
     </span>
     <span class='ocr_line' id='line_1_16' title="bbox 198 1135 735 1190; baseline -0.006 -10"><span class='ocrx_word' id='word_1_50' title='bbox 198 1137 295 1180; x_wconf 90' lang='lat' dir='ltr'><strong>Nos</strong></span> <span class='ocrx_word' id='word_1_51' title='bbox 315 1136 568 1190; x_wconf 88' lang='lat' dir='ltr'><strong>sempiterni</strong></span> <span class='ocrx_word' id='word_1_52' title='bbox 586 1135 735 1187; x_wconf 82' lang='lat' dir='ltr'><strong>gaudii</strong></span> 
     </span>
     <span class='ocr_line' id='line_1_17' title="bbox 200 1193 804 1246; baseline -0.005 -9"><span class='ocrx_word' id='word_1_53' title='bbox 200 1193 426 1238; x_wconf 90' lang='lat' dir='ltr'><strong>Concedat</strong></span> <span class='ocrx_word' id='word_1_54' title='bbox 445 1206 542 1235; x_wconf 91' lang='lat' dir='ltr'><strong>esse</strong></span> <span class='ocrx_word' id='word_1_55' title='bbox 562 1195 804 1246; x_wconf 90' lang='lat' dir='ltr'><strong>compotes.</strong></span> 
     </span>
     <span class='ocr_line' id='line_1_18' title="bbox 151 1258 665 1311; baseline 0.004 -13"><span class='ocrx_word' id='word_1_56' title='bbox 151 1258 277 1311; x_wconf 88' lang='lat' dir='ltr'><strong>Patri,</strong></span> <span class='ocrx_word' id='word_1_57' title='bbox 306 1258 523 1311; x_wconf 82' lang='lat' dir='ltr'><strong>simulque</strong></span> <span class='ocrx_word' id='word_1_58' title='bbox 542 1258 665 1308; x_wconf 87' lang='lat' dir='ltr'><strong>Filio,</strong></span> 
     </span>
     <span class='ocr_line' id='line_1_19' title="bbox 198 1315 776 1370; baseline -0.007 -11"><span class='ocrx_word' id='word_1_59' title='bbox 198 1317 387 1370; x_wconf 90' lang='lat' dir='ltr'><strong>Tibique</strong></span> <span class='ocrx_word' id='word_1_60' title='bbox 408 1319 559 1357; x_wconf 89' lang='lat' dir='ltr'><strong>sancte</strong></span> <span class='ocrx_word' id='word_1_61' title='bbox 577 1315 776 1368; x_wconf 82' lang='lat' dir='ltr'>Spiritus,</span> 
     </span>
     <span class='ocr_line' id='line_1_20' title="bbox 198 1372 692 1424; baseline -0.008 -7"><span class='ocrx_word' id='word_1_62' title='bbox 198 1375 319 1417; x_wconf 83' lang='lat' dir='ltr'><strong>Sicut</strong></span> <span class='ocrx_word' id='word_1_63' title='bbox 338 1373 427 1423; x_wconf 86' lang='lat' dir='ltr'><strong>fuit,</strong></span> <span class='ocrx_word' id='word_1_64' title='bbox 456 1373 513 1414; x_wconf 88' lang='lat' dir='ltr'><strong>sit</strong></span> <span class='ocrx_word' id='word_1_65' title='bbox 536 1372 692 1424; x_wconf 80' lang='lat' dir='ltr'><strong>jugiter</strong></span> 
     </span>
     <span class='ocr_line' id='line_1_21' title="bbox 200 1429 952 1483; baseline -0.004 -10"><span class='ocrx_word' id='word_1_66' title='bbox 200 1431 388 1474; x_wconf 89' lang='lat' dir='ltr'><strong>Saeclum</strong></span> <span class='ocrx_word' id='word_1_67' title='bbox 398 1443 478 1483; x_wconf 91' lang='lat' dir='ltr'><strong>per</strong></span> <span class='ocrx_word' id='word_1_68' title='bbox 490 1442 619 1471; x_wconf 92' lang='lat' dir='ltr'><strong>omne</strong></span> <span class='ocrx_word' id='word_1_69' title='bbox 629 1429 779 1481; x_wconf 85' lang='lat' dir='ltr'><strong>gloria.</strong></span> <span class='ocrx_word' id='word_1_70' title='bbox 798 1429 952 1471; x_wconf 92' lang='lat' dir='ltr'><strong>Amen.</strong></span> 
     </span>
    </p>

    <p class='ocr_par' dir='ltr' id='par_1_5' title="bbox 120 1483 951 1600">
     <span class='ocr_line' id='line_1_22' title="bbox 171 1483 951 1543; baseline -0.006 -8"><span class='ocrx_word' id='word_1_71' title='bbox 171 1483 221 1535; x_wconf 66' lang='lat' dir='ltr'><strong>Ys-</strong></span> <span class='ocrx_word' id='word_1_72' title='bbox 266 1491 648 1533; x_wconf 88' lang='lat' dir='ltr'><strong>Annuntiaverunt</strong></span> <span class='ocrx_word' id='word_1_73' title='bbox 686 1492 822 1543; x_wconf 93' lang='lat' dir='ltr'><strong>opera</strong></span> <span class='ocrx_word' id='word_1_74' title='bbox 857 1490 951 1531; x_wconf 91' lang='lat' dir='ltr'><strong>Dei.</strong></span> 
     </span>
     <span class='ocr_line' id='line_1_23' title="bbox 120 1545 841 1600; baseline -0.004 -9"><span class='ocrx_word' id='word_1_75' title='bbox 120 1545 172 1597; x_wconf 78' lang='lat' dir='ltr'><strong>Rz-</strong></span> <span class='ocrx_word' id='word_1_76' title='bbox 201 1550 258 1591; x_wconf 89' lang='lat' dir='ltr'><strong>Et</strong></span> <span class='ocrx_word' id='word_1_77' title='bbox 275 1549 391 1590; x_wconf 90' lang='lat' dir='ltr'><strong>facta</strong></span> <span class='ocrx_word' id='word_1_78' title='bbox 410 1548 502 1600; x_wconf 87' lang='lat' dir='ltr'><strong>ejus</strong></span> <span class='ocrx_word' id='word_1_79' title='bbox 520 1547 841 1589; x_wconf 85' lang='lat' dir='ltr'><strong>intellexerunt.</strong></span> 
     </span>
    </p>

    <p class='ocr_par' dir='ltr' id='par_1_6' title="bbox 121 1604 952 1833">
     <span class='ocr_line' id='line_1_24' title="bbox 173 1604 952 1661; baseline 0.003 -15"><span class='ocrx_word' id='word_1_80' title='bbox 173 1604 247 1647; x_wconf 89' lang='lat' dir='ltr'><strong>Ad</strong></span> <span class='ocrx_word' id='word_1_81' title='bbox 265 1604 428 1647; x_wconf 91' lang='lat' dir='ltr'><strong>Bened.</strong></span> <span class='ocrx_word' id='word_1_82' title='bbox 447 1605 548 1646; x_wconf 86' lang='lat' dir='ltr'><strong>Ant.</strong></span> <span class='ocrx_word' id='word_1_83' title='bbox 578 1605 667 1649; x_wconf 90' lang='lat' dir='ltr'><strong>Vos</strong></span> <span class='ocrx_word' id='word_1_84' title='bbox 688 1608 763 1661; x_wconf 92' lang='lat' dir='ltr'><strong>qui</strong></span> <span class='ocrx_word' id='word_1_85' title='bbox 780 1607 952 1660; x_wconf 90' lang='lat' dir='ltr'><strong>reliqui-</strong></span> 
     </span>
     <span class='ocr_line' id='line_1_25' title="bbox 121 1665 952 1715; baseline -0.004 -6"><span class='ocrx_word' id='word_1_86' title='bbox 121 1668 200 1709; x_wconf 88' lang='lat' dir='ltr'><strong>stis</strong></span> <span class='ocrx_word' id='word_1_87' title='bbox 231 1666 256 1693; x_wconf 87' lang='lat'>*</span> <span class='ocrx_word' id='word_1_88' title='bbox 288 1665 448 1715; x_wconf 86' lang='lat' dir='ltr'><strong>omnia,</strong></span> <span class='ocrx_word' id='word_1_89' title='bbox 485 1669 530 1707; x_wconf 92' lang='lat' dir='ltr'><strong>et</strong></span> <span class='ocrx_word' id='word_1_90' title='bbox 563 1665 703 1707; x_wconf 78' lang='lat' dir='ltr'><strong>secuti</strong></span> <span class='ocrx_word' id='word_1_91' title='bbox 735 1665 840 1707; x_wconf 90' lang='lat' dir='ltr'><strong>estis</strong></span> <span class='ocrx_word' id='word_1_92' title='bbox 871 1677 952 1714; x_wconf 79' lang='lat' dir='ltr'><strong>me,</strong></span> 
     </span>
     <span class='ocr_line' id='line_1_26' title="bbox 122 1721 952 1776; baseline -0.002 -11"><span class='ocrx_word' id='word_1_93' title='bbox 122 1722 376 1776; x_wconf 90' lang='lat' dir='ltr'><strong>centuplum</strong></span> <span class='ocrx_word' id='word_1_94' title='bbox 399 1721 642 1775; x_wconf 88' lang='lat' dir='ltr'><strong>accipietis,</strong></span> <span class='ocrx_word' id='word_1_95' title='bbox 674 1727 719 1764; x_wconf 93' lang='lat' dir='ltr'><strong>et</strong></span> <span class='ocrx_word' id='word_1_96' title='bbox 738 1722 874 1764; x_wconf 85' lang='lat' dir='ltr'><strong>vitam</strong></span> <span class='ocrx_word' id='word_1_97' title='bbox 898 1735 952 1763; x_wconf 87' lang='lat' dir='ltr'><strong>ae-</strong></span> 
     </span>
     <span class='ocr_line' id='line_1_27' title="bbox 121 1778 606 1833; baseline -0.004 -11"><span class='ocrx_word' id='word_1_98' title='bbox 121 1782 291 1823; x_wconf 87' lang='lat' dir='ltr'><strong>ternam</strong></span> <span class='ocrx_word' id='word_1_99' title='bbox 309 1778 606 1833; x_wconf 86' lang='lat' dir='ltr'><strong>possidebitis.</strong></span> 
     </span>
    </p>

    <p class='ocr_par' dir='ltr' id='par_1_7' title="bbox 391 1843 687 1881">
     <span class='ocr_line' id='line_1_28' title="bbox 391 1843 687 1881; baseline -0.003 0"><span class='ocrx_word' id='word_1_100' title='bbox 391 1844 460 1881; x_wconf 92' lang='lat' dir='ltr'><strong>Ad</strong></span> <span class='ocrx_word' id='word_1_101' title='bbox 482 1843 687 1881; x_wconf 85' lang='lat' dir='ltr'><strong>Tertiam.</strong></span> 
     </span>
    </p>

    <p class='ocr_par' dir='ltr' id='par_1_8' title="bbox 174 1897 775 1949">
     <span class='ocr_line' id='line_1_29' title="bbox 174 1897 775 1949; baseline 0.002 -12"><span class='ocrx_word' id='word_1_102' title='bbox 174 1897 275 1938; x_wconf 90' lang='lat' dir='ltr'><strong>Ant.</strong></span> <span class='ocrx_word' id='word_1_103' title='bbox 302 1897 515 1949; x_wconf 81' lang='lat' dir='ltr'>Maiorem</span> <span class='ocrx_word' id='word_1_104' title='bbox 535 1897 775 1939; x_wconf 78' lang='lat' dir='ltr'><strong>caritatem.</strong></span> 
     </span>
    </p>
   </div>
   <div class='ocr_carea' id='block_1_5' title="bbox 176 1952 1022 2005">
    <p class='ocr_par' dir='ltr' id='par_1_9' title="bbox 176 1952 1022 2005">
     <span class='ocr_line' id='line_1_30' title="bbox 176 1952 1022 2005; baseline 0.002 -12"><span class='ocrx_word' id='word_1_105' title='bbox 176 1952 314 2005; x_wconf 86' lang='lat' dir='ltr'><strong>Capit.</strong></span> <span class='ocrx_word' id='word_1_106' title='bbox 354 1954 546 1996; x_wconf 82' lang='lat' dir='ltr'><strong>Fratres:</strong></span> <span class='ocrx_word' id='word_1_107' title='bbox 584 1954 683 1996; x_wconf 84' lang='lat' dir='ltr'><strong>Jam</strong></span> <span class='ocrx_word' id='word_1_108' title='bbox 715 1967 803 1996; x_wconf 92' lang='lat' dir='ltr'><strong>non</strong></span> <span class='ocrx_word' id='word_1_109' title='bbox 836 1955 953 1996; x_wconf 92' lang='lat' dir='ltr'><strong>estis.</strong></span> <span class='ocrx_word' id='word_1_110' title='bbox 1018 1958 1022 1972; x_wconf 74' lang='lat'><strong>²</strong></span> 
     </span>
    </p>
   </div>
   <div class='ocr_carea' id='block_1_6' title="bbox 122 2010 955 2813">
    <p class='ocr_par' dir='ltr' id='par_1_10' title="bbox 123 2010 438 2063">
     <span class='ocr_line' id='line_1_31' title="bbox 123 2010 438 2063; baseline 0.01 -14"><span class='ocrx_word' id='word_1_111' title='bbox 123 2014 171 2050; x_wconf 93' lang='lat' dir='ltr'><strong>ut</strong></span> <span class='ocrx_word' id='word_1_112' title='bbox 190 2021 339 2062; x_wconf 65' lang='lat' dir='ltr'><strong>supra?</strong></span> <span class='ocrx_word' id='word_1_113' title='bbox 363 2010 438 2063; x_wconf 89' lang='lat'>[12]</span> 
     </span>
    </p>

    <p class='ocr_par' dir='ltr' id='par_1_11' title="bbox 122 2065 954 2281">
     <span class='ocr_line' id='line_1_32' title="bbox 174 2065 954 2118; baseline 0.004 -11"><span class='ocrx_word' id='word_1_114' title='bbox 174 2066 226 2118; x_wconf 66' lang='lat' dir='ltr'><strong>Rz.</strong></span> <span class='ocrx_word' id='word_1_115' title='bbox 240 2065 303 2108; x_wconf 91' lang='lat' dir='ltr'><strong>br.</strong></span> <span class='ocrx_word' id='word_1_116' title='bbox 329 2068 381 2109; x_wconf 92' lang='lat' dir='ltr'><strong>In</strong></span> <span class='ocrx_word' id='word_1_117' title='bbox 396 2080 571 2110; x_wconf 89' lang='lat' dir='ltr'><strong>omnem</strong></span> <span class='ocrx_word' id='word_1_118' title='bbox 588 2072 752 2110; x_wconf 89' lang='lat' dir='ltr'><strong>terram</strong></span> <span class='ocrx_word' id='word_1_119' title='bbox 766 2071 790 2095; x_wconf 88' lang='lat'>*</span> <span class='ocrx_word' id='word_1_120' title='bbox 807 2069 954 2111; x_wconf 83' lang='lat' dir='ltr'><strong>Exivit</strong></span> 
     </span>
     <span class='ocr_line' id='line_1_33' title="bbox 123 2120 953 2173; baseline 0 -7"><span class='ocrx_word' id='word_1_121' title='bbox 123 2138 256 2167; x_wconf 88' lang='lat' dir='ltr'><strong>sonus</strong></span> <span class='ocrx_word' id='word_1_122' title='bbox 276 2126 439 2167; x_wconf 92' lang='lat' dir='ltr'><strong>eorum.</strong></span> <span class='ocrx_word' id='word_1_123' title='bbox 466 2125 518 2165; x_wconf 94' lang='lat' dir='ltr'><strong>In</strong></span> <span class='ocrx_word' id='word_1_124' title='bbox 542 2137 728 2167; x_wconf 90' lang='lat' dir='ltr'><strong>omnem.</strong></span> <span class='ocrx_word' id='word_1_125' title='bbox 757 2120 807 2173; x_wconf 67' lang='lat' dir='ltr'><strong>V.</strong></span> <span class='ocrx_word' id='word_1_126' title='bbox 834 2126 892 2167; x_wconf 91' lang='lat' dir='ltr'><strong>Et</strong></span> <span class='ocrx_word' id='word_1_127' title='bbox 910 2125 953 2166; x_wconf 92' lang='lat' dir='ltr'><strong>in</strong></span> 
     </span>
     <span class='ocr_line' id='line_1_34' title="bbox 122 2181 953 2224; baseline 0 -1"><span class='ocrx_word' id='word_1_128' title='bbox 122 2183 232 2224; x_wconf 92' lang='lat' dir='ltr'><strong>fines</strong></span> <span class='ocrx_word' id='word_1_129' title='bbox 276 2181 396 2223; x_wconf 87' lang='lat' dir='ltr'><strong>orbis</strong></span> <span class='ocrx_word' id='word_1_130' title='bbox 437 2185 568 2223; x_wconf 78' lang='lat' dir='ltr'><strong>terrae</strong></span> <span class='ocrx_word' id='word_1_131' title='bbox 612 2181 748 2224; x_wconf 87' lang='lat' dir='ltr'><strong>verba</strong></span> <span class='ocrx_word' id='word_1_132' title='bbox 790 2184 953 2224; x_wconf 91' lang='lat' dir='ltr'><strong>eorum.</strong></span> 
     </span>
     <span class='ocr_line' id='line_1_35' title="bbox 122 2237 895 2281; baseline -0.001 -1"><span class='ocrx_word' id='word_1_133' title='bbox 122 2239 280 2280; x_wconf 87' lang='lat' dir='ltr'><strong>Exivit.</strong></span> <span class='ocrx_word' id='word_1_134' title='bbox 308 2237 461 2280; x_wconf 83' lang='lat' dir='ltr'>Gloria</span> <span class='ocrx_word' id='word_1_135' title='bbox 477 2238 623 2280; x_wconf 77' lang='lat' dir='ltr'><strong>Patri.-</strong></span> <span class='ocrx_word' id='word_1_136' title='bbox 638 2239 690 2280; x_wconf 90' lang='lat' dir='ltr'><strong>In</strong></span> <span class='ocrx_word' id='word_1_137' title='bbox 709 2251 895 2281; x_wconf 91' lang='lat' dir='ltr'><strong>omnem.</strong></span> 
     </span>
    </p>

    <p class='ocr_par' dir='ltr' id='par_1_12' title="bbox 123 2288 954 2451">
     <span class='ocr_line' id='line_1_36' title="bbox 174 2288 953 2349; baseline -0.004 -9"><span class='ocrx_word' id='word_1_138' title='bbox 174 2288 226 2340; x_wconf 65' lang='lat' dir='ltr'><strong>V.</strong></span> <span class='ocrx_word' id='word_1_139' title='bbox 255 2295 507 2337; x_wconf 89' lang='lat' dir='ltr'><strong>Constitues</strong></span> <span class='ocrx_word' id='word_1_140' title='bbox 531 2308 608 2337; x_wconf 91' lang='lat' dir='ltr'><strong>eos</strong></span> <span class='ocrx_word' id='word_1_141' title='bbox 635 2296 858 2349; x_wconf 87' lang='lat' dir='ltr'><strong>principes</strong></span> <span class='ocrx_word' id='word_1_142' title='bbox 887 2309 953 2337; x_wconf 93' lang='lat' dir='ltr'><strong>su-</strong></span> 
     </span>
     <span class='ocr_line' id='line_1_37' title="bbox 123 2352 954 2405; baseline 0.001 -12"><span class='ocrx_word' id='word_1_143' title='bbox 123 2365 203 2405; x_wconf 90' lang='lat' dir='ltr'><strong>per</strong></span> <span class='ocrx_word' id='word_1_144' title='bbox 231 2365 406 2394; x_wconf 92' lang='lat' dir='ltr'><strong>omnem</strong></span> <span class='ocrx_word' id='word_1_145' title='bbox 432 2356 607 2393; x_wconf 89' lang='lat' dir='ltr'><strong>terram.</strong></span> <span class='ocrx_word' id='word_1_146' title='bbox 651 2352 702 2403; x_wconf 71' lang='lat' dir='ltr'><strong>R.</strong></span> <span class='ocrx_word' id='word_1_147' title='bbox 734 2353 954 2394; x_wconf 86' lang='lat' dir='ltr'><strong>Memores</strong></span> 
     </span>
     <span class='ocr_line' id='line_1_38' title="bbox 124 2408 759 2451; baseline 0 -1"><span class='ocrx_word' id='word_1_148' title='bbox 124 2413 251 2450; x_wconf 88' lang='lat' dir='ltr'><strong>erunt</strong></span> <span class='ocrx_word' id='word_1_149' title='bbox 270 2408 457 2449; x_wconf 91' lang='lat' dir='ltr'><strong>nominis</strong></span> <span class='ocrx_word' id='word_1_150' title='bbox 475 2409 540 2450; x_wconf 89' lang='lat' dir='ltr'><strong>tui</strong></span> <span class='ocrx_word' id='word_1_151' title='bbox 558 2409 759 2451; x_wconf 91' lang='lat' dir='ltr'><strong>Domine.</strong></span> 
     </span>
    </p>

    <p class='ocr_par' dir='ltr' id='par_1_13' title="bbox 125 2472 955 2813">
     <span class='ocr_line' id='line_1_39' title="bbox 402 2472 681 2511; baseline 0.007 -2"><span class='ocrx_word' id='word_1_152' title='bbox 402 2473 470 2509; x_wconf 90' lang='lat' dir='ltr'><strong>Ad</strong></span> <span class='ocrx_word' id='word_1_153' title='bbox 493 2472 681 2511; x_wconf 86' lang='lat' dir='ltr'><strong>Sextam.</strong></span> 
     </span>
     <span class='ocr_line' id='line_1_40' title="bbox 177 2522 778 2568; baseline 0.005 -3"><span class='ocrx_word' id='word_1_154' title='bbox 177 2524 277 2565; x_wconf 86' lang='lat' dir='ltr'><strong>Ant.</strong></span> <span class='ocrx_word' id='word_1_155' title='bbox 304 2522 391 2568; x_wconf 92' lang='lat' dir='ltr'><strong>Vos</strong></span> <span class='ocrx_word' id='word_1_156' title='bbox 410 2526 539 2568; x_wconf 86' lang='lat' dir='ltr'><strong>amici</strong></span> <span class='ocrx_word' id='word_1_157' title='bbox 556 2527 644 2568; x_wconf 92' lang='lat' dir='ltr'><strong>mei</strong></span> <span class='ocrx_word' id='word_1_158' title='bbox 663 2527 778 2568; x_wconf 89' lang='lat' dir='ltr'><strong>estis.</strong></span> 
     </span>
     <span class='ocr_line' id='line_1_41' title="bbox 229 2582 849 2635; baseline 0 -12"><span class='ocrx_word' id='word_1_159' title='bbox 229 2582 487 2635; x_wconf 72' lang='lat' dir='ltr'><strong>Capitulum.</strong></span> <span class='ocrx_word' id='word_1_160' title='bbox 644 2582 741 2624; x_wconf 86' lang='lat' dir='ltr'><strong>Act.</strong></span> <span class='ocrx_word' id='word_1_161' title='bbox 756 2584 794 2623; x_wconf 87' lang='lat'><strong>5.</strong></span> <span class='ocrx_word' id='word_1_162' title='bbox 810 2582 849 2624; x_wconf 90' lang='lat' dir='ltr'><strong>b.</strong></span> 
     </span>
     <span class='ocr_line' id='line_1_42' title="bbox 208 2644 955 2697; baseline -0.001 -11"><span class='ocrx_word' id='word_1_163' title='bbox 208 2658 254 2687; x_wconf 93' lang='lat' dir='ltr'><strong>er</strong></span> <span class='ocrx_word' id='word_1_164' title='bbox 278 2657 433 2686; x_wconf 91' lang='lat' dir='ltr'><strong>manus</strong></span> <span class='ocrx_word' id='word_1_165' title='bbox 461 2648 609 2686; x_wconf 87' lang='lat' dir='ltr'><strong>autem</strong></span> <span class='ocrx_word' id='word_1_166' title='bbox 634 2644 955 2697; x_wconf 81' lang='lat' dir='ltr'>Apostolorum</span> 
     </span>
     <span class='ocr_line' id='line_1_43' title="bbox 224 2700 955 2754; baseline 0 -12"><span class='ocrx_word' id='word_1_167' title='bbox 224 2701 389 2743; x_wconf 90' lang='lat' dir='ltr'><strong>fiebant</strong></span> <span class='ocrx_word' id='word_1_168' title='bbox 404 2701 528 2751; x_wconf 88' lang='lat' dir='ltr'><strong>signa</strong></span> <span class='ocrx_word' id='word_1_169' title='bbox 543 2706 587 2742; x_wconf 94' lang='lat' dir='ltr'><strong>et</strong></span> <span class='ocrx_word' id='word_1_170' title='bbox 601 2700 803 2754; x_wconf 78' lang='lat' dir='ltr'><strong>prodigia</strong></span> <span class='ocrx_word' id='word_1_171' title='bbox 817 2701 955 2743; x_wconf 92' lang='lat' dir='ltr'><strong>multa</strong></span> 
     </span>
     <span class='ocr_line' id='line_1_44' title="bbox 125 2758 327 2813; baseline 0 -13"><span class='ocrx_word' id='word_1_172' title='bbox 125 2758 168 2800; x_wconf 91' lang='lat' dir='ltr'><strong>in</strong></span> <span class='ocrx_word' id='word_1_173' title='bbox 186 2758 327 2813; x_wconf 88' lang='lat' dir='ltr'><strong>plebe.</strong></span> 
     </span>
    </p>
   </div>
   <div class='ocr_carea' id='block_1_7' title="bbox 1002 312 1839 716">
    <p class='ocr_par' dir='ltr' id='par_1_14' title="bbox 1002 312 1837 539">
     <span class='ocr_line' id='line_1_45' title="bbox 1054 312 1834 370; baseline -0.008 -12"><span class='ocrx_word' id='word_1_174' title='bbox 1054 318 1105 370; x_wconf 66' lang='lat' dir='ltr'><strong>Rz.</strong></span> <span class='ocrx_word' id='word_1_175' title='bbox 1122 317 1183 360; x_wconf 93' lang='lat' dir='ltr'><strong>br.</strong></span> <span class='ocrx_word' id='word_1_176' title='bbox 1206 315 1458 357; x_wconf 88' lang='lat' dir='ltr'><strong>Constitues</strong></span> <span class='ocrx_word' id='word_1_177' title='bbox 1474 326 1552 356; x_wconf 92' lang='lat' dir='ltr'><strong>eos</strong></span> <span class='ocrx_word' id='word_1_178' title='bbox 1570 312 1793 366; x_wconf 85' lang='lat' dir='ltr'><strong>principes</strong></span> <span class='ocrx_word' id='word_1_179' title='bbox 1811 321 1834 344; x_wconf 84' lang='lat'>*</span> 
     </span>
     <span class='ocr_line' id='line_1_46' title="bbox 1003 370 1837 426; baseline -0.008 -10"><span class='ocrx_word' id='word_1_180' title='bbox 1003 374 1145 426; x_wconf 90' lang='lat' dir='ltr'><strong>Super</strong></span> <span class='ocrx_word' id='word_1_181' title='bbox 1170 385 1345 414; x_wconf 92' lang='lat' dir='ltr'><strong>omnem</strong></span> <span class='ocrx_word' id='word_1_182' title='bbox 1369 376 1544 413; x_wconf 90' lang='lat' dir='ltr'><strong>terram.</strong></span> <span class='ocrx_word' id='word_1_183' title='bbox 1573 370 1837 412; x_wconf 81' lang='lat' dir='ltr'><strong>ConstitueS.</strong></span> 
     </span>
     <span class='ocr_line' id='line_1_47' title="bbox 1002 425 1836 478; baseline -0.006 -7"><span class='ocrx_word' id='word_1_184' title='bbox 1002 425 1053 478; x_wconf 64' lang='lat' dir='ltr'><strong>V.</strong></span> <span class='ocrx_word' id='word_1_185' title='bbox 1072 430 1294 471; x_wconf 91' lang='lat' dir='ltr'><strong>Memores</strong></span> <span class='ocrx_word' id='word_1_186' title='bbox 1314 433 1442 471; x_wconf 91' lang='lat' dir='ltr'><strong>erunt</strong></span> <span class='ocrx_word' id='word_1_187' title='bbox 1460 427 1650 469; x_wconf 89' lang='lat' dir='ltr'><strong>nominis</strong></span> <span class='ocrx_word' id='word_1_188' title='bbox 1668 426 1733 468; x_wconf 90' lang='lat' dir='ltr'><strong>tui</strong></span> <span class='ocrx_word' id='word_1_189' title='bbox 1747 426 1836 466; x_wconf 92' lang='lat' dir='ltr'><strong>Do-</strong></span> 
     </span>
     <span class='ocr_line' id='line_1_48' title="bbox 1003 484 1795 539; baseline -0.006 -10"><span class='ocrx_word' id='word_1_190' title='bbox 1003 487 1131 529; x_wconf 91' lang='lat' dir='ltr'><strong>mine.</strong></span> <span class='ocrx_word' id='word_1_191' title='bbox 1158 487 1310 539; x_wconf 85' lang='lat' dir='ltr'><strong>Super.</strong></span> <span class='ocrx_word' id='word_1_192' title='bbox 1338 485 1503 526; x_wconf 90' lang='lat' dir='ltr'><strong>Gloria.</strong></span> <span class='ocrx_word' id='word_1_193' title='bbox 1533 484 1795 526; x_wconf 90' lang='lat' dir='ltr'><strong>Constitues.</strong></span> 
     </span>
    </p>

    <p class='ocr_par' dir='ltr' id='par_1_15' title="bbox 1003 543 1839 716">
     <span class='ocr_line' id='line_1_49' title="bbox 1054 543 1839 596; baseline -0.006 -6"><span class='ocrx_word' id='word_1_194' title='bbox 1054 543 1105 596; x_wconf 69' lang='lat' dir='ltr'><strong>V.</strong></span> <span class='ocrx_word' id='word_1_195' title='bbox 1134 547 1279 590; x_wconf 91' lang='lat' dir='ltr'><strong>Nimis</strong></span> <span class='ocrx_word' id='word_1_196' title='bbox 1293 546 1499 588; x_wconf 78' lang='lat' dir='ltr'><strong>honorati</strong></span> <span class='ocrx_word' id='word_1_197' title='bbox 1514 550 1615 587; x_wconf 89' lang='lat' dir='ltr'><strong>sunt</strong></span> <span class='ocrx_word' id='word_1_198' title='bbox 1630 545 1759 586; x_wconf 88' lang='lat' dir='ltr'><strong>amici</strong></span> <span class='ocrx_word' id='word_1_199' title='bbox 1775 544 1839 586; x_wconf 92' lang='lat' dir='ltr'><strong>tui</strong></span> 
     </span>
     <span class='ocr_line' id='line_1_50' title="bbox 1003 603 1837 658; baseline -0.004 -11"><span class='ocrx_word' id='word_1_200' title='bbox 1003 606 1137 647; x_wconf 88' lang='lat' dir='ltr'><strong>Deus.</strong></span> <span class='ocrx_word' id='word_1_201' title='bbox 1188 607 1240 658; x_wconf 70' lang='lat' dir='ltr'><strong>R.</strong></span> <span class='ocrx_word' id='word_1_202' title='bbox 1277 604 1420 645; x_wconf 91' lang='lat' dir='ltr'><strong>Nimis</strong></span> <span class='ocrx_word' id='word_1_203' title='bbox 1458 603 1733 645; x_wconf 77' lang='lat' dir='ltr'><strong>confortatus</strong></span> <span class='ocrx_word' id='word_1_204' title='bbox 1770 606 1837 644; x_wconf 88' lang='lat' dir='ltr'><strong>est</strong></span> 
     </span>
     <span class='ocr_line' id='line_1_51' title="bbox 1004 662 1460 716; baseline -0.004 -13"><span class='ocrx_word' id='word_1_205' title='bbox 1004 662 1276 716; x_wconf 79' lang='lat' dir='ltr'><strong>principatus</strong></span> <span class='ocrx_word' id='word_1_206' title='bbox 1296 663 1460 703; x_wconf 92' lang='lat' dir='ltr'><strong>eorum.</strong></span> 
     </span>
    </p>
   </div>
   <div class='ocr_carea' id='block_1_8' title="bbox 1057 739 1647 854">
    <p class='ocr_par' dir='ltr' id='par_1_16' title="bbox 1057 739 1647 854">
     <span class='ocr_line' id='line_1_52' title="bbox 1285 739 1562 775; baseline -0.004 0"><span class='ocrx_word' id='word_1_207' title='bbox 1285 739 1353 775; x_wconf 92' lang='lat' dir='ltr'><strong>Ad</strong></span> <span class='ocrx_word' id='word_1_208' title='bbox 1377 739 1562 775; x_wconf 89' lang='lat' dir='ltr'><strong>Nonam.</strong></span> 
     </span>
     <span class='ocr_line' id='line_1_53' title="bbox 1057 799 1647 854; baseline -0.003 -12"><span class='ocrx_word' id='word_1_209' title='bbox 1057 803 1157 843; x_wconf 89' lang='lat' dir='ltr'><strong>Ant.</strong></span> <span class='ocrx_word' id='word_1_210' title='bbox 1186 803 1237 842; x_wconf 88' lang='lat' dir='ltr'><strong>In</strong></span> <span class='ocrx_word' id='word_1_211' title='bbox 1256 799 1469 854; x_wconf 87' lang='lat' dir='ltr'><strong>patientia</strong></span> <span class='ocrx_word' id='word_1_212' title='bbox 1487 804 1647 841; x_wconf 87' lang='lat' dir='ltr'><strong>vestra.</strong></span> 
     </span>
    </p>
   </div>
   <div class='ocr_carea' id='block_1_9' title="bbox 1004 872 1841 1507">
    <p class='ocr_par' dir='ltr' id='par_1_17' title="bbox 1004 872 1840 1158">
     <span class='ocr_line' id='line_1_54' title="bbox 1110 872 1731 924; baseline 0.008 -12"><span class='ocrx_word' id='word_1_213' title='bbox 1110 872 1369 924; x_wconf 88' lang='lat' dir='ltr'><strong>Capitulum.</strong></span> <span class='ocrx_word' id='word_1_214' title='bbox 1528 876 1626 919; x_wconf 88' lang='lat' dir='ltr'><strong>Act.</strong></span> <span class='ocrx_word' id='word_1_215' title='bbox 1642 877 1680 916; x_wconf 81' lang='grc'><strong>5.</strong></span> <span class='ocrx_word' id='word_1_216' title='bbox 1697 890 1731 917; x_wconf 88' lang='lat' dir='ltr'><strong>c.</strong></span> 
     </span>
     <span class='ocr_line' id='line_1_55' title="bbox 1054 932 1838 987; baseline -0.003 -12"><span class='ocrx_word' id='word_1_217' title='bbox 1054 934 1159 976; x_wconf 90' lang='lat' dir='ltr'><strong>bant</strong></span> <span class='ocrx_word' id='word_1_218' title='bbox 1183 933 1394 987; x_wconf 89' lang='lat' dir='ltr'><strong>Apostoli</strong></span> <span class='ocrx_word' id='word_1_219' title='bbox 1417 932 1662 985; x_wconf 78' lang='lat' dir='ltr'><strong>gaudentes</strong></span> <span class='ocrx_word' id='word_1_220' title='bbox 1687 945 1712 974; x_wconf 90' lang='lat' dir='ltr'><strong>a</strong></span> <span class='ocrx_word' id='word_1_221' title='bbox 1739 945 1838 974; x_wconf 95' lang='lat' dir='ltr'><strong>con-</strong></span> 
     </span>
     <span class='ocr_line' id='line_1_56' title="bbox 1074 989 1840 1044; baseline -0.004 -11"><span class='ocrx_word' id='word_1_222' title='bbox 1074 993 1232 1044; x_wconf 90' lang='lat' dir='ltr'><strong>spectu</strong></span> <span class='ocrx_word' id='word_1_223' title='bbox 1258 990 1447 1040; x_wconf 90' lang='lat' dir='ltr'><strong>concilii,</strong></span> <span class='ocrx_word' id='word_1_224' title='bbox 1483 989 1690 1042; x_wconf 84' lang='lat' dir='ltr'><strong>quoniam</strong></span> <span class='ocrx_word' id='word_1_225' title='bbox 1720 989 1840 1040; x_wconf 84' lang='lat' dir='ltr'><strong>digni</strong></span> 
     </span>
     <span class='ocr_line' id='line_1_57' title="bbox 1005 1047 1839 1101; baseline -0.001 -12"><span class='ocrx_word' id='word_1_226' title='bbox 1005 1047 1141 1090; x_wconf 77' lang='lat' dir='ltr'><strong>habiti</strong></span> <span class='ocrx_word' id='word_1_227' title='bbox 1160 1053 1262 1090; x_wconf 90' lang='lat' dir='ltr'><strong>sunt</strong></span> <span class='ocrx_word' id='word_1_228' title='bbox 1280 1060 1362 1101; x_wconf 93' lang='lat' dir='ltr'><strong>pro</strong></span> <span class='ocrx_word' id='word_1_229' title='bbox 1378 1047 1554 1089; x_wconf 92' lang='lat' dir='ltr'><strong>nomine</strong></span> <span class='ocrx_word' id='word_1_230' title='bbox 1569 1047 1594 1088; x_wconf 87' lang='lat' dir='ltr'><strong>J</strong></span> <span class='ocrx_word' id='word_1_231' title='bbox 1596 1060 1674 1089; x_wconf 93' lang='lat' dir='ltr'><strong>esu</strong></span> <span class='ocrx_word' id='word_1_232' title='bbox 1689 1051 1839 1088; x_wconf 90' lang='lat' dir='ltr'><strong>contu-</strong></span> 
     </span>
     <span class='ocr_line' id='line_1_58' title="bbox 1004 1105 1302 1158; baseline 0 -12"><span class='ocrx_word' id='word_1_233' title='bbox 1004 1105 1180 1147; x_wconf 86' lang='lat' dir='ltr'><strong>meliam</strong></span> <span class='ocrx_word' id='word_1_234' title='bbox 1199 1105 1302 1158; x_wconf 90' lang='lat' dir='ltr'><strong>pati.</strong></span> 
     </span>
    </p>

    <p class='ocr_par' dir='ltr' id='par_1_18' title="bbox 1005 1165 1841 1379">
     <span class='ocr_line' id='line_1_59' title="bbox 1056 1165 1837 1218; baseline -0.003 -11"><span class='ocrx_word' id='word_1_235' title='bbox 1056 1166 1107 1218; x_wconf 67' lang='lat' dir='ltr'><strong>R.</strong></span> <span class='ocrx_word' id='word_1_236' title='bbox 1143 1165 1206 1207; x_wconf 90' lang='lat' dir='ltr'><strong>br.</strong></span> <span class='ocrx_word' id='word_1_237' title='bbox 1252 1165 1395 1207; x_wconf 92' lang='lat' dir='ltr'><strong>Nimis</strong></span> <span class='ocrx_word' id='word_1_238' title='bbox 1437 1165 1643 1207; x_wconf 81' lang='lat' dir='ltr'><strong>honorati</strong></span> <span class='ocrx_word' id='word_1_239' title='bbox 1679 1169 1781 1206; x_wconf 92' lang='lat' dir='ltr'><strong>sunt</strong></span> <span class='ocrx_word' id='word_1_240' title='bbox 1815 1169 1837 1194; x_wconf 87' lang='lat'>*</span> 
     </span>
     <span class='ocr_line' id='line_1_60' title="bbox 1005 1220 1841 1272; baseline -0.002 -8"><span class='ocrx_word' id='word_1_241' title='bbox 1005 1223 1150 1264; x_wconf 86' lang='lat' dir='ltr'><strong>Amici</strong></span> <span class='ocrx_word' id='word_1_242' title='bbox 1174 1223 1239 1265; x_wconf 92' lang='lat' dir='ltr'><strong>tui</strong></span> <span class='ocrx_word' id='word_1_243' title='bbox 1263 1223 1397 1264; x_wconf 92' lang='lat' dir='ltr'><strong>Deus.</strong></span> <span class='ocrx_word' id='word_1_244' title='bbox 1424 1222 1578 1263; x_wconf 89' lang='lat' dir='ltr'><strong>Nimis.</strong></span> <span class='ocrx_word' id='word_1_245' title='bbox 1616 1220 1667 1272; x_wconf 66' lang='lat' dir='ltr'><strong>V.</strong></span> <span class='ocrx_word' id='word_1_246' title='bbox 1698 1221 1841 1263; x_wconf 91' lang='lat' dir='ltr'><strong>Nimis</strong></span> 
     </span>
     <span class='ocr_line' id='line_1_61' title="bbox 1006 1279 1840 1332; baseline -0.004 -10"><span class='ocrx_word' id='word_1_247' title='bbox 1006 1280 1280 1322; x_wconf 76' lang='lat' dir='ltr'><strong>confortatus</strong></span> <span class='ocrx_word' id='word_1_248' title='bbox 1297 1284 1364 1321; x_wconf 92' lang='lat' dir='ltr'><strong>est</strong></span> <span class='ocrx_word' id='word_1_249' title='bbox 1382 1279 1656 1332; x_wconf 81' lang='lat' dir='ltr'><strong>principatus</strong></span> <span class='ocrx_word' id='word_1_250' title='bbox 1676 1280 1840 1320; x_wconf 89' lang='lat' dir='ltr'><strong>eorum.</strong></span> 
     </span>
     <span class='ocr_line' id='line_1_62' title="bbox 1006 1336 1670 1379; baseline -0.005 0"><span class='ocrx_word' id='word_1_251' title='bbox 1006 1338 1160 1379; x_wconf 83' lang='lat' dir='ltr'><strong>Amici.</strong></span> <span class='ocrx_word' id='word_1_252' title='bbox 1187 1337 1342 1378; x_wconf 82' lang='lat' dir='ltr'><strong>Gloria</strong></span> <span class='ocrx_word' id='word_1_253' title='bbox 1360 1336 1491 1378; x_wconf 90' lang='lat' dir='ltr'><strong>Patri.</strong></span> <span class='ocrx_word' id='word_1_254' title='bbox 1518 1336 1670 1377; x_wconf 86' lang='lat' dir='ltr'><strong>Nimis.</strong></span> 
     </span>
    </p>

    <p class='ocr_par' dir='ltr' id='par_1_19' title="bbox 1006 1392 1841 1507">
     <span class='ocr_line' id='line_1_63' title="bbox 1058 1392 1841 1450; baseline 0 -12"><span class='ocrx_word' id='word_1_255' title='bbox 1058 1392 1109 1444; x_wconf 66' lang='lat' dir='ltr'><strong>V.</strong></span> <span class='ocrx_word' id='word_1_256' title='bbox 1150 1398 1534 1440; x_wconf 87' lang='lat' dir='ltr'><strong>Annuntiaverunt</strong></span> <span class='ocrx_word' id='word_1_257' title='bbox 1571 1399 1709 1450; x_wconf 91' lang='lat' dir='ltr'><strong>opera</strong></span> <span class='ocrx_word' id='word_1_258' title='bbox 1744 1397 1841 1439; x_wconf 91' lang='lat' dir='ltr'><strong>Dei.</strong></span> 
     </span>
     <span class='ocr_line' id='line_1_64' title="bbox 1006 1454 1727 1507; baseline 0.001 -13"><span class='ocrx_word' id='word_1_259' title='bbox 1006 1454 1057 1507; x_wconf 66' lang='lat' dir='ltr'><strong>Rz.</strong></span> <span class='ocrx_word' id='word_1_260' title='bbox 1084 1457 1141 1498; x_wconf 90' lang='lat' dir='ltr'><strong>Et</strong></span> <span class='ocrx_word' id='word_1_261' title='bbox 1161 1456 1277 1498; x_wconf 88' lang='lat' dir='ltr'><strong>facta</strong></span> <span class='ocrx_word' id='word_1_262' title='bbox 1298 1457 1389 1507; x_wconf 85' lang='lat' dir='ltr'><strong>eius</strong></span> <span class='ocrx_word' id='word_1_263' title='bbox 1408 1455 1727 1502; x_wconf 82' lang='lat' dir='ltr'><strong>intellexerunt.</strong></span> 
     </span>
    </p>
   </div>
   <div class='ocr_carea' id='block_1_10' title="bbox 1209 1545 1631 1596">
    <p class='ocr_par' dir='ltr' id='par_1_20' title="bbox 1209 1545 1631 1596">
     <span class='ocr_line' id='line_1_65' title="bbox 1209 1545 1631 1596; baseline -0.002 -9"><span class='ocrx_word' id='word_1_264' title='bbox 1209 1545 1270 1587; x_wconf 89' lang='lat' dir='ltr'><strong>In</strong></span> <span class='ocrx_word' id='word_1_265' title='bbox 1297 1546 1359 1587; x_wconf 92' lang='lat'><strong>11.</strong></span> <span class='ocrx_word' id='word_1_266' title='bbox 1379 1545 1631 1596; x_wconf 80' lang='lat' dir='ltr'><strong>vesperis,</strong></span> 
     </span>
    </p>
   </div>
   <div class='ocr_carea' id='block_1_11' title="bbox 1005 1612 1843 2696">
    <p class='ocr_par' dir='ltr' id='par_1_21' title="bbox 1005 1612 1841 1767">
     <span class='ocr_line' id='line_1_66' title="bbox 1061 1612 1841 1662; baseline 0 -10"><span class='ocrx_word' id='word_1_267' title='bbox 1061 1614 1161 1653; x_wconf 90' lang='lat' dir='ltr'><strong>Ant.</strong></span> <span class='ocrx_word' id='word_1_268' title='bbox 1188 1612 1358 1654; x_wconf 79' lang='lat' dir='ltr'><strong>Juravit</strong></span> <span class='ocrx_word' id='word_1_269' title='bbox 1377 1612 1607 1662; x_wconf 82' lang='lat' dir='ltr'><strong>DominuS,</strong></span> <span class='ocrx_word' id='word_1_270' title='bbox 1628 1612 1652 1637; x_wconf 90' lang='lat'>*</span> <span class='ocrx_word' id='word_1_271' title='bbox 1681 1616 1726 1654; x_wconf 89' lang='lat' dir='ltr'><strong>et</strong></span> <span class='ocrx_word' id='word_1_272' title='bbox 1753 1624 1841 1653; x_wconf 92' lang='lat' dir='ltr'><strong>non</strong></span> 
     </span>
     <span class='ocr_line' id='line_1_67' title="bbox 1005 1668 1841 1721; baseline 0.001 -12"><span class='ocrx_word' id='word_1_273' title='bbox 1005 1668 1239 1721; x_wconf 90' lang='lat' dir='ltr'><strong>poenitebit</strong></span> <span class='ocrx_word' id='word_1_274' title='bbox 1263 1682 1377 1711; x_wconf 91' lang='lat' dir='ltr'><strong>eum:</strong></span> <span class='ocrx_word' id='word_1_275' title='bbox 1404 1669 1473 1710; x_wconf 92' lang='lat' dir='ltr'><strong>Tu</strong></span> <span class='ocrx_word' id='word_1_276' title='bbox 1493 1682 1541 1710; x_wconf 92' lang='lat' dir='ltr'><strong>es</strong></span> <span class='ocrx_word' id='word_1_277' title='bbox 1565 1668 1774 1711; x_wconf 88' lang='lat' dir='ltr'><strong>sacerdos</strong></span> <span class='ocrx_word' id='word_1_278' title='bbox 1799 1669 1841 1710; x_wconf 93' lang='lat' dir='ltr'><strong>in</strong></span> 
     </span>
     <span class='ocr_line' id='line_1_68' title="bbox 1007 1726 1231 1767; baseline -0.004 0"><span class='ocrx_word' id='word_1_279' title='bbox 1007 1726 1231 1767; x_wconf 78' lang='lat' dir='ltr'><strong>aeternum.</strong></span> 
     </span>
    </p>

    <p class='ocr_par' dir='ltr' id='par_1_22' title="bbox 1010 1783 1842 1963">
     <span class='ocr_line' id='line_1_69' title="bbox 1268 1783 1583 1824; baseline 0 -1"><span class='ocrx_word' id='word_1_280' title='bbox 1268 1783 1469 1823; x_wconf 79' lang='lat' dir='ltr'><strong>Psalmus</strong></span> <span class='ocrx_word' id='word_1_281' title='bbox 1492 1785 1583 1824; x_wconf 85' lang='lat'><strong>109.</strong></span> 
     </span>
     <span class='ocr_line' id='line_1_70' title="bbox 1010 1848 1842 1906; baseline -0.002 -16"><span class='ocrx_word' id='word_1_282' title='bbox 1010 1856 1126 1906; x_wconf 44' lang='lat' dir='ltr'><strong>VN</strong></span> <span class='ocrx_word' id='word_1_283' title='bbox 1138 1848 1218 1890; x_wconf 80' lang='lat' dir='ltr'><strong>ixit</strong></span> <span class='ocrx_word' id='word_1_284' title='bbox 1235 1848 1454 1890; x_wconf 87' lang='lat' dir='ltr'><strong>Dominus</strong></span> <span class='ocrx_word' id='word_1_285' title='bbox 1472 1848 1666 1889; x_wconf 91' lang='lat' dir='ltr'><strong>Domino</strong></span> <span class='ocrx_word' id='word_1_286' title='bbox 1685 1861 1800 1890; x_wconf 90' lang='lat' dir='ltr'><strong>meo:</strong></span> <span class='ocrx_word' id='word_1_287' title='bbox 1819 1849 1842 1874; x_wconf 87' lang='lat'><strong>*</strong></span> 
     </span>
     <span class='ocr_line' id='line_1_71' title="bbox 1018 1901 1647 1963; baseline -0.005 -15"><span class='ocrx_word' id='word_1_288' title='bbox 1018 1901 1109 1963; x_wconf 53' lang='lat'><strong>214}</strong></span> <span class='ocrx_word' id='word_1_289' title='bbox 1130 1951 1131 1954; x_wconf 43' lang='lat'>,</span> <span class='ocrx_word' id='word_1_290' title='bbox 1156 1905 1270 1947; x_wconf 89' lang='lat' dir='ltr'><strong>Sede</strong></span> <span class='ocrx_word' id='word_1_291' title='bbox 1291 1918 1316 1946; x_wconf 91' lang='lat' dir='ltr'><strong>a</strong></span> <span class='ocrx_word' id='word_1_292' title='bbox 1336 1904 1503 1947; x_wconf 84' lang='lat' dir='ltr'><strong>dextris</strong></span> <span class='ocrx_word' id='word_1_293' title='bbox 1522 1905 1647 1946; x_wconf 87' lang='lat' dir='ltr'><strong>meis:</strong></span> 
     </span>
    </p>

    <p class='ocr_par' dir='ltr' id='par_1_23' title="bbox 1008 1961 1842 2071">
     <span class='ocr_line' id='line_1_72' title="bbox 1203 1961 1842 2015; baseline 0.001 -11.819"><span class='ocrx_word' id='word_1_294' title='bbox 1203 1963 1359 2004; x_wconf 92' lang='lat' dir='ltr'><strong>Donec</strong></span> <span class='ocrx_word' id='word_1_295' title='bbox 1378 1974 1543 2015; x_wconf 91' lang='lat' dir='ltr'><strong>ponam</strong></span> <span class='ocrx_word' id='word_1_296' title='bbox 1559 1961 1762 2004; x_wconf 92' lang='lat' dir='ltr'><strong>inimicos</strong></span> <span class='ocrx_word' id='word_1_297' title='bbox 1778 1967 1842 2004; x_wconf 89' lang='lat' dir='ltr'><strong>tu-</strong></span> 
     </span>
     <span class='ocr_line' id='line_1_73' title="bbox 1008 2018 1765 2071; baseline -0.001 -10"><span class='ocrx_word' id='word_1_298' title='bbox 1008 2032 1069 2069; x_wconf 85' lang='lat' dir='ltr'><strong>os,</strong></span> <span class='ocrx_word' id='word_1_299' title='bbox 1088 2019 1112 2045; x_wconf 91' lang='lat'>*</span> <span class='ocrx_word' id='word_1_300' title='bbox 1131 2018 1373 2062; x_wconf 87' lang='lat' dir='ltr'><strong>scabellum</strong></span> <span class='ocrx_word' id='word_1_301' title='bbox 1391 2018 1557 2071; x_wconf 91' lang='lat' dir='ltr'><strong>pedum</strong></span> <span class='ocrx_word' id='word_1_302' title='bbox 1575 2020 1765 2060; x_wconf 91' lang='lat' dir='ltr'><strong>tuorum.</strong></span> 
     </span>
    </p>

    <p class='ocr_par' dir='ltr' id='par_1_24' title="bbox 1007 2075 1842 2232">
     <span class='ocr_line' id='line_1_74' title="bbox 1059 2075 1842 2127; baseline 0 -9"><span class='ocrx_word' id='word_1_303' title='bbox 1059 2076 1243 2127; x_wconf 88' lang='lat' dir='ltr'><strong>Virgam</strong></span> <span class='ocrx_word' id='word_1_304' title='bbox 1262 2075 1436 2117; x_wconf 72' lang='lat' dir='ltr'><strong>virtutis</strong></span> <span class='ocrx_word' id='word_1_305' title='bbox 1459 2080 1548 2117; x_wconf 88' lang='lat' dir='ltr'><strong>tuae</strong></span> <span class='ocrx_word' id='word_1_306' title='bbox 1565 2078 1736 2118; x_wconf 84' lang='lat' dir='ltr'><strong>emittet</strong></span> <span class='ocrx_word' id='word_1_307' title='bbox 1753 2077 1842 2118; x_wconf 93' lang='lat' dir='ltr'><strong>Do-</strong></span> 
     </span>
     <span class='ocr_line' id='line_1_75' title="bbox 1007 2131 1841 2175; baseline 0.001 -1"><span class='ocrx_word' id='word_1_308' title='bbox 1007 2134 1151 2174; x_wconf 90' lang='lat' dir='ltr'><strong>minus</strong></span> <span class='ocrx_word' id='word_1_309' title='bbox 1178 2146 1232 2175; x_wconf 83' lang='lat' dir='ltr'><strong>ex</strong></span> <span class='ocrx_word' id='word_1_310' title='bbox 1251 2133 1374 2174; x_wconf 91' lang='lat' dir='ltr'><strong>Sion:</strong></span> <span class='ocrx_word' id='word_1_311' title='bbox 1393 2132 1417 2159; x_wconf 90' lang='lat'>*</span> <span class='ocrx_word' id='word_1_312' title='bbox 1442 2131 1672 2175; x_wconf 76' lang='lat' dir='ltr'><strong>dominare</strong></span> <span class='ocrx_word' id='word_1_313' title='bbox 1691 2133 1735 2174; x_wconf 91' lang='lat' dir='ltr'><strong>in</strong></span> <span class='ocrx_word' id='word_1_314' title='bbox 1754 2135 1841 2175; x_wconf 88' lang='lat' dir='ltr'><strong>me-</strong></span> 
     </span>
     <span class='ocr_line' id='line_1_76' title="bbox 1008 2190 1586 2232; baseline -0.003 0"><span class='ocrx_word' id='word_1_315' title='bbox 1008 2190 1081 2232; x_wconf 88' lang='lat' dir='ltr'><strong>dio</strong></span> <span class='ocrx_word' id='word_1_316' title='bbox 1101 2190 1379 2231; x_wconf 90' lang='lat' dir='ltr'><strong>inimicorum</strong></span> <span class='ocrx_word' id='word_1_317' title='bbox 1397 2191 1586 2231; x_wconf 91' lang='lat' dir='ltr'><strong>tuorum.</strong></span> 
     </span>
    </p>

    <p class='ocr_par' dir='ltr' id='par_1_25' title="bbox 1007 2245 1843 2412">
     <span class='ocr_line' id='line_1_77' title="bbox 1060 2245 1843 2300; baseline 0 -12"><span class='ocrx_word' id='word_1_318' title='bbox 1060 2247 1229 2289; x_wconf 91' lang='lat' dir='ltr'><strong>Tecum</strong></span> <span class='ocrx_word' id='word_1_319' title='bbox 1242 2246 1508 2300; x_wconf 91' lang='lat' dir='ltr'><strong>principium</strong></span> <span class='ocrx_word' id='word_1_320' title='bbox 1521 2246 1565 2287; x_wconf 93' lang='lat' dir='ltr'><strong>in</strong></span> <span class='ocrx_word' id='word_1_321' title='bbox 1581 2245 1651 2289; x_wconf 90' lang='lat' dir='ltr'><strong>die</strong></span> <span class='ocrx_word' id='word_1_322' title='bbox 1666 2247 1843 2289; x_wconf 77' lang='lat' dir='ltr'><strong>virtutis</strong></span> 
     </span>
     <span class='ocr_line' id='line_1_78' title="bbox 1007 2302 1842 2356; baseline -0.002 -10"><span class='ocrx_word' id='word_1_323' title='bbox 1007 2309 1097 2346; x_wconf 86' lang='lat' dir='ltr'><strong>tuae</strong></span> <span class='ocrx_word' id='word_1_324' title='bbox 1122 2304 1167 2345; x_wconf 91' lang='lat' dir='ltr'><strong>in</strong></span> <span class='ocrx_word' id='word_1_325' title='bbox 1192 2302 1504 2356; x_wconf 88' lang='lat' dir='ltr'><strong>splendoribus</strong></span> <span class='ocrx_word' id='word_1_326' title='bbox 1529 2306 1798 2356; x_wconf 76' lang='lat' dir='ltr'><strong>sanctorum:</strong></span> <span class='ocrx_word' id='word_1_327' title='bbox 1819 2305 1842 2330; x_wconf 91' lang='lat'>*</span> 
     </span>
     <span class='ocr_line' id='line_1_79' title="bbox 1009 2360 1804 2412; baseline 0 -9"><span class='ocrx_word' id='word_1_328' title='bbox 1009 2374 1064 2403; x_wconf 86' lang='lat' dir='ltr'><strong>ex</strong></span> <span class='ocrx_word' id='word_1_329' title='bbox 1081 2364 1209 2402; x_wconf 84' lang='lat' dir='ltr'><strong>utero</strong></span> <span class='ocrx_word' id='word_1_330' title='bbox 1229 2365 1331 2402; x_wconf 90' lang='lat' dir='ltr'><strong>ante</strong></span> <span class='ocrx_word' id='word_1_331' title='bbox 1349 2360 1580 2402; x_wconf 87' lang='lat' dir='ltr'><strong>luciferum</strong></span> <span class='ocrx_word' id='word_1_332' title='bbox 1598 2362 1731 2412; x_wconf 89' lang='lat' dir='ltr'><strong>genui</strong></span> <span class='ocrx_word' id='word_1_333' title='bbox 1748 2366 1804 2403; x_wconf 90' lang='lat' dir='ltr'><strong>te.</strong></span> 
     </span>
    </p>

    <p class='ocr_par' dir='ltr' id='par_1_26' title="bbox 1008 2418 1842 2630">
     <span class='ocr_line' id='line_1_80' title="bbox 1060 2418 1842 2471; baseline 0 -13"><span class='ocrx_word' id='word_1_334' title='bbox 1060 2418 1085 2459; x_wconf 82' lang='lat' dir='ltr'>J</span> <span class='ocrx_word' id='word_1_335' title='bbox 1087 2418 1232 2459; x_wconf 77' lang='lat' dir='ltr'><strong>uravit</strong></span> <span class='ocrx_word' id='word_1_336' title='bbox 1257 2418 1486 2468; x_wconf 87' lang='lat' dir='ltr'><strong>Dominus,</strong></span> <span class='ocrx_word' id='word_1_337' title='bbox 1515 2422 1560 2459; x_wconf 90' lang='lat' dir='ltr'><strong>et</strong></span> <span class='ocrx_word' id='word_1_338' title='bbox 1586 2431 1676 2460; x_wconf 91' lang='lat' dir='ltr'><strong>non</strong></span> <span class='ocrx_word' id='word_1_339' title='bbox 1702 2418 1842 2471; x_wconf 90' lang='lat' dir='ltr'><strong>poeni-</strong></span> 
     </span>
     <span class='ocr_line' id='line_1_81' title="bbox 1008 2474 1841 2517; baseline 0 -1"><span class='ocrx_word' id='word_1_340' title='bbox 1008 2474 1119 2516; x_wconf 84' lang='lat' dir='ltr'><strong>tebit</strong></span> <span class='ocrx_word' id='word_1_341' title='bbox 1143 2487 1257 2516; x_wconf 90' lang='lat' dir='ltr'><strong>eum:</strong></span> <span class='ocrx_word' id='word_1_342' title='bbox 1280 2475 1304 2501; x_wconf 90' lang='lat'>*</span> <span class='ocrx_word' id='word_1_343' title='bbox 1329 2474 1399 2516; x_wconf 91' lang='lat' dir='ltr'><strong>Tu</strong></span> <span class='ocrx_word' id='word_1_344' title='bbox 1423 2487 1470 2517; x_wconf 91' lang='lat' dir='ltr'><strong>es</strong></span> <span class='ocrx_word' id='word_1_345' title='bbox 1494 2474 1704 2517; x_wconf 82' lang='lat' dir='ltr'><strong>sacerdos</strong></span> <span class='ocrx_word' id='word_1_346' title='bbox 1722 2475 1767 2516; x_wconf 93' lang='lat' dir='ltr'><strong>in</strong></span> <span class='ocrx_word' id='word_1_347' title='bbox 1786 2488 1841 2516; x_wconf 87' lang='lat' dir='ltr'><strong>ae-</strong></span> 
     </span>
     <span class='ocr_line' id='line_1_82' title="bbox 1008 2531 1841 2574; baseline 0 -2"><span class='ocrx_word' id='word_1_348' title='bbox 1008 2533 1182 2573; x_wconf 92' lang='lat' dir='ltr'><strong>ternum</strong></span> <span class='ocrx_word' id='word_1_349' title='bbox 1197 2531 1440 2574; x_wconf 77' lang='lat' dir='ltr'><strong>secundum</strong></span> <span class='ocrx_word' id='word_1_350' title='bbox 1452 2531 1654 2574; x_wconf 87' lang='lat' dir='ltr'><strong>ordinem</strong></span> <span class='ocrx_word' id='word_1_351' title='bbox 1663 2531 1841 2574; x_wconf 91' lang='lat' dir='ltr'><strong>Melchi-</strong></span> 
     </span>
     <span class='ocr_line' id='line_1_83' title="bbox 1008 2588 1182 2630; baseline -0.006 0"><span class='ocrx_word' id='word_1_352' title='bbox 1008 2588 1182 2630; x_wconf 91' lang='lat' dir='ltr'><strong>sedech.</strong></span> 
     </span>
    </p>

    <p class='ocr_par' dir='ltr' id='par_1_27' title="bbox 1059 2644 1841 2696">
     <span class='ocr_line' id='line_1_84' title="bbox 1059 2644 1841 2696; baseline -0.001 -10"><span class='ocrx_word' id='word_1_353' title='bbox 1059 2646 1275 2687; x_wconf 90' lang='lat' dir='ltr'><strong>Dominus</strong></span> <span class='ocrx_word' id='word_1_354' title='bbox 1295 2659 1321 2687; x_wconf 86' lang='lat' dir='ltr'><strong>a</strong></span> <span class='ocrx_word' id='word_1_355' title='bbox 1336 2645 1505 2688; x_wconf 86' lang='lat' dir='ltr'><strong>dextris</strong></span> <span class='ocrx_word' id='word_1_356' title='bbox 1519 2646 1617 2696; x_wconf 89' lang='lat' dir='ltr'><strong>tuis,</strong></span> <span class='ocrx_word' id='word_1_357' title='bbox 1631 2646 1656 2672; x_wconf 92' lang='lat'>*</span> <span class='ocrx_word' id='word_1_358' title='bbox 1674 2644 1841 2687; x_wconf 89' lang='lat' dir='ltr'><strong>confre-</strong></span> 
     </span>
    </p>
   </div>
   <div class='ocr_carea' id='block_1_12' title="bbox 1002 2702 1591 2754">
    <p class='ocr_par' dir='ltr' id='par_1_28' title="bbox 1002 2702 1591 2754">
     <span class='ocr_line' id='line_1_85' title="bbox 1002 2702 1591 2754; baseline 0 -10"><span class='ocrx_word' id='word_1_359' title='bbox 1002 2702 1070 2752; x_wconf 78' lang='lat' dir='ltr'><strong>git</strong></span> <span class='ocrx_word' id='word_1_360' title='bbox 1088 2702 1132 2743; x_wconf 92' lang='lat' dir='ltr'><strong>in</strong></span> <span class='ocrx_word' id='word_1_361' title='bbox 1152 2702 1222 2744; x_wconf 80' lang='lat' dir='ltr'><strong>die</strong></span> <span class='ocrx_word' id='word_1_362' title='bbox 1240 2703 1318 2744; x_wconf 89' lang='lat' dir='ltr'><strong>irae</strong></span> <span class='ocrx_word' id='word_1_363' title='bbox 1338 2715 1432 2744; x_wconf 85' lang='lat' dir='ltr'><strong>suae</strong></span> <span class='ocrx_word' id='word_1_364' title='bbox 1452 2715 1591 2754; x_wconf 85' lang='lat' dir='ltr'><strong>reges.</strong></span> 
     </span>
    </p>
   </div>
   <div class='ocr_carea' id='block_1_13' title="bbox 55 158 1905 2864">
    <p class='ocr_par' dir='ltr' id='par_1_29' title="bbox 55 158 1905 2864">
     <span class='ocr_line' id='line_1_86' title="bbox 55 158 1905 2864; baseline 0 0"><span class='ocrx_word' id='word_1_365' title='bbox 55 158 1905 2864; x_wconf 95' lang='lat' dir='ltr'><strong> </strong></span> 
     </span>
    </p>
   </div>
   <div class='ocr_carea' id='block_1_14' title="bbox 1058 2757 1841 2812">
    <p class='ocr_par' dir='ltr' id='par_1_30' title="bbox 1058 2757 1841 2812">
     <span class='ocr_line' id='line_1_87' title="bbox 1058 2757 1841 2812; baseline -0.001 -12"><span class='ocrx_word' id='word_1_366' title='bbox 1058 2759 1084 2800; x_wconf 90' lang='lat' dir='ltr'><strong>J</strong></span> <span class='ocrx_word' id='word_1_367' title='bbox 1085 2758 1283 2803; x_wconf 77' lang='lat' dir='ltr'><strong>udicabit</strong></span> <span class='ocrx_word' id='word_1_368' title='bbox 1299 2760 1344 2802; x_wconf 91' lang='lat' dir='ltr'><strong>in</strong></span> <span class='ocrx_word' id='word_1_369' title='bbox 1358 2759 1620 2808; x_wconf 60' lang='lat' dir='ltr'><strong>nationibus</strong></span> <span class='ocrx_word' id='word_1_370' title='bbox 1640 2757 1841 2812; x_wconf 90' lang='lat' dir='ltr'><strong>implebit</strong></span> 
     </span>
    </p>
   </div>
  </div>
 </body>
</html>
