2040 2976
438 183 510 216 Die
535 183 567 215 8.
592 181 693 222 Maii.
732 180 774 213 In
800 179 1059 222 Apparitione
1086 178 1120 211 S.
1142 178 1344 211 Michaelis
1370 178 1562 220 Archang.

142 284 339 325 sillorum
359 282 473 324 enim
493 280 652 331 Angeli
671 278 868 331 quotidie
886 277 970 318 De-

140 353 214 381 um
233 339 398 381 vident:
418 338 519 390 quia
537 336 673 377 Filius
692 334 882 376 heminis
901 346 970 374 ve-

140 396 203 437 nit
222 395 393 436 salvare
411 407 510 446 quae
524 392 699 446 perdita
714 396 824 432 sunt.
851 391 970 440 Ergo

141 457 186 494 et
204 451 339 493 Filius
364 450 552 492 hominis
579 449 737 497 salvat,
766 452 810 489 et
827 447 978 487 Deum

141 508 300 559 Angeli
331 506 496 556 vident,
529 510 573 547 et
605 504 763 555 Angeli
793 502 971 556 pusillo-

141 578 238 605 rum
256 568 455 616 praesunt
472 562 666 604 fidelium
688 559 972 602 orationibus.

141 622 339 662 Praeesse
367 618 562 670 Angelos
591 617 794 658 absoluta
824 618 972 657 aucto-

141 678 249 718 ritas
285 681 362 718 est.
415 675 691 716 Salvatorum
726 673 858 724 igitur
893 685 972 725 per

144 733 363 775 Christum
391 732 615 773 orationes
644 730 802 782 Angeli
833 731 973 782 quoti-

143 789 213 831 die
232 789 329 830 Deo
350 788 549 829 offerunt.
581 788 700 838 Ergo
723 786 973 839 periculose

141 845 214 886 ille
246 844 556 894 contemnitur,
589 844 709 895 cujus
744 842 973 891 desideria,

143 914 194 943 ac
223 901 544 954 postulationes
578 899 635 941 ad
668 901 896 947 aeternum,
930 904 973 939 et

141 957 404 998 invisibilem
438 957 583 998 Deum
619 955 853 997 ambitioso
887 954 973 995 An-

142 1013 340 1065 galerum
385 1013 598 1054 famulatu
643 1025 695 1053 ac
732 1011 973 1053 ministerio

142 1070 454 1122 pervehuntur.

205 1130 266 1172 Te
285 1131 430 1172 Deum
449 1129 690 1171 laudamus.
717 1130 776 1169 13.

407 1208 485 1249 Ad
511 1208 709 1249 Laudes

353 1275 403 1304 et
442 1279 540 1312 per
580 1268 775 1318 Horas.

197 1332 296 1371 Ant.
330 1332 359 1370 1.
401 1331 530 1373 Stetit
567 1329 763 1380 Angelus
796 1330 820 1356 *
857 1330 976 1380 juxta

145 1401 265 1429 aram
274 1387 438 1440 templi,
449 1386 616 1430 habens
626 1385 895 1427 thuribulum
904 1388 976 1426 au-

144 1457 269 1485 reum
286 1457 330 1484 m
348 1456 480 1484 manu
500 1455 589 1484 sua.

196 1505 264 1545 Ps.
294 1504 507 1545 Dominus
526 1503 735 1554 regnavit.
754 1503 813 1543 14.

198 1566 234 1605 2.
275 1565 390 1606 Dum
425 1565 700 1616 praeliaretur
732 1564 756 1589 *
789 1562 977 1604 Michael

145 1620 448 1672 Archangelus
472 1634 570 1662 cum
595 1619 804 1669 dracone,
828 1619 977 1660 audita

146 1682 213 1719 est
236 1690 325 1719 vox
354 1677 606 1719 dicentium:
633 1676 759 1718 Salus
777 1676 874 1717 Deo
900 1688 975 1716 no·

145 1738 249 1784 stro,
267 1733 449 1785 alleluja.

199 1799 235 1838 3.
265 1797 536 1849 Archangele
555 1796 754 1846 MichaeL
773 1797 796 1823 *
817 1798 976 1837 consti-

143 1854 208 1896 tui
229 1858 274 1896 te
297 1854 542 1907 principem
566 1866 699 1906 super
718 1866 871 1894 omnes
891 1852 977 1893 ani-

145 1923 239 1951 mas
259 1909 571 1962 suscipiendas.

200 1972 238 2011 4.
284 1970 440 2022 Angeli
471 1970 651 2011 Domini
682 1970 706 1995 *
739 1968 977 2010 Dominum

145 2027 392 2069 benedicite
411 2027 455 2067 in
475 2028 698 2067 aeternum.

201 2092 239 2131 5.
267 2091 439 2143 Angeli,
460 2091 736 2142 Archangeli,
755 2091 779 2117 *
798 2090 977 2139 Thmui,

148 2151 192 2189 et
223 2148 572 2197 Dominationes,
603 2147 897 2200 Principum&
936 2151 979 2187 et

147 2204 408 2253 Potestates‚
427 2204 626 2246 Virtutes
645 2204 871 2252 coelerum,
890 2203 978 2244 lau-

149 2259 251 2301 date
270 2260 508 2300 Dominum
527 2259 583 2301 de
602 2260 737 2310 coelis,
757 2259 938 2312 alleluja.

232 2339 491 2392 Capitulum.
718 2339 857 2391 Apoc.
876 2340 903 2378 1.

150 2409 459 2517 Significavit
496 2415 618 2456 Deus
662 2427 761 2467 quae
803 2415 981 2465 oportet

237 2471 334 2513 fieri
367 2471 472 2520 cito,
506 2471 693 2523 loquens
723 2483 804 2523 per
836 2470 979 2520 Ange-

150 2527 241 2568 lum
270 2540 397 2568 suum
424 2539 554 2568 servo
583 2540 663 2568 suo
691 2527 715 2567 J
719 2526 869 2575 oanni,
908 2525 982 2577 qui

151 2584 449 2625 testimonium
475 2582 698 2634 perhibuit
722 2581 860 2623 verbo
886 2581 982 2630 Dei,

153 2644 196 2681 et
217 2639 518 2681 testimenium
536 2639 560 2679 J
563 2651 640 2679 esu
661 2638 836 2687 Christi,
867 2649 981 2689 quae-

153 2699 340 2748 cumque
358 2694 479 2737 vidit.

1341 274 1552 324 Hymnus.

1106 339 1258 389 hriste,
1283 340 1535 380 sanctorum
1560 338 1695 379 decus
1715 338 1857 388 Ange-

1336 395 1490 444 lorum,

1079 451 1235 493 Gentis
1269 451 1472 492 humanae
1506 451 1634 492 Sator
1667 457 1710 493 et
1742 451 1857 492 Red-

1339 510 1522 560 emptor,

1080 565 1287 606 Co'elitum
1306 564 1434 605 nobis
1452 564 1620 605 tribuas
1638 563 1794 605 beatas

1182 620 1403 662 Scandere
1423 621 1562 662 sedes.

1032 695 1224 747 Angelus
1243 695 1366 747 pacis
1384 693 1573 735 Michael
1592 694 1637 734 in
1657 693 1776 735 aedes

1081 752 1264 794 Co'elitus
1283 756 1459 793 nostras
1477 750 1634 795 veniat,
1655 750 1820 790 serenae
1912 786 1914 789 ,

1079 809 1249 850 Auctor
1268 813 1317 848 ut
1335 807 1458 860 pacis
1477 806 1712 848 lacrimosa
1730 806 1776 846 in
1794 818 1859 846 or·
1912 857 1913 860 Ἴ

1340 877 1440 905 cum

1183 920 1308 962 Bella
1327 920 1503 972 releget.

1033 995 1223 1046 Angelus
1243 995 1367 1036 fortis
1389 993 1579 1044 Gabriel,
1599 998 1647 1034 ut
1666 993 1818 1035 hostes

1079 1052 1221 1093 Pellat
1240 1054 1457 1103 antiquos,
1477 1055 1521 1092 et
1541 1053 1680 1092 amica
1700 1049 1826 1099 coelo,

1081 1109 1189 1159 Quae
1209 1106 1506 1160 triumphator
1525 1107 1677 1148 statuit
1696 1118 1776 1159 per
1795 1118 1861 1146 or-

1186 1164 1566 1274 Tempssesselldsat.

1034 1295 1225 1345 Angelus
1244 1300 1408 1335 nostrae
1427 1292 1625 1334 medicus
1646 1292 1811 1340 salutis,

1082 1351 1215 1393 Adsit
1234 1364 1256 1392 e
1277 1351 1391 1392 coelo
1412 1349 1623 1402 RaphaeL
1643 1354 1691 1390 ut
1711 1360 1862 1390 omnes

1081 1409 1214 1450 Sanet
1233 1410 1438 1459 aegrotos,
1459 1403 1707 1458 dubiosque
1727 1404 1830 1446 vitae

1185 1465 1357 1515 Dirigat
1376 1468 1511 1504 actus.
1567 1482 1569 1487 >

1035 1534 1168 1585 Virgo
1198 1533 1288 1575 dux
1315 1533 1454 1598 paciS‚
1485 1531 1775 1582 Genitrixque
1801 1529 1862 1570 lu·
1914 1548 1917 1549 ⁷

1081 1647 1139 1688 Et
1171 1660 1296 1688 sacer
1328 1603 1456 1687 1535ss
1485 1645 1646 1687 chorus
1675 1643 1863 1695 Angelo-

1081 1761 1264 1813 Semper
1283 1716 1470 1823 asslilslffit,
1492 1758 1621 1799 simul
1641 1762 1684 1799 et
1703 1756 1863 1797 mican-
1915 1792 1917 1794 .

1187 1873 1327 1923 Regia
1343 1820 1458 1913 l{zlgeli

1036 1947 1218 1987 Praestet
1236 1945 1322 1987 hoc
1340 1944 1468 1986 nobis
1486 1944 1640 1985 De'itas
1658 1943 1787 1985 beata

1082 2002 1242 2051 Patris,
1271 2015 1323 2043 ac
1341 2001 1383 2042 N
1386 2001 1462 2065 ati,
1490 2000 1744 2053 pariterque
1770 2013 1864 2041 san-

1083 2114 1288 2167 Spiritus‚
1332 2062 1454 2165 {iiius
1492 2115 1671 2155 resonat
1708 2126 1788 2166 per
1821 2126 1864 2154 o-

1344 2183 1492 2211 mnem

1190 2227 1342 2269 Gloria
1360 2226 1583 2268 mundum.
1621 2227 1775 2268 Amen.

1090 2286 1139 2337 V.
1188 2292 1319 2333 Stetit
1355 2290 1552 2342 Angelus
1589 2291 1708 2342 juxta
1744 2304 1865 2332 aram

1031 2347 1196 2412 templi.
1234 2349 1283 2399 R».
1302 2347 1484 2389 Habens
1502 2346 1773 2388 thuribulum
1793 2350 1864 2388 au-

1032 2416 1156 2445 reum
1174 2417 1218 2444 1n
1242 2417 1374 2445 manu
1394 2416 1484 2444 sua.

1090 2468 1161 2509 Ad
1180 2468 1343 2509 Bened.
1380 2470 1481 2509 Ant.
1517 2469 1695 2511 Factum
1720 2474 1787 2511 est
1811 2468 1864 2509 si-

1033 2526 1214 2568 lentium
1232 2526 1277 2566 in
1301 2526 1432 2575 coelo,
1459 2524 1564 2566 dum
1589 2526 1724 2567 draco
1749 2538 1864 2567 com-

1033 2584 1226 2623 mitteret
1242 2582 1421 2624 bellum:
1441 2586 1484 2622 et
1498 2582 1686 2623 Michael
1701 2583 1864 2633 pugna-

1034 2639 1096 2734 Yit
1115 2652 1214 2680 cum
1234 2651 1299 2688 eo,
1319 2643 1363 2679 et
1381 2637 1486 2679 fecit
1504 2637 1743 2686 victoriam,
1764 2635 1864 2676 alle-

1052 2695 1132 2746 uja.
