2040 2976
498 241 570 275 Die
595 240 649 275 29.
674 240 791 274 Junii.
839 239 1046 274 Commem.
1073 240 1251 274 Omnium
1276 241 1332 274 Ss.
1358 242 1494 284 Apost.

139 338 244 390 quin
267 337 473 391 opificem
498 336 668 378 honore
688 336 866 385 afficiat,
896 335 970 387 qui

137 395 276 448 ipsius
301 406 414 447 opus
441 393 762 445 complectitur.
798 393 970 433 Rursus

138 464 239 493 cum
259 450 399 493 audis:
417 450 593 502 Pauper
613 453 657 490 et
677 448 800 491 dives
821 461 970 490 occur-

138 510 289 550 rerunt
308 506 406 556 sibi,
429 508 666 557 utrumque
685 510 832 546 autem
852 506 968 546 crea-

138 564 201 606 vit
214 563 443 613 Dominus,
461 574 517 603 ne
532 561 656 603 illum
671 561 850 613 quidem
864 564 969 613 pau-

137 633 305 674 perem,
327 620 449 661 'hunc
472 623 619 660 autem
639 616 822 659 divitem
840 617 896 658 ab
917 629 970 658 eo

139 679 336 719 creatum
372 675 608 726 intelligas,
649 687 704 715 ex
746 676 889 726 eoque
927 674 971 713 in

138 737 381 787 pauperem
404 730 660 782 insurgendi
686 743 838 772 ansam
862 732 970 771 acci-

138 790 246 843 pias.
273 790 388 831 Nam
404 789 489 830 Dei
507 788 765 839 figmentum
783 788 970 838 uterque

140 851 221 888 est:
245 846 437 895 tametsi,
457 844 578 898 quod
597 843 655 886 ad
673 856 744 885 res
766 845 969 884 externas

140 903 312 953 attinet,
366 902 533 955 dispari
579 900 830 943 conditione
875 900 970 941 sint.

139 960 241 1002 Hoc
259 965 303 1001 te
325 958 383 1001 ad
401 957 830 1001 commiserationem
845 961 889 997 et
904 969 971 997 ca-

139 1016 314 1058 ritatem
331 1016 538 1057 inflectat.
594 1016 658 1056 Te
676 1014 832 1055 Deum.
854 1014 912 1054 13.

398 1115 483 1157 Die
500 1115 567 1156 29.
585 1114 608 1155 J
611 1114 712 1155 unii.

368 1178 739 1220 Commemoratio

192 1235 428 1278 Omnium
453 1236 521 1277 Ss.
545 1233 918 1286 Apostolorum.

453 1300 503 1340 In
523 1294 657 1342 Festo

258 1356 321 1397 Ss.
340 1357 496 1410 Apost.
515 1357 636 1399 Petri
656 1362 699 1399 et
718 1357 853 1398 Pauli.

357 1426 419 1467 In
437 1426 474 1467 1.
499 1424 753 1475 vesperis.

191 1490 291 1531 Ant.
327 1488 526 1531 Tradent
554 1488 670 1530 enim
693 1498 774 1528 vos
803 1485 848 1525 in
870 1497 970 1526 con-

141 1545 267 1596 ciliis,
288 1550 333 1587 et
350 1546 396 1587 in
415 1544 651 1598 synagOgis
671 1543 762 1584 suis
781 1541 971 1592 flagella-

140 1602 251 1644 bunt
275 1615 373 1652 vos,
407 1606 451 1644 et
475 1607 576 1643 ante
600 1613 728 1652 reges
754 1603 799 1640 et
823 1597 972 1651 praesi-

142 1658 221 1700 des
241 1658 460 1700 ducemini
476 1662 662 1712 propter
680 1669 766 1706 me,
788 1655 831 1695 in
851 1656 971 1696 testi-

141 1715 338 1756 monium
355 1714 441 1756 illis
461 1721 505 1756 et
525 1713 754 1756 Gentibus.

192 1771 244 1824 V.
282 1776 667 1818 Annuntiaverunt
704 1776 841 1828 opera
878 1772 973 1814 Dei.

140 1832 192 1884 Rz.
211 1832 270 1874 Et
290 1832 408 1875 facta
426 1833 518 1885 ejus
535 1831 857 1874 intellexerunt.

477 1899 643 1940 Oratio.

140 1947 325 2054 Deus,
353 1955 429 2007 qui
456 1967 538 1996 nos
565 1967 646 2008 per
670 1953 830 1996 beetos
854 1953 973 2005 Apo-

239 2010 379 2053 stolos
404 2017 506 2053 tuos
534 2010 591 2053 ad
618 2010 884 2062 agnitionem
911 2009 974 2050 tui

143 2067 333 2109 nominis
357 2069 507 2109 venire
531 2067 738 2109 tribuisti:
766 2066 823 2107 da
846 2064 973 2106 nobis

145 2126 298 2165 eorum
342 2124 529 2175 gloriam
576 2123 889 2176 sempiternam
931 2126 975 2162 et

143 2180 418 2233 proficiendo
439 2181 676 2231 celebrare,
694 2184 738 2221 et
752 2178 973 2221 celebran-

145 2235 203 2278 do
220 2237 451 2290 proficere.
477 2238 563 2279 Per
581 2236 831 2278 Dominum.

413 2295 512 2336 Alia
533 2296 699 2337 Oratio.

144 2348 326 2454 Deus,
355 2354 431 2406 qui
455 2366 538 2395 nos
566 2355 710 2394 annua
733 2350 972 2404 Apostolo-

245 2423 342 2451 rum
359 2412 538 2452 tuorum
554 2406 972 2451 commemoratione

144 2465 360 2507 laetfficas:
398 2470 580 2519 praesta,
621 2467 888 2518 quaesumus;
926 2466 974 2502 ut

146 2534 332 2573 quorum
345 2522 588 2573 gaudemus
598 2521 776 2569 meritis,
790 2519 973 2560 instrua-

144 2591 242 2618 mur
261 2578 484 2631 exemplis.
511 2579 596 2620 Per
615 2576 864 2618 Dominum.

402 2650 482 2691 Ad
507 2649 717 2692 Laudes.

199 2704 299 2746 Ant.
335 2705 426 2748 Vos
456 2707 531 2759 qui
554 2704 793 2756 reliquistis
819 2702 975 2750 omnia,

147 2767 191 2804 et
211 2762 351 2804 secuti
370 2763 476 2804 estis
494 2775 576 2812 me,
597 2759 850 2812 centuplum
865 2757 974 2798 acci-

1022 334 1169 386 pietis,
1196 339 1239 376 et
1262 335 1397 376 vitam
1422 337 1632 376 aeternam
1653 333 1851 387 posside-

1022 390 1136 431 bitis.

1076 443 1127 495 V.
1155 448 1206 487 In
1236 460 1410 489 omnem
1434 452 1598 488 terram
1623 446 1757 487 exivit
1783 459 1849 488 so-

1021 515 1104 543 nus
1133 504 1296 544 eorum.
1339 506 1391 557 R.
1424 503 1482 544 Et
1513 503 1557 543 in
1590 502 1700 544 fines
1732 503 1852 545 orbis

1022 563 1154 600 terrae
1173 559 1309 601 verba
1329 562 1492 601 eorum.

1226 640 1287 680 In
1313 640 1375 681 11.
1399 640 1653 691 vesperis.

1076 704 1176 745 Ant.
1212 703 1368 743 Estote
1404 702 1541 744 fortes
1568 702 1612 743 in
1639 702 1774 752 bello,
1810 707 1855 744 et

1023 760 1217 810 pugnate
1237 771 1337 799 cum
1360 761 1540 810 antiquo
1565 761 1784 811 serpente:
1810 764 1854 800 et

1024 814 1250 866 accipietis
1279 827 1461 865 regnum
1489 817 1716 865 aeternum,
1742 815 1854 856 allel.

1076 871 1128 923 V.
1154 876 1206 916 In
1227 888 1402 917 omnem
1421 880 1595 917 terram.
1615 882 1662 917 ut
1683 890 1825 928 supra.

1076 942 1185 976 Alibi
1224 953 1271 976 ex
1303 942 1457 976 decreto
1490 942 1550 975 Pii
1583 942 1654 976 ΓΡ.
1688 943 1750 976 VI.
1791 943 1851 976 die

1027 991 1078 1024 18.
1111 991 1202 1030 Maii
1236 990 1324 1024 1798
1355 1001 1425 1033 pro
1461 991 1655 1034 aliquibus
1688 991 1785 1024 locis
1818 995 1854 1024 et

1024 1038 1215 1081 Respons.
1243 1038 1278 1072 S.
1308 1039 1349 1072 R.
1376 1039 1415 1073 C.
1447 1039 1480 1073 d.
1510 1040 1543 1073 d.
1577 1040 1628 1073 18.
1655 1039 1733 1073 Oct.
1764 1039 1853 1073 181ss

1025 1091 1226 1120 sumuntur
1251 1097 1356 1130 sequ.
1382 1098 1578 1122 commem.

1241 1157 1303 1196 In
1329 1157 1366 1197 Ι.
1386 1156 1638 1207 vesperis.

1077 1220 1177 1261 Ant.
1214 1221 1265 1259 In
1291 1218 1377 1260 hoc
1406 1220 1676 1268 cognoscent
1703 1229 1855 1258 omnes

1026 1275 1128 1327 quia
1147 1274 1351 1327 discipuli
1371 1274 1458 1315 mei
1473 1274 1588 1324 estis,
1607 1274 1645 1314 si
1660 1273 1856 1314 dilectio-

1025 1345 1125 1374 nem
1142 1331 1384 1373 habueritis
1405 1330 1462 1372 ad
1480 1331 1678 1371 invicem.

1078 1383 1128 1442 V.
1146 1388 1288 1429 Nimis
1306 1387 1513 1429 honorati
1531 1391 1632 1428 sunt
1649 1386 1777 1427 amici
1793 1386 1857 1427 tui

1025 1445 1157 1486 Deus.
1212 1445 1263 1496 Κ.
1301 1443 1443 1485 Nimis
1480 1443 1753 1484 confortatus
1791 1447 1858 1483 est

1025 1501 1298 1554 principatus
1318 1503 1482 1542 eorum.

1360 1562 1522 1602 Oratio.

1027 1613 1242 1719 Exaudi
1279 1631 1360 1660 nos
1392 1617 1514 1658 Deus
1546 1616 1748 1658 salutaris
1780 1630 1854 1658 no-

1126 1681 1230 1717 ster:
1278 1679 1323 1716 et
1369 1674 1562 1715 omnium
1604 1676 1856 1715 sanctorum

1027 1732 1347 1784 Apostolorum
1370 1732 1547 1772 tuorum
1565 1732 1688 1771 tuere
1707 1732 1856 1783 praesi-

1027 1787 1128 1839 diis,
1160 1801 1348 1841 quorum
1376 1786 1554 1829 donasti
1576 1787 1731 1828 fideles
1760 1799 1856 1828 esse

1027 1845 1253 1887 doctrinis:
1275 1844 1360 1894 Qui
1379 1844 1502 1885 vivis.

1284 1925 1363 1965 Ad
1389 1924 1598 1965 Laudes.

1080 1987 1179 2028 Ant.
1214 1986 1308 2027 Vos
1347 1986 1421 2038 qui
1458 1985 1597 2027 secuti
1634 1984 1739 2026 estis
1775 1997 1856 2031 me,

1027 2043 1238 2085 sedebitis
1268 2055 1401 2094 super
1433 2041 1580 2090 sedes,
1613 2039 1855 2092 judicantes

1027 2099 1262 2142 duodecim
1281 2098 1420 2140 tribus
1440 2097 1588 2139 Israel.
1662 2136 1664 2138 .

1078 2153 1129 2204 V.
1155 2156 1207 2195 In
1235 2167 1411 2196 omnem
1438 2158 1601 2195 terram
1629 2152 1764 2194 exivit
1789 2165 1853 2193 so-

1027 2225 1108 2253 nus
1137 2213 1300 2252 eorum.
1358 2211 1408 2263 R!-
1438 2210 1495 2251 Et
1526 2210 1571 2250 in
1598 2209 1708 2250 fines
1737 2207 1856 2250 orbis

1027 2273 1157 2310 terrae
1176 2266 1313 2309 verba
1331 2268 1494 2308 eorum.

1234 2348 1296 2389 In
1319 2347 1378 2388 11.
1403 2345 1657 2397 vesperis:

1082 2410 1182 2450 Ant.
1210 2408 1302 2451 Vos
1327 2407 1456 2449 amici
1478 2407 1565 2449 mei
1589 2406 1709 2455 estiS‚
1738 2405 1775 2445 si
1798 2405 1855 2446 fe-

1028 2466 1175 2507 ceritis
1216 2478 1316 2517 quae
1353 2476 1437 2515 ego
1468 2462 1679 2516 praecipio
1711 2459 1857 2513 vobis,

1028 2522 1134 2564 dicit
1151 2522 1379 2562 Dominus.

1079 2571 1130 2623 V.
1157 2577 1390 2619 Gloriosus
1413 2577 1458 2617 in
1481 2574 1642 2616 sanctis
1662 2573 1770 2622 suis,
1796 2572 1856 2612 fa-

1028 2634 1147 2675 ciens
1166 2633 1393 2675 mirabilia.
1420 2633 1471 2684 R!-
1486 2631 1572 2672 Hic
1586 2630 1708 2671 Deus
1722 2640 1856 2676 meus,

1029 2696 1072 2732 et
1090 2690 1350 2741 glorificabo
1372 2701 1481 2731 eum.

1296 2759 1583 2780 *W*
