2040 2976
795 236 1021 271 Benedictio
1044 236 1198 271 Mensae.

1764 236 1856 282 [193]

232 337 402 378 ominus
429 341 580 379 noster
607 336 733 378 Jesus
763 334 972 385 Christus,

239 393 375 434 Filius
396 394 480 435 Dei
505 393 609 444 vivi,
639 393 713 445 qui
738 392 870 435 beato
894 392 971 433 Pe-

142 454 213 491 tro
228 450 449 503 Apostolo
469 463 549 492 suo
570 449 692 492 dedit
705 451 973 503 potestatem

142 506 308 557 ligandi
335 511 467 559 atque
495 505 711 557 solvendi,
742 519 822 559 per
850 518 973 547 suam

142 563 383 615 piissimam
413 561 758 605 misericordiam
790 562 973 615 recipiat

144 620 464 662 confessionem
507 625 643 670 tuam,
690 624 734 661 et
772 621 973 660 restituat

142 675 222 718 tibi
251 676 410 718 stolam
436 677 638 730 primam,
673 689 803 729 quam
830 676 874 716 in
899 674 971 717 ba-

142 735 348 785 ptismate
380 733 601 786 recepisti:
633 738 677 775 et
709 745 807 784 ego,
840 732 971 774 facul-

141 791 233 830 tate
264 789 371 830 mihi
403 789 459 831 ab
492 789 738 843 apostolica
766 789 871 831 sede
899 789 972 830 tri-

142 844 265 896 buta,
309 845 623 897 indulgentiam
654 846 896 900 plenariam
929 851 973 887 et

142 902 444 944 remissionem
471 903 664 944 omnium
687 904 973 956 peccatorum

141 958 221 1001 tibi
248 959 457 1001 concedo.
494 961 546 1001 In
568 960 742 1001 nomine
760 959 904 1001 Patris
922 964 972 1009 »1«,

142 1020 186 1057 et
203 1016 312 1066 Filii,
333 1021 376 1058 et
394 1016 581 1069 Spiritus
601 1017 750 1058 sancti.
778 1016 930 1058 Amen.

196 1075 278 1119 Per
311 1080 592 1119 sacrosancta
618 1077 820 1119 humanae
849 1091 972 1131 repa-

141 1133 322 1176 rationis
347 1135 572 1187 mysteria,
601 1137 794 1176 remittat
822 1134 902 1177 tibi
929 1148 972 1176 o-

141 1192 390 1243 mnipotens
414 1191 536 1232 Deus
561 1204 712 1233 omnes
742 1192 973 1244 praesentis

1027 339 1071 376 et
1107 335 1265 378 futurae
1302 337 1405 378 vitae
1442 349 1614 390 poenas,
1664 334 1858 388 paradisi

1025 397 1178 444 portas
1199 394 1383 446 aperiat,
1413 398 1456 435 et
1482 393 1539 435 ad
1563 392 1725 444 gaudia
1748 405 1856 433 sem-

1026 449 1199 502 piterna
1216 450 1441 502 perducat.
1470 450 1622 491 Amen.

1081 505 1320 548 Benedicat
1351 512 1396 549 te
1430 509 1708 560 omnipotens
1736 506 1857 547 Deus

1026 561 1158 604 Pater
1172 567 1229 613 ὦ,
1254 568 1298 605 et
1316 564 1467 615 Filius,
1493 569 1536 606 et
1555 563 1743 616 Spiritus
1763 575 1856 603 san-

1027 623 1135 660 ctus.
1163 619 1316 661 Amen.

1080 682 1120 716 Si
1144 690 1237 715 vero
1255 680 1431 714 Infirmus
1455 680 1505 714 sit
1522 681 1620 714 adeo
1639 681 1750 714 morti
1769 691 1857 723 pro-

1026 730 1164 766 ximus,
1186 735 1227 762 ut
1244 739 1368 771 neque
1387 729 1646 763 confessionis
1663 730 1855 771 generalis

1027 777 1226 812 faciendae.
1248 787 1371 820 neque
1391 778 1678 820 praemissarum
1700 789 1857 821 precum

1026 826 1310 860 recitandarum
1334 830 1515 868 suppetat
1536 832 1702 869 tempus,
1729 827 1858 860 statim

1028 875 1210 909 sacerdos
1228 875 1538 908 benedictionem
1557 875 1590 908 ei
1608 875 1858 918 impertiatur,

1029 923 1209 957 dicendo:
1228 922 1416 957 Dominus
1433 927 1576 966 noster,
1593 927 1662 959 etc.

1078 972 1125 1006 Et
1143 972 1177 1005 si
1194 981 1297 1006 mors
1315 972 1492 1014 proxime
1511 977 1655 1014 urgeat,
1676 972 1793 1005 dicat:

1080 1021 1401 1074 Indulgentiam
1437 1024 1680 1077 plenariam
1717 1030 1760 1067 et
1796 1039 1858 1068 re-

1027 1079 1280 1122 missionem
1332 1081 1525 1122 omnium
1574 1084 1859 1135 peccatorum

1026 1136 1106 1177 tibi
1131 1136 1346 1187 concedo,
1371 1137 1415 1178 in
1440 1138 1614 1180 nomine
1637 1139 1780 1180 Patris
1805 1143 1858 1190 ὦ,

1029 1197 1072 1234 et
1090 1192 1199 1243 Filii,
1219 1198 1264 1235 et
1281 1193 1469 1246 Spiritus
1490 1195 1638 1237 sancti.
1667 1197 1819 1238 Amen.

917 1312 1208 1348 &We-*—

642 1439 779 1488 BEN
782 1439 1052 1489 EDICTIO
1079 1440 1223 1489 ΜΕΝ
1227 1439 1345 1489 SAE.

369 1548 481 1585 Ante
507 1549 751 1587 Prandium.

197 1606 389 1644 Sacerdos
412 1607 687 1643 benedicturus
712 1619 895 1649 mensam,
919 1611 972 1644 in-

105 1687 110 1692 ,
144 1659 239 1703 cipit
258 1656 523 1700 Benedicite.
546 1666 582 1695 et
604 1660 670 1695 alii
691 1667 869 1706 repetunt
894 1659 972 1701 Be-

143 1712 344 1756 nedicite.

193 1772 363 1816 Deinde
390 1775 509 1817 dicit:
536 1772 587 1824 V·
617 1780 744 1822 Oculi
771 1781 973 1832 omnium,

142 1833 186 1869 et
205 1829 276 1870 alii
295 1838 637 1885 prosequuntur:
655 1835 707 1878 In
726 1842 769 1879 te
785 1844 974 1891 sperant,

143 1890 349 1943 Domine,
381 1898 424 1935 et
449 1898 498 1935 tu
523 1892 602 1935 das
629 1906 776 1935 escam
800 1894 975 1936 illorum

144 1946 189 1986 in
212 1949 413 2001 tempore
439 1953 702 2003 opportuno.
732 1950 904 2003 ‚Aperis
925 1956 974 1993 tu

143 2015 320 2045 manum
336 2009 473 2056 tuam,
500 2011 544 2048 et
561 2006 718 2059 imples
738 2019 866 2048 omne
887 2008 973 2048 ani-

144 2059 231 2101 mal
250 2059 567 2104 benedictione.

196 2116 349 2159 Gloria
367 2119 498 2161 Patri.
525 2119 646 2161 Sicut
665 2125 769 2162 erat.

192 2175 328 2231 Kyrie
357 2179 532 2222 eleison.
590 2181 761 2223 Christe
795 2181 970 2224 eleison.

144 2232 278 2286 Kyrie
298 2235 474 2278 eleison.

198 2293 327 2338 Pater
344 2303 506 2340 noster.
532 2303 714 2339 secreto.

195 2349 246 2401 Ys-
279 2357 337 2399 Et
364 2372 418 2400 ne
445 2373 526 2401 nos
554 2359 736 2403 inducas
764 2361 807 2402 in
834 2366 970 2404 tenta-

142 2411 318 2455 tionem.
349 2415 401 2466 Rz.
425 2415 514 2458 Sed
535 2416 674 2459 libera
692 2431 774 2459 nos
798 2431 823 2460 a
843 2418 971 2460 malo.

311 2487 453 2522 Postea
477 2488 667 2523 Sacerdos
693 2490 800 2524 dicit:

462 2543 656 2589 Oremus.

222 2601 375 2643 enedic
393 2601 581 2645 Domine
599 2617 695 2654 nos,
720 2610 763 2646 et
781 2605 878 2647 haec
895 2611 972 2648 tua

232 2657 363 2709 dona,
393 2671 492 2710 quae
512 2658 567 2701 de
586 2665 663 2702 tua
680 2661 881 2713 largitate
901 2675 967 2705 su-

141 2725 237 2755 mus
263 2716 490 2767 sumpturi.
526 2715 611 2758 Per
637 2717 858 2761 Christum
880 2719 967 2761 Do-

140 2770 303 2812 minum
321 2777 529 2814 nostrum.
583 2773 633 2824 Rs».
664 2773 815 2817 Amen.

298 2913 361 2940 Pars
377 2916 484 2941 AEstiva.

1082 1552 1252 1594 Deinde
1278 1552 1439 1593 Lector
1464 1553 1571 1596 Jube
1599 1554 1759 1597 domne
1785 1555 1857 1598 be-

1025 1605 1244 1650 nedicere:

1083 1668 1244 1710 Bened.
1278 1671 1438 1712 Mensae
1466 1672 1659 1715 coelestis
1683 1675 1857 1726 partici-

1026 1726 1258 1835 pegfffiat
1276 1740 1358 1769 nos
1379 1728 1478 1770 Rex
1497 1731 1674 1772 aeternae
1693 1731 1857 1782 gloriae.

1125 1815 1131 1823 .
1189 1797 1299 1826 men.

1265 1859 1373 1895 Post
1395 1859 1628 1896 Prandium

1155 1916 1321 1954 aguntur
1344 1912 1478 1954 gratiae
1502 1912 1576 1946 hoc
1600 1913 1732 1948 modo:

1081 1966 1212 2007 Dicto
1242 1980 1266 2007 a
1292 1968 1477 2008 Lectore
1506 1968 1573 2010 Tu
1599 1974 1746 2010 autem
1767 1968 1855 2011 Do-

1026 2022 1141 2064 mine
1159 2023 1366 2065 miserere
1384 2025 1523 2068 nobis.
1562 2026 1613 2076 Κ.
1638 2025 1736 2067 Deo
1761 2029 1856 2077 gra-

1026 2079 1120 2130 tias,
1142 2092 1293 2120 omnes
1316 2088 1507 2131 surgunt.

1041 2158 1043 2161 ·
1080 2145 1298 2186 Sacerdos
1332 2146 1498 2199 incipit:
1531 2143 1582 2195 V.
1608 2149 1854 2192 Confitean-

1024 2206 1095 2243 tur
1120 2201 1201 2244 tibi
1222 2203 1410 2245 Domine
1438 2204 1583 2247 omnia
1608 2208 1744 2260 opera
1769 2212 1855 2249 tua.

1029 2258 1080 2310 Rz.
1092 2259 1150 2300 Et
1169 2260 1309 2301 sancti
1326 2261 1391 2302 tui
1409 2260 1672 2305 benedicant
1690 2263 1781 2306 tibi.

1077 2315 1230 2357 Gloria
1247 2316 1379 2358 Patri.
1406 2317 1527 2360 Sicut
1545 2324 1649 2366 erat,

1089 2387 1231 2422 Postea
1256 2380 1453 2425 Sacerdos
1473 2391 1649 2426 absolute
1675 2393 1792 2427 dicat:

1027 2438 1240 2545 Agimus
1264 2443 1344 2487 tibi
1367 2445 1547 2496 gratias,
1573 2449 1852 2500 omnipotens

1129 2499 1261 2551 Deus,
1286 2514 1369 2554 pro
1393 2502 1607 2544 universis
1627 2503 1851 2546 beneficiis

1021 2555 1122 2597 tuis:
1146 2557 1230 2607 Qui
1249 2557 1359 2600 vivis
1379 2563 1423 2600 et
1442 2571 1599 2610 regnas
1621 2560 1665 2600 in
1689 2560 1851 2602 saecula

1022 2613 1294 2655 saeculorum.

1078 2670 1128 2721 R.
1150 2670 1303 2713 Amen.

1078 2736 1228 2771 Deinde
1261 2737 1478 2771 alternatim
1507 2736 1647 2771 dicitur
1674 2724 1853 2771 Psalmus

1027 2784 1204 2823 Miserere
1227 2789 1304 2824 mei
1325 2789 1442 2824 Deus.
1465 2789 1520 2825 48.
