2040 2976
173 201 245 236 310

177 311 270 347 cuS,
306 297 410 339 dolo
449 299 710 339 accersitum
746 297 1006 338 Pontificem

175 355 430 395 Ravennam
466 354 509 394 in
547 355 768 395 carcerem
806 353 1007 404 conjecit:

174 410 250 451 ubi
287 409 494 462 squalere
529 408 764 460 inediaque
801 409 1006 457 afflictus,

173 465 326 518 paucis
360 465 515 507 diebus
549 465 682 507 cessit
713 477 737 506 e
765 465 871 514 vita,
907 477 1007 506 cum

175 521 364 563 sedisset
393 534 532 562 annos
560 521 690 570 duos,
727 533 900 562 menses
931 533 1006 561 no-

174 590 288 627 vem,
308 577 403 619 dies
423 576 772 629 quatuerdecim,
793 576 1007 618 ordinatis

175 645 229 674 eo
262 635 463 685 tempore
498 633 720 685 episcopis
747 632 1007 684 quindecim.

174 689 312 730 Paulo
340 694 446 741 post
473 689 658 730 moritur
684 688 1007 730 Theodericus:
1101 690 1150 749 ξίν

177 757 307 797 quem
337 745 516 797 quidam
539 745 750 793 Eremita‚
779 750 827 786 ut
855 743 1008 785 scribit

175 806 353 842 sanctus
378 801 637 851 Gregerius,
666 799 776 842 vidit
799 800 912 841 inter
935 799 960 840 J
963 812 1006 840 o-

176 859 333 898 annem
351 857 612 899 Pontificem
638 862 682 898 et
700 855 1008 908 Symmachum

175 913 424 965 patricium,
461 926 593 965 quem
624 912 742 954 idem
773 911 1008 960 occiderat,

177 968 373 1020 demergi
391 969 435 1009 in
453 969 599 1019 ignem
617 968 935 1020 Liparitanum:
960 972 1009 1008 ut

177 1024 382 1066 videlicet
401 1025 480 1074 illi,
507 1024 666 1075 quibus
687 1028 878 1064 mortem
897 1026 1007 1064 attu-

175 1079 297 1129 lerat,
319 1085 545 1132 tamquam
564 1079 730 1131 judices
750 1084 898 1120 essent
918 1079 1008 1130 ejus

175 1135 386 1176 interitus.
413 1135 437 1176 J
440 1135 595 1176 oannis
617 1147 779 1187 corpus
798 1135 1009 1175 Ravenna

175 1191 363 1232 Romam
377 1193 605 1243 portatum
620 1195 696 1239 est,
713 1195 757 1231 et
770 1190 813 1230 in
827 1189 1009 1230 basilica

176 1247 314 1288 sancti
324 1247 443 1288 Petri
455 1246 688 1298 sepultum.
710 1247 776 1287 ·Te
786 1246 940 1287 Deum.
951 1246 1008 1286 13.

229 1304 271 1337 In
297 1303 416 1337 Laud.
446 1313 516 1346 pro
543 1313 740 1337 commem.
770 1302 804 1337 S.
830 1301 1005 1335 ι1011111118.

227 1353 327 1392 Ant.
366 1351 451 1400 Qui
479 1349 574 1392 odit
600 1349 790 1390 animam
816 1361 940 1390 suam
965 1349 1009 1389 in

175 1404 261 1446 hoc
279 1405 456 1455 mundo,
481 1406 525 1446 in
549 1406 685 1447 vitam
709 1407 920 1447 aeternam
939 1417 1008 1446 cu-

177 1461 315 1502 stodit
335 1474 442 1503 eam.

228 1514 278 1565 Y.
310 1518 461 1559 Justus
489 1523 537 1559 ut
564 1518 711 1570 palma
739 1517 928 1559 florebit.
956 1518 1007 1568 Rv.

177 1573 298 1615 Sicut
306 1574 628 1615 cedrusLibani
638 1573 1010 1626 multiplicabitur.

230 1637 347 1679 Vesp.
374 1637 419 1670 de
448 1647 553 1678 sequ.
580 1646 776 1670 commem.
802 1636 966 1678 praeced.

444 1721 528 1763 Die
546 1722 612 1762 28.
632 1722 743 1773 Maji.

246 1781 289 1821 S.
308 1781 581 1829 Augustini
598 1779 743 1830 Episc.
764 1784 807 1820 et
827 1780 948 1820 Conf.

509 1840 673 1883 Duplex.

232 1892 368 1926 Omnia
401 1892 447 1925 de
477 1891 622 1925 Comm.
654 1890 763 1925 Conf.
796 1892 905 1926 Pont.
938 1889 1010 1933 [49]

179 1945 319 1984 praeter
342 1951 446 1982 sequ.

516 1987 679 2030 Oratio.

267 2052 355 2089 eus,
377 2041 451 2091 qui
466 2040 709 2091 Anglorum
723 2046 888 2091 gentes,
902 2054 1012 2094 prae-

283 2095 503 2138 dicatione
547 2102 591 2138 et
636 2097 858 2138 miraculis
894 2097 1014 2140 beati

183 2152 416 2203 Augustini
453 2153 732 2194 Confesseris
773 2154 838 2194 tui
880 2159 1013 2206 atque

183 2208 419 2258 Pontificis‚
436 2221 554 2250 verae
569 2208 672 2250 fidei
686 2209 784 2251 luce
794 2210 1013 2252 illustrare

183 2264 388 2315 dignatus
412 2277 474 2306 es:
502 2265 710 2315 concede;
738 2271 800 2315 ut,
829 2266 928 2318 ipso
954 2267 1013 2306 in-

181 2320 471 2369 terveniente,
509 2321 748 2361 errantium
787 2321 924 2363 corda
957 2322 1014 2363 ad

183 2376 381 2417 veritatis
402 2381 491 2417 tuae
510 2375 694 2418 redeant
713 2377 941 2427 unitatem,
970 2383 1014 2419 et

182 2445 264 2474 nos
283 2432 327 2473 in
345 2437 421 2474 tua
440 2432 574 2473 simus
589 2432 817 2474 voluntate
835 2436 1014 2475 concor-

183 2487 273 2530 des.
300 2489 385 2530 Per
403 2488 651 2529 Dominum.

235 2545 384 2579 Deinde
409 2545 450 2578 fit
473 2554 668 2578 commem.
696 2545 859 2587 praeced.

236 2593 335 2634 Ant.
359 2592 470 2633 Veni
489 2604 652 2643 sponsa
674 2591 844 2640 Christi,
864 2592 1014 2644 accipe

184 2649 403 2698 coronam,
425 2660 555 2699 quam
574 2647 654 2688 tibi
670 2647 884 2688 Dominus
905 2661 1013 2699 prae-

183 2704 357 2757 paravit
376 2704 419 2744 in
438 2705 660 2745 aeternum.

557 200 625 234 Dic
649 202 703 234 28.
730 201 828 239 Maii.
876 203 910 234 S.
937 200 1145 242 Augustini
1171 199 1297 241 Episc.
1323 203 1358 231 et
1383 197 1491 231 Conf.

1109 287 1159 340 Y.
1198 291 1370 333 Diffusa
1407 296 1475 333 est
1510 291 1650 342 gratia
1686 291 1729 332 in
1761 291 1890 334 labiis

1058 348 1157 390 tuis.
1196 349 1248 399 R.
1279 347 1523 400 Propterea
1575 346 1801 389 benedixit
1844 352 1889 389 te

1059 405 1180 446 Deus
1203 404 1246 444 in
1264 405 1489 445 aeternum.

1111 468 1152 501 ln
1183 468 1208 500 I.
1240 466 1350 499 Noct.
1378 466 1477 499 Lect.
1504 465 1551 498 de
1581 464 1718 508 Script.
1744 475 1888 499 oecurr.

1292 522 1341 560 In
1361 522 1411 560 11.
1432 521 1656 560 Nocturno.

1362 578 1516 618 Lectio
1538 577 1591 617 iv.

1069 637 1439 690 51:²3ugustinus
1463 634 1622 675 Romae
1649 634 1694 674 in
1716 634 1892 676 Latera-

1080 736 1081 739 *
1117 740 1125 750 .
1227 691 1350 732 nensi
1368 690 1575 732 coenebio
1593 690 1846 740 monachus,
1868 703 1893 732 a

1071 745 1078 759 ”
1102 755 1107 771 2
1129 746 1170 771 ’ἓ
1228 747 1446 798 Gregorio
1460 746 1622 796 Magno
1642 758 1743 787 cum
1761 747 1893 788 sociis

1059 803 1286 845 menachis
1312 803 1403 844 fere
1429 801 1720 854 quadraginta
1742 802 1787 843 in
1805 803 1893 843 An·

1059 859 1192 910 gliam
1219 859 1379 900 missus
1406 864 1473 900 est
1499 870 1613 899 anno
1639 857 1892 909 quingente-

1060 915 1173 956 simo
1192 915 1478 965 nonagesimo
1500 914 1703 967 septimo,
1726 919 1775 955 ut
1793 926 1893 965 gen-

1059 976 1128 1013 tes
1150 971 1247 1012 illas
1271 970 1328 1012 ad
1356 970 1578 1012 Christum
1606 971 1895 1012 converteret.

1060 1027 1167 1068 Erat
1194 1039 1248 1068 eo
1275 1028 1478 1079 tempore
1506 1038 1584 1067 rex
1611 1025 1894 1067 Ethelbertus

1060 1083 1105 1124 in
1121 1082 1277 1124 Cantio
1291 1082 1636 1135 potentissimus,
1657 1081 1731 1133 qui
1746 1081 1896 1122 audita

1061 1138 1277 1180 adventus
1319 1137 1554 1189 Augustini
1598 1149 1749 1186 causa,
1795 1149 1895 1178 eum

1061 1207 1162 1236 cum
1191 1194 1323 1235 seciis
1351 1193 1648 1242 Cantuariam‚
1677 1193 1745 1234 sui
1772 1193 1896 1243 regni

1061 1249 1359 1302 metrepolim,
1384 1249 1602 1299 invitavit3
1634 1248 1783 1300 ibique
1807 1261 1895 1290 ma-

1062 1304 1195 1347 nendi
1222 1310 1266 1347 et
1290 1305 1512 1346 Christum
1536 1303 1812 1357 praedicandi
1837 1304 1895 1345 fa-

1062 1361 1273 1402 cultatem
1291 1360 1435 1402 eidem
1458 1360 1699 1402 liberaliter
1717 1361 1895 1401 conces-

1062 1417 1130 1458 sit.
1167 1418 1313 1467 Quare
1336 1421 1514 1457 sanctus
1537 1416 1604 1456 vir
1626 1428 1769 1469 prope
1789 1415 1896 1457 Can-

1062 1473 1250 1514 tuariam
1282 1472 1523 1514 oratorium
1556 1471 1790 1522 exstruxit,
1822 1471 1898 1513 ubi

1062 1529 1158 1582 ipse
1195 1527 1466 1585 aliquamdiu
1503 1527 1724 1578 consedit,
1765 1533 1898 1580 atque

1062 1585 1356 1638 apostolicam
1371 1583 1549 1626 vivendi
1563 1585 1779 1626 rationem
1798 1597 1898 1626 cum

1063 1642 1154 1683 suis
1173 1641 1407 1683 aemulatus
1428 1646 1506 1683 est.

1116 1701 1167 1752 Ri.
1193 1697 1347 1739 Inveni
1365 1696 1513 1739 David
1538 1709 1715 1738 servum
1740 1709 1898 1747 meum,

1064 1753 1164 1795 eleo
1214 1758 1367 1794 sancto
1415 1765 1516 1795 meo
1561 1753 1668 1794 unxi
1715 1765 1830 1794 eum:
1872 1755 1895 1780 *

1063 1810 1220 1850 Manus
1254 1809 1370 1851 enim
1402 1822 1501 1851 mea
1535 1809 1817 1851 auxiliabitur
1848 1809 1898 1851 ei.

1065 1864 1115 1915 V.
1150 1865 1272 1907 Nihil
1297 1865 1504 1918 proficiet
1531 1865 1732 1907 inimicus
1759 1865 1805 1906 in
1833 1877 1898 1914 eo,

1065 1927 1109 1964 et
1151 1922 1270 1963 filius
1305 1922 1550 1974 iniquitatis
1591 1934 1680 1963 non
1720 1920 1899 1963 nocebit

1066 1978 1116 2019 ei.
1144 1978 1301 2019 Manus
1323 1978 1447 2019 enim.

1374 2036 1526 2076 Lectio
1546 2049 1583 2074 v.

1145 2090 1312 2132 celestis
1340 2088 1555 2131 doctrinae
1582 2088 1899 2142 praedicatione

1156 2145 1355 2198 plurimis
1381 2145 1555 2187 firmata
1581 2145 1819 2194 miraculis,
1847 2156 1900 2186 ac

1065 2202 1168 2243 vitae
1202 2201 1407 2254 exemplo
1446 2201 1510 2242 sic
1541 2201 1766 2243 insulanos
1798 2200 1899 2242 illos

1066 2257 1289 2308 demulsit,
1317 2262 1366 2299 ut
1394 2259 1548 2299 eerum
1574 2257 1814 2310 pleresque
1842 2256 1900 2298 ad

1066 2314 1348 2356 christianam
1374 2313 1509 2355 fidem
1535 2313 1811 2366 perduxerit,
1847 2325 1899 2354 ac

1066 2370 1243 2413 demum
1270 2382 1420 2420 regem
1447 2370 1611 2422 ipsum,
1640 2382 1771 2421 quem
1799 2381 1899 2411 cum

1066 2427 1295 2467 innumero
1324 2428 1503 2467 suerum
1531 2426 1743 2467 comitatu
1772 2437 1898 2466 sacro

1066 2483 1187 2524 fonte
1206 2482 1421 2531 lustravit,
1442 2495 1612 2523 summa
1629 2494 1728 2523 cum
1746 2480 1899 2522 laetitia

1066 2537 1245 2579 Berthae
1278 2538 1412 2589 regiae
1445 2538 1613 2587 uxoris,
1654 2549 1754 2588 quae
1787 2536 1898 2577 chri-

1067 2594 1210 2635 stiana
1224 2598 1328 2635 erat.
1358 2593 1475 2634 Olim
1489 2594 1533 2634 in
1546 2593 1695 2635 Natali
1708 2592 1898 2641 Demini‚

1068 2662 1167 2690 cum
1205 2649 1359 2691 decem
1400 2649 1592 2690 millibus
1629 2653 1674 2689 et
1709 2647 1899 2700 amplius

1067 2704 1335 2756 baptismum
1359 2705 1402 2746 in
1426 2705 1554 2746 alveo
1574 2704 1764 2745 fluminis
1783 2702 1898 2746 Ebo-
