2040 2976
156 186 229 222 470
622 189 693 223 Die
717 190 747 223 5.
772 189 950 232 Augusti.

213 286 258 318 Et
283 284 323 317 fit
347 293 544 317 commem.
570 284 737 327 praeced.

214 337 311 376 Ant.
334 333 417 374 Hic
431 332 497 373 vir
513 331 763 384 despiciens
778 331 988 373 mundum

158 396 202 433 et
238 391 430 438 terrena,
473 387 768 440 triumphanS,
813 387 989 429 divitias

158 446 271 488 coelo
291 443 490 487 condidit
510 457 597 494 ore,
615 457 758 485 manu.

213 504 262 553 Y.
277 507 302 547 J
304 511 451 547 ustum
469 504 654 547 deduxit
674 504 890 545 Dominus
908 517 989 557 per

157 563 250 603 vias
274 567 430 604 rectas.
471 563 520 615 R.
542 561 600 603 Et
624 560 818 603 ostendit
842 560 901 601 illi
925 574 988 602 re-

157 632 290 669 gnum
309 618 406 660 Dei.

213 679 374 720 Oratio.
403 680 533 729 Deus,
554 679 639 731 qui.
659 679 756 719 468.

211 743 253 777 In
285 744 311 778 I.
342 744 542 778 Nocturno
576 745 780 779 Lectiones
814 745 900 786 Ego
931 752 989 776 sa-

158 790 315 835 pientia.
341 790 432 835 [137]

383 858 433 896 In
459 858 510 897 11.
538 858 762 898 Nocturno.

462 917 616 959 Lectio
637 919 690 958 iv.

200 979 257 1023 gq-
273 969 412 1011 iberio
427 981 598 1010 summo
613 969 840 1020 Pontifice,
859 970 884 1011 J
887 972 989 1011 oan-

290 1038 368 1067 nes
409 1025 620 1078 patricius
656 1026 900 1076 Romanus,
946 1032 990 1068 et

201 1076 208 1106 f
266 1094 267 1098 ¹
289 1094 403 1123 uxor
422 1081 520 1134 pari
545 1081 790 1132 nobilitate,
819 1094 920 1123 cum
942 1082 989 1123 li-

157 1138 290 1180 beros
317 1150 404 1179 non
433 1139 746 1190 suscepissent,
776 1151 888 1190 quos
912 1137 988 1180 bo-

155 1195 311 1235 norum
326 1192 527 1235 haeredes
541 1193 850 1246 relinquerent,
865 1207 989 1236 suam

155 1249 461 1291 haereditatem
494 1250 783 1292 sanctissimae
815 1250 988 1302 Virgini

155 1306 239 1348 Dei
258 1306 389 1348 Matri
408 1307 635 1356 voverunt,
659 1306 714 1348 ab
735 1319 788 1349 ea
806 1307 988 1349 summis

154 1362 360 1414 precibus
394 1362 571 1404 assidue
605 1365 826 1416 petentes,
863 1369 912 1406 ut
944 1365 988 1405 in

157 1418 277 1471 quod
311 1419 434 1472 pium
471 1432 584 1472 opus
621 1432 718 1462 eam
755 1420 989 1473 pecliniam

155 1475 434 1527 potissimum
461 1476 634 1526 erogari
660 1476 809 1526 vellet,
838 1477 987 1529 aliquo

155 1531 288 1573 modo
309 1532 586 1582 significaret.
615 1533 814 1582 Quorum
832 1546 989 1586 preces

156 1592 199 1628 et
214 1592 318 1629 vota
336 1600 392 1630 ex
410 1588 556 1630 animo
571 1588 688 1630 facta
702 1588 834 1631 beata
848 1589 988 1640 Virgo

155 1643 292 1688 Maria
325 1643 513 1695 benigne
545 1644 743 1694 audiens,
775 1645 988 1687 miraculo

157 1699 476 1753 comprobavit.

210 1767 260 1818 R.
284 1760 406 1802 Sicut
432 1760 591 1803 cedrus
616 1761 809 1803 exaltata
828 1774 926 1803 sum
945 1762 988 1803 in

157 1815 337 1867 Libano,
357 1821 400 1858 et
418 1817 532 1859 sicut
552 1819 788 1870 cypressus
806 1818 852 1859 in
869 1830 988 1860 mon-

156 1876 200 1913 te
215 1872 334 1914 Sion:
355 1873 480 1925 quasi
497 1873 677 1927 myrrha
696 1874 847 1924 electa,
860 1881 883 1905 *
902 1875 987 1916 De-

158 1926 203 1968 di
230 1929 492 1971 suavitatem
518 1929 679 1972 odoris
716 1929 766 1981 V.
791 1931 848 1973 Et
876 1931 989 1973 sicut

158 1983 479 2027 cinnam6mum
520 1991 564 2029 et
604 1986 851 2030 balsamum
891 2000 987 2030 aro-

158 2042 380 2083 matizans.
407 2041 534 2085 Dedi.

467 2111 619 2153 Lectio
639 2127 677 2152 v.

254 2161 350 2203 onis
375 2162 506 2213 igitur
531 2163 737 2215 Augusti,
765 2179 853 2219 quo
882 2169 987 2209 tem-

279 2230 390 2270 pore
413 2217 456 2259 in
475 2218 593 2261 Urbe
616 2221 795 2263 maximi
818 2223 988 2266 calores

158 2285 255 2315 esse
275 2273 433 2323 solent,
457 2280 591 2317 noctu
614 2277 689 2317 nix
708 2283 880 2330 partem
899 2280 986 2321 col-

157 2328 211 2369 lis
236 2329 458 2381 Exquilini
483 2332 687 2374 contexit.
733 2335 829 2385 Qua
857 2341 988 2378 nocte

157 2384 241 2426 Dei
268 2384 411 2427 Mater
439 2388 677 2438 separatim
702 2390 727 2430 J
730 2393 918 2433 oannem
945 2397 989 2434 et

158 2441 389 2492 conjugem
414 2442 458 2483 in
485 2444 649 2486 somnis
669 2445 913 2498 admonuit,
940 2454 989 2490 ut

158 2509 289 2548 quem
315 2497 462 2540 locum
490 2499 590 2541 nive
614 2504 900 2554 conspersum
927 2505 986 2546 vi-

998 188 1032 223 S.
1057 188 1190 223 Mariae
1216 187 1266 222 ad
1290 187 1422 222 Nives.

1043 279 1208 329 derent,
1222 279 1266 320 in
1281 292 1335 321 eo
1347 280 1580 322 ecclesiam
1592 280 1876 331 aedificarent,

1044 349 1143 389 quae
1162 336 1314 378 Mariae
1333 336 1527 388 Virginis
1551 338 1729 380 nemine
1754 340 1876 383 dedi-

1043 394 1230 434 caretur:
1257 405 1304 435 se
1330 393 1445 434 enim
1468 394 1530 436 ita
1549 393 1662 436 velle
1686 395 1741 437 ab
1766 396 1876 450 ipsis

1042 448 1265 490 haeredem
1297 449 1476 491 institui.
1519 449 1651 500 Quod
1682 451 1876 495 Joannes

1042 504 1099 546 ad
1139 505 1364 547 Liberium
1402 506 1664 548 Pontificem
1709 507 1877 558 detulit,

1044 561 1118 613 qui
1140 561 1259 603 idem
1283 574 1364 614 per
1389 563 1606 604 semnium
1631 563 1716 606 sibi
1740 566 1876 608 conti-

1042 620 1159 668 gisse
1179 617 1426 660 affirmavit.

1096 690 1147 740 R.
1165 683 1274 733 Quae
1307 688 1375 725 est
1406 684 1492 726 ista
1525 697 1626 737 quae
1659 686 1878 738 processit

1043 739 1157 781 sicut
1176 739 1259 789 sol,
1286 745 1330 781 et
1350 739 1545 782 formasa
1563 746 1790 793 tamquam
1809 742 1834 782 J
1835 744 1882 783 e-'

1043 795 1255 837 rusalem?
1276 804 1299 829 *
1309 796 1528 839 Viderunt
1539 810 1636 839 eam
1646 797 1750 839 flliae
1762 798 1878 848 Sion,

1043 857 1087 893 et
1104 851 1281 894 beatam
1301 851 1523 903 dixerunt,
1544 859 1588 895 et
1607 856 1771 905 reginae
1788 854 1878 896 lau·

1043 907 1259 950 daverunt
1274 921 1383 951 eam.
1410 909 1460 961 Yf.
1474 910 1531 951 Et
1546 910 1660 952 sicut
1675 909 1770 952 dies
1783 924 1878 952 ver-

1042 965 1086 1005 ni
1111 965 1445 1007 circumdabant
1473 979 1570 1007 earn
1598 967 1731 1009 flores
1757 969 1877 1009 rosa-

1042 1033 1149 1072 rum,
1170 1026 1214 1063 et
1233 1021 1324 1063 lilia
1338 1022 1614 1064 convallium.
1647 1022 1878 1066 Viderunt.

1346 1103 1501 1144 Lectio
1522 1103 1574 1143 vi.

1046 1150 1236 1274 Quare
1279 1164 1465 1206 solemni
1505 1165 1788 1208 sacerdotum
1833 1171 1877 1208 et

1160 1220 1316 1274 populi
1345 1221 1668 1274 supplicati6ne
1700 1221 1759 1264 ad
1789 1222 1877 1264 col-

1042 1277 1129 1319 lem
1146 1277 1265 1319 venit
1283 1277 1385 1319 nive
1401 1279 1676 1331 coopertum,
1696 1283 1740 1321 et
1758 1278 1803 1319 in
1822 1291 1876 1320 eo

1042 1334 1190 1376 locum
1228 1333 1429 1376 ecclesiae
1466 1334 1730 1386 designavit,
1777 1347 1877 1387 quae

1041 1390 1066 1431 J
1069 1390 1223 1432 oannis
1252 1395 1296 1432 et
1320 1390 1473 1432 uxoris
1498 1391 1686 1443 pecunia
1710 1395 1877 1433 exstru-

1043 1451 1115 1489 cta
1139 1451 1222 1498 est,
1250 1449 1409 1500 postea
1431 1460 1458 1488 a
1481 1448 1630 1500 Xysto
1654 1448 1787 1490 tertio
1813 1460 1877 1490 re-

1042 1504 1207 1546 stituta.
1243 1503 1392 1545 Variis
1411 1504 1663 1546 nominibus
1686 1504 1878 1557 primum

1043 1565 1110 1601 est
1129 1560 1365 1613 appellata,
1383 1559 1566 1601 basilica
1584 1560 1761 1610 Liberii,
1781 1574 1876 1603 san-

1044 1621 1116 1658 cta
1142 1616 1283 1658 Maria
1310 1615 1368 1658 ad
1394 1616 1614 1669 Praesepe.
1658 1616 1748 1659 Sed
1777 1630 1877 1659 cum

1042 1673 1193 1714 multae
1212 1673 1298 1724 jam
1316 1677 1463 1714 essent
1482 1672 1526 1714 in
1541 1672 1661 1714 Urbe
1677 1673 1876 1715 ecclesiae

1041 1728 1123 1771 sub
1153 1729 1330 1771 nomine
1360 1734 1525 1771 sanctae
1552 1729 1706 1770 Mariae
1734 1729 1876 1780 Virgi-

1040 1785 1122 1826 nis:
1144 1789 1192 1827 ut
1213 1798 1313 1837 quae
1330 1784 1514 1827 basilica
1531 1785 1730 1828 novitate
1749 1786 1876 1828 mira-

1041 1841 1128 1883 culi
1164 1854 1216 1883 ac
1245 1841 1459 1894 dignitate
1491 1842 1649 1883 ceteris
1679 1842 1876 1894 ejusdem

1039 1898 1228 1939 neminis
1251 1897 1446 1940 basilicis
1468 1900 1720 1951 praestaret,
1745 1901 1874 1941 voca-

1039 1954 1132 1996 buli
1162 1955 1295 1996 etiam
1323 1954 1583 1997 excellentia
1611 1955 1875 2005 significare-

1039 2015 1122 2060 tur,
1142 2010 1329 2053 ecclesia
1349 2016 1515 2053 sanctae
1530 2011 1683 2052 Mariae
1698 2013 1876 2065 majoris

1040 2066 1159 2109 dicta
1184 2072 1262 2109 est.
1312 2067 1443 2120 Cujus
1469 2065 1761 2109 dedicationis
1787 2081 1874 2111 me·

1039 2124 1179 2165 moria
1205 2136 1260 2166 ex
1277 2123 1395 2175 nive,
1422 2136 1522 2176 quae
1546 2123 1631 2166 hac
1656 2124 1728 2167 die
1746 2125 1873 2167 mira-

1039 2179 1184 2222 biliter
1218 2179 1392 2231 cecidit,
1429 2181 1728 2223 anniversaria
1763 2181 1873 2224 cele-

1038 2236 1201 2279 britate
1221 2237 1390 2279 celitur.

1095 2300 1145 2351 Rt-
1163 2297 1386 2340 Ornatam.
1407 2298 1505 2350 [141]

1095 2368 1138 2402 In
1163 2369 1228 2403 ΙΙΙ.
1252 2368 1453 2404 Nocturno
1484 2369 1627 2403 Homil.
1658 2369 1699 2403 in
1727 2369 1874 2414 Evang.

1042 2416 1244 2460 Loquente
1268 2415 1374 2451 Jesu.
1399 2415 1490 2459 [142]

1096 2468 1214 2512 Vesp.
1240 2469 1287 2503 de
1310 2480 1415 2513 sequ.
1438 2480 1526 2504 cum
1543 2480 1740 2505 commem.
1758 2480 1874 2514 praec.

1044 2520 1080 2550 et
1105 2516 1163 2551 Ss.
1188 2516 1307 2561 Xysti
1333 2522 1369 2551 et
1392 2517 1478 2552 Soc.
1502 2517 1590 2552 Mm.

699 2629 1031 2683 i——n-anss
1037 2632 1288 2677 ‚go-woss-
1294 2657 1302 2658 ἶ
1326 2657 1329 2659 .
