2040 2976
211 154 904 175 ——---—--—------·

149 193 155 233 1·
199 214 221 247 6
776 207 971 241 Dominum
1000 204 1045 237 aid
1076 201 1308 235 Matutinum.

1123 295 1318 341 Exsurge
1347 287 1536 330 Domine
1562 287 1702 332 DeuS,
1735 282 1895 324 exalte-

1071 357 1141 392 tur
1172 359 1326 389 manus
1358 350 1447 386 tua:
1479 344 1502 369 *
1533 354 1588 382 ne
1621 338 1896 382 obliviscaris

1071 410 1326 460 pauperum.

1122 464 1309 514 Propter
1356 456 1461 510 quid
1504 453 1692 496 irritavit
1737 451 1897 505 impius

1071 516 1236 561 Deum?
1259 518 1283 542 *
1307 514 1416 556 dixit
1440 513 1554 554 enim
1577 511 1620 551 in
1646 509 1782 551 corde
1801 520 1897 550 suo:

1071 577 1171 617 Non
1192 574 1394 625 requiret.

1124 631 1263 673 Vides
1301 627 1505 680 quoniam
1542 630 1589 666 tu
1622 623 1822 665 laborem
1855 626 1898 663 et

1075 688 1272 730 dolorem
1306 682 1579 726 consideras:
1611 682 1634 706 *
1667 686 1716 722 ut
1747 677 1898 720 tradas

254 311 446 357 Exsurge
465 306 668 351 Domine,
696 315 782 342 non
804 299 1016 341 conforte-

202 372 270 407 tur
298 364 442 405 homo:
465 363 487 387 *
512 360 754 412 judicentur
783 358 947 398 Gentes
975 354 1016 393 in

204 421 439 472 conspectu
459 423 545 459 tuo.

255 478 479 518 Constitue
507 473 693 514 Domine
726 468 1018 520 legislatorem

204 546 332 585 super
351 545 441 573 eos:
464 532 487 556 *
508 535 555 571 ut
575 529 712 570 sciant
732 527 895 567 Gentes
916 524 1019 575 quo-

205 590 317 630 niam
335 588 532 628 homines
552 589 661 625 sunt.

256 645 312 686 Ut
329 643 432 696 quid
448 641 633 683 Domine
649 637 864 680 recessisti
881 636 1019 684 longe,

204 703 226 726 *
255 700 441 752 despicis
469 699 511 738 in
540 693 950 749 opportunitatibus,
978 692 1019 731 in

204 752 505 799 tribulatione?
1075 757 1149 786 eos
1168 745 1211 784 in
1231 755 1385 783 manus
1404 746 1512 782 tuas.

257 813 371 853 Dum
387 809 581 863 superbit
595 808 761 860 impius,
779 805 1021 847 incenditur
1125 800 1222 842 Tibi
1244 798 1478 840 derelictus
1498 799 1565 836 est
1583 805 1766 846 pauper:
1784 793 1808 818 *
1833 794 1899 833 or-

206 881 393 921 pauper:
438 868 460 891 *
507 862 934 917 comprehenduntur
978 861 1020 900 in
1074 858 1221 911 phano
1241 862 1288 897 tu
1308 855 1393 896 eris
1413 852 1597 904 adjutor.

207 924 397 966 consiliis
418 922 572 975 quibus
592 921 794 970 cogitant.
1127 914 1314 955 Contere
1338 909 1566 952 brachium
1589 906 1837 960 peccatoris
1857 910 1901 947 et

259 980 471 1030 Quoniam
509 977 708 1018 laudatur
740 977 948 1028 peccator
980 974 1020 1014 in
1075 970 1267 1020 maligni:
1295 969 1318 993 *
1348 967 1567 1020 quaeretur
1595 965 1827 1016 peccatum
1854 961 1901 1002 il-

209 1036 433 1079 desideriis
452 1035 606 1075 animae
624 1045 728 1073 suae:
748 1033 769 1057 *
790 1037 832 1073 et
851 1032 1023 1082 iniquus
1075 1028 1168 1075 lius,
1188 1031 1231 1068 et
1250 1038 1337 1066 non
1356 1022 1611 1064 invenietur.

208 1092 487 1134 benedicitur.
1127 1083 1341 1124 Dominus
1372 1078 1573 1130 regnabit
1604 1077 1647 1117 in
1676 1077 1901 1124 aeternum,
1958 1094 1971 1098 -

260 1147 547 1189 Exacerbavit
559 1146 793 1187 Dominum
806 1146 1023 1197 peccator,
1077 1147 1119 1182 et
1147 1140 1188 1180 in
1217 1137 1423 1179 saeculum
1452 1134 1616 1176 saeculi:
1648 1134 1671 1159 *
1702 1131 1902 1186 peribitis

208 1207 230 1230 ¹⁸¹
251 1203 489 1246 secundum
504 1202 824 1244 multitudinem
841 1201 915 1241 irae
934 1214 1023 1241 suae
1078 1198 1241 1238 Gentes
1262 1195 1316 1236 de
1336 1199 1452 1235 terra
1470 1191 1595 1232 illius.

210 1274 295 1302 non
317 1265 492 1312 quaeret.
1127 1251 1403 1294 Desiderium
1418 1252 1663 1302 pauperum
1681 1244 1904 1288 exaudivit

259 1317 358 1358 Non
379 1321 444 1357 est
462 1316 580 1357 Deus
599 1315 641 1355 in
662 1315 901 1366 conspectu
919 1315 1024 1365 ejus:
1077 1310 1305 1351 Dominus:
1324 1308 1347 1332 *
1368 1304 1737 1359 praeparationem
1756 1300 1903 1344 cordis

209 1373 479 1425 *inquinatae
496 1377 595 1412 sunt
614 1371 694 1411 viae
713 1370 825 1411 illius
845 1371 887 1410 in
907 1371 1024 1411 omni
1078 1369 1228 1408 eorum
1248 1363 1413 1406 audivit
1432 1362 1547 1403 auris
1567 1366 1653 1402 tua.

210 1431 420 1481 tempore.
1128 1422 1331 1464 Judieare
1355 1419 1524 1473 pupillo
1550 1423 1594 1459 et
1618 1416 1787 1466 humili,
1804 1415 1828 1441 *
1856 1419 1906 1456 ut

262 1485 528 1526 Auferuntur
560 1482 715 1534 judicia
747 1489 821 1524 tua
857 1496 881 1524 a
918 1483 1025 1524 facie
1079 1493 1165 1521 non
1192 1480 1386 1531 apponat
1413 1476 1527 1517 ultra
1552 1473 1834 1525 magnificare
1857 1484 1904 1513 se

212 1542 318 1593 ejus:
349 1542 372 1566 ¹⁸¹
405 1540 596 1581 omnium
627 1540 898 1580 inimicorum
931 1541 1026 1580 suo·
1079 1537 1211 1578 homo
1233 1547 1363 1587 super
1381 1539 1556 1575 terram.

213 1611 307 1638 rum
329 1595 632 1638 dominabitur.
1050 1602 1054 1628 ³
1350 1594 1544 1633 Psalmus
1572 1593 1642 1631 1().⁷
1758 1605 1762 1609 ’

264 1653 383 1694 Dixit
402 1652 516 1693 enim
539 1652 581 1691 in
602 1652 735 1693 corde
753 1665 851 1693 suo:
878 1654 901 1678 *
928 1652 1027 1693 Non
1082 1647 1154 1751 In
1174 1648 1363 1688 Domino
1384 1645 1576 1688 confido:
1601 1641 1826 1697 quomodo
1845 1641 1906 1683 di-

214 1709 424 1750 movebor
449 1721 473 1748 a
497 1709 773 1758 generatione
792 1709 835 1749 in
854 1721 1028 1759 genera·
1145 1705 1240 1746 citis
1261 1704 1415 1744 animae
1433 1715 1562 1744 meae:
1580 1702 1604 1727 *
1623 1699 1908 1750 Transmigra

214 1766 375 1830 tionem
395 1765 485 1805 sine
504 1763 630 1805 malo.
1081 1762 1124 1802 in
1142 1766 1334 1802 montem
1355 1761 1466 1801 sicut
1485 1755 1661 1812 passer?

268 1822 396 1872 Culus
432 1820 735 1885 maledictione
768 1834 818 1862 os
853 1822 1030 1874 plenum
1134 1818 1348 1868 Quoniam
1373 1829 1475 1858 ecce
1494 1816 1754 1869 peccatores
1771 1813 1908 1853 inten-

217 1884 297 1942 est‚
317 1883 360 1919 et
379 1876 679 1942 amaritudine,
699 1884 742 1918 et
761 1877 879 1919 dolo:
902 1879 924 1903 *
949 1878 1030 1919 sub
1084 1874 1240 1916 derunt
1259 1887 1422 1923 arcum,
1441 1873 1708 1926 paraverunt
1726 1872 1908 1920 sagittas

216 1934 360 1984 lingua
380 1947 468 1984 eius
487 1933 610 1974 labor
631 1938 674 1974 et
693 1933 830 1975 dolor.
1084 1944 1183 1972 suas
1202 1931 1245 1971 in
1263 1930 1485 1983 pharetra,
1512 1930 1536 1955 *
1563 1934 1612 1970 ut
1636 1929 1844 1978 sagittent
1865 1925 1908 1966 in

267 1989 399 2031 Sedet
430 1990 472 2030 in
504 1988 669 2030 insidiis
701 2003 798 2031 cum
827 1990 1033 2032 divitibus

217 2046 259 2086 in
293 2046 493 2094 occultis,
525 2047 548 2071 *
580 2051 627 2087 ut
656 2047 887 2088 interficiat
914 2047 1032 2088 inno-

219 2104 399 2167 centem.
1086 2102 1254 2142 xerunt:
1274 2101 1296 2125 *
1315 2101 1452 2152 justus
1472 2104 1618 2141 autem
1638 2097 1744 2151 quid
1762 2093 1886 2139 fecit?

247 2158 394 2223 ‘Oculi
427 2160 515 2223 ejus
551 2159 593 2223 in
627 2162 865 2212 pauperem
902 2163 1034 2213 respi-
1137 2157 1350 2197 Dominus
1369 2157 1412 2197 in
1430 2156 1596 2208 templo
1617 2159 1769 2196 sancto
1790 2153 1911 2203 suo,*

220 2220 351 2280 ciunt:
383 2216 405 2240 *
437 2215 662 2256 insidiatur
694 2216 737 2256 in
763 2215 1034 2266 abscondito,
1086 2213 1299 2254 Dominus
1318 2213 1361 2253 in
1381 2213 1494 2254 coelo
1515 2212 1643 2254 sedes
1664 2212 1768 2263 ejus:

221 2272 428 2336 quasitleo
449 2273 490 2312 in
510 2272 717 2324 spelunca
738 2285 825 2313 sua.
1139 2269 1263 2310 Oculi
1289 2270 1378 2320 ejus
1405 2270 1448 2310 in
1470 2273 1713 2322 pauperem
1736 2266 1912 2320 respici-

271 2327 503 2369 Insidiatur
522 2333 570 2370 ut
589 2328 730 2381 rapiat
750 2330 1036 2381 pauperem:*
1089 2331 1181 2366 unt:
1213 2327 1236 2351 *
1268 2325 1493 2378 palpebrae
1522 2326 1612 2377 ejus
1639 2326 1913 2375 interrogant

221 2386 372 2436 rapere
380 2384 735 2436 pauperem,dum
744 2385 1037 2427 attrahiteum.
1089 2382 1201 2422 filios
1219 2382 1453 2423 hominum.

222 2497 230 2504 .
271 2440 320 2504 In
339 2440 496 2505 laqueo
517 2453 597 2482 suo
617 2440 858 2483 humiliabit
878 2455 990 2483 eum:
1014 2443 1036 2467 *
1140 2439 1352 2479 Dominus
1392 2439 1633 2489 interrogat
1674 2438 1847 2490 justum.
1870 2441 1914 2478 et

220 2496 442 2562 inclinabit
461 2510 522 2561 se,
551 2502 593 2538 et
617 2497 758 2546 cadet,
783 2510 881 2538 cum
902 2498 1036 2539 domi·
1089 2495 1283 2546 impium:
1302 2496 1325 2519 *
1348 2495 1419 2547 qui
1439 2500 1583 2536 autem
1604 2494 1744 2545 diligit
1762 2491 1914 2546 iniqui-

222 2558 347 2617 natus
361 2553 493 2617 ‘fuerit
511 2557 763 2605 pauperum.
1089 2553 1234 2599 tatem,
1254 2551 1347 2592 odit
1368 2551 1554 2592 animam
1575 2565 1709 2592 suam.

272 2609 391 2650 Dixit
420 2621 532 2650 enim
560 2610 603 2649 in
632 2610 764 2651 corde
793 2623 887 2651 suo:
921 2610 1037 2652 Obli-
1140 2612 1265 2653 Pluet
1289 2625 1420 2664 super
1440 2614 1697 2664 peccatores
1715 2611 1914 2664 laqueos:

222 2670 291 2705 tus
306 2671 371 2732 e'st
387 2665 516 2728 Deus⁷
532 2666 555 2689 *
575 2667 731 2707 avertit
747 2667 899 2708 faciem
916 2680 1037 2708 suam
1089 2668 1111 2693 *
1131 2668 1254 2718 ignis,
1275 2674 1317 2709 et
1336 2668 1532 2720 sulphur,
1556 2673 1600 2709 et
1619 2668 1797 2720 spiritus
1815 2679 1914 2720 pro-

224 2733 276 2761 ne
295 2720 441 2763 videat
460 2734 502 2761 in
523 2720 661 2762 finem.
1090 2724 1297 2766 cellarum
1316 2737 1419 2777 pars
1439 2724 1585 2766 calicis
1606 2726 1769 2766 eorum.

179 2815 455 2822 ——-.v-u--.-..·-—-

1085 1987 1273 2029 obscuro
1293 1992 1438 2028 rectos
1458 1985 1603 2028 corde.

1137 2044 1350 2094 Quoniam
1371 2056 1468 2096 quae
1488 2041 1721 2096 perfecisti,
1743 2039 1910 2082 destru-
