2040 2976
796 214 969 247 Officium
997 212 1278 246 Defunctorum.

248 314 448 347 licctioncs
479 312 655 353 leguntur
686 310 766 343 sinc
791 308 1012 342 Absolutio-

196 374 251 401 116,
276 359 616 394 benedictionibus
642 365 677 391 ct
701 358 839 391 Titulo.

234 462 236 465 f
299 416 447 457 Lectio
468 416 491 455 i.
712 412 794 453 Job
816 413 850 452 7.
872 411 909 452 11.

205 492 212 531 ‘3
244 486 414 543 Η
433 473 539 514 1111111
556 472 759 522 Domine3
783 472 887 513 nihil
906 471 1019 514 enim

208 558 213 577 5
235 550 309 605 ΗΝ
331 535 430 571 611111
456 529 550 571 dies
574 529 670 570 mei.
713 528 827 579 Quid
852 533 918 570 est
942 528 1016 569 ho-

208 589 267 613 ’ἐξ
331 599 414 636 1110,
431 586 531 639 quia
544 585 795 636 magnificas
811 583 930 626 eum?
947 590 1020 626 aut

203 642 307 694 quid
333 643 519 695 apponis
543 655 646 693 erga
666 654 764 683 eum
783 654 858 683 cor
877 639 1019 683 tuum?

201 699 366 741 Visitas
406 712 504 740 eum
543 698 753 748 diluculo,
795 703 838 740 et
876 697 1020 739 subito

201 755 364 808 probas
387 755 518 797 illum.
550 755 790 807 Usquequo
814 767 901 795 non
924 766 1021 806 par-

202 813 263 853 cis
290 811 410 861 mihi,
437 824 519 853 nec
543 810 723 852 dimittis
747 823 832 859 me,
859 815 908 851 ut
931 809 1020 861 glu-

202 869 307 910 tiam
326 868 506 909 salivam
521 865 684 909 meam?
703 867 898 915 Peccavi‚
918 866 1022 918 quid

201 925 357 966 faciam
400 924 480 966 tibi
526 937 551 965 o
589 928 737 965 custos
772 921 1019 964 hominum?

203 993 336 1034 quare
355 981 541 1033 posuisti
559 992 628 1021 me
650 979 915 1021 contrarium
932 978 1022 1029 tibi,

204 1043 247 1079 et
270 1038 410 1079 factus
436 1050 531 1078 sum
553 1036 833 1088 mihimetipsi
854 1034 1022 1086 gravis?

205 1094 291 1135 Cur
308 1107 396 1135 non
415 1093 533 1134 tollis
553 1095 782 1145 peccatum
801 1105 960 1142 meum,
980 1098 1023 1134 61

205 1163 338 1202 quare
363 1162 449 1190 non
475 1149 617 1190 aufers
642 1149 913 1201 iniquitatem
938 1161 1023 1190 1116-

205 1206 298 1248 am?
345 1219 447 1248 ecce
483 1219 597 1247 nunc
632 1206 676 1246 in
711 1205 890 1258 pulvere
927 1205 1023 1247 dor-

203 1263 348 1304 miam:
383 1268 426 1304 et
459 1263 495 1303 si
527 1275 653 1304 mane
685 1275 755 1304 me
791 1262 1024 1314 quaesieris,

203 1332 290 1361 non
314 1319 557 1361 subsistam.

253 1384 451 1417 Lectiones
478 1383 728 1417 terminantur
757 1384 838 1418 sine
873 1383 933 1418 Tu
962 1394 1025 1418 au-

203 1438 289 1469 tem.
308 1433 367 1466 161
395 1433 469 1465 alia
496 1432 750 1466 conclusione.

252 1488 301 1538 111.
326 1485 469 1527 Credo
486 1484 605 1537 quod
618 1483 889 1536 Redemptor
903 1496 1026 1525 meus

205 1542 326 1591 vivit,
352 1547 395 1584 et
418 1542 462 1582 in
484 1541 722 1582 novissimo
748 1540 818 1582 die
838 1539 892 1582 de
911 1544 1027 1581 terra

208 1601 480 1639 surrecturus
518 1610 629 1638 sum:
658 1603 679 1624 *
725 1597 782 1638 Et
818 1596 861 1637 in
897 1609 1027 1637 carne

206 1667 304 1695 mea
353 1653 512 1695 videbo
567 1654 710 1695 Deum
757 1653 1027 1694 Salvatorem

207 1723 361 1751 meum.
388 1710 436 1760 Y.
468 1710 607 1760 Quem
631 1710 802 1761 visurus
827 1722 923 1750 sum
946 1721 1027 1760 ego

207 1767 312 1819 ipse,
333 1771 376 1808 et
390 1779 477 1808 non
493 1766 616 1807 alius:
636 1771 680 1808 et
699 1765 815 1807 oculi
830 1765 916 1807 mei
928 1777 1027 1806 con-

207 1823 400 1875 specturi
419 1827 530 1864 611111.
560 1823 626 1863 Ε1.

308 1887 455 1927 Lectio
477 1886 514 1925 ii.
753 1886 835 1926 JOb
857 1887 918 1925 10.

286 1944 402 1986 aedet
421 1944 608 1985 animam
627 1955 769 1984 meam
787 1943 888 1984 vitae
907 1955 1028 1993 meae,

311 2000 524 2042 dimittam
559 1999 791 2042 adversum
827 2012 898 2041 me
943 1999 1028 2041 elo-

211 2057 357 2109 quium
385 2070 542 2108 meum,
577 2056 732 2108 loquar
757 2056 801 2097 in
829 2056 1029 2097 amaritu-

211 2113 310 2155 dine
354 2114 508 2154 animae
552 2125 674 2154 meae.
728 2112 883 2154 Dicam
917 2113 1028 2154 Deo:

210 2169 313 2211 Noli
336 2182 404 2211 me
429 2169 735 2211 condemnare:
762 2169 906 2210 indica
923 2168 1027 2210 mihi

212 2238 288 2267 cur
314 2238 384 2267 me
410 2226 470 2267 ita
495 2224 668 2277 judiees.
707 2225 932 2278 Numquid
954 2225 1030 2267 bo-

211 2295 314 2323 num
348 2281 427 2323 tibi
463 2281 650 2331 videtur,
686 2281 723 2322 si
758 2281 1030 2323 calumnieris

212 2351 292 2387 me,
312 2342 355 2379 et
373 2338 596 2390 opprimas
612 2350 682 2379 me
701 2350 812 2390 opus
826 2340 1031 2379 manuum

213 2396 402 2443 tuarum,
447 2398 490 2435 et
530 2394 758 2434 consilium
799 2394 1032 2446 impiorum

214 2448 415 2502 adjuves?
468 2449 693 2501 Numquid
734 2450 848 2491 oculi
888 2450 1032 2492 carnei

213 2506 293 2548 tibi
313 2511 429 2548 sunt:
457 2510 530 2548 aut
549 2505 660 2547 sicut
679 2506 798 2547 videt
817 2506 965 2556 homo,
990 2511 1033 2548 et

214 2569 262 2605 tu
293 2561 485 2605 videbis?
530 2561 753 2614 Numquid
791 2563 902 2604 616111
939 2562 1032 2604 11166

215 2619 400 2661 hominis
425 2619 519 2661 dies
544 2618 622 2668 tui,
651 2623 694 2660 et
717 2619 816 2659 anni
841 2618 903 2659 tui
922 2618 1033 2660 sicut

215 2675 403 2717 humana
429 2680 528 2717 sunt
551 2677 767 2727 tempora,
795 2680 842 2715 ut
863 2687 1033 2726 quaeras

216 2732 489 2784 iniquitatem
524 2743 682 2781 meam,
727 2736 770 2771 et
805 2732 1034 2782 peccatum

1068 322 1212 351 meum
1236 306 1462 350 scruteris?
1489 307 1546 349 Et
1570 307 1683 348 scias
1709 307 1809 359 quia
1830 306 1890 347 ni-

1068 366 1128 407 hil
1147 365 1328 418 impium
1347 364 1538 414 fecerim,
1563 376 1662 405 cum
1684 363 1740 404 sit
1761 375 1890 404 nemo

1071 422 1144 474 qui
1163 421 1218 463 de
1236 426 1367 462 ‘manu
1385 425 1460 462 tua
1478 419 1620 472 possit
1639 422 1803 461 eruere.

1122 482 1168 530 R:-
1207 477 1291 527 Qui
1321 476 1536 518 Lazarum
1566 474 1836 517 resuscitasti
1867 487 1892 516 a

1070 535 1349 575 monumento
1367 531 1582 574 fo'etidum:
1601 533 1622 554 *
1642 532 1712 573 Tu
1728 531 1792 573 eis
1804 531 1891 572 Do-

1070 591 1184 631 mine
1214 590 1328 631 dona
1355 589 1564 642 requiem,
1593 593 1637 630 et
1663 588 1808 630 locum
1832 587 1892 628 in-

1073 646 1319 698 dulgentiae.
1349 642 1397 692 Y.
1429 645 1513 696 Qui
1532 648 1741 686 venturus
1766 656 1813 685 es
1835 644 1893 696 ju-

1075 702 1221 745 dicare
1240 703 1364 744 vivos
1387 706 1430 743 61
1455 703 1668 750 1110111106,
1692 705 1736 742 61
1760 701 1892 742 saecu·

1074 759 1162 801 lum
1179 772 1259 812 per
1277 759 1430 810 ignem.
1458 758 1528 799 Tu
1547 757 1621 799 eis.

1174 827 1323 867 Lectio
1346 827 1399 865 iii.
1571 822 1654 863 Job
1672 823 1733 862 10.
1749 821 1787 862 b.

1071 884 1284 989 Manus
1303 889 1391 926 tuae
1411 883 1607 925 fecerunt
1627 895 1714 933 me,
1740 887 1784 924 61
1805 881 1894 934 pla-

1209 942 1460 982 smaverunt
1486 952 1556 981 me
1577 944 1720 981 totum
1746 939 1790 979 in
1816 937 1895 980 cir-

1076 997 1212 1040 cuitu:
1257 1002 1300 1039 et
1338 997 1400 1038 sic
1431 998 1612 1049 repente
1643 994 1896 1048 praecipitas

1074 1052 1166 1096 me?
1207 1053 1429 1095 Memento
1458 1065 1608 1105 quaeso
1638 1051 1758 1105 quod
1786 1051 1897 1092 sicut

1075 1111 1213 1152 lutum
1238 1110 1391 1152 feceris
1415 1121 1502 1159 me,
1532 1114 1575 1150 et
1600 1109 1645 1149 in
1670 1108 1897 1162 pulverem

1076 1166 1261 1209 reduces
1279 1179 1359 1208 1116.
1391 1165 1550 1207 Nonne
1575 1165 1686 1206 sicut
1705 1164 1773 1205 lac
1791 1163 1896 1204 mul-

1077 1224 1170 1265 sisti
1187 1236 1275 1273 me,
1304 1227 1347 1264 et
1373 1222 1483 1263 sicut
1509 1223 1686 1263 caseum
1708 1233 1779 1262 me
1802 1232 1899 1262 coa-

1076 1278 1256 1332 gulasti?
1290 1278 1408 1320 Pelle
1433 1283 1476 1320 et
1504 1277 1706 1320 carnibus
1728 1276 1900 1318 vestisti

1076 1350 1161 1378 me:
1196 1335 1370 1378 ossibus
1398 1339 1442 1376 et
1467 1335 1613 1376 nervis
1641 1333 1900 1386 compegisti

1076 1406 1163 1435 me:
1194 1392 1343 1434 Vitam
1375 1396 1419 1433 et
1452 1390 1795 1432 misericordiam
1827 1389 1899 1431 tri-

1076 1449 1209 1491 buisti
1227 1448 1348 1498 mihi,
1377 1453 1421 1490 et
1444 1447 1636 1490 visitatio
1658 1451 1735 1489 tua
1759 1451 1900 1488 custo-

1078 1506 1186 1548 divit
1206 1506 1406 1558 spiritum
1424 1517 1580 1546 meum.

1129 1568 1177 1617 Rg.
1212 1561 1416 1611 Domine,
1447 1559 1622 1614 quando
1645 1560 1817 1602 veneris
1842 1560 1900 1611 ju-

1079 1619 1224 1660 dicare
1242 1623 1419 1667 terram,
1443 1617 1519 1659 ubi
1540 1629 1610 1659 me
1633 1615 1901 1672 abscondam

1079 1688 1103 1716 a
1134 1675 1255 1716 vultu
1285 1675 1362 1716 irae
1394 1673 1503 1715 tuae?
1528 1678 1550 1700 *
1577 1673 1688 1724 Quia
1721 1672 1902 1726 peccavi

1080 1731 1207 1772 nimis
1237 1731 1281 1771 in
1308 1730 1398 1772 vita
1429 1742 1538 1771 mea.
1574 1728 1624 1778 V.
1660 1729 1902 1771 Commissa

1081 1801 1179 1830 mea
1197 1789 1401 1840 pavesco,
1425 1791 1469 1828 et
1491 1794 1591 1828 ante
1610 1790 1655 1828 te
1674 1785 1902 1827 erubesco:

1079 1844 1183 1886 dum
1201 1845 1371 1886 veneris
1391 1843 1593 1895 iudicare,
1611 1841 1703 1884 noli
1717 1854 1788 1884 me
1802 1854 1901 1883 con-

1080 1901 1298 1943 demnare.
1326 1901 1448 1951 Quia.
1474 1896 1522 1947 V.
1545 1899 1761 1952 Requiem
1779 1899 1902 1940 aeter-

1079 1971 1179 1999 nam
1199 1957 1314 1999 dona
1337 1957 1398 1999 eis
1418 1956 1619 1998 Demine:
1644 1960 1688 1997 et
1710 1955 1785 1996 lux
1806 1967 1902 2008 per-

1080 2016 1212 2067 petua
1229 2014 1375 2056 luceat
1394 2013 1466 2055 eis.
1499 2012 1622 2064 Quia.

1133 2084 1270 2117 Postea
1307 2081 1355 2114 ad
1394 2080 1558 2117 Laudes,
1601 2083 1642 2112 ut
1678 2078 1774 2111 infra
1805 2075 1904 2120 [170]

1080 2132 1234 2175 quando
1264 2130 1402 2164 dicitur
1427 2138 1542 2161 unum
1571 2132 1716 2160 tantum
1740 2125 1900 2159 Noctur-

1079 2190 1176 2213 nuni.

1312 2226 1360 2263 In
1380 2225 1429 2263 11.
1450 2224 1669 2262 Nocturno.

1236 2286 1320 2321 Pro
1348 2285 1479 2319 Feria
1508 2284 1579 2318 HI.
1610 2288 1651 2318 et
1678 2285 1743 2318 Vl.

1136 2340 1233 2378 Ant.
1276 2338 1327 2377 In
1355 2335 1455 2377 loco
1486 2336 1663 2387 pascuae
1692 2334 1716 2360 *
1745 2333 1807 2375 ibi
1835 2345 1905 2374 me

1084 2393 1328 2436 collocavit.

1355 2451 1551 2490 Psalmus
1570 2451 1634 2489 22.

1121 2504 1386 2549 eminus
1401 2504 1512 2554 regit
1524 2516 1605 2553 me,
1625 2507 1668 2544 et
1682 2502 1787 2543 nihil
1802 2500 1907 2542 mihi

1121 2561 1176 2616 »Γ
1205 2591 1208 2600 2
1232 2561 1383 2603 deerit:
1406 2561 1430 2586 *
1452 2561 1496 2601 in
1519 2560 1619 2601 loco
1643 2561 1821 2612 pascuae
1836 2556 1905 2599 ibi

1121 2620 1122 2623 ’
1140 2618 1143 2619 ’
1232 2630 1302 2659 1116
1321 2617 1565 2659 collocavit.

1135 2675 1275 2726 Super
1299 2686 1457 2726 aquam
1481 2671 1731 2714 refectionis
1751 2669 1905 2712 educa·

1085 2731 1146 2772 vit
1164 2743 1248 2772 me:
1265 2731 1289 2755 *
1309 2730 1495 2771 animam
1517 2741 1659 2770 meam
1682 2726 1905 2769 convertit.
