2040 2976
636 224 846 258 Commune
872 221 1125 265 plurimorum
1153 220 1373 262 Martyrum.

152 328 319 370 Discite
352 340 378 368 a
408 339 499 376 me,
541 325 643 378 quia
670 323 788 365 mitis
818 335 915 363 sum
943 325 986 362 et

153 384 328 426 humilis
366 382 511 425 corde.
569 381 687 423 Audi
725 384 769 421 et
805 379 985 419 Petrum

153 440 422 494 Ap6stolum
441 439 767 481 admonentem:
787 435 985 477 Christus

152 510 311 550 passus
340 501 407 538 est
438 509 520 549 pro
550 495 695 544 nobis,
736 492 986 543 relinquens

153 552 566 606 nobis‘exemplum‚
594 556 643 593 ut
661 551 897 603 sequamur
917 559 986 588 ve-

155 610 283 660 stigia
303 610 405 662 ejus.

204 678 255 730 R.
285 675 533 727 Tamquam
558 685 712 715 aurum
736 671 780 712 in
809 670 987 712 fornace

154 731 361 784 probavit
376 730 542 772 electos
556 729 783 777 Dominus,
803 731 848 768 et
862 725 988 778 quasi

154 787 402 829 holocausti
417 787 606 828 hastiam
621 784 792 836 accepit
810 782 924 824 illos:
945 786 988 823 et

155 844 199 884 in
221 845 422 896 tempore
443 843 524 885 erit
549 843 778 894 respectus
797 839 987 880 illerum:

153 902 175 925 *
203 900 419 950 Qudniam
443 899 608 941 donum
633 903 676 940 et
698 910 787 950 pax
813 901 881 938 est
905 895 988 936 ele-

156 956 239 998 ctis
254 956 349 997 Dei.
366 955 416 1005 ¹³¹⁷-
443 956 527 1006 Qui
546 954 774 997 confidunt
792 953 836 993 in
854 951 988 1001 illum,

154 1012 396 1064 intelligent
420 1013 666 1062 veritatem,
696 1014 739 1052 et
765 1008 919 1050 fideles
945 1009 989 1048 in

155 1068 388 1110 dilectione
427 1068 708 1121 acquiescent
745 1066 816 1106 illi.
874 1066 988 1115 Quo-

155 1125 282 1166 niam.
321 1124 474 1168 Glaria
500 1125 631 1166 Patri.
669 1122 897 1174 Qucniam.

367 1206 417 1244 In
443 1205 515 1244 ΙΙΙ.
542 1205 766 1244 Nocturno.

210 1274 309 1313 Ant.
330 1269 440 1312 Justi
460 1272 609 1309 autem
623 1267 705 1308 *in
724 1268 989 1319 perpetuum

154 1326 313 1376 vivent,
334 1331 378 1368 et
397 1324 516 1378 apud
535 1324 773 1366 Deminum
793 1328 861 1364 est
879 1335 989 1363 mer-

155 1395 229 1424 ces
249 1385 413 1424 earum.

430 1443 627 1483 Psalmus
649 1444 711 1483 32.

196 1531 258 1583 *7⁸
276 1511 465 1553 xsultate
501 1510 602 1562 justi
636 1509 681 1550 in
718 1508 930 1572 Domino:
966 1508 990 1532 *

299 1572 447 1609 rectos
475 1566 604 1608 decet
633 1564 911 1607 collaudatlo.

160 1623 170 1635 ³¹
196 1609 248 1638 ›22ss
265 1614 266 1617 ’

328 1623 606 1666 Confitemini
631 1621 823 1662 Damino
857 1620 902 1661 in
934 1622 989 1661 ci-

154 1680 297 1723 thara:
319 1681 343 1706 *
370 1681 414 1721 in
441 1678 652 1732 psalterio
682 1677 837 1719 decem
865 1675 989 1718 chor-

157 1736 314 1779 darum
339 1735 515 1789 psallite
542 1734 615 1776 illi.

211 1794 394 1835 Cantate
432 1792 472 1834 ei
506 1792 724 1833 canticum
759 1803 939 1831 novum:
966 1790 990 1814 *

156 1849 270 1892 bene
288 1848 463 1902 psallite
483 1848 523 1890 ei
540 1848 585 1889 in
602 1847 929 1890 vociferaticne.

211 1906 323 1956 Quia
338 1910 507 1947 rectum
522 1909 589 1946 est
603 1903 788 1946 verbum
801 1902 990 1951 Damini‚

159 1963 183 1988 *
203 1967 247 2004 et
267 1962 412 2003 amnia
432 1963 568 2014 Opera
588 1961 678 2012 ejus
698 1960 743 2000 in
762 1958 861 2000 fide.

210 2017 364 2069 Diligit
407 2016 755 2059 misericordiam
801 2020 845 2056 et
886 2014 991 2067 judi-

161 2074 294 2116 cium:
312 2075 336 2100 *
353 2072 655 2115 misericordia
668 2071 846 2114 Damini
861 2070 992 2124 plena

162 2135 229 2172 est
247 2135 376 2172 terra.
678 2146 685 2154 «

211 2186 365 2228 Verbo
384 2186 563 2227 Damini
582 2185 684 2227 coeli
700 2185 862 2226 firmati
877 2189 992 2225 sunt:

160 2243 184 2269 *
213 2247 257 2284 et
284 2243 440 2295 spiritu
468 2242 557 2284 oris
581 2243 671 2294 ejus
694 2241 835 2283 omnis
854 2241 992 2282 virtus

162 2311 325 2340 eorum.
558 2320 562 2323 -

216 2355 498 2405 Cc'mgregans
525 2355 638 2396 sicut
663 2354 708 2394 in
735 2358 832 2395 utre
856 2366 993 2406 aquas

161 2411 314 2452 maris:
332 2411 355 2436 *
374 2423 544 2462 ponens
567 2411 612 2451 in
631 2410 848 2452 thesauris
869 2409 1010 2461 abys-.

164 2479 249 2508 sos.

215 2523 388 2564 Timeat
402 2522 639 2563 Daminum
656 2522 796 2563 omnis
815 2526 952 2563 terra:
970 2521 994 2546 *

164 2579 218 2620 ab
236 2591 288 2620 eo
305 2583 451 2620 autem
467 2580 826 2619 commoveantur
842 2590 994 2618 omnes

162 2634 456 2676 inhabitantes
476 2634 641 2675 orbem.

218 2690 434 2741 Qu6niam
447 2690 543 2742 ipse
559 2689 678 2740 dixit,
695 2694 739 2730 et
748 2689 864 2731 facta
880 2694 995 2731 sunt:

164 2747 188 2772 *
206 2747 300 2799 ipse
319 2745 554 2795 mandavit,
575 2750 619 2787 et
637 2748 786 2787 creata
805 2750 917 2788 sunt.

1089 319 1305 360 D6minus
1334 317 1520 370 dissipat
1550 315 1731 358 consilia
1760 315 1872 356 Gen-

1037 376 1160 417 tium:
1171 376 1195 400 *
1206 374 1417 427 reprobat
1427 378 1574 415 autem
1583 372 1872 423 cogitatianes

1037 431 1323 485 popularum,
1366 435 1409 472 et
1446 429 1656 483 reprobat
1693 427 1884 478 consilia,

1038 489 1296 542 principum.

1094 544 1333 587 Consilium
1345 548 1491 585 autem
1500 543 1679 584 Damini
1693 542 1735 582 in
1750 542 1874 583 aeter-

1039 615 1144 643 num
1170 605 1336 642 manet:
1364 601 1388 625 *
1417 600 1707 651 cogitatianes
1728 597 1874 639 cordis

1041 659 1131 711 ejus
1159 658 1203 698 in
1235 657 1518 708 generatione
1553 661 1596 697 et
1633 654 1875 706 generatis)-

1039 728 1150 757 nem.

1092 772 1232 813 Beata
1260 783 1383 821 gens,
1413 769 1533 821 cujus
1558 773 1626 810 est
1649 768 1876 817 DOminus,

1040 829 1162 870 Deus
1183 828 1292 879 ejus:
1317 827 1341 852 *
1365 824 1569 879 papulus
1595 838 1726 877 quem
1746 824 1877 875 elegit

1042 886 1085 925 in
1105 883 1411 926 haereditatem
1431 881 1524 923 sibi.

1094 941 1163 982 De
1183 940 1298 982 coelo
1318 939 1513 992 respexit
1529 938 1765 979 Daminus:
1780 938 1802 963 *
1818 938 1876 978 vi-

1043 998 1107 1039 dit
1127 1010 1279 1039 omnes
1298 996 1413 1037 filios
1433 995 1669 1036 haminum.

1095 1055 1163 1095 De
1191 1055 1443 1106 praeparato
1471 1050 1723 1093 habitaculo
1749 1063 1829 1091 suo
1855 1051 1878 1075 *

1043 1111 1238 1164 respexit
1253 1122 1385 1162 super
1406 1121 1569 1158 omnes,
1591 1108 1665 1160 qui
1680 1107 1880 1148 habitant

1044 1173 1218 1209 terram.

1096 1224 1180 1274 Qui
1191 1224 1316 1264 finxit
1328 1222 1549 1273 sigillatim
1561 1220 1697 1262 corda
1710 1222 1878 1261 earum:

1042 1282 1066 1307 *
1089 1281 1161 1333 qui
1180 1279 1383 1330 intelligit
1400 1278 1546 1319 amnia
1562 1279 1699 1330 &pera
1715 1279 1878 1318 earum.

1096 1337 1198 1378 Non
1237 1335 1431 1377 salvatur
1468 1347 1547 1375 rex
1584 1347 1664 1386 per
1697 1332 1879 1374 multam

1044 1395 1270 1435 virtutem:
1290 1393 1313 1418 *
1334 1397 1378 1433 et
1394 1392 1516 1442 gigas
1534 1404 1622 1432 non
1638 1389 1879 1431 salvabitur

1043 1451 1087 1491 in
1106 1449 1384 1491 multitudine
1405 1448 1578 1489 virtutis
1598 1459 1701 1488 suae.

1095 1506 1249 1548 Fallax
1281 1519 1420 1558 equus
1452 1504 1509 1546 ad
1543 1503 1749 1545 salutem:
1781 1503 1804 1527 *
1835 1502 1879 1542 in

1043 1563 1312 1605 abundantia
1327 1567 1474 1603 autem
1489 1561 1662 1602 virtutis
1683 1572 1774 1600 suae
1790 1571 1879 1599 non

1045 1619 1296 1661 salvabitur.

1095 1677 1212 1717 Ecce
1228 1675 1344 1717 &culi
1353 1675 1533 1716 Damini
1543 1686 1675 1726 super
1685 1674 1878 1714 metuen-

1043 1737 1110 1774 tes
1139 1745 1257 1774 eum:
1289 1732 1312 1758 *
1342 1737 1387 1773 et
1413 1732 1457 1772 in
1483 1731 1561 1781 eis,
1597 1730 1671 1782 qui
1699 1734 1879 1782 sperant

1044 1802 1178 1841 super
1196 1787 1499 1830 misericardia
1520 1788 1629 1839 ejus:

1095 1846 1156 1887 Ut
1175 1847 1300 1886 eruat
1319 1858 1344 1885 a
1359 1849 1502 1885 morte
1523 1844 1690 1885 animas
1710 1845 1879 1884 earum:

1044 1902 1068 1927 *
1088 1906 1133 1943 et
1152 1901 1241 1942 alat
1260 1914 1337 1943 eos
1356 1901 1399 1941 in
1419 1901 1545 1942 fame.

1097 1958 1258 1998 Anima
1304 1962 1456 1998 nostra
1503 1956 1689 1998 sustinet
1730 1955 1879 1996 Dami-

1045 2028 1165 2055 num:
1192 2014 1216 2039 *
1246 2014 1453 2066 queniam
1490 2012 1663 2065 adjutor
1701 2017 1745 2053 et
1780 2024 1879 2064 pro-

1044 2072 1187 2112 tector
1206 2074 1357 2111 noster
1377 2074 1453 2111 est.

1100 2126 1211 2177 Quia
1220 2127 1265 2167 in
1275 2139 1328 2168 eo
1339 2125 1508 2167 laetabit
1514 2138 1561 2166 ur
1578 2138 1655 2166 cor
1666 2130 1881 2166 nostrum:

1045 2184 1069 2209 *
1090 2188 1134 2224 et
1160 2183 1205 2224 in
1232 2183 1408 2224 nomine
1436 2186 1591 2224 sancto
1617 2182 1707 2234 ejus
1734 2183 1881 2234 spera-

1047 2253 1201 2281 vimus.

1099 2296 1198 2337 Fiat
1237 2294 1542 2337 misericerdia
1581 2299 1658 2337 tua
1693 2294 1882 2335 Domine

1048 2365 1181 2404 super
1195 2365 1296 2393 nos:
1310 2352 1333 2378 *
1350 2347 1723 2404 quemadmodum
1735 2352 1881 2403 spera-

1047 2408 1190 2449 vimus
1208 2408 1254 2448 in
1273 2413 1328 2449 te.

1100 2468 1199 2508 Ant.
1228 2464 1340 2508 Justi
1368 2469 1516 2506 autem
1542 2465 1587 2505 in
1618 2466 1883 2517 perpetuum

1049 2521 1207 2571 vivent,
1233 2526 1276 2562 et
1295 2520 1414 2573 apud
1428 2521 1668 2562 D6minum
1688 2526 1754 2562 est
1773 2532 1883 2560 mer-

1049 2590 1123 2618 ces
1146 2590 1310 2619 eorum.

1100 2635 1199 2675 Ant.
1230 2634 1529 2676 Tradiderunt
1548 2635 1571 2659 *
1593 2636 1782 2685 carpora
1805 2644 1884 2672 sua

1048 2691 1092 2731 in
1106 2696 1306 2741 mortem,
1321 2704 1376 2732 ne
1392 2693 1608 2732 servirent
1621 2690 1766 2731 idalis:
1781 2689 1882 2730 ideo

1049 2748 1250 2801 coronati
1270 2747 1502 2800 passident
1521 2747 1725 2800 palmam.
