2040 2976
708 196 750 229 In
777 196 1103 239 Festo'Corporis
1130 196 1283 230 Christi.

1784 196 1893 230 153

193 291 239 333 Si
261 290 452 344 populus
475 302 598 331 meus
623 289 817 331 audisset
835 301 920 330 me:
943 290 967 316 *

141 347 279 390 Israel
298 348 335 388 si
352 347 396 388 in
415 347 498 389 viis
515 346 625 388 meis
645 345 927 387 ambulasset:

176 405 280 446 ‘Pro
306 403 442 445 nihilo
466 402 649 444 forsitan
673 402 873 443 inimicos
898 403 967 443 eo-

142 473 238 502 rum
251 460 565 501 humiliassem:
584 458 608 484 *
627 463 671 500 et
685 471 817 510 super
833 457 967 499 tribu-

141 517 283 559 lantes
301 529 378 558 eos
394 516 611 557 misissem
625 527 801 555 manum
815 526 968 556 meam.

193 573 363 615 Inimici
386 572 564 614 Domini
587 570 759 612 mentiti
787 575 888 612 sunt
914 570 968 611 ei:

142 634 229 671 *et
250 630 333 671 erit
355 634 531 682 tempus
555 629 707 669 eorum
730 627 774 667 in
796 626 968 668 saecula.

193 687 251 728 Et
265 685 428 738 cibavit
441 697 519 727 eos
534 697 589 726 ex
604 683 736 736 adipe
750 683 968 724 frumenti:

142 744 229 784 *et
249 742 305 784 de
322 746 466 795 petra,
488 740 618 782 melle
644 740 857 782 saturavit
880 752 968 781 eos

194 798 294 839 Ant.
330 797 506 839 Cibavit
541 810 623 838 nos
660 796 877 838 Dominus
915 808 968 837 ex

144 853 274 907 adipe
292 854 511 896 frumenti:
537 858 581 895 et
601 852 656 895 de
674 857 817 906 petra,
840 852 968 894 melle

144 910 357 952 saturavit
374 922 465 951 nos.

195 968 294 1008 Ant.
341 966 408 1007 Ex
439 966 566 1008 altari
601 970 678 1007 tuo
710 966 733 991 *
765 964 968 1015 Domine,

145 1021 366 1064 Christum
396 1023 621 1065 snmimus:
653 1023 698 1063 in
731 1034 862 1074 quem
894 1034 970 1062 cor

144 1082 189 1120 et
207 1091 310 1120 caro
329 1084 480 1122 nostra
499 1079 729 1121 exsultant.

410 1138 609 1179 Psalmus
637 1139 701 1179 83.

228 1205 329 1234 uam
372 1192 532 1234 dilecta
571 1191 855 1234 tabernacula
895 1196 970 1233 tua

245 1249 343 1291 Dfie
357 1249 583 1291 virtatum:
593 1249 617 1275 *
630 1248 911 1301 concupiscit,
927 1253 971 1289 et

73 1315 83 1324 “
145 1303 292 1346 deficit
311 1305 454 1346 anima
475 1318 574 1346 mea
592 1305 636 1345 in
657 1305 766 1346 atria
782 1305 970 1345 Demini.

198 1362 285 1403 Cor
303 1374 464 1411 meum,
484 1366 527 1403 et
547 1371 650 1403 caro
669 1374 768 1403 mea
787 1361 810 1387 *
830 1361 969 1403 exsul-

144 1419 347 1460 taverunt
365 1418 409 1459 in
427 1418 571 1460 Deum
587 1418 745 1459 vivum.

195 1474 370 1516 Etenim
400 1487 553 1527 passer
583 1474 747 1516 invenit
780 1474 862 1515 sibi
895 1474 969 1516 do-

144 1544 278 1572 mum:
301 1531 325 1558 *
348 1536 392 1573 et
418 1536 562 1573 turtur
589 1531 739 1572 nidum
765 1530 863 1580 sibi,
895 1530 970 1572 ubi

143 1592 281 1640 ponat
299 1587 444 1640 pullos
463 1599 577 1629 suos.

195 1643 366 1685 Altaria
387 1648 465 1685 tua
481 1643 671 1685 Demine
696 1644 922 1686 virtutum:
946 1644 969 1669 *

144 1699 243 1741 Rex
260 1713 394 1750 meus,
413 1704 457 1742 et
474 1700 595 1742 Deus
613 1705 749 1742 meus.

197 1756 338 1806 Beati,
367 1756 441 1809 qui
458 1756 658 1798 habitant
677 1757 721 1798 in
743 1756 876 1798 domo
895 1761 970 1799 tua

144 1812 346 1855 Domine:
377 1813 400 1839 *
432 1813 476 1854 in
513 1813 674 1855 saecula
708 1813 970 1855 saeculOrum

144 1868 384 1911 laudabunt
401 1873 456 1911 te.
755 1919 757 1922 .

195 1925 360 1967 Beatus
392 1926 478 1976 vir,
511 1926 630 1978 cujus
663 1930 730 1967 est
763 1926 970 1967 auxilium

146 1980 224 2022 abs
243 1985 302 2023 te:
319 1981 344 2008 *
363 1982 642 2024 ascensianes
665 1982 708 2023 in
733 1982 867 2024 corde
890 1995 969 2023 suo

147 2036 382 2090 disposuit,
410 2037 454 2079 in
481 2037 594 2080 valle
621 2038 899 2080 lacrimarum
926 2039 969 2079 in

145 2092 256 2144 loco,
277 2106 406 2146 quem
424 2094 584 2147 posuit.

197 2149 370 2191 Etenim
392 2149 742 2192 benedictionem
769 2150 890 2192 dabit
912 2151 969 2192 le-

144 2205 342 2256 gislator,
370 2206 495 2248 ibunt
518 2206 574 2248 de
592 2207 752 2248 virtute
776 2207 820 2247 in
838 2207 969 2248 virtu-

144 2266 248 2303 tem:
271 2262 295 2288 *
320 2262 539 2304 videbitur
565 2263 686 2305 Deus
716 2262 899 2304 deorum
926 2263 969 2304 in

145 2317 259 2359 Sion.

196 2373 383 2416 Domine
414 2375 536 2416 Deus
568 2373 779 2416 virtutum
811 2375 970 2417 exaudi

146 2429 388 2472 oratienem
412 2443 568 2472 meam:
588 2431 611 2457 *
630 2430 808 2472 auribus
831 2431 967 2482 perci-

144 2498 201 2537 pe
219 2486 340 2527 Deus
358 2485 508 2528 Jacob.

196 2541 428 2584 Protector
450 2547 600 2584 noster
624 2542 770 2594 aspice
792 2543 927 2584 Deus:
946 2544 970 2570 *

147 2602 190 2639 et
208 2598 376 2650 respice
394 2598 438 2639 in
456 2598 613 2639 faciem
633 2598 792 2639 Christi
809 2598 888 2639 tui:

200 2654 310 2704 Quia
327 2654 482 2695 melior
499 2658 566 2695 est
581 2653 674 2695 dies
691 2666 776 2695 una
790 2654 834 2694 in
849 2655 970 2697 atriis

146 2709 243 2758 tuis,
261 2709 285 2735 *
304 2722 436 2761 super
455 2710 599 2750 millia.

300 2850 364 2875 Pars
380 2830 487 2876 AEstiva.

1069 288 1194 371 Elegi
1213 290 1407 354 abjectus
1426 304 1522 333 esse
1544 292 1588 332 in
1608 291 1740 333 domo
1761 292 1845 333 Dei

1019 345 1120 386 mei.
1138 346 1318 397 *magis
1343 359 1474 399 quam
1496 347 1693 390 habitare
1715 348 1760 388 in
1783 352 1844 389 ta·

1019 400 1267 443 bernaculis
1286 405 1580 455 peccatorum.

1073 457 1183 507 Quia
1193 458 1548 509 misericerdiam,
1563 465 1606 501 et
1616 460 1845 501 veritatem

1021 511 1159 564 diligit
1177 514 1354 556 Deust*
1373 515 1572 566 gratiam,
1597 521 1639 558 et
1662 516 1845 567 gloriam

1021 568 1142 611 dabit
1160 570 1387 612 Deminus.

1071 626 1173 667 Non
1191 627 1381 679 privabit
1399 628 1528 669 bonis
1549 641 1640 678 eos,
1667 629 1740 681 qui
1759 631 1844 670 am-

1020 682 1173 724 bulant
1190 683 1233 723 in
1247 684 1507 726 innocentia:
1522 685 1546 711 *
1560 685 1748 727 Demine
1763 685 1844 726 vir-

1020 742 1179 789 tutum,
1210 739 1367 782 beatus
1398 740 1552 791 homo,
1587 741 1662 793 qui
1699 746 1847 794 sperat

1020 796 1063 836 in
1091 800 1145 838 te.

1074 855 1173 894 Ant.
1194 853 1262 893 Ex
1281 853 1408 895 altari
1426 858 1502 895 tuo
1522 854 1708 896 Demine
1729 854 1847 894 Chri-

1021 913 1137 950 stum
1173 910 1401 951 sumimus:
1443 911 1486 951 in
1523 923 1654 962 quem
1691 923 1767 952 cor
1804 916 1847 952 et

1022 978 1124 1007 caro
1154 971 1304 1007 nostra
1330 967 1559 1009 exsultant.

1074 1023 1123 1075 V.
1150 1027 1327 1069 Educas
1355 1041 1514 1081 panem
1542 1029 1596 1070 de
1624 1033 1760 1079 terra,
1789 1029 1845 1071 al-

1021 1083 1160 1135 leluja.
1202 1085 1253 1135 R:-
1282 1085 1338 1126 Et
1371 1085 1519 1127 vinum
1545 1085 1740 1127 laetificet
1771 1099 1847 1128 cor

1021 1140 1224 1191 heminis,
1254 1141 1435 1194 alleluja.

1021 1215 1174 1257 Lectio
1199 1215 1337 1257 sancti
1359 1215 1585 1267 Evangelii
1607 1216 1846 1257 secundum

1321 1272 1345 1312 J
1348 1273 1545 1313 oannem.

1122 1332 1273 1373 Lectio
1295 1333 1362 1372 vii.
1545 1332 1647 1383 Cap.
1664 1334 1699 1371 (5.
1717 1332 1739 1371 f.

1068 1405 1097 1432 n
1119 1391 1194 1433 illo
1219 1394 1433 1445 tempore:
1461 1393 1583 1434 Dixit
1606 1393 1631 1434 J
1634 1406 1733 1434 esus
1758 1398 1845 1435 tur-

1086 1448 1153 1490 bis
1172 1448 1442 1491 Judaeorum:
1469 1450 1582 1491 Caro
1601 1450 1714 1500 mea,
1742 1463 1846 1493 vere

1022 1509 1089 1546 est
1103 1504 1241 1546 cibus:
1261 1510 1304 1547 et
1318 1506 1493 1557 sanguis
1507 1519 1641 1557 meus,
1661 1519 1762 1548 vere
1780 1512 1847 1549 est

1022 1566 1163 1613 potus.
1193 1562 1250 1603 Et
1268 1562 1446 1614 reliqua.

1123 1639 1314 1681 Homilia
1342 1640 1482 1682 sancti
1508 1641 1742 1691 Augustini

1325 1696 1547 1749 Episcopi.

1084 1760 1286 1795 Tractatus
1303 1760 1354 1795 26.
1372 1761 1411 1795 in
1428 1760 1449 1794 J
1455 1763 1550 1803 onii.
1569 1761 1639 1794 sub
1657 1761 1778 1794 finem.

1076 1821 1217 1877 :gum
1243 1814 1342 1856 cibo
1370 1819 1413 1856 et
1436 1819 1546 1868 potu
1569 1815 1614 1857 id
1638 1817 1847 1868 appetant

1161 1870 1377 1922 homines,
1405 1876 1452 1913 ut
1477 1884 1619 1923 neque
1644 1872 1846 1922 esuriant,

1029 1918 1136 1953 ‘ssesss
1161 1939 1304 1979 neque
1332 1928 1491 1969 sitiant:
1522 1928 1607 1970 hoc
1634 1929 1847 1970 veraciter

1022 1995 1111 2024 non
1129 1987 1329 2035 praestat,
1357 1984 1440 2025 nisi
1462 1984 1546 2026 iste
1565 1984 1688 2026 cibus
1708 1989 1751 2026 et
1770 1997 1845 2049 po-

1022 2044 1104 2088 tus,
1126 2039 1200 2091 qui
1219 2051 1307 2088 eos,
1334 2052 1359 2080 a
1381 2039 1537 2092 quibus
1558 2041 1752 2090 sumitur,
1771 2042 1845 2082 im-

1022 2095 1232 2137 mortales
1265 2101 1308 2137 et
1339 2096 1694 2149 incorruptibiles
1726 2097 1847 2147 facit3

1022 2151 1068 2193 id
1083 2157 1159 2201 est,
1175 2154 1363 2194 societas
1378 2153 1476 2205 ipsa
1491 2155 1755 2194 sanctorum:
1774 2153 1847 2195 ubi

1022 2220 1109 2260 pax
1128 2207 1220 2257 erit,
1241 2213 1285 2250 et
1303 2209 1446 2250 unitas
1461 2209 1591 2262 plena
1606 2210 1737 2261 at'que
1750 2222 1845 2262 per-

1022 2263 1147 2305 fecta.
1208 2265 1451 2317 Propterea
1502 2266 1681 2318 quippe,
1735 2266 1846 2307 sicut

1023 2320 1154 2361 etiam
1187 2325 1286 2362 ante
1319 2321 1515 2374 nos,hoc
1541 2321 1847 2363 intellexerunt

1022 2375 1220 2417 homines
1243 2377 1344 2427 Dei,
1371 2377 1586 2418 Deminus
1610 2382 1760 2419 noster
1778 2378 1803 2418 J
1805 2390 1844 2418 e-

1023 2445 1097 2473 sus
1117 2432 1315 2474 Christus
1341 2445 1502 2485 corpus
1528 2438 1574 2474 et
1592 2433 1845 2484 sanguinem

1023 2501 1148 2529 suum
1178 2489 1223 2529 in
1255 2490 1318 2530 eis
1349 2489 1480 2531 rebus
1513 2487 1844 2538 commendavit,

1024 2557 1122 2596 quae
1150 2544 1207 2586 ad
1239 2558 1372 2586 unum
1400 2541 1566 2597 aliqu'id
1591 2544 1844 2608 rediguntur

1023 2612 1078 2641 ex
1096 2600 1254 2642 multis.
1288 2601 1490 2653 Namque
1515 2600 1662 2642 aliud
1650 2614 1694 2640 m
1712 2612 1843 2641 unum

1023 2668 1077 2697 ex
1104 2656 1251 2697 multis
1278 2657 1424 2707 granis
1452 2656 1698 2698 conficitur:
1726 2654 1843 2696 aliud

1507 2710 1649 2724 ,·-›

1021 2712 1066 2752 in
1090 2725 1224 2753 unum
1247 2724 1302 2755 ex
1325 2712 1472 2753 multis
1497 2724 1630 2753 aclms
1654 2710 1843 2752 confluit.
1847 2703 1877 2732 '⁹

1596 2843 1634 2874 11
