<?xml version="1.0" encoding="UTF-8"?>
<!DOCTYPE html PUBLIC "-//W3C//DTD XHTML 1.0 Transitional//EN"
    "http://www.w3.org/TR/xhtml1/DTD/xhtml1-transitional.dtd">
<html xmlns="http://www.w3.org/1999/xhtml" xml:lang="en" lang="en">
 <head>
  <title>
</title>
<meta http-equiv="Content-Type" content="text/html;charset=utf-8" />
  <meta name='ocr-system' content='tesseract 3.04.00' />
  <meta name='ocr-capabilities' content='ocr_page ocr_carea ocr_par ocr_line ocrx_word'/>
</head>
<body>
  <div class='ocr_page' id='page_1' title='image "./p3breviariumroma00cathuoft_0235.png"; bbox 0 0 2040 2976; ppageno 0'>
   <div class='ocr_carea' id='block_1_1' title="bbox 659 182 1366 231">
    <p class='ocr_par' dir='ltr' id='par_1_1' title="bbox 659 182 1366 231">
     <span class='ocr_line' id='line_1_1' title="bbox 659 182 1366 231; baseline 0.001 -8"><span class='ocrx_word' id='word_1_1' title='bbox 659 189 860 224; x_wconf 81' lang='lat' dir='ltr'>Dominiea</span> <span class='ocrx_word' id='word_1_2' title='bbox 883 190 964 222; x_wconf 66' lang='lat' dir='ltr'>VH.</span> <span class='ocrx_word' id='word_1_3' title='bbox 988 182 1078 231; x_wconf 80' lang='lat' dir='ltr'>post</span> <span class='ocrx_word' id='word_1_4' title='bbox 1103 190 1366 225; x_wconf 50' lang='lat' dir='ltr'>Pentecosten.</span> 
     </span>
    </p>
   </div>
   <div class='ocr_carea' id='block_1_2' title="bbox 97 132 1926 261">
    <p class='ocr_par' dir='ltr' id='par_1_2' title="bbox 97 132 1926 261">
     <span class='ocr_line' id='line_1_2' title="bbox 97 132 1926 261; baseline 0 2715"><span class='ocrx_word' id='word_1_5' title='bbox 97 132 1926 261; x_wconf 95' lang='lat' dir='ltr'> </span> 
     </span>
    </p>
   </div>
   <div class='ocr_carea' id='block_1_3' title="bbox 148 284 983 782">
    <p class='ocr_par' dir='ltr' id='par_1_3' title="bbox 148 284 983 438">
     <span class='ocr_line' id='line_1_3' title="bbox 148 284 981 338; baseline 0 -13"><span class='ocrx_word' id='word_1_6' title='bbox 148 284 385 338; x_wconf 90' lang='lat' dir='ltr'>propheta,</span> <span class='ocrx_word' id='word_1_7' title='bbox 416 290 459 327; x_wconf 91' lang='lat' dir='ltr'>et</span> <span class='ocrx_word' id='word_1_8' title='bbox 485 284 628 326; x_wconf 89' lang='lat' dir='ltr'>Semei</span> <span class='ocrx_word' id='word_1_9' title='bbox 654 289 697 326; x_wconf 89' lang='lat' dir='ltr'>et</span> <span class='ocrx_word' id='word_1_10' title='bbox 716 284 815 334; x_wconf 90' lang='lat' dir='ltr'>Rei,</span> <span class='ocrx_word' id='word_1_11' title='bbox 844 289 888 325; x_wconf 93' lang='lat' dir='ltr'>et</span> <span class='ocrx_word' id='word_1_12' title='bbox 913 296 981 325; x_wconf 93' lang='lat' dir='ltr'>ro-</span> 
     </span>
     <span class='ocr_line' id='line_1_4' title="bbox 148 339 983 383; baseline -0.002 -1"><span class='ocrx_word' id='word_1_13' title='bbox 148 340 231 382; x_wconf 91' lang='lat' dir='ltr'>bur</span> <span class='ocrx_word' id='word_1_14' title='bbox 255 341 474 382; x_wconf 83' lang='lat' dir='ltr'>exercitus</span> <span class='ocrx_word' id='word_1_15' title='bbox 493 339 639 383; x_wconf 86' lang='lat' dir='ltr'>David</span> <span class='ocrx_word' id='word_1_16' title='bbox 661 354 750 382; x_wconf 92' lang='lat' dir='ltr'>non</span> <span class='ocrx_word' id='word_1_17' title='bbox 770 345 864 382; x_wconf 91' lang='lat' dir='ltr'>erat</span> <span class='ocrx_word' id='word_1_18' title='bbox 883 353 983 381; x_wconf 92' lang='lat' dir='ltr'>cum</span> 
     </span>
     <span class='ocr_line' id='line_1_5' title="bbox 149 396 334 438; baseline 0.005 -1"><span class='ocrx_word' id='word_1_19' title='bbox 149 396 334 438; x_wconf 90' lang='lat' dir='ltr'>Adonia.</span> 
     </span>
    </p>

    <p class='ocr_par' dir='ltr' id='par_1_4' title="bbox 148 452 982 782">
     <span class='ocr_line' id='line_1_6' title="bbox 204 452 982 506; baseline -0.001 -12"><span class='ocrx_word' id='word_1_20' title='bbox 204 456 257 506; x_wconf 59' lang='grc' dir='ltr'>Η.</span> <span class='ocrx_word' id='word_1_21' title='bbox 280 453 402 494; x_wconf 91' lang='lat' dir='ltr'>Deus</span> <span class='ocrx_word' id='word_1_22' title='bbox 427 454 620 495; x_wconf 91' lang='lat' dir='ltr'>omnium</span> <span class='ocrx_word' id='word_1_23' title='bbox 642 452 874 494; x_wconf 83' lang='lat' dir='ltr'>exauditor</span> <span class='ocrx_word' id='word_1_24' title='bbox 897 457 982 493; x_wconf 88' lang='lat' dir='ltr'>est:</span> 
     </span>
     <span class='ocr_line' id='line_1_7' title="bbox 149 508 982 561; baseline 0 -11"><span class='ocrx_word' id='word_1_25' title='bbox 149 509 244 561; x_wconf 92' lang='lat' dir='ltr'>ipse</span> <span class='ocrx_word' id='word_1_26' title='bbox 268 509 385 550; x_wconf 86' lang='lat' dir='ltr'>misit</span> <span class='ocrx_word' id='word_1_27' title='bbox 404 510 622 561; x_wconf 83' lang='lat' dir='ltr'>Angelum</span> <span class='ocrx_word' id='word_1_28' title='bbox 646 523 789 558; x_wconf 90' lang='lat' dir='ltr'>suum,</span> <span class='ocrx_word' id='word_1_29' title='bbox 819 513 863 550; x_wconf 91' lang='lat' dir='ltr'>et</span> <span class='ocrx_word' id='word_1_30' title='bbox 881 508 982 550; x_wconf 92' lang='lat' dir='ltr'>tulit</span> 
     </span>
     <span class='ocr_line' id='line_1_8' title="bbox 149 564 980 618; baseline 0 -13"><span class='ocrx_word' id='word_1_31' title='bbox 149 577 220 606; x_wconf 90' lang='lat' dir='ltr'>me</span> <span class='ocrx_word' id='word_1_32' title='bbox 245 565 301 606; x_wconf 94' lang='lat' dir='ltr'>de</span> <span class='ocrx_word' id='word_1_33' title='bbox 326 565 482 607; x_wconf 92' lang='lat' dir='ltr'>ovibus</span> <span class='ocrx_word' id='word_1_34' title='bbox 507 566 647 618; x_wconf 92' lang='lat' dir='ltr'>patris</span> <span class='ocrx_word' id='word_1_35' title='bbox 666 566 767 606; x_wconf 89' lang='lat' dir='ltr'>mei:</span> <span class='ocrx_word' id='word_1_36' title='bbox 792 564 815 587; x_wconf 90' lang='lat'>*</span> <span class='ocrx_word' id='word_1_37' title='bbox 830 565 887 606; x_wconf 92' lang='lat' dir='ltr'>Et</span> <span class='ocrx_word' id='word_1_38' title='bbox 905 579 980 606; x_wconf 94' lang='lat' dir='ltr'>un-</span> 
     </span>
     <span class='ocr_line' id='line_1_9' title="bbox 148 620 981 663; baseline 0.001 -2"><span class='ocrx_word' id='word_1_39' title='bbox 148 621 212 661; x_wconf 82' lang='lat' dir='ltr'>xit</span> <span class='ocrx_word' id='word_1_40' title='bbox 230 634 300 662; x_wconf 92' lang='lat' dir='ltr'>me</span> <span class='ocrx_word' id='word_1_41' title='bbox 320 622 525 663; x_wconf 91' lang='lat' dir='ltr'>unctione</span> <span class='ocrx_word' id='word_1_42' title='bbox 543 620 859 662; x_wconf 87' lang='lat' dir='ltr'>misericordiae</span> <span class='ocrx_word' id='word_1_43' title='bbox 879 634 981 662; x_wconf 86' lang='lat' dir='ltr'>suae.</span> 
     </span>
     <span class='ocr_line' id='line_1_10' title="bbox 151 670 981 730; baseline -0.004 -9"><span class='ocrx_word' id='word_1_44' title='bbox 151 670 202 721; x_wconf 63' lang='lat' dir='ltr'>V.</span> <span class='ocrx_word' id='word_1_45' title='bbox 217 677 444 727; x_wconf 89' lang='lat' dir='ltr'>Dominus,</span> <span class='ocrx_word' id='word_1_46' title='bbox 465 677 539 730; x_wconf 92' lang='lat' dir='ltr'>qui</span> <span class='ocrx_word' id='word_1_47' title='bbox 559 677 719 730; x_wconf 91' lang='lat' dir='ltr'>eripuit</span> <span class='ocrx_word' id='word_1_48' title='bbox 737 689 808 718; x_wconf 93' lang='lat' dir='ltr'>me</span> <span class='ocrx_word' id='word_1_49' title='bbox 828 676 883 718; x_wconf 90' lang='lat' dir='ltr'>de</span> <span class='ocrx_word' id='word_1_50' title='bbox 904 690 981 718; x_wconf 90' lang='lat' dir='ltr'>ore</span> 
     </span>
     <span class='ocr_line' id='line_1_11' title="bbox 149 732 982 782; baseline 0.001 -9"><span class='ocrx_word' id='word_1_51' title='bbox 149 732 300 782; x_wconf 92' lang='lat' dir='ltr'>leonis,</span> <span class='ocrx_word' id='word_1_52' title='bbox 316 738 360 774; x_wconf 93' lang='lat' dir='ltr'>et</span> <span class='ocrx_word' id='word_1_53' title='bbox 379 732 435 775; x_wconf 92' lang='lat' dir='ltr'>de</span> <span class='ocrx_word' id='word_1_54' title='bbox 454 746 586 774; x_wconf 89' lang='lat' dir='ltr'>manu</span> <span class='ocrx_word' id='word_1_55' title='bbox 602 733 758 775; x_wconf 90' lang='lat' dir='ltr'>bestiae</span> <span class='ocrx_word' id='word_1_56' title='bbox 778 733 982 774; x_wconf 88' lang='lat' dir='ltr'>liberavit</span> 
     </span>
    </p>
   </div>
   <div class='ocr_carea' id='block_1_4' title="bbox 148 789 983 2750">
    <p class='ocr_par' dir='ltr' id='par_1_5' title="bbox 149 789 683 867">
     <span class='ocr_line' id='line_1_12' title="bbox 149 789 683 867; baseline 0.004 -4"><span class='ocrx_word' id='word_1_57' title='bbox 149 801 230 830; x_wconf 83' lang='lat' dir='ltr'>me.</span> <span class='ocrx_word' id='word_1_58' title='bbox 257 789 325 830; x_wconf 85' lang='lat' dir='ltr'>Et.</span> <span class='ocrx_word' id='word_1_59' title='bbox 454 826 605 867; x_wconf 78' lang='lat' dir='ltr'>Lectio</span> <span class='ocrx_word' id='word_1_60' title='bbox 628 826 683 865; x_wconf 71' lang='lat' dir='ltr'>in.</span> 
     </span>
    </p>

    <p class='ocr_par' dir='ltr' id='par_1_6' title="bbox 237 883 980 936">
     <span class='ocr_line' id='line_1_13' title="bbox 237 883 980 936; baseline 0.003 -12"><span class='ocrx_word' id='word_1_61' title='bbox 237 883 315 925; x_wconf 86' lang='lat' dir='ltr'>’xit</span> <span class='ocrx_word' id='word_1_62' title='bbox 339 886 488 936; x_wconf 91' lang='lat' dir='ltr'>itaque</span> <span class='ocrx_word' id='word_1_63' title='bbox 514 883 691 925; x_wconf 86' lang='lat' dir='ltr'>Nathan</span> <span class='ocrx_word' id='word_1_64' title='bbox 718 883 775 925; x_wconf 94' lang='lat' dir='ltr'>ad</span> <span class='ocrx_word' id='word_1_65' title='bbox 798 884 980 926; x_wconf 91' lang='lat' dir='ltr'>Bethsa-</span> 
     </span>
    </p>

    <p class='ocr_par' dir='ltr' id='par_1_7' title="bbox 148 939 983 1881">
     <span class='ocr_line' id='line_1_14' title="bbox 254 939 982 982; baseline 0 0"><span class='ocrx_word' id='word_1_66' title='bbox 254 939 338 982; x_wconf 90' lang='lat' dir='ltr'>bee</span> <span class='ocrx_word' id='word_1_67' title='bbox 363 946 548 982; x_wconf 91' lang='lat' dir='ltr'>matrem</span> <span class='ocrx_word' id='word_1_68' title='bbox 575 940 837 982; x_wconf 85' lang='lat' dir='ltr'>Salomonis:</span> <span class='ocrx_word' id='word_1_69' title='bbox 864 941 982 982; x_wconf 93' lang='lat' dir='ltr'>Num</span> 
     </span>
     <span class='ocr_line' id='line_1_15' title="bbox 150 996 981 1049; baseline 0.002 -13"><span class='ocrx_word' id='word_1_70' title='bbox 150 996 327 1045; x_wconf 88' lang='lat' dir='ltr'>audisti,</span> <span class='ocrx_word' id='word_1_71' title='bbox 362 996 482 1049; x_wconf 92' lang='lat' dir='ltr'>quod</span> <span class='ocrx_word' id='word_1_72' title='bbox 509 997 758 1047; x_wconf 89' lang='lat' dir='ltr'>regnaverit</span> <span class='ocrx_word' id='word_1_73' title='bbox 783 996 981 1038; x_wconf 88' lang='lat' dir='ltr'>Adonias</span> 
     </span>
     <span class='ocr_line' id='line_1_16' title="bbox 149 1052 981 1105; baseline 0.002 -13"><span class='ocrx_word' id='word_1_74' title='bbox 149 1052 263 1093; x_wconf 91' lang='lat' dir='ltr'>filius</span> <span class='ocrx_word' id='word_1_75' title='bbox 287 1053 499 1105; x_wconf 88' lang='lat' dir='ltr'>Haggith,</span> <span class='ocrx_word' id='word_1_76' title='bbox 532 1059 575 1094; x_wconf 92' lang='lat' dir='ltr'>et</span> <span class='ocrx_word' id='word_1_77' title='bbox 602 1052 806 1094; x_wconf 90' lang='lat' dir='ltr'>dominus</span> <span class='ocrx_word' id='word_1_78' title='bbox 830 1058 981 1094; x_wconf 89' lang='lat' dir='ltr'>noster</span> 
     </span>
     <span class='ocr_line' id='line_1_17' title="bbox 149 1108 979 1160; baseline 0.002 -12"><span class='ocrx_word' id='word_1_79' title='bbox 149 1108 294 1150; x_wconf 88' lang='lat' dir='ltr'>David</span> <span class='ocrx_word' id='word_1_80' title='bbox 332 1109 418 1151; x_wconf 95' lang='lat' dir='ltr'>hoc</span> <span class='ocrx_word' id='word_1_81' title='bbox 457 1109 652 1160; x_wconf 86' lang='lat' dir='ltr'>ignorat?</span> <span class='ocrx_word' id='word_1_82' title='bbox 709 1109 838 1150; x_wconf 92' lang='lat' dir='ltr'>Nunc</span> <span class='ocrx_word' id='word_1_83' title='bbox 875 1122 979 1160; x_wconf 87' lang='lat' dir='ltr'>ergo</span> 
     </span>
     <span class='ocr_line' id='line_1_18' title="bbox 149 1165 983 1218; baseline 0.004 -14"><span class='ocrx_word' id='word_1_84' title='bbox 149 1165 264 1214; x_wconf 90' lang='lat' dir='ltr'>veni,</span> <span class='ocrx_word' id='word_1_85' title='bbox 305 1166 456 1218; x_wconf 91' lang='lat' dir='ltr'>accipe</span> <span class='ocrx_word' id='word_1_86' title='bbox 490 1166 721 1207; x_wconf 91' lang='lat' dir='ltr'>consilium</span> <span class='ocrx_word' id='word_1_87' title='bbox 753 1179 778 1206; x_wconf 94' lang='lat' dir='ltr'>a</span> <span class='ocrx_word' id='word_1_88' title='bbox 810 1179 898 1215; x_wconf 82' lang='lat' dir='ltr'>me,</span> <span class='ocrx_word' id='word_1_89' title='bbox 939 1171 983 1207; x_wconf 91' lang='lat' dir='ltr'>et</span> 
     </span>
     <span class='ocr_line' id='line_1_19' title="bbox 150 1220 983 1273; baseline -0.001 -11"><span class='ocrx_word' id='word_1_90' title='bbox 150 1220 271 1262; x_wconf 90' lang='lat' dir='ltr'>salva</span> <span class='ocrx_word' id='word_1_91' title='bbox 308 1222 497 1262; x_wconf 91' lang='lat' dir='ltr'>animam</span> <span class='ocrx_word' id='word_1_92' title='bbox 535 1227 672 1271; x_wconf 93' lang='lat' dir='ltr'>tuam,</span> <span class='ocrx_word' id='word_1_93' title='bbox 719 1221 884 1273; x_wconf 89' lang='lat' dir='ltr'>filiique</span> <span class='ocrx_word' id='word_1_94' title='bbox 918 1222 983 1262; x_wconf 92' lang='lat' dir='ltr'>tui</span> 
     </span>
     <span class='ocr_line' id='line_1_20' title="bbox 148 1276 983 1328; baseline 0.001 -11"><span class='ocrx_word' id='word_1_95' title='bbox 148 1276 408 1319; x_wconf 89' lang='lat' dir='ltr'>Salomonis.</span> <span class='ocrx_word' id='word_1_96' title='bbox 443 1277 586 1327; x_wconf 84' lang='lat' dir='ltr'>Vade,</span> <span class='ocrx_word' id='word_1_97' title='bbox 614 1283 657 1319; x_wconf 90' lang='lat' dir='ltr'>et</span> <span class='ocrx_word' id='word_1_98' title='bbox 676 1277 907 1328; x_wconf 86' lang='lat' dir='ltr'>ingredere</span> <span class='ocrx_word' id='word_1_99' title='bbox 926 1276 983 1318; x_wconf 91' lang='lat' dir='ltr'>ad</span> 
     </span>
     <span class='ocr_line' id='line_1_21' title="bbox 149 1333 982 1384; baseline 0.001 -11"><span class='ocrx_word' id='word_1_100' title='bbox 149 1345 299 1384; x_wconf 87' lang='lat' dir='ltr'>regem</span> <span class='ocrx_word' id='word_1_101' title='bbox 317 1333 478 1383; x_wconf 89' lang='lat' dir='ltr'>David,</span> <span class='ocrx_word' id='word_1_102' title='bbox 505 1339 549 1375; x_wconf 85' lang='lat' dir='ltr'>et</span> <span class='ocrx_word' id='word_1_103' title='bbox 569 1334 640 1374; x_wconf 92' lang='lat' dir='ltr'>dic</span> <span class='ocrx_word' id='word_1_104' title='bbox 659 1334 715 1374; x_wconf 92' lang='lat' dir='ltr'>ei:</span> <span class='ocrx_word' id='word_1_105' title='bbox 740 1333 898 1375; x_wconf 84' lang='lat' dir='ltr'>Nonne</span> <span class='ocrx_word' id='word_1_106' title='bbox 922 1339 982 1383; x_wconf 82' lang='lat' dir='ltr'>tu,</span> 
     </span>
     <span class='ocr_line' id='line_1_22' title="bbox 151 1387 982 1440; baseline 0 -10"><span class='ocrx_word' id='word_1_107' title='bbox 151 1387 327 1430; x_wconf 91' lang='lat' dir='ltr'>domine</span> <span class='ocrx_word' id='word_1_108' title='bbox 346 1390 406 1430; x_wconf 92' lang='lat' dir='ltr'>mi</span> <span class='ocrx_word' id='word_1_109' title='bbox 425 1402 519 1439; x_wconf 78' lang='lat' dir='ltr'>reX,</span> <span class='ocrx_word' id='word_1_110' title='bbox 546 1390 698 1440; x_wconf 85' lang='lat' dir='ltr'>iurasti</span> <span class='ocrx_word' id='word_1_111' title='bbox 721 1389 827 1430; x_wconf 89' lang='lat' dir='ltr'>mihi</span> <span class='ocrx_word' id='word_1_112' title='bbox 852 1390 982 1430; x_wconf 91' lang='lat' dir='ltr'>ancil-</span> 
     </span>
     <span class='ocr_line' id='line_1_23' title="bbox 148 1444 982 1495; baseline 0 -9"><span class='ocrx_word' id='word_1_113' title='bbox 148 1444 204 1486; x_wconf 90' lang='lat' dir='ltr'>lae</span> <span class='ocrx_word' id='word_1_114' title='bbox 223 1450 323 1495; x_wconf 84' lang='lat' dir='ltr'>tuae,</span> <span class='ocrx_word' id='word_1_115' title='bbox 342 1445 507 1487; x_wconf 87' lang='lat' dir='ltr'>dicens:</span> <span class='ocrx_word' id='word_1_116' title='bbox 526 1446 735 1487; x_wconf 75' lang='lat' dir='ltr'>salomon</span> <span class='ocrx_word' id='word_1_117' title='bbox 753 1445 867 1486; x_wconf 88' lang='lat' dir='ltr'>filius</span> <span class='ocrx_word' id='word_1_118' title='bbox 882 1451 982 1487; x_wconf 86' lang='lat' dir='ltr'>tuus</span> 
     </span>
     <span class='ocr_line' id='line_1_24' title="bbox 149 1501 983 1555; baseline 0.002 -14"><span class='ocrx_word' id='word_1_119' title='bbox 149 1501 352 1552; x_wconf 89' lang='lat' dir='ltr'>regnabit</span> <span class='ocrx_word' id='word_1_120' title='bbox 376 1508 480 1555; x_wconf 92' lang='lat' dir='ltr'>post</span> <span class='ocrx_word' id='word_1_121' title='bbox 501 1515 591 1552; x_wconf 88' lang='lat' dir='ltr'>me,</span> <span class='ocrx_word' id='word_1_122' title='bbox 621 1507 664 1544; x_wconf 90' lang='lat' dir='ltr'>et</span> <span class='ocrx_word' id='word_1_123' title='bbox 688 1502 785 1554; x_wconf 92' lang='lat' dir='ltr'>ipse</span> <span class='ocrx_word' id='word_1_124' title='bbox 811 1501 983 1543; x_wconf 88' lang='lat' dir='ltr'>sedebit</span> 
     </span>
     <span class='ocr_line' id='line_1_25' title="bbox 149 1557 983 1611; baseline 0 -12"><span class='ocrx_word' id='word_1_125' title='bbox 149 1557 194 1599; x_wconf 92' lang='lat' dir='ltr'>in</span> <span class='ocrx_word' id='word_1_126' title='bbox 222 1558 334 1600; x_wconf 92' lang='lat' dir='ltr'>solio</span> <span class='ocrx_word' id='word_1_127' title='bbox 363 1558 488 1600; x_wconf 90' lang='lat' dir='ltr'>meo?</span> <span class='ocrx_word' id='word_1_128' title='bbox 525 1571 659 1611; x_wconf 91' lang='lat' dir='ltr'>quare</span> <span class='ocrx_word' id='word_1_129' title='bbox 693 1571 798 1609; x_wconf 90' lang='lat' dir='ltr'>ergo</span> <span class='ocrx_word' id='word_1_130' title='bbox 828 1563 983 1608; x_wconf 86' lang='lat' dir='ltr'>regnat</span> 
     </span>
     <span class='ocr_line' id='line_1_26' title="bbox 149 1614 982 1666; baseline -0.001 -10"><span class='ocrx_word' id='word_1_131' title='bbox 149 1614 369 1656; x_wconf 86' lang='lat' dir='ltr'>Adonias?</span> <span class='ocrx_word' id='word_1_132' title='bbox 393 1616 450 1656; x_wconf 92' lang='lat' dir='ltr'>Et</span> <span class='ocrx_word' id='word_1_133' title='bbox 470 1614 614 1656; x_wconf 92' lang='lat' dir='ltr'>adhuc</span> <span class='ocrx_word' id='word_1_134' title='bbox 632 1614 694 1656; x_wconf 91' lang='lat' dir='ltr'>ibi</span> <span class='ocrx_word' id='word_1_135' title='bbox 711 1620 756 1656; x_wconf 91' lang='lat' dir='ltr'>te</span> <span class='ocrx_word' id='word_1_136' title='bbox 775 1615 982 1666; x_wconf 89' lang='lat' dir='ltr'>loquente</span> 
     </span>
     <span class='ocr_line' id='line_1_27' title="bbox 151 1672 983 1724; baseline -0.001 -11"><span class='ocrx_word' id='word_1_137' title='bbox 151 1685 250 1713; x_wconf 92' lang='lat' dir='ltr'>cum</span> <span class='ocrx_word' id='word_1_138' title='bbox 274 1684 393 1722; x_wconf 81' lang='lat' dir='ltr'>rege,</span> <span class='ocrx_word' id='word_1_139' title='bbox 422 1684 505 1723; x_wconf 88' lang='lat' dir='ltr'>ego</span> <span class='ocrx_word' id='word_1_140' title='bbox 531 1672 703 1713; x_wconf 88' lang='lat' dir='ltr'>veniam</span> <span class='ocrx_word' id='word_1_141' title='bbox 726 1677 830 1724; x_wconf 91' lang='lat' dir='ltr'>post</span> <span class='ocrx_word' id='word_1_142' title='bbox 850 1677 910 1718; x_wconf 89' lang='lat' dir='ltr'>te,</span> <span class='ocrx_word' id='word_1_143' title='bbox 940 1676 983 1712; x_wconf 91' lang='lat' dir='ltr'>et</span> 
     </span>
     <span class='ocr_line' id='line_1_28' title="bbox 151 1727 983 1780; baseline -0.002 -11"><span class='ocrx_word' id='word_1_144' title='bbox 151 1727 386 1780; x_wconf 90' lang='lat' dir='ltr'>complebo</span> <span class='ocrx_word' id='word_1_145' title='bbox 403 1730 628 1769; x_wconf 90' lang='lat' dir='ltr'>sermones</span> <span class='ocrx_word' id='word_1_146' title='bbox 643 1733 757 1769; x_wconf 91' lang='lat' dir='ltr'>tuos.</span> <span class='ocrx_word' id='word_1_147' title='bbox 778 1727 983 1777; x_wconf 88' lang='lat' dir='ltr'>Ingressa</span> 
     </span>
     <span class='ocr_line' id='line_1_29' title="bbox 151 1783 983 1835; baseline -0.002 -11"><span class='ocrx_word' id='word_1_148' title='bbox 151 1788 218 1825; x_wconf 90' lang='lat' dir='ltr'>est</span> <span class='ocrx_word' id='word_1_149' title='bbox 242 1786 393 1835; x_wconf 89' lang='lat' dir='ltr'>itaque</span> <span class='ocrx_word' id='word_1_150' title='bbox 412 1783 663 1825; x_wconf 89' lang='lat' dir='ltr'>Bethsabee</span> <span class='ocrx_word' id='word_1_151' title='bbox 689 1783 746 1824; x_wconf 91' lang='lat' dir='ltr'>ad</span> <span class='ocrx_word' id='word_1_152' title='bbox 769 1795 920 1834; x_wconf 91' lang='lat' dir='ltr'>regem</span> <span class='ocrx_word' id='word_1_153' title='bbox 939 1783 983 1822; x_wconf 93' lang='lat' dir='ltr'>in</span> 
     </span>
     <span class='ocr_line' id='line_1_30' title="bbox 151 1839 411 1881; baseline -0.004 0"><span class='ocrx_word' id='word_1_154' title='bbox 151 1839 411 1881; x_wconf 82' lang='lat' dir='ltr'>cubiculum.</span> 
     </span>
    </p>

    <p class='ocr_par' dir='ltr' id='par_1_8' title="bbox 150 1895 983 2340">
     <span class='ocr_line' id='line_1_31' title="bbox 201 1895 982 1949; baseline -0.001 -12"><span class='ocrx_word' id='word_1_155' title='bbox 201 1898 253 1949; x_wconf 62' lang='lat' dir='ltr'>Rz.</span> <span class='ocrx_word' id='word_1_156' title='bbox 281 1896 516 1945; x_wconf 92' lang='lat' dir='ltr'>Dominus,</span> <span class='ocrx_word' id='word_1_157' title='bbox 547 1896 621 1948; x_wconf 92' lang='lat' dir='ltr'>qui</span> <span class='ocrx_word' id='word_1_158' title='bbox 646 1895 805 1948; x_wconf 89' lang='lat' dir='ltr'>eripuit</span> <span class='ocrx_word' id='word_1_159' title='bbox 829 1908 899 1936; x_wconf 91' lang='lat' dir='ltr'>me</span> <span class='ocrx_word' id='word_1_160' title='bbox 927 1895 982 1936; x_wconf 93' lang='lat' dir='ltr'>de</span> 
     </span>
     <span class='ocr_line' id='line_1_32' title="bbox 151 1951 981 2002; baseline -0.001 -9"><span class='ocrx_word' id='word_1_161' title='bbox 151 1965 228 1993; x_wconf 92' lang='lat' dir='ltr'>ore</span> <span class='ocrx_word' id='word_1_162' title='bbox 243 1952 394 2002; x_wconf 93' lang='lat' dir='ltr'>leonis,</span> <span class='ocrx_word' id='word_1_163' title='bbox 414 1957 458 1994; x_wconf 92' lang='lat' dir='ltr'>et</span> <span class='ocrx_word' id='word_1_164' title='bbox 479 1951 534 1993; x_wconf 95' lang='lat' dir='ltr'>de</span> <span class='ocrx_word' id='word_1_165' title='bbox 553 1965 685 1993; x_wconf 90' lang='lat' dir='ltr'>manu</span> <span class='ocrx_word' id='word_1_166' title='bbox 704 1952 858 1993; x_wconf 85' lang='lat' dir='ltr'>bestiae</span> <span class='ocrx_word' id='word_1_167' title='bbox 878 1951 981 1992; x_wconf 92' lang='lat' dir='ltr'>libe-</span> 
     </span>
     <span class='ocr_line' id='line_1_33' title="bbox 150 2007 981 2060; baseline 0 -12"><span class='ocrx_word' id='word_1_168' title='bbox 150 2009 264 2049; x_wconf 91' lang='lat' dir='ltr'>ravit</span> <span class='ocrx_word' id='word_1_169' title='bbox 281 2021 368 2056; x_wconf 88' lang='lat' dir='ltr'>me,</span> <span class='ocrx_word' id='word_1_170' title='bbox 387 2011 410 2034; x_wconf 82' lang='grc'>*</span> <span class='ocrx_word' id='word_1_171' title='bbox 430 2009 533 2060; x_wconf 90' lang='lat' dir='ltr'>Ipse</span> <span class='ocrx_word' id='word_1_172' title='bbox 552 2020 623 2049; x_wconf 92' lang='lat' dir='ltr'>me</span> <span class='ocrx_word' id='word_1_173' title='bbox 644 2008 801 2060; x_wconf 90' lang='lat' dir='ltr'>eripiet</span> <span class='ocrx_word' id='word_1_174' title='bbox 820 2007 874 2048; x_wconf 93' lang='lat' dir='ltr'>de</span> <span class='ocrx_word' id='word_1_175' title='bbox 894 2009 981 2047; x_wconf 89' lang='lat' dir='ltr'>ma-</span> 
     </span>
     <span class='ocr_line' id='line_1_34' title="bbox 150 2059 981 2110; baseline -0.002 -6"><span class='ocrx_word' id='word_1_176' title='bbox 150 2063 277 2105; x_wconf 91' lang='lat' dir='ltr'>nibus</span> <span class='ocrx_word' id='word_1_177' title='bbox 296 2064 572 2106; x_wconf 91' lang='lat' dir='ltr'>inimicorum</span> <span class='ocrx_word' id='word_1_178' title='bbox 591 2066 801 2104; x_wconf 91' lang='lat' dir='ltr'>meorum.</span> <span class='ocrx_word' id='word_1_179' title='bbox 831 2059 883 2110; x_wconf 73' lang='grc' dir='ltr'>ΥῘ.</span> <span class='ocrx_word' id='word_1_180' title='bbox 903 2063 981 2102; x_wconf 93' lang='lat' dir='ltr'>Mi-</span> 
     </span>
     <span class='ocr_line' id='line_1_35' title="bbox 151 2119 982 2167; baseline -0.002 -6"><span class='ocrx_word' id='word_1_181' title='bbox 151 2120 208 2161; x_wconf 91' lang='lat' dir='ltr'>sit</span> <span class='ocrx_word' id='word_1_182' title='bbox 234 2120 356 2161; x_wconf 91' lang='lat' dir='ltr'>Deus</span> <span class='ocrx_word' id='word_1_183' title='bbox 390 2119 740 2161; x_wconf 92' lang='lat' dir='ltr'>misericordiam</span> <span class='ocrx_word' id='word_1_184' title='bbox 767 2132 906 2167; x_wconf 90' lang='lat' dir='ltr'>suam,</span> <span class='ocrx_word' id='word_1_185' title='bbox 939 2123 982 2159; x_wconf 90' lang='lat' dir='ltr'>et</span> 
     </span>
     <span class='ocr_line' id='line_1_36' title="bbox 150 2176 983 2218; baseline -0.002 -2"><span class='ocrx_word' id='word_1_186' title='bbox 150 2176 383 2217; x_wconf 88' lang='lat' dir='ltr'>veritatem</span> <span class='ocrx_word' id='word_1_187' title='bbox 423 2189 563 2218; x_wconf 89' lang='lat' dir='ltr'>suam:</span> <span class='ocrx_word' id='word_1_188' title='bbox 610 2176 799 2216; x_wconf 85' lang='lat' dir='ltr'>animam</span> <span class='ocrx_word' id='word_1_189' title='bbox 838 2187 983 2215; x_wconf 89' lang='lat' dir='ltr'>meam</span> 
     </span>
     <span class='ocr_line' id='line_1_37' title="bbox 151 2229 981 2284; baseline -0.004 -11"><span class='ocrx_word' id='word_1_190' title='bbox 151 2233 312 2284; x_wconf 89' lang='lat' dir='ltr'>eripuit</span> <span class='ocrx_word' id='word_1_191' title='bbox 345 2232 400 2274; x_wconf 91' lang='lat' dir='ltr'>de</span> <span class='ocrx_word' id='word_1_192' title='bbox 431 2231 579 2273; x_wconf 90' lang='lat' dir='ltr'>medio</span> <span class='ocrx_word' id='word_1_193' title='bbox 615 2232 862 2272; x_wconf 91' lang='lat' dir='ltr'>catulorum</span> <span class='ocrx_word' id='word_1_194' title='bbox 892 2229 981 2270; x_wconf 92' lang='lat' dir='ltr'>leo-</span> 
     </span>
     <span class='ocr_line' id='line_1_38' title="bbox 150 2287 878 2340; baseline -0.004 -12"><span class='ocrx_word' id='word_1_195' title='bbox 150 2301 265 2329; x_wconf 88' lang='lat' dir='ltr'>num.</span> <span class='ocrx_word' id='word_1_196' title='bbox 292 2288 406 2340; x_wconf 91' lang='lat' dir='ltr'>Ipse.</span> <span class='ocrx_word' id='word_1_197' title='bbox 437 2288 588 2330; x_wconf 85' lang='lat' dir='ltr'>Gloria</span> <span class='ocrx_word' id='word_1_198' title='bbox 606 2287 735 2329; x_wconf 91' lang='lat' dir='ltr'>Patri.</span> <span class='ocrx_word' id='word_1_199' title='bbox 764 2287 878 2338; x_wconf 91' lang='lat' dir='ltr'>Ipse.</span> 
     </span>
    </p>

    <p class='ocr_par' dir='ltr' id='par_1_9' title="bbox 152 2354 982 2750">
     <span class='ocr_line' id='line_1_39' title="bbox 383 2354 744 2392; baseline 0 -1"><span class='ocrx_word' id='word_1_200' title='bbox 383 2354 432 2391; x_wconf 90' lang='lat' dir='ltr'>In</span> <span class='ocrx_word' id='word_1_201' title='bbox 451 2354 501 2392; x_wconf 93' lang='lat' dir='ltr'>II.</span> <span class='ocrx_word' id='word_1_202' title='bbox 521 2354 555 2391; x_wconf 94' lang='lat' dir='ltr'>N</span> <span class='ocrx_word' id='word_1_203' title='bbox 559 2354 744 2392; x_wconf 82' lang='lat' dir='ltr'>octurno.</span> 
     </span>
     <span class='ocr_line' id='line_1_40' title="bbox 152 2409 982 2465; baseline -0.007 -11"><span class='ocrx_word' id='word_1_204' title='bbox 152 2415 221 2454; x_wconf 86' lang='lat' dir='ltr'>Ex</span> <span class='ocrx_word' id='word_1_205' title='bbox 231 2413 431 2465; x_wconf 83' lang='lat' dir='ltr'>Epistola</span> <span class='ocrx_word' id='word_1_206' title='bbox 441 2413 581 2453; x_wconf 90' lang='lat' dir='ltr'>sancti</span> <span class='ocrx_word' id='word_1_207' title='bbox 590 2409 849 2461; x_wconf 89' lang='lat' dir='ltr'>Hieronymi</span> <span class='ocrx_word' id='word_1_208' title='bbox 857 2409 982 2449; x_wconf 90' lang='lat' dir='ltr'>Pres-</span> 
     </span>
     <span class='ocr_line' id='line_1_41' title="bbox 293 2467 840 2521; baseline -0.009 -11"><span class='ocrx_word' id='word_1_209' title='bbox 293 2468 437 2521; x_wconf 73' lang='lat' dir='ltr'>byteri</span> <span class='ocrx_word' id='word_1_210' title='bbox 455 2468 511 2509; x_wconf 90' lang='lat' dir='ltr'>ad</span> <span class='ocrx_word' id='word_1_211' title='bbox 529 2467 840 2520; x_wconf 68' lang='lat' dir='ltr'>Nepotianum.</span> 
     </span>
     <span class='ocr_line' id='line_1_42' title="bbox 202 2529 925 2581; baseline -0.003 -13"><span class='ocrx_word' id='word_1_212' title='bbox 202 2529 353 2569; x_wconf 78' lang='lat' dir='ltr'>Lectio</span> <span class='ocrx_word' id='word_1_213' title='bbox 375 2530 427 2568; x_wconf 78' lang='lat' dir='ltr'>iv.</span> <span class='ocrx_word' id='word_1_214' title='bbox 572 2531 708 2581; x_wconf 78' lang='lat' dir='ltr'>Epist.</span> <span class='ocrx_word' id='word_1_215' title='bbox 725 2532 761 2569; x_wconf 82' lang='lat'>2.</span> <span class='ocrx_word' id='word_1_216' title='bbox 778 2534 880 2569; x_wconf 85' lang='lat' dir='ltr'>tom.</span> <span class='ocrx_word' id='word_1_217' title='bbox 897 2530 925 2567; x_wconf 87' lang='grc'>1,.</span> 
     </span>
     <span class='ocr_line' id='line_1_43' title="bbox 188 2588 982 2646; baseline -0.004 -17"><span class='ocrx_word' id='word_1_218' title='bbox 188 2588 384 2646; x_wconf 47' lang='grc' dir='ltr'>[κεινὶᾶ</span> <span class='ocrx_word' id='word_1_219' title='bbox 408 2593 516 2629; x_wconf 76' lang='lat' dir='ltr'>anos</span> <span class='ocrx_word' id='word_1_220' title='bbox 539 2593 668 2629; x_wconf 90' lang='lat' dir='ltr'>natus</span> <span class='ocrx_word' id='word_1_221' title='bbox 695 2588 982 2638; x_wconf 82' lang='lat' dir='ltr'>septuaginta,</span> 
     </span>
     <span class='ocr_line' id='line_1_44' title="bbox 163 2637 981 2694; baseline -0.012 -3"><span class='ocrx_word' id='word_1_222' title='bbox 163 2644 165 2647; x_wconf 59' lang='grc'>’</span> <span class='ocrx_word' id='word_1_223' title='bbox 190 2637 277 2690; x_wconf 42' lang='grc' dir='ltr'>ιι</span> <span class='ocrx_word' id='word_1_224' title='bbox 300 2644 538 2686; x_wconf 90' lang='lat' dir='ltr'>bellicosus</span> <span class='ocrx_word' id='word_1_225' title='bbox 565 2641 789 2694; x_wconf 91' lang='lat' dir='ltr'>quondam</span> <span class='ocrx_word' id='word_1_226' title='bbox 812 2641 893 2690; x_wconf 89' lang='lat' dir='ltr'>vir,</span> <span class='ocrx_word' id='word_1_227' title='bbox 918 2653 981 2682; x_wconf 90' lang='lat' dir='ltr'>se-</span> 
     </span>
     <span class='ocr_line' id='line_1_45' title="bbox 232 2699 980 2750; baseline -0.005 -9"><span class='ocrx_word' id='word_1_228' title='bbox 232 2699 267 2725; x_wconf 37' lang='lat'>*4</span> <span class='ocrx_word' id='word_1_229' title='bbox 300 2703 476 2741; x_wconf 88' lang='lat' dir='ltr'>nectute</span> <span class='ocrx_word' id='word_1_230' title='bbox 491 2699 764 2750; x_wconf 80' lang='lat' dir='ltr'>frigescente,</span> <span class='ocrx_word' id='word_1_231' title='bbox 782 2709 871 2738; x_wconf 90' lang='lat' dir='ltr'>non</span> <span class='ocrx_word' id='word_1_232' title='bbox 884 2699 980 2749; x_wconf 90' lang='lat' dir='ltr'>pot-</span> 
     </span>
    </p>
   </div>
   <div class='ocr_carea' id='block_1_5' title="bbox 148 2589 284 2734">
    <p class='ocr_par' dir='ltr' id='par_1_10' title="bbox 148 2589 284 2734">
     <span class='ocr_line' id='line_1_46' title="bbox 148 2589 284 2734; baseline 0.074 -10"><span class='ocrx_word' id='word_1_233' title='bbox 148 2589 284 2734; x_wconf 95' lang='lat' dir='ltr'>   </span> 
     </span>
    </p>
   </div>
   <div class='ocr_carea' id='block_1_6' title="bbox 306 2836 496 2860">
    <p class='ocr_par' dir='ltr' id='par_1_11' title="bbox 306 2836 496 2860">
     <span class='ocr_line' id='line_1_47' title="bbox 306 2836 496 2860; baseline 0 0"><span class='ocrx_word' id='word_1_234' title='bbox 306 2836 371 2860; x_wconf 74' lang='lat' dir='ltr'>Pars</span> <span class='ocrx_word' id='word_1_235' title='bbox 386 2836 496 2860; x_wconf 73' lang='lat' dir='ltr'>AEstiva.</span> 
     </span>
    </p>
   </div>
   <div class='ocr_carea' id='block_1_7' title="bbox 1032 284 1868 2745">
    <p class='ocr_par' dir='ltr' id='par_1_12' title="bbox 1032 284 1868 1628">
     <span class='ocr_line' id='line_1_48' title="bbox 1035 284 1865 336; baseline 0.004 -13"><span class='ocrx_word' id='word_1_236' title='bbox 1035 287 1129 324; x_wconf 92' lang='lat' dir='ltr'>erat</span> <span class='ocrx_word' id='word_1_237' title='bbox 1178 284 1380 324; x_wconf 87' lang='lat' dir='ltr'>calefieri.</span> <span class='ocrx_word' id='word_1_238' title='bbox 1443 285 1663 334; x_wconf 76' lang='lat' dir='ltr'>Quaeritur</span> <span class='ocrx_word' id='word_1_239' title='bbox 1715 286 1865 336; x_wconf 89' lang='lat' dir='ltr'>itaque</span> 
     </span>
     <span class='ocr_line' id='line_1_49' title="bbox 1033 339 1867 391; baseline 0.001 -11"><span class='ocrx_word' id='word_1_240' title='bbox 1033 339 1181 391; x_wconf 88' lang='lat' dir='ltr'>puella</span> <span class='ocrx_word' id='word_1_241' title='bbox 1209 339 1265 381; x_wconf 93' lang='lat' dir='ltr'>de</span> <span class='ocrx_word' id='word_1_242' title='bbox 1293 340 1507 380; x_wconf 83' lang='lat' dir='ltr'>universis</span> <span class='ocrx_word' id='word_1_243' title='bbox 1542 340 1702 382; x_wconf 89' lang='lat' dir='ltr'>finibus</span> <span class='ocrx_word' id='word_1_244' title='bbox 1729 341 1867 382; x_wconf 76' lang='lat' dir='ltr'>Israel</span> 
     </span>
     <span class='ocr_line' id='line_1_50' title="bbox 1033 395 1865 448; baseline 0.004 -13"><span class='ocrx_word' id='word_1_245' title='bbox 1033 395 1203 446; x_wconf 86' lang='lat' dir='ltr'>Abisag</span> <span class='ocrx_word' id='word_1_246' title='bbox 1227 397 1478 445; x_wconf 86' lang='lat' dir='ltr'>Sunamitis,</span> <span class='ocrx_word' id='word_1_247' title='bbox 1507 410 1605 448; x_wconf 79' lang='lat' dir='ltr'>quae</span> <span class='ocrx_word' id='word_1_248' title='bbox 1635 409 1734 437; x_wconf 93' lang='lat' dir='ltr'>cum</span> <span class='ocrx_word' id='word_1_249' title='bbox 1762 410 1865 447; x_wconf 88' lang='lat' dir='ltr'>rege</span> 
     </span>
     <span class='ocr_line' id='line_1_51' title="bbox 1035 451 1864 505; baseline 0.001 -12"><span class='ocrx_word' id='word_1_250' title='bbox 1035 451 1262 498; x_wconf 86' lang='lat' dir='ltr'>dormiret.</span> <span class='ocrx_word' id='word_1_251' title='bbox 1291 458 1335 493; x_wconf 92' lang='lat' dir='ltr'>et</span> <span class='ocrx_word' id='word_1_252' title='bbox 1361 452 1495 494; x_wconf 89' lang='lat' dir='ltr'>senile</span> <span class='ocrx_word' id='word_1_253' title='bbox 1521 465 1682 505; x_wconf 92' lang='lat' dir='ltr'>corpus</span> <span class='ocrx_word' id='word_1_254' title='bbox 1709 453 1864 494; x_wconf 88' lang='lat' dir='ltr'>calefa-</span> 
     </span>
     <span class='ocr_line' id='line_1_52' title="bbox 1035 509 1866 559; baseline 0.001 -10"><span class='ocrx_word' id='word_1_255' title='bbox 1035 514 1166 550; x_wconf 91' lang='lat' dir='ltr'>ceret.</span> <span class='ocrx_word' id='word_1_256' title='bbox 1211 509 1346 559; x_wconf 25' lang='lat' dir='ltr'>,Quae</span> <span class='ocrx_word' id='word_1_257' title='bbox 1383 514 1451 550; x_wconf 91' lang='lat' dir='ltr'>est</span> <span class='ocrx_word' id='word_1_258' title='bbox 1492 509 1577 549; x_wconf 91' lang='lat' dir='ltr'>ista</span> <span class='ocrx_word' id='word_1_259' title='bbox 1613 510 1866 559; x_wconf 88' lang='lat' dir='ltr'>Sunamitis,</span> 
     </span>
     <span class='ocr_line' id='line_1_53' title="bbox 1033 565 1866 616; baseline 0.001 -11"><span class='ocrx_word' id='word_1_260' title='bbox 1033 577 1146 606; x_wconf 82' lang='lat' dir='ltr'>uxor</span> <span class='ocrx_word' id='word_1_261' title='bbox 1166 570 1210 606; x_wconf 93' lang='lat' dir='ltr'>et</span> <span class='ocrx_word' id='word_1_262' title='bbox 1230 566 1373 616; x_wconf 86' lang='lat' dir='ltr'>virgo,</span> <span class='ocrx_word' id='word_1_263' title='bbox 1401 570 1492 605; x_wconf 90' lang='lat' dir='ltr'>tam</span> <span class='ocrx_word' id='word_1_264' title='bbox 1512 565 1700 615; x_wconf 83' lang='lat' dir='ltr'>fervens,</span> <span class='ocrx_word' id='word_1_265' title='bbox 1729 570 1777 606; x_wconf 94' lang='lat' dir='ltr'>ut</span> <span class='ocrx_word' id='word_1_266' title='bbox 1797 565 1866 606; x_wconf 90' lang='lat' dir='ltr'>fri-</span> 
     </span>
     <span class='ocr_line' id='line_1_54' title="bbox 1033 621 1866 671; baseline 0.002 -10"><span class='ocrx_word' id='word_1_267' title='bbox 1033 621 1184 671; x_wconf 90' lang='lat' dir='ltr'>gidum</span> <span class='ocrx_word' id='word_1_268' title='bbox 1209 621 1486 670; x_wconf 71' lang='lat' dir='ltr'>calefaceret3</span> <span class='ocrx_word' id='word_1_269' title='bbox 1509 627 1600 662; x_wconf 90' lang='lat' dir='ltr'>tam</span> <span class='ocrx_word' id='word_1_270' title='bbox 1625 626 1792 671; x_wconf 87' lang='lat' dir='ltr'>sancta,</span> <span class='ocrx_word' id='word_1_271' title='bbox 1818 626 1866 663; x_wconf 94' lang='lat' dir='ltr'>ut</span> 
     </span>
     <span class='ocr_line' id='line_1_55' title="bbox 1034 676 1866 729; baseline -0.001 -10"><span class='ocrx_word' id='word_1_272' title='bbox 1034 677 1250 719; x_wconf 90' lang='lat' dir='ltr'>calentem</span> <span class='ocrx_word' id='word_1_273' title='bbox 1277 676 1333 718; x_wconf 90' lang='lat' dir='ltr'>ad</span> <span class='ocrx_word' id='word_1_274' title='bbox 1356 677 1581 718; x_wconf 89' lang='lat' dir='ltr'>libidinem</span> <span class='ocrx_word' id='word_1_275' title='bbox 1600 690 1688 718; x_wconf 92' lang='lat' dir='ltr'>non</span> <span class='ocrx_word' id='word_1_276' title='bbox 1706 690 1866 729; x_wconf 91' lang='lat' dir='ltr'>provo-</span> 
     </span>
     <span class='ocr_line' id='line_1_56' title="bbox 1035 733 1865 786; baseline -0.001 -12"><span class='ocrx_word' id='word_1_277' title='bbox 1035 733 1177 774; x_wconf 89' lang='lat' dir='ltr'>caret?</span> <span class='ocrx_word' id='word_1_278' title='bbox 1197 734 1404 786; x_wconf 85' lang='lat' dir='ltr'>Exponat</span> <span class='ocrx_word' id='word_1_279' title='bbox 1425 733 1772 784; x_wconf 89' lang='lat' dir='ltr'>sapientissimus</span> <span class='ocrx_word' id='word_1_280' title='bbox 1792 734 1865 774; x_wconf 86' lang='lat' dir='ltr'>Sa-</span> 
     </span>
     <span class='ocr_line' id='line_1_57' title="bbox 1033 788 1868 843; baseline -0.001 -13"><span class='ocrx_word' id='word_1_281' title='bbox 1033 790 1184 831; x_wconf 94' lang='lat' dir='ltr'>lomon</span> <span class='ocrx_word' id='word_1_282' title='bbox 1202 790 1342 843; x_wconf 90' lang='lat' dir='ltr'>patris</span> <span class='ocrx_word' id='word_1_283' title='bbox 1362 789 1428 830; x_wconf 93' lang='lat' dir='ltr'>sui</span> <span class='ocrx_word' id='word_1_284' title='bbox 1448 788 1638 837; x_wconf 74' lang='lat' dir='ltr'>delicias,</span> <span class='ocrx_word' id='word_1_285' title='bbox 1659 795 1701 830; x_wconf 89' lang='lat' dir='ltr'>et</span> <span class='ocrx_word' id='word_1_286' title='bbox 1721 789 1868 840; x_wconf 88' lang='lat' dir='ltr'>pacifi-</span> 
     </span>
     <span class='ocr_line' id='line_1_58' title="bbox 1035 845 1867 897; baseline -0.004 -9"><span class='ocrx_word' id='word_1_287' title='bbox 1035 859 1112 888; x_wconf 89' lang='lat' dir='ltr'>cus</span> <span class='ocrx_word' id='word_1_288' title='bbox 1127 846 1353 888; x_wconf 88' lang='lat' dir='ltr'>bellatoris</span> <span class='ocrx_word' id='word_1_289' title='bbox 1364 846 1447 886; x_wconf 85' lang='lat' dir='ltr'>viri</span> <span class='ocrx_word' id='word_1_290' title='bbox 1464 850 1612 886; x_wconf 91' lang='lat' dir='ltr'>narret</span> <span class='ocrx_word' id='word_1_291' title='bbox 1627 845 1867 897; x_wconf 80' lang='lat' dir='ltr'>amplexus.</span> 
     </span>
     <span class='ocr_line' id='line_1_59' title="bbox 1032 901 1865 955; baseline -0.002 -12"><span class='ocrx_word' id='word_1_292' title='bbox 1032 902 1220 944; x_wconf 91' lang='lat' dir='ltr'>Posside</span> <span class='ocrx_word' id='word_1_293' title='bbox 1240 902 1517 955; x_wconf 83' lang='lat' dir='ltr'>sapientiam,</span> <span class='ocrx_word' id='word_1_294' title='bbox 1542 901 1724 953; x_wconf 84' lang='lat' dir='ltr'>posside</span> <span class='ocrx_word' id='word_1_295' title='bbox 1743 901 1865 942; x_wconf 89' lang='lat' dir='ltr'>intel-</span> 
     </span>
     <span class='ocr_line' id='line_1_60' title="bbox 1033 958 1866 1010; baseline -0.002 -10"><span class='ocrx_word' id='word_1_296' title='bbox 1033 960 1269 1010; x_wconf 92' lang='lat' dir='ltr'>ligentiam.</span> <span class='ocrx_word' id='word_1_297' title='bbox 1315 959 1383 999; x_wconf 93' lang='lat' dir='ltr'>Ne</span> <span class='ocrx_word' id='word_1_298' title='bbox 1413 958 1706 1006; x_wconf 90' lang='lat' dir='ltr'>obliviscaris,</span> <span class='ocrx_word' id='word_1_299' title='bbox 1741 963 1784 998; x_wconf 92' lang='lat' dir='ltr'>et</span> <span class='ocrx_word' id='word_1_300' title='bbox 1812 971 1866 998; x_wconf 91' lang='lat' dir='ltr'>ne</span> 
     </span>
     <span class='ocr_line' id='line_1_61' title="bbox 1035 1014 1866 1057; baseline -0.005 0"><span class='ocrx_word' id='word_1_301' title='bbox 1035 1016 1324 1057; x_wconf 73' lang='lat' dir='ltr'>declinaveris</span> <span class='ocrx_word' id='word_1_302' title='bbox 1346 1029 1370 1056; x_wconf 92' lang='lat' dir='ltr'>a</span> <span class='ocrx_word' id='word_1_303' title='bbox 1389 1014 1536 1055; x_wconf 88' lang='lat' dir='ltr'>verbis</span> <span class='ocrx_word' id='word_1_304' title='bbox 1562 1014 1650 1055; x_wconf 91' lang='lat' dir='ltr'>oris</span> <span class='ocrx_word' id='word_1_305' title='bbox 1671 1014 1772 1054; x_wconf 86' lang='lat' dir='ltr'>mei:</span> <span class='ocrx_word' id='word_1_306' title='bbox 1796 1026 1866 1054; x_wconf 91' lang='lat' dir='ltr'>ne-</span> 
     </span>
     <span class='ocr_line' id='line_1_62' title="bbox 1036 1071 1866 1124; baseline -0.005 -10"><span class='ocrx_word' id='word_1_307' title='bbox 1036 1086 1121 1124; x_wconf 89' lang='lat' dir='ltr'>que</span> <span class='ocrx_word' id='word_1_308' title='bbox 1154 1072 1435 1123; x_wconf 90' lang='lat' dir='ltr'>derelinquas</span> <span class='ocrx_word' id='word_1_309' title='bbox 1468 1071 1603 1119; x_wconf 85' lang='lat' dir='ltr'>illam,</span> <span class='ocrx_word' id='word_1_310' title='bbox 1637 1075 1680 1110; x_wconf 91' lang='lat' dir='ltr'>et</span> <span class='ocrx_word' id='word_1_311' title='bbox 1713 1083 1866 1122; x_wconf 92' lang='lat' dir='ltr'>appre-</span> 
     </span>
     <span class='ocr_line' id='line_1_63' title="bbox 1034 1126 1868 1175; baseline -0.005 -5"><span class='ocrx_word' id='word_1_312' title='bbox 1034 1129 1198 1170; x_wconf 90' lang='lat' dir='ltr'>hendet</span> <span class='ocrx_word' id='word_1_313' title='bbox 1222 1135 1282 1170; x_wconf 90' lang='lat' dir='ltr'>te:</span> <span class='ocrx_word' id='word_1_314' title='bbox 1317 1141 1414 1169; x_wconf 92' lang='lat' dir='ltr'>ama</span> <span class='ocrx_word' id='word_1_315' title='bbox 1439 1127 1573 1175; x_wconf 90' lang='lat' dir='ltr'>illam,</span> <span class='ocrx_word' id='word_1_316' title='bbox 1604 1132 1647 1167; x_wconf 91' lang='lat' dir='ltr'>et</span> <span class='ocrx_word' id='word_1_317' title='bbox 1674 1126 1868 1167; x_wconf 89' lang='lat' dir='ltr'>servabit</span> 
     </span>
     <span class='ocr_line' id='line_1_64' title="bbox 1034 1181 1867 1236; baseline -0.005 -10"><span class='ocrx_word' id='word_1_318' title='bbox 1034 1191 1090 1226; x_wconf 91' lang='lat' dir='ltr'>te.</span> <span class='ocrx_word' id='word_1_319' title='bbox 1126 1185 1395 1236; x_wconf 89' lang='lat' dir='ltr'>Principium</span> <span class='ocrx_word' id='word_1_320' title='bbox 1416 1183 1660 1236; x_wconf 87' lang='lat' dir='ltr'>sapientiae‚</span> <span class='ocrx_word' id='word_1_321' title='bbox 1686 1181 1867 1234; x_wconf 85' lang='lat' dir='ltr'>posside</span> 
     </span>
     <span class='ocr_line' id='line_1_65' title="bbox 1035 1239 1868 1294; baseline -0.005 -12"><span class='ocrx_word' id='word_1_322' title='bbox 1035 1241 1308 1294; x_wconf 75' lang='lat' dir='ltr'>sapientiam:</span> <span class='ocrx_word' id='word_1_323' title='bbox 1330 1245 1372 1281; x_wconf 90' lang='lat' dir='ltr'>et</span> <span class='ocrx_word' id='word_1_324' title='bbox 1389 1240 1431 1279; x_wconf 92' lang='lat' dir='ltr'>in</span> <span class='ocrx_word' id='word_1_325' title='bbox 1453 1239 1571 1279; x_wconf 90' lang='lat' dir='ltr'>omni</span> <span class='ocrx_word' id='word_1_326' title='bbox 1586 1239 1868 1290; x_wconf 85' lang='lat' dir='ltr'>possessione</span> 
     </span>
     <span class='ocr_line' id='line_1_66' title="bbox 1034 1294 1865 1349; baseline -0.006 -11"><span class='ocrx_word' id='word_1_327' title='bbox 1034 1294 1108 1338; x_wconf 88' lang='lat' dir='ltr'>tua</span> <span class='ocrx_word' id='word_1_328' title='bbox 1126 1296 1306 1349; x_wconf 88' lang='lat' dir='ltr'>posside</span> <span class='ocrx_word' id='word_1_329' title='bbox 1322 1295 1666 1345; x_wconf 87' lang='lat' dir='ltr'>intelligentiam:</span> <span class='ocrx_word' id='word_1_330' title='bbox 1684 1294 1865 1334; x_wconf 89' lang='lat' dir='ltr'>circum-</span> 
     </span>
     <span class='ocr_line' id='line_1_67' title="bbox 1035 1349 1868 1402; baseline -0.006 -8"><span class='ocrx_word' id='word_1_331' title='bbox 1035 1354 1091 1395; x_wconf 92' lang='lat' dir='ltr'>da</span> <span class='ocrx_word' id='word_1_332' title='bbox 1122 1353 1258 1400; x_wconf 90' lang='lat' dir='ltr'>illam,</span> <span class='ocrx_word' id='word_1_333' title='bbox 1292 1357 1335 1393; x_wconf 92' lang='lat' dir='ltr'>et</span> <span class='ocrx_word' id='word_1_334' title='bbox 1367 1350 1578 1402; x_wconf 66' lang='lat' dir='ltr'>exaltabit</span> <span class='ocrx_word' id='word_1_335' title='bbox 1607 1355 1667 1391; x_wconf 88' lang='lat' dir='ltr'>te:</span> <span class='ocrx_word' id='word_1_336' title='bbox 1697 1349 1868 1390; x_wconf 91' lang='lat' dir='ltr'>honora</span> 
     </span>
     <span class='ocr_line' id='line_1_68' title="bbox 1034 1404 1867 1460; baseline -0.006 -10"><span class='ocrx_word' id='word_1_337' title='bbox 1034 1410 1168 1458; x_wconf 89' lang='lat' dir='ltr'>illam,</span> <span class='ocrx_word' id='word_1_338' title='bbox 1203 1414 1247 1450; x_wconf 90' lang='lat' dir='ltr'>et</span> <span class='ocrx_word' id='word_1_339' title='bbox 1275 1406 1596 1460; x_wconf 83' lang='lat' dir='ltr'>amplexabitur</span> <span class='ocrx_word' id='word_1_340' title='bbox 1621 1411 1682 1455; x_wconf 91' lang='lat' dir='ltr'>te,</span> <span class='ocrx_word' id='word_1_341' title='bbox 1715 1410 1763 1446; x_wconf 94' lang='lat' dir='ltr'>ut</span> <span class='ocrx_word' id='word_1_342' title='bbox 1793 1404 1867 1446; x_wconf 91' lang='lat' dir='ltr'>det</span> 
     </span>
     <span class='ocr_line' id='line_1_69' title="bbox 1035 1462 1866 1518; baseline -0.006 -12"><span class='ocrx_word' id='word_1_343' title='bbox 1035 1466 1171 1518; x_wconf 90' lang='lat' dir='ltr'>capiti</span> <span class='ocrx_word' id='word_1_344' title='bbox 1224 1470 1301 1506; x_wconf 95' lang='lat' dir='ltr'>tuo</span> <span class='ocrx_word' id='word_1_345' title='bbox 1354 1465 1564 1505; x_wconf 92' lang='lat' dir='ltr'>coronam</span> <span class='ocrx_word' id='word_1_346' title='bbox 1617 1462 1866 1512; x_wconf 88' lang='lat' dir='ltr'>gratiarum.</span> 
     </span>
     <span class='ocr_line' id='line_1_70' title="bbox 1036 1518 1866 1572; baseline -0.007 -9"><span class='ocrx_word' id='word_1_347' title='bbox 1036 1522 1211 1563; x_wconf 89' lang='lat' dir='ltr'>Corona</span> <span class='ocrx_word' id='word_1_348' title='bbox 1257 1532 1434 1572; x_wconf 92' lang='lat' dir='ltr'>quoque</span> <span class='ocrx_word' id='word_1_349' title='bbox 1474 1518 1730 1559; x_wconf 90' lang='lat' dir='ltr'>deliciarum</span> <span class='ocrx_word' id='word_1_350' title='bbox 1767 1519 1866 1569; x_wconf 91' lang='lat' dir='ltr'>pro-</span> 
     </span>
     <span class='ocr_line' id='line_1_71' title="bbox 1034 1583 1229 1628; baseline -0.015 -8"><span class='ocrx_word' id='word_1_351' title='bbox 1034 1583 1156 1628; x_wconf 91' lang='lat' dir='ltr'>teget</span> <span class='ocrx_word' id='word_1_352' title='bbox 1173 1583 1229 1618; x_wconf 91' lang='lat' dir='ltr'>te.</span> 
     </span>
    </p>

    <p class='ocr_par' dir='ltr' id='par_1_13' title="bbox 1034 1628 1868 2073">
     <span class='ocr_line' id='line_1_72' title="bbox 1088 1628 1868 1686; baseline -0.008 -11"><span class='ocrx_word' id='word_1_353' title='bbox 1088 1636 1139 1686; x_wconf 56' lang='grc' dir='ltr'>Ην.</span> <span class='ocrx_word' id='word_1_354' title='bbox 1158 1631 1383 1675; x_wconf 79' lang='lat' dir='ltr'>Percussit</span> <span class='ocrx_word' id='word_1_355' title='bbox 1401 1630 1503 1671; x_wconf 89' lang='lat' dir='ltr'>Saul</span> <span class='ocrx_word' id='word_1_356' title='bbox 1522 1629 1639 1670; x_wconf 91' lang='lat' dir='ltr'>mille</span> <span class='ocrx_word' id='word_1_357' title='bbox 1660 1633 1704 1680; x_wconf 88' lang='lat' dir='ltr'>et</span> <span class='ocrx_word' id='word_1_358' title='bbox 1722 1628 1868 1670; x_wconf 89' lang='lat' dir='ltr'>David</span> 
     </span>
     <span class='ocr_line' id='line_1_73' title="bbox 1036 1685 1866 1735; baseline -0.008 -4"><span class='ocrx_word' id='word_1_359' title='bbox 1036 1689 1190 1731; x_wconf 89' lang='lat' dir='ltr'>decem</span> <span class='ocrx_word' id='word_1_360' title='bbox 1222 1688 1372 1729; x_wconf 87' lang='lat' dir='ltr'>millia:</span> <span class='ocrx_word' id='word_1_361' title='bbox 1400 1693 1422 1715; x_wconf 87' lang='lat'>*</span> <span class='ocrx_word' id='word_1_362' title='bbox 1453 1686 1565 1735; x_wconf 91' lang='lat' dir='ltr'>Quia</span> <span class='ocrx_word' id='word_1_363' title='bbox 1597 1698 1750 1725; x_wconf 90' lang='lat' dir='ltr'>manus</span> <span class='ocrx_word' id='word_1_364' title='bbox 1778 1685 1866 1725; x_wconf 90' lang='lat' dir='ltr'>Do-</span> 
     </span>
     <span class='ocr_line' id='line_1_74' title="bbox 1034 1741 1866 1794; baseline -0.01 -7"><span class='ocrx_word' id='word_1_365' title='bbox 1034 1747 1139 1787; x_wconf 91' lang='lat' dir='ltr'>mini</span> <span class='ocrx_word' id='word_1_366' title='bbox 1158 1750 1251 1787; x_wconf 91' lang='lat' dir='ltr'>erat</span> <span class='ocrx_word' id='word_1_367' title='bbox 1271 1757 1370 1786; x_wconf 91' lang='lat' dir='ltr'>cum</span> <span class='ocrx_word' id='word_1_368' title='bbox 1389 1742 1480 1783; x_wconf 91' lang='lat' dir='ltr'>illo:</span> <span class='ocrx_word' id='word_1_369' title='bbox 1500 1741 1719 1794; x_wconf 81' lang='lat' dir='ltr'>percussit</span> <span class='ocrx_word' id='word_1_370' title='bbox 1738 1741 1866 1781; x_wconf 89' lang='lat' dir='ltr'>Phili-</span> 
     </span>
     <span class='ocr_line' id='line_1_75' title="bbox 1036 1796 1867 1851; baseline -0.01 -8"><span class='ocrx_word' id='word_1_371' title='bbox 1036 1802 1240 1851; x_wconf 71' lang='lat' dir='ltr'>sthaeum,</span> <span class='ocrx_word' id='word_1_372' title='bbox 1279 1806 1322 1842; x_wconf 92' lang='lat' dir='ltr'>et</span> <span class='ocrx_word' id='word_1_373' title='bbox 1360 1798 1541 1840; x_wconf 91' lang='lat' dir='ltr'>abstulit</span> <span class='ocrx_word' id='word_1_374' title='bbox 1578 1796 1867 1849; x_wconf 89' lang='lat' dir='ltr'>opprobrium</span> 
     </span>
     <span class='ocr_line' id='line_1_76' title="bbox 1036 1852 1866 1904; baseline -0.01 -4"><span class='ocrx_word' id='word_1_375' title='bbox 1036 1872 1091 1900; x_wconf 84' lang='lat' dir='ltr'>ex</span> <span class='ocrx_word' id='word_1_376' title='bbox 1104 1858 1255 1899; x_wconf 79' lang='lat' dir='ltr'>Israel.</span> <span class='ocrx_word' id='word_1_377' title='bbox 1284 1854 1334 1904; x_wconf 86' lang='grc' dir='ltr'>Υ.</span> <span class='ocrx_word' id='word_1_378' title='bbox 1350 1856 1509 1896; x_wconf 92' lang='lat' dir='ltr'>Nonne</span> <span class='ocrx_word' id='word_1_379' title='bbox 1528 1854 1611 1894; x_wconf 91' lang='lat' dir='ltr'>iste</span> <span class='ocrx_word' id='word_1_380' title='bbox 1629 1858 1695 1894; x_wconf 91' lang='lat' dir='ltr'>est</span> <span class='ocrx_word' id='word_1_381' title='bbox 1710 1852 1866 1902; x_wconf 87' lang='lat' dir='ltr'>David,</span> 
     </span>
     <span class='ocr_line' id='line_1_77' title="bbox 1036 1908 1866 1966; baseline -0.011 -9"><span class='ocrx_word' id='word_1_382' title='bbox 1036 1915 1091 1956; x_wconf 88' lang='lat' dir='ltr'>de</span> <span class='ocrx_word' id='word_1_383' title='bbox 1117 1927 1205 1966; x_wconf 92' lang='lat' dir='ltr'>quo</span> <span class='ocrx_word' id='word_1_384' title='bbox 1232 1912 1446 1955; x_wconf 86' lang='lat' dir='ltr'>canebant</span> <span class='ocrx_word' id='word_1_385' title='bbox 1471 1911 1515 1951; x_wconf 93' lang='lat' dir='ltr'>in</span> <span class='ocrx_word' id='word_1_386' title='bbox 1539 1909 1694 1958; x_wconf 90' lang='lat' dir='ltr'>choro,</span> <span class='ocrx_word' id='word_1_387' title='bbox 1723 1908 1866 1950; x_wconf 89' lang='lat' dir='ltr'>dicen-</span> 
     </span>
     <span class='ocr_line' id='line_1_78' title="bbox 1034 1963 1867 2021; baseline -0.01 -9"><span class='ocrx_word' id='word_1_388' title='bbox 1034 1976 1116 2012; x_wconf 89' lang='lat' dir='ltr'>tes:</span> <span class='ocrx_word' id='word_1_389' title='bbox 1142 1969 1246 2011; x_wconf 88' lang='lat' dir='ltr'>Saul</span> <span class='ocrx_word' id='word_1_390' title='bbox 1265 1967 1485 2021; x_wconf 79' lang='lat' dir='ltr'>percussit</span> <span class='ocrx_word' id='word_1_391' title='bbox 1503 1965 1637 2014; x_wconf 90' lang='lat' dir='ltr'>mille,</span> <span class='ocrx_word' id='word_1_392' title='bbox 1658 1969 1702 2005; x_wconf 94' lang='lat' dir='ltr'>et</span> <span class='ocrx_word' id='word_1_393' title='bbox 1720 1963 1867 2005; x_wconf 90' lang='lat' dir='ltr'>David</span> 
     </span>
     <span class='ocr_line' id='line_1_79' title="bbox 1035 2022 1515 2073; baseline -0.015 -4"><span class='ocrx_word' id='word_1_394' title='bbox 1035 2027 1190 2068; x_wconf 91' lang='lat' dir='ltr'>decem</span> <span class='ocrx_word' id='word_1_395' title='bbox 1207 2022 1363 2065; x_wconf 87' lang='lat' dir='ltr'>millia?</span> <span class='ocrx_word' id='word_1_396' title='bbox 1393 2023 1515 2073; x_wconf 87' lang='lat' dir='ltr'>Quia.</span> 
     </span>
    </p>

    <p class='ocr_par' dir='ltr' id='par_1_14' title="bbox 1346 2083 1555 2123">
     <span class='ocr_line' id='line_1_80' title="bbox 1346 2083 1555 2123; baseline 0 0"><span class='ocrx_word' id='word_1_397' title='bbox 1346 2083 1497 2123; x_wconf 87' lang='lat' dir='ltr'>Lectio</span> <span class='ocrx_word' id='word_1_398' title='bbox 1517 2097 1555 2123; x_wconf 82' lang='lat' dir='ltr'>v.</span> 
     </span>
    </p>

    <p class='ocr_par' dir='ltr' id='par_1_15' title="bbox 1121 2132 1866 2188">
     <span class='ocr_line' id='line_1_81' title="bbox 1121 2132 1866 2188; baseline -0.009 -10"><span class='ocrx_word' id='word_1_399' title='bbox 1121 2149 1244 2178; x_wconf 89' lang='lat' dir='ltr'>mnes</span> <span class='ocrx_word' id='word_1_400' title='bbox 1286 2147 1400 2188; x_wconf 92' lang='lat' dir='ltr'>pene</span> <span class='ocrx_word' id='word_1_401' title='bbox 1433 2135 1626 2176; x_wconf 89' lang='lat' dir='ltr'>-virtutes</span> <span class='ocrx_word' id='word_1_402' title='bbox 1666 2132 1866 2184; x_wconf 90' lang='lat' dir='ltr'>corporis</span> 
     </span>
    </p>

    <p class='ocr_par' dir='ltr' id='par_1_16' title="bbox 1034 2189 1866 2745">
     <span class='ocr_line' id='line_1_82' title="bbox 1136 2189 1865 2238; baseline -0.008 -4"><span class='ocrx_word' id='word_1_403' title='bbox 1136 2195 1360 2234; x_wconf 89' lang='lat' dir='ltr'>mutantur</span> <span class='ocrx_word' id='word_1_404' title='bbox 1391 2191 1435 2231; x_wconf 94' lang='lat' dir='ltr'>in</span> <span class='ocrx_word' id='word_1_405' title='bbox 1470 2189 1664 2238; x_wconf 73' lang='lat' dir='ltr'>senibuS,</span> <span class='ocrx_word' id='word_1_406' title='bbox 1701 2193 1744 2229; x_wconf 88' lang='lat' dir='ltr'>et</span> <span class='ocrx_word' id='word_1_407' title='bbox 1777 2200 1865 2229; x_wconf 90' lang='lat' dir='ltr'>cre-</span> 
     </span>
     <span class='ocr_line' id='line_1_83' title="bbox 1035 2244 1866 2299; baseline -0.01 -8"><span class='ocrx_word' id='word_1_408' title='bbox 1035 2252 1184 2291; x_wconf 89' lang='lat' dir='ltr'>scente</span> <span class='ocrx_word' id='word_1_409' title='bbox 1213 2247 1308 2289; x_wconf 92' lang='lat' dir='ltr'>sola</span> <span class='ocrx_word' id='word_1_410' title='bbox 1336 2246 1567 2299; x_wconf 91' lang='lat' dir='ltr'>sapientia,</span> <span class='ocrx_word' id='word_1_411' title='bbox 1605 2244 1866 2286; x_wconf 86' lang='lat' dir='ltr'>decrescunt</span> 
     </span>
     <span class='ocr_line' id='line_1_84' title="bbox 1035 2299 1864 2355; baseline -0.01 -8"><span class='ocrx_word' id='word_1_412' title='bbox 1035 2308 1197 2347; x_wconf 91' lang='lat' dir='ltr'>cetera:</span> <span class='ocrx_word' id='word_1_413' title='bbox 1215 2304 1382 2355; x_wconf 89' lang='lat' dir='ltr'>jejunia,</span> <span class='ocrx_word' id='word_1_414' title='bbox 1399 2301 1569 2352; x_wconf 83' lang='lat' dir='ltr'>vigiliae,</span> <span class='ocrx_word' id='word_1_415' title='bbox 1585 2299 1864 2348; x_wconf 80' lang='lat' dir='ltr'>chameuniae,</span> 
     </span>
     <span class='ocr_line' id='line_1_85' title="bbox 1034 2355 1864 2411; baseline -0.011 -8"><span class='ocrx_word' id='word_1_416' title='bbox 1034 2361 1080 2402; x_wconf 93' lang='lat' dir='ltr'>id</span> <span class='ocrx_word' id='word_1_417' title='bbox 1103 2366 1186 2410; x_wconf 90' lang='lat' dir='ltr'>est,</span> <span class='ocrx_word' id='word_1_418' title='bbox 1220 2372 1352 2411; x_wconf 90' lang='lat' dir='ltr'>super</span> <span class='ocrx_word' id='word_1_419' title='bbox 1379 2358 1679 2411; x_wconf 87' lang='lat' dir='ltr'>pavimentum</span> <span class='ocrx_word' id='word_1_420' title='bbox 1706 2355 1864 2396; x_wconf 92' lang='lat' dir='ltr'>dormi-</span> 
     </span>
     <span class='ocr_line' id='line_1_86' title="bbox 1034 2413 1864 2466; baseline -0.011 -7"><span class='ocrx_word' id='word_1_421' title='bbox 1034 2418 1188 2466; x_wconf 84' lang='lat' dir='ltr'>tiones,</span> <span class='ocrx_word' id='word_1_422' title='bbox 1206 2415 1293 2456; x_wconf 93' lang='lat' dir='ltr'>huc</span> <span class='ocrx_word' id='word_1_423' title='bbox 1308 2414 1499 2465; x_wconf 90' lang='lat' dir='ltr'>illucque</span> <span class='ocrx_word' id='word_1_424' title='bbox 1516 2413 1751 2459; x_wconf 83' lang='lat' dir='ltr'>discursus,</span> <span class='ocrx_word' id='word_1_425' title='bbox 1769 2422 1864 2462; x_wconf 91' lang='lat' dir='ltr'>per-</span> 
     </span>
     <span class='ocr_line' id='line_1_87' title="bbox 1035 2466 1863 2524; baseline -0.011 -10"><span class='ocrx_word' id='word_1_426' title='bbox 1035 2473 1286 2524; x_wconf 88' lang='lat' dir='ltr'>egrinorum</span> <span class='ocrx_word' id='word_1_427' title='bbox 1301 2469 1535 2522; x_wconf 90' lang='lat' dir='ltr'>susceptio,</span> <span class='ocrx_word' id='word_1_428' title='bbox 1550 2466 1745 2509; x_wconf 89' lang='lat' dir='ltr'>defensio</span> <span class='ocrx_word' id='word_1_429' title='bbox 1760 2468 1863 2517; x_wconf 90' lang='lat' dir='ltr'>pau-</span> 
     </span>
     <span class='ocr_line' id='line_1_88' title="bbox 1034 2525 1862 2581; baseline -0.012 -11"><span class='ocrx_word' id='word_1_430' title='bbox 1034 2542 1200 2581; x_wconf 91' lang='lat' dir='ltr'>perum,</span> <span class='ocrx_word' id='word_1_431' title='bbox 1219 2526 1426 2567; x_wconf 91' lang='lat' dir='ltr'>instantia</span> <span class='ocrx_word' id='word_1_432' title='bbox 1437 2525 1695 2571; x_wconf 90' lang='lat' dir='ltr'>orationum,</span> <span class='ocrx_word' id='word_1_433' title='bbox 1715 2527 1759 2562; x_wconf 90' lang='lat' dir='ltr'>et</span> <span class='ocrx_word' id='word_1_434' title='bbox 1768 2532 1862 2572; x_wconf 89' lang='lat' dir='ltr'>per-</span> 
     </span>
     <span class='ocr_line' id='line_1_89' title="bbox 1035 2577 1863 2631; baseline -0.012 -6"><span class='ocrx_word' id='word_1_435' title='bbox 1035 2583 1295 2631; x_wconf 85' lang='lat' dir='ltr'>severantia,</span> <span class='ocrx_word' id='word_1_436' title='bbox 1333 2581 1525 2623; x_wconf 86' lang='lat' dir='ltr'>visitatio</span> <span class='ocrx_word' id='word_1_437' title='bbox 1557 2577 1863 2628; x_wconf 88' lang='lat' dir='ltr'>languentium,</span> 
     </span>
     <span class='ocr_line' id='line_1_90' title="bbox 1034 2633 1863 2686; baseline -0.013 -5"><span class='ocrx_word' id='word_1_438' title='bbox 1034 2640 1160 2681; x_wconf 89' lang='lat' dir='ltr'>labor</span> <span class='ocrx_word' id='word_1_439' title='bbox 1193 2641 1402 2679; x_wconf 90' lang='lat' dir='ltr'>manuum</span> <span class='ocrx_word' id='word_1_440' title='bbox 1433 2635 1550 2677; x_wconf 92' lang='lat' dir='ltr'>unde</span> <span class='ocrx_word' id='word_1_441' title='bbox 1582 2633 1863 2686; x_wconf 85' lang='lat' dir='ltr'>praebeantur</span> 
     </span>
     <span class='ocr_line' id='line_1_91' title="bbox 1035 2686 1863 2745; baseline -0.013 -8"><span class='ocrx_word' id='word_1_442' title='bbox 1035 2695 1340 2745; x_wconf 83' lang='lat' dir='ltr'>eleemosynae.</span> <span class='ocrx_word' id='word_1_443' title='bbox 1364 2692 1422 2732; x_wconf 90' lang='lat' dir='ltr'>Et</span> <span class='ocrx_word' id='word_1_444' title='bbox 1440 2703 1495 2732; x_wconf 91' lang='lat' dir='ltr'>ne</span> <span class='ocrx_word' id='word_1_445' title='bbox 1511 2690 1757 2730; x_wconf 91' lang='lat' dir='ltr'>sermonem</span> <span class='ocrx_word' id='word_1_446' title='bbox 1771 2686 1863 2727; x_wconf 91' lang='lat' dir='ltr'>lon-</span> 
     </span>
    </p>
   </div>
   <div class='ocr_carea' id='block_1_8' title="bbox 1591 2813 1654 2846">
    <p class='ocr_par' dir='ltr' id='par_1_17' title="bbox 1591 2813 1654 2846">
     <span class='ocr_line' id='line_1_92' title="bbox 1591 2813 1654 2846; baseline 0.016 -1"><span class='ocrx_word' id='word_1_447' title='bbox 1591 2813 1654 2846; x_wconf 82' lang='lat'>14¹·</span> 
     </span>
    </p>
   </div>
  </div>
 </body>
</html>
