2040 2976
775 217 812 249 ln
840 211 952 250 Festo
979 216 1162 258 Corporis
1186 214 1339 248 Christi.

266 312 471 353 Miserere
497 310 602 359 mei,
630 310 653 335 *
682 314 725 350 et
753 308 911 350 exaudi
939 319 1031 349 ora-

215 370 376 411 tienem
394 379 546 408 meam.

265 424 362 465 Filii
393 423 616 464 hominum
649 425 878 473 usquequo
911 419 1031 470 gravi

215 478 369 522 corde?
398 480 421 504 *
449 484 497 520 ut
525 478 631 530 quid
663 477 842 527 diligitis
870 475 1031 516 vanita-

214 542 313 585 tem,
333 542 376 577 et
397 535 591 587 quaeritis
610 531 904 575 mendacium?

264 593 319 633 Et
352 592 510 632 scitete
548 590 752 642 quoniam
785 587 1031 629 mirificavit

213 648 426 689 Dominus
452 651 649 688 sanctum
673 659 811 686 suum:
836 645 859 670 *
885 643 1030 684 Domi-

213 718 294 745 nus
322 703 527 745 exaudiet
558 716 627 744 me
661 715 759 743 cum
787 701 1030 743 clamavero

214 760 270 802 ad
290 773 399 802 eum.

264 816 522 866 Irascimini,
552 820 595 857 et
622 814 754 856 nolite
781 814 983 866 peccare:
1008 811 1031 837 *

216 886 313 925 quae
333 873 476 914 dicitis
499 873 542 913 in
563 871 768 913 cerdibus
787 869 961 918 vestris,
988 868 1032 908 in

214 929 428 970 cubilibus
446 929 603 970 vestris
623 925 973 979 compungimini.

265 985 515 1027 Sacrificate
550 983 810 1025 sacrificium
846 981 1031 1034 justitiae,

216 1047 259 1083 et
284 1043 457 1094 sperate
481 1041 525 1081 in
548 1040 751 1081 Domino:
774 1041 798 1066 *
821 1038 946 1079 multi
971 1037 1031 1079 di-

215 1103 333 1139 cunt:
362 1097 467 1147 Quis
487 1096 678 1138 ostendit
696 1095 824 1136 nobis
842 1093 980 1136 bona?

264 1154 489 1204 Signatum
524 1159 590 1194 est
623 1165 752 1205 super
779 1164 860 1193 nos
887 1151 1032 1191 lumen

214 1209 358 1251 vultus
384 1210 448 1250 tui
475 1209 677 1250 Demine:
696 1210 720 1235 *
739 1207 899 1250 dedisti
927 1207 1032 1248 laeti-

214 1265 318 1306 tiam
336 1266 380 1306 in
400 1265 533 1306 corde
552 1277 661 1306 meo.

263 1322 303 1361 A
328 1321 471 1362 fructu
495 1321 714 1370 frumenti,
742 1320 848 1370 vini,
875 1325 918 1361 et
946 1319 1031 1361 olei

213 1377 278 1418 sui
296 1378 319 1403 *
335 1377 611 1430 multiplicati
631 1381 740 1418 sunt.

265 1433 317 1473 In
340 1445 450 1485 pace
474 1433 517 1474 in
544 1433 735 1486 idipsum
757 1433 780 1458 *
806 1432 1031 1482 dormiam,

213 1493 257 1530 et
274 1489 559 1540 requiescam3

265 1545 480 1595 Quoniam
494 1551 542 1586 tu
551 1546 739 1587 Demine
756 1545 1032 1597 singuliiriter

213 1601 257 1641 in
277 1614 355 1654 spe
375 1603 398 1628 *
417 1602 682 1643 constituisti
699 1615 779 1643 me.

265 1659 362 1699 Ant.
397 1660 433 1698 A
466 1658 607 1699 fructu
637 1658 839 1700 frumenti
872 1663 914 1700 et
943 1659 1031 1699 vini

213 1713 486 1766 multiplicati
504 1714 655 1755 fideles
679 1715 722 1755 in
745 1728 854 1767 pace
874 1714 1032 1756 Christi

214 1769 501 1821 requiescunt.

267 1824 364 1864 Ant.
395 1826 707 1868 Communione
726 1827 882 1877 calicis,
901 1829 924 1853 *
945 1840 1031 1879 quo

214 1880 334 1921 Deus
352 1881 446 1934 ipse
466 1882 663 1931 sumitur,
690 1895 776 1924 non
796 1883 1031 1924 vitulerum

215 1937 432 1987 sanguine,
453 1938 734 1988 congregavit
752 1951 832 1980 nos
851 1939 955 1980 Dfis.

484 2000 680 2040 Psalmus
702 2002 758 2040 15.

214 2050 473 2157 Conserva
491 2064 560 2092 me
590 2051 791 2100 Domine,
829 2053 1030 2104 queniam

305 2107 476 2158 speravi
503 2107 546 2147 in
572 2112 627 2148 te.
651 2108 675 2132 *
699 2107 801 2148 Dixi
827 2108 1032 2149 Demino:

214 2160 333 2202 Deus
357 2175 478 2203 meus
503 2175 549 2204 es
571 2168 634 2212 tu,
668 2164 873 2216 quoniam
897 2164 1030 2205 bono-

215 2229 309 2257 rum
327 2220 522 2259 meorum
540 2232 627 2260 non
647 2232 758 2270 eges.

264 2273 446 2322 Sanctis,
472 2275 544 2327 qui
564 2280 662 2316 sunt
684 2276 727 2316 in
745 2281 861 2317 terra
881 2277 985 2327 ejus,
1009 2277 1031 2301 *

213 2329 456 2393 mirificavit
480 2343 630 2372 omnes
648 2332 894 2373 voluntates
912 2345 1031 2373 meas

214 2397 256 2424 m
276 2397 348 2426 e1s.

234 2440 559 2494 'Multiplicatae
610 2449 708 2484 sunt
760 2444 1031 2485 infirmitates

214 2498 379 2538 eerum:
397 2499 420 2523 *
438 2500 592 2550 postea
612 2499 972 2540 acceleraverunt.

263 2553 363 2594 Non
408 2555 683 2606 congregabo
732 2555 1030 2596 conventicula

214 2611 363 2649 eerum
388 2609 441 2651 de
471 2611 765 2661 sanguinibus,
789 2612 811 2636 *
836 2624 917 2652 nec
946 2624 1030 2652 me-

212 2677 308 2760 gior
340 2678 415 2706 ero
442 2667 663 2707 nominum
689 2669 839 2708 eerum
867 2680 946 2719 per
973 2667 1030 2707 la-

243 2733 283 2761 1a
302 2734 408 2762 mea.

1135 306 1349 347 Dominus
1370 318 1475 359 pars
1497 305 1766 347 haereditatis
1784 318 1906 355 meae,

1085 367 1128 404 et
1147 362 1293 403 calicis
1312 362 1411 404 mei:
1429 362 1453 387 *
1471 366 1519 403 tu
1539 374 1596 411 es,
1617 362 1690 414 qui
1704 364 1908 404 restitues

1084 417 1386 460 haereditatem
1403 430 1546 459 meam
1563 417 1678 459 mihi.

1135 475 1278 516 Funes
1294 474 1543 516 ceciderunt
1557 473 1686 515 mihi
1674 488 1718 515 m
1727 474 1906 527 praecla-

1084 531 1157 572 ris:
1181 531 1204 556 *
1230 531 1388 572 etenim
1418 530 1652 572 haereditas
1676 543 1774 572 mea
1796 544 1906 584 prae-

1085 587 1201 628 clera
1221 592 1287 628 est
1305 587 1420 628 mihi.

1135 643 1400 685 Benedicam
1434 644 1691 693 Dominum,
1728 643 1802 696 qui
1836 645 1907 685 tri-

1083 699 1177 742 buit
1195 700 1300 741 mihi
1322 700 1603 742 intellectum:
1622 700 1646 726 *
1664 702 1842 752 insuper
1865 703 1909 741 et

1083 769 1223 809 usque
1242 756 1298 798 ad
1316 762 1491 798 noctem
1512 757 1821 809 increpuerunt
1837 767 1908 798 me

1084 825 1210 855 renes
1229 826 1325 855 mei.

1131 869 1428 911 -Providebam
1458 869 1695 910 Deminum
1730 869 1774 910 in
1809 880 1908 910 con-

1085 927 1238 978 spectu
1264 938 1362 968 meo
1391 938 1578 978 semper:
1601 925 1625 951 *
1651 925 1856 978 queniam
1883 937 1909 965 a

1085 981 1251 1024 dextris
1270 987 1337 1024 est
1355 982 1470 1032 mihi,
1489 994 1544 1024 ne
1563 983 1852 1023 commevear.

1135 1039 1324 1092 Propter
1362 1038 1448 1080 hoc
1487 1038 1684 1080 laetatum
1724 1042 1791 1079 est
1832 1050 1909 1079 cor

1084 1108 1244 1145 meum,
1283 1099 1327 1136 et
1358 1095 1591 1136 exsultavit
1621 1094 1768 1145 lingua
1797 1106 1909 1135 mea:

1084 1152 1108 1216 ’J
1135 1154 1312 1205 insuper
1340 1156 1383 1193 et
1411 1163 1514 1193 caro
1541 1163 1639 1193 mea
1665 1150 1910 1203 requiescet

1084 1221 1127 1248 1n
1146 1220 1236 1261 spe.

1137 1264 1352 1315 Quoniam
1386 1276 1475 1305 non
1511 1263 1787 1316 derelinques
1823 1263 1909 1304 ani-

1084 1334 1201 1362 mam
1227 1333 1371 1362 meam
1397 1320 1442 1361 in
1467 1320 1651 1362 inferno:
1677 1320 1701 1345 *
1727 1332 1809 1361 nec
1837 1318 1908 1360 da-

1084 1377 1152 1419 bis
1189 1382 1387 1419 sanctum
1423 1381 1546 1418 tuum
1580 1375 1730 1418 videre
1763 1388 1908 1418 corru-

1083 1434 1290 1486 ptionem.

1134 1490 1276 1532 Notas
1298 1489 1403 1530 mihi
1425 1489 1567 1531 fecisti
1584 1489 1677 1530 vias
1695 1488 1813 1538 vitae‚
1836 1487 1908 1530 ad-

1083 1546 1286 1600 implebis
1303 1559 1374 1587 me
1392 1545 1544 1587 laetitia
1563 1558 1663 1587 cum
1675 1544 1799 1587 vultu
1817 1549 1909 1586 tuo:

1083 1603 1107 1629 *
1133 1603 1446 1645 delectatic'mes
1469 1602 1514 1642 in
1537 1601 1719 1643 dextera
1741 1605 1825 1642 tua'
1840 1614 1907 1642 us-

1086 1673 1170 1712 que
1188 1660 1232 1700 in
1250 1659 1392 1701 finem.

1138 1731 1236 1771 Ant.
1275 1727 1588 1770 Communiene
1620 1725 1786 1775 caliciS‚
1820 1738 1908 1778 quo

1083 1785 1204 1826 Deus
1227 1785 1322 1837 ipse
1346 1784 1540 1833 sumitur,
1563 1795 1651 1824 non
1671 1782 1908 1824 vitulerum

1084 1841 1316 1892 sanguine,
1365 1839 1648 1891 congregavit
1693 1850 1774 1880 nos
1820 1838 1908 1879 De-

1083 1897 1236 1938 minus.

1137 1954 1191 2005 V.
1207 1959 1370 1999 Panem
1385 1957 1487 1998 coeli
1503 1955 1625 1998 dedit
1640 1955 1712 2006 εἰει,
1728 1954 1908 2007 alleluja.

1087 2015 1137 2066 R.
1158 2015 1322 2056 Panem
1340 2012 1612 2065 Angelerum
1629 2009 1910 2053 manducavit

1084 2070 1227 2121 homo,
1246 2070 1428 2122 alleluja.

1120 2150 1187 2189 De
1214 2147 1414 2200 Epistola
1439 2146 1580 2199 prima
1606 2146 1724 2188 beati
1751 2145 1875 2187 Pauli

1213 2203 1421 2257 Apestoli
1441 2202 1498 2244 ad
1517 2202 1779 2244 Corinthios.

1163 2272 1349 2314 Lectio
1338 2287 1363 2312 1.
1600 2272 1701 2323 Cap.
1721 2273 1771 2312 11.
1791 2271 1830 2313 d.

1092 2338 1113 2362 2'
1124 2339 1193 2395 J<
1203 2333 1536 2375 onvenientibus
1556 2332 1712 2374 vobis
1701 2346 1743 2372 m
1763 2345 1907 2380 unum,

1089 2383 1195 2469 (⁵ss
1219 2391 1303 2442 jam
1325 2402 1413 2430 non
1437 2394 1503 2431 est
1522 2389 1797 2430 Dominicam
1821 2401 1905 2429 coe-

1092 2440 1102 2460 *
1160 2455 1194 2472 A
1219 2459 1318 2487 nam
1345 2445 1622 2486 manducare.
1668 2445 1906 2508 Unusquis-

1085 2514 1167 2553 que
1194 2503 1308 2543 enim
1335 2514 1458 2543 suam
1485 2514 1656 2543 coenam
1681 2500 1907 2553 praesumit

1084 2557 1139 2598 ad
1170 2557 1533 2599 manducandum.
1587 2559 1643 2599 Et
1674 2557 1783 2598 alius
1816 2556 1905 2608 qui-

1084 2612 1183 2654 dem
1203 2615 1353 2655 esurit:
1373 2614 1482 2655 alius
1503 2618 1650 2655 autem
1669 2613 1814 2654 ebrius
1829 2617 1905 2653 est.

1083 2668 1306 2721 Numquid
1338 2670 1494 2712 domos
1530 2682 1617 2711 non
1648 2668 1817 2710 habetis
1849 2666 1906 2709 ad

1082 2724 1431 2767 manducandum
1462 2730 1506 2767 et
1537 2723 1798 2767 bibendum?
1832 2728 1906 2765 aut
