2040 2976
182 189 273 236 [312]

233 288 466 330 Permanet
503 289 547 330 in
584 291 796 331 aeternum
832 291 875 332 in
912 305 1012 334 con—

182 346 337 398 spectu
377 345 476 387 Dei:
519 347 543 373 *
583 346 930 390 misericordiam
971 354 1014 392 et

181 401 411 443 veritatem
438 402 529 454 ejus
559 403 656 455 quis
683 404 899 456 requiret?

233 462 304 504 Sic
331 462 549 515 psalmum
577 462 720 505 dicam
745 466 910 507 nomini
936 471 1012 509 tuo

181 519 223 559 in
257 519 467 560 saeculum
503 520 669 561 saeculi:
696 522 720 548 *
748 526 796 563 ut
831 523 1013 565 reddam

181 580 284 617 vota
311 589 409 618 mea
437 575 492 618 de
521 576 592 618 die
607 577 663 618 ·in
692 577 819 619 diem.

235 643 331 681 Ant.
365 641 463 688 Ego
493 643 641 680 autem
673 638 730 680 ad
757 639 902 681 Deum
930 639 1013 681 cla-

181 693 308 744 mavi,
337 698 381 735 et
408 694 624 735 Dominus
653 695 840 738 salvavit
867 709 948 738 me.

235 760 330 798 Ant.
364 756 484 797 Deus
502 768 637 806 meus,
657 756 862 799 Salvator
878 770 1013 808 meUS,

181 811 372 853 salutare
391 825 553 862 meum,
581 817 626 854 et
651 826 754 866 spes
778 826 877 856 mea
894 814 938 855 in
957 827 1013 856 ae-

180 869 363 909 ternum.

457 930 651 969 psalmus
674 930 735 969 74.

256 990 538 1032 onfitebimur
561 990 642 1033 tibi
665 992 804 1034 Deus:
830 994 854 1020 ²⁸¹
881 995 1013 1034 confi-

285 1046 493 1096 tebimur,
529 1051 573 1089 et
604 1048 908 1091 invocabimus
939 1062 1013 1092 no-

180 1116 281 1145 men
308 1107 444 1144 tuum.
681 1104 685 1108 ’

231 1163 520 1206 Narrabimus
534 1165 753 1208 mirabilia
766 1171 858 1208 tua:
875 1167 899 1194 *
914 1180 1013 1209 cum

180 1223 397 1274 accepero
423 1226 613 1275 tempus,
641 1236 723 1274 ego
749 1224 936 1276 justitias
954 1226 1012 1277 ju-

179 1278 351 1320 dicabo.

231 1339 491 1392 Liquefacta
519 1345 587 1383 est
614 1346 750 1391 terra,
783 1346 828 1383 et
860 1354 1013 1385 omnes

180 1396 253 1449 qui
285 1395 487 1438 habitant
519 1397 564 1438 in
593 1411 663 1440 ea:
691 1398 715 1424 *
743 1410 826 1449 ego
856 1400 1012 1441 confir-

177 1453 295 1495 mavi
323 1453 552 1496 columnas
581 1456 683 1508 ejus.

230 1514 333 1555 Dixi
347 1514 522 1566 iniquis:
538 1515 689 1559 Nolite
703 1516 852 1570 inique
868 1519 1013 1569 agere:

178 1571 201 1597 *
235 1575 279 1612 et
308 1570 681 1624 delinquentibus:
713 1573 865 1617 Nolite
898 1575 1012 1616 exal-

182 1629 278 1669 tare
307 1640 459 1669 cornu:

230 1688 381 1731 Nolite
408 1689 621 1732 extollere
645 1690 690 1731 in
715 1691 852 1733 altum
877 1705 1013 1734 cornu

178 1750 390 1787 vestrum:
423 1746 446 1771 *
479 1746 617 1788 nolite
649 1747 771 1799 loqui
799 1747 1012 1791 adversus

178 1801 323 1843 Deum
350 1802 638 1855 iniquitatem.

231 1863 343 1913 Quia
374 1875 519 1915 neque
551 1863 607 1906 ab
639 1864 838 1916 Oriente,
869 1879 1014 1919 neque

179 1919 234 1961 ab
272 1918 533 1970 Occidente,
580 1933 724 1973 neque
764 1935 790 1963 a
827 1922 1013 1964 desertis

178 1975 417 2018 montibus:
443 1978 467 2004 *
498 1977 705 2029 quoniam
732 1979 854 2020 Deus
882 1979 1013 2032 judex

183 2037 260 2074 est.

230 2089 360 2131 Hunc
385 2089 598 2142 humiliat,
625 2096 668 2133 et
696 2092 812 2134 hunc
832 2093 1013 2136 exaltat:

178 2146 202 2171 *
228 2146 329 2198 quia
356 2146 469 2188 calix
493 2147 538 2189 in
563 2161 695 2190 manu
719 2149 899 2191 Domini
923 2151 1013 2192 vini

178 2202 287 2244 meri
316 2202 474 2255 plenus
503 2204 647 2247 misto.

231 2264 289 2306 Et
312 2264 537 2310 inclinavit
563 2279 618 2308 ex
638 2266 724 2308 hoc
747 2267 792 2308 in
810 2267 914 2310 hoc:
941 2281 1011 2310 ve-

178 2324 424 2363 rumtamen
447 2322 534 2363 faex
553 2324 643 2374 ejus
662 2336 751 2366 non
778 2330 845 2367 est
868 2325 1011 2367 exina-

178 2379 287 2419 nita:
323 2378 347 2405 *
381 2377 534 2420 bibent
567 2392 720 2422 omnes
751 2384 1012 2433 peccatores

179 2438 321 2476 terrae.

230 2495 326 2547 Ego
347 2500 495 2538 autem
519 2498 789 2540 annuntiabo
813 2499 857 2540 in
876 2501 1011 2542 saecu-

179 2552 285 2594 lum:
303 2553 327 2579 *
347 2553 536 2596 cantabo
555 2554 653 2595 Deo
674 2554 825 2597 Jacob.

231 2614 289 2656 Et
329 2614 475 2656 omnia
520 2617 686 2657 cornua
725 2619 1011 2668 peccatorum

180 2671 467 2722 confringam:
485 2673 509 2698 *
530 2677 574 2714 et
589 2672 898 2715 exaltabuntur
918 2676 1010 2716 cor-

182 2740 267 2768 nua
286 2728 396 2779 justi.

619 198 821 231 Dominica
847 198 909 231 ΙΙΙ.
935 199 1039 232 .]υῙίί.
1089 200 1145 233 ss.
1172 199 1452 242 Redemptoris.

1120 296 1219 335 Ant.
1246 295 1368 334 Deus
1388 303 1523 341 meus,
1542 291 1745 346 Sal-vator
1762 307 1898 345 meus,

1067 347 1259 389 salutare
1283 360 1441 398 meum,
1467 353 1512 390 et
1536 361 1640 401 spes
1658 362 1757 392 mea
1780 350 1824 392 in
1843 364 1897 393 ae-

1066 406 1249 446 ternum.

1120 469 1218 510 Ant.
1273 466 1506 507 Protector
1551 471 1703 509 noster
1749 467 1898 520 aspice

1066 521 1199 571 Deus,
1226 526 1271 564 et
1293 522 1466 574 respice
1490 523 1534 564 in
1559 523 1718 565 faciem
1737 523 1899 567 Christi

1066 578 1141 619 tui.

1336 626 1535 667 Psalmus
1565 629 1629 668 83.

1147 699 1246 728 uam
1300 687 1460 730 dilecta
1499 689 1784 731 tabernacula
1823 695 1899 732 tua

1169 743 1268 786 Dfie
1299 745 1526 787 virtutum:
1557 746 1581 772 *
1616 747 1899 800 concupiscit,

1067 805 1112 842 et
1131 799 1279 843 deficit
1298 801 1443 843 anima
1460 815 1559 844 mea
1577 803 1622 844 in
1641 803 1752 844 atria
1769 803 1867 845 Dffi.

1121 857 1208 900 Cor
1227 871 1389 908 meum,
1409 863 1453 900 et
1473 872 1577 902 caro
1596 872 1696 902 mea
1714 860 1738 887 *
1757 860 1898 903 exsul-

1066 916 1271 956 taverunt
1290 915 1334 956 in
1352 916 1497 957 Deum
1514 916 1674 958 vivum.

1112 971 1294 1013 Etenim
1325 985 1480 1025 passer
1510 973 1675 1016 invenit
1707 973 1791 1016 sibi
1823 973 1898 1016 do-

1066 1041 1201 1070 mum:
1224 1028 1248 1055 *
1272 1034 1316 1071 et
1342 1034 1488 1071 turtur
1515 1030 1666 1072 nidum
1692 1031 1792 1081 sibi,
1823 1030 1900 1073 ubi

1066 1090 1205 1137 ponat
1222 1085 1369 1138 pullos
1388 1099 1503 1128 suos.

1118 1141 1290 1183 Altaria
1312 1146 1390 1184 tua
1407 1143 1598 1186 Domine
1623 1144 1850 1192 virtutum:
1874 1145 1898 1171 *

1066 1198 1165 1240 Rex
1183 1211 1318 1249 meus,
1338 1203 1382 1241 et
1400 1199 1522 1241 Deus
1540 1213 1676 1242 meus.

1119 1255 1262 1306 Beati,
1292 1256 1366 1309 qui
1383 1256 1585 1299 habitant
1603 1257 1648 1298 in
1670 1257 1804 1300 domo
1822 1262 1899 1300 tua

1066 1312 1269 1354 Domine:
1301 1313 1325 1340 *
1357 1313 1401 1354 in
1438 1314 1601 1356 saecula
1635 1314 1899 1356 saeculorum

1066 1369 1308 1412 laudabunt
1325 1374 1381 1412 te.

1118 1426 1284 1468 Beatus
1316 1427 1403 1478 vir,
1436 1428 1557 1480 cujus
1590 1432 1657 1470 est
1690 1427 1900 1474 auxilium

1067 1483 1146 1525 abs
1165 1488 1224 1526 te:
1243 1484 1267 1510 *
1287 1485 1568 1526 ascensiones
1591 1485 1636 1526 in
1659 1485 1795 1528 corde
1819 1497 1899 1527 suo

1068 1540 1306 1593 disposuit,
1334 1541 1379 1582 in
1406 1541 1521 1584 valle
1547 1541 1828 1584 lacrimarum
1854 1542 1899 1584 in

1066 1596 1178 1647 loco,
1199 1610 1330 1650 quem
1349 1598 1510 1651 posuit.

1118 1653 1294 1696 Etenim
1316 1654 1671 1697 benedictionem
1697 1655 1819 1698 dabit
1841 1655 1899 1698 le-

1066 1710 1265 1761 gislator,
1294 1711 1420 1753 ibunt
1444 1711 1500 1753 de
1518 1712 1680 1754 virtute
1703 1712 1749 1753 in
1766 1712 1899 1755 virtu-

1065 1771 1170 1809 tem:
1193 1768 1218 1793 *
1243 1767 1464 1810 videbitur
1491 1769 1613 1810 Deus
1642 1768 1828 1811 deorum
1854 1769 1899 1810 in

1066 1823 1181 1865 Sion.

1117 1880 1307 1923 Domine
1338 1881 1462 1923 Deus
1494 1881 1707 1923 virtutum
1739 1881 1898 1924 exaudi

1067 1937 1312 1980 orationem
1336 1950 1495 1980 meam:
1514 1938 1538 1964 *
1557 1938 1737 1980 auribus
1760 1939 1899 1991 perci-

1066 2007 1122 2046 pe
1141 1994 1263 2036 Deus
1282 1993 1434 2037 Jacob.

1117 2051 1351 2094 Protector
1374 2055 1526 2094 noster
1549 2051 1698 2104 aspice
1719 2052 1856 2094 Deus:
1875 2052 1900 2079 *

1067 2112 1110 2150 et
1128 2107 1299 2161 respice
1317 2108 1362 2149 in
1379 2108 1538 2150 faciem
1558 2107 1719 2150 Christi
1736 2108 1815 2150 tui:

1119 2164 1231 2215 Quia
1248 2165 1405 2207 melior
1422 2169 1490 2206 est
1505 2165 1600 2208 dies
1617 2178 1702 2206 una
1716 2165 1762 2206 in
1777 2165 1898 2207 atriis

1066 2221 1164 2271 tuis,
1183 2221 1207 2247 *
1227 2234 1360 2274 super
1379 2221 1525 2263 millia.

1116 2278 1242 2330 Elegi
1261 2278 1457 2331 abjectus
1476 2291 1574 2321 esse
1596 2279 1640 2320 in
1660 2278 1794 2320 domo
1814 2278 1899 2320 Dei

1065 2335 1166 2377 mei:
1184 2335 1208 2361 *
1227 2335 1366 2387 magis
1391 2348 1524 2388 quam
1546 2335 1745 2378 habitare
1768 2335 1812 2376 in
1836 2340 1898 2378 ta-

1064 2391 1315 2434 bernaculis
1334 2394 1631 2445 peccatorum.

1118 2448 1230 2499 Quia
1239 2448 1598 2499 misericordiam,
1613 2454 1656 2491 et
1667 2448 1898 2490 veritatem

1066 2503 1206 2556 diligit
1223 2505 1360 2547 Deus:
1379 2506 1402 2531 *
1421 2505 1622 2556 gratiam,
1647 2510 1691 2548 et
1713 2504 1897 2556 gloriam

1066 2560 1187 2603 dabit
1206 2561 1435 2603 Dominus.
1812 2590 1820 2599 ·

1116 2618 1218 2660 Non
1237 2618 1429 2671 privabit
1448 2618 1578 2660 bonis
1598 2631 1690 2668 eos,
1717 2618 1791 2671 qui
1811 2620 1897 2659 am-

1065 2674 1218 2717 bulant
1227 2675 1271 2716 in
1281 2676 1514 2717 inocentia:
1529 2676 1552 2701 *
1563 2675 1661 2717 Dfie
1676 2675 1897 2724 virtutum,

1065 2731 1222 2773 beatus
1241 2732 1388 2783 homo,
1407 2732 1482 2784 qui
1502 2737 1652 2785 sperat
1671 2732 1714 2773 in
1734 2737 1788 2773 te.
