2040 2976
530 206 602 240 Die
627 208 657 241 6.
681 206 779 249 Aug.

826 206 873 251 In·
894 192 1252 248 Transfiguratione
1277 206 1320 239 D.
1346 206 1391 239 N.
1416 206 1449 239 J.
1476 206 1515 240 C.

1817 205 1885 240 481

171 310 382 358 quantum
415 306 574 358 capere
605 306 815 357 poterant
846 303 890 344 in
918 302 1002 344 hac

169 361 379 415 praesenti
404 362 509 412 vita,
536 360 623 402 illis
650 359 859 410 ostendit,
887 362 1000 401 eam-

171 431 254 471 que
270 418 448 469 detegit,
467 431 522 459 ne
538 422 612 460 aut
627 430 716 467 sua,
733 422 808 458 aut
821 416 1002 458 Domini

168 479 311 517 morte
337 473 530 525 doleant,
558 479 602 516 et
623 473 813 515 maxime
831 473 1001 515 Petrus.

220 534 273 587 Rz.
297 532 490 574 Vocavit
515 544 596 573 nos
621 531 743 572 Deus
768 530 1000 572 vocatione

168 601 247 630 sua
266 593 432 638 sancta,
459 587 702 630 secundum
725 587 912 639 gratiam
932 600 998 627 su-

168 659 255 697 am,
287 659 386 698 quae
416 647 695 688 manifestata
725 650 793 686 est
818 657 950 692 nunc,
974 650 996 674 *

167 703 251 744 Per
273 703 636 745 illuminationem
659 701 901 744 Salvatoris
924 713 998 742 no-

168 760 247 801 stri
264 760 288 801 J
291 772 370 801 esu
389 759 562 802 Christi.
592 756 644 808 V.
673 758 758 809 Qui
783 757 1000 799 destraxit

166 821 371 867 mortem,
403 816 663 859 illuminavit
691 820 837 858 autem
864 815 999 856 vitam

165 873 209 913 in
228 873 615 926 incorruptionem.
643 874 739 915 Per.

218 929 381 971 Bened.
409 930 616 972 Divinum
637 929 855 971 auxilium.

451 986 606 1029 Lectio
627 989 711 1029 viii.

165 1039 263 1146 Et
281 1042 382 1085 vide
402 1042 509 1096 quid
531 1043 631 1095 agit,
658 1056 756 1085 cum
781 1043 836 1085 de
861 1056 997 1095 regno

255 1104 299 1141 et
314 1096 369 1142 de
383 1100 582 1151 gehenna
597 1099 864 1143 disseruerit.
882 1101 998 1142 Nam

164 1157 208 1197 in
235 1169 288 1199 eo
316 1156 437 1210 quod
463 1157 587 1199 dixit:
616 1157 700 1208 Qui
722 1158 890 1199 invenit
910 1158 997 1199 ani-

164 1227 281 1255 mam
296 1227 430 1264 suam,
445 1213 604 1267 perdet
621 1227 732 1265 eam3
753 1219 796 1256 et
812 1215 999 1267 quicum·

165 1283 250 1323 que
275 1269 433 1323 perdet
460 1284 557 1312 eam
583 1272 725 1322 gratia
749 1272 852 1321 mei,
880 1272 995 1313 inve-

164 1328 254 1369 niet
268 1328 425 1380 ipsam3
445 1333 488 1370 et
507 1328 552 1368 in
571 1341 624 1370 eo
647 1327 767 1380 quod
786 1329 860 1370 ait:
880 1328 995 1371 Red-

165 1383 241 1426 det
255 1385 489 1437 unicuique
502 1385 744 1427 secundum
756 1387 892 1438 opera
904 1400 997 1437 sua3

165 1445 209 1482 et
223 1453 407 1492 regnum
423 1446 466 1483 et
480 1441 725 1493 gehennam
740 1441 996 1493 designavit.

165 1497 275 1538 Cum
292 1498 425 1549 igitur
445 1498 500 1540 de
514 1501 713 1550 utrisque
729 1498 996 1550 disseruerit,

164 1566 348 1605 regnum
368 1554 546 1607 quidem
563 1560 612 1596 ut
627 1555 765 1597 oculis
782 1558 996 1606 cernatur,

165 1611 381 1662 concedit3
420 1611 664 1663 gehennam
696 1617 843 1654 autem
873 1615 995 1654 mini-

163 1680 249 1718 me,
276 1668 481 1720 quoniam
506 1668 758 1711 rudioribus
783 1674 916 1722 atque
936 1671 995 1711 in-

164 1725 406 1777 eptioribus
434 1725 542 1768 illud
569 1727 867 1768 necessarium
894 1727 994 1768 fuis-

164 1786 246 1823 set:
278 1781 358 1824 sed
389 1795 489 1824 cum
520 1783 582 1824 illi
609 1783 740 1836 probi
768 1789 916 1826 essent
944 1798 996 1827 ac

162 1838 454 1891 perspicaces,
477 1839 583 1881 satis
603 1840 684 1881 fuit
703 1853 781 1882 eos
801 1854 826 1882 a
844 1841 994 1883 melio-

162 1893 284 1936 ribus
304 1895 565 1937 confirmari.
593 1897 691 1938 Hoc
709 1898 841 1939 etiam
854 1898 994 1940 multo

162 1951 300 2002 magis
326 1952 473 2004 ipsum
501 1951 702 2004 decebat,
730 1966 819 1995 non
847 1959 994 1996 tamen

163 2010 339 2050 omnino
373 2008 482 2051 illud
512 2010 811 2062 praetermisit,
845 2010 924 2053 sed
952 2017 996 2053 et

164 2063 400 2116 aliquando
455 2066 732 2108 atrocitatem
781 2067 1004 2118 gehennae

164 2121 291 2173 quasi
309 2126 411 2163 ante
430 2122 585 2164 oculos
608 2124 833 2176 proponit,
859 2124 995 2166 veluti

163 2190 263 2219 cum
294 2178 450 2219 Lazari
480 2179 714 2231 imaginem
747 2180 993 2234 descripsit,

163 2239 206 2276 et
227 2235 317 2287 ejus
337 2235 548 2286 meminit,
575 2237 650 2289 qui
670 2237 875 2279 denarios
896 2251 993 2280 cen·

162 2295 255 2332 tum
275 2291 462 2344 repetiit.

215 2347 265 2399 R.
301 2348 437 2399 Deus,
471 2350 545 2401 qui
577 2350 681 2392 fecit
713 2351 768 2392 de
799 2351 993 2393 tenebris

161 2403 307 2446 lumen
329 2405 655 2457 splendescere,
674 2407 817 2449 illuxit
835 2409 878 2449 in
899 2411 992 2450 cor-

162 2460 292 2502 dibus
311 2462 484 2511 nostris,
503 2464 526 2488 *
541 2462 613 2504 Ad
631 2464 993 2506 illuminationem

161 2518 355 2559 scientiae
375 2518 587 2560 claritatis
607 2520 707 2570 Dei,
731 2521 776 2562 in
794 2522 906 2563 facie
925 2522 949 2562 J
952 2534 992 2563 e-

161 2587 212 2615 su
240 2574 412 2616 Christi.
452 2570 502 2623 V.
526 2576 743 2618 Exortum
770 2583 837 2619 est
862 2578 906 2618 in
931 2580 991 2620 te-

160 2631 307 2673 nebris
326 2631 473 2673 lumen
497 2633 630 2675 rectis
650 2633 801 2684 corde,
827 2634 990 2675 miseri-

161 2700 277 2737 cors,
306 2694 349 2729 et
374 2689 621 2740 miserator,
648 2695 692 2732 et
717 2691 866 2743 justus.
907 2691 990 2733 Ad

163 2743 314 2786 Gloria
330 2746 459 2787 Patri.
491 2746 575 2788 Ad.

1013 892 1016 897 .
1053 871 1129 900 cro
1177 858 1458 900 sacrificaret.

1176 302 1252 336 Pro
1278 301 1334 336 Ss.
1361 302 1597 345 Martyribus
1623 302 1768 345 Xysto,

1213 350 1458 384 Felicissimo
1485 355 1520 384 et
1544 351 1727 394 Aoapito.

1358 403 1539 443 Lectio
1530 417 1583 442 ix.

1060 469 1104 517 33(
1104 465 1304 512 s9ystus
1332 459 1569 510 secundus,
1594 460 1888 512 Atheniensis,

1199 530 1253 558 ex
1275 516 1544 569 philosopho
1572 517 1734 559 Christi
1760 518 1887 560 disci-

1052 574 1198 627 pulus,
1236 574 1280 614 in
1317 574 1625 626 persecutione
1662 575 1888 616 Valeriani

1053 633 1286 672 accusatus
1313 629 1435 683 quod
1461 630 1638 683 publice
1665 631 1888 673 Christum

1051 687 1333 741 praedicaret,
1370 687 1717 740 comprehensus
1754 688 1887 730 trahi-

1052 750 1123 787 tur
1147 745 1191 785 in
1216 744 1429 798 templum
1456 744 1626 794 Martis,
1654 746 1888 798 proposita

1053 802 1092 843 ei
1121 801 1299 855 capitali
1328 814 1477 854 poena,
1510 802 1595 842 nisi
1622 802 1685 842 illi
1713 802 1886 844 simula-

1520 859 1617 909 Qua
1660 859 1887 911 impietate

1052 916 1409 958 constantissime
1442 917 1660 965 recusata,
1698 928 1798 957 cum
1831 915 1887 957 ad

1051 973 1309 1026 martyrium
1348 973 1598 1024 duceretur,
1637 973 1887 1014 occurrenti

1052 1035 1205 1071 sancto
1240 1030 1496 1079 Laurentio,
1531 1035 1575 1071 et
1608 1028 1812 1071 dolenter
1843 1030 1887 1070 in

1050 1086 1168 1129 hunc
1212 1086 1395 1128 modum
1439 1087 1742 1137 interroganti:
1788 1087 1886 1137 Quo

1051 1143 1333 1196 progrederis
1363 1144 1456 1185 sine
1486 1143 1578 1185 filio
1607 1143 1758 1196 pater?
1798 1157 1885 1196 quo

1052 1200 1262 1243 sacerdos
1282 1206 1432 1243 sancte
1452 1201 1545 1242 sine
1566 1201 1765 1242 ministro
1786 1203 1885 1254 pro-

1050 1257 1203 1311 peras?
1230 1257 1495 1311 Respondit:
1519 1258 1623 1299 Non
1642 1270 1725 1308 ego
1749 1263 1794 1299 te
1814 1257 1886 1300 de-

1051 1328 1151 1356 sero
1183 1315 1260 1356 fili:
1300 1316 1467 1367 majora
1505 1319 1549 1356 te
1588 1320 1766 1356 manent
1803 1327 1885 1367 pro

1053 1371 1216 1414 Christi
1253 1372 1342 1414 fide
1379 1372 1632 1414 certamina:
1670 1377 1775 1424 post
1812 1374 1885 1413 tri-

1051 1428 1186 1470 duum
1204 1442 1274 1471 me
1295 1429 1508 1482 sequeris,
1528 1428 1808 1470 sacerdotem
1827 1428 1884 1470 le-

1050 1488 1154 1527 vita:
1182 1486 1368 1535 interea,
1397 1487 1433 1527 si
1462 1485 1569 1538 quid
1595 1486 1639 1526 in
1664 1485 1885 1528 thesaliris

1049 1542 1207 1593 habes,
1234 1543 1505 1596 pauperibus
1534 1542 1759 1584 distribue.
1800 1543 1884 1584 Eo-

1050 1598 1151 1641 dem
1174 1601 1306 1651 igitur
1331 1599 1401 1642 die
1425 1600 1683 1642 interfectus
1708 1605 1774 1641 est
1799 1613 1885 1642 una

1050 1670 1149 1698 cum
1181 1657 1455 1699 Felicissimo
1491 1662 1535 1699 et
1564 1659 1759 1710 Agapito
1795 1657 1884 1699 dia-

1049 1715 1182 1764 conis,
1208 1715 1428 1765 Januario,
1452 1716 1626 1766 Magno,
1646 1715 1883 1756 Vincentio

1049 1777 1092 1813 et
1111 1772 1336 1824 Stephano
1357 1771 1651 1821 subdiaconis,
1672 1776 1715 1813 et
1734 1771 1778 1812 in
1799 1785 1883 1813 coe-

1046 1829 1231 1870 meterio
1271 1828 1439 1870 Callisti
1482 1828 1682 1882 sepultus
1721 1831 1882 1870 octavo

1046 1884 1153 1926 Idus
1182 1885 1387 1937 Augusti:
1422 1885 1559 1927 ceteri
1586 1898 1693 1927 vero
1722 1885 1766 1925 in
1796 1898 1881 1926 coe-

1046 1942 1231 1984 meterio
1255 1942 1526 1984 Praetextati.

1047 1998 1262 2048 andecim,
1283 1999 1379 2040 dies
1395 1998 1641 2040 duodecim.
1662 2000 1760 2049 Quo
1775 2000 1882 2040 tem-

1046 2068 1156 2108 pore
1189 2056 1342 2098 habuit
1376 2055 1701 2097 ordinationem
1731 2069 1882 2097 mense
1934 2092 1935 2095 ,

1047 2113 1295 2162 Decembri,
1312 2113 1474 2154 creatis
1488 2112 1761 2165 presbyteris
1780 2114 1882 2165 qua-

1046 2174 1163 2219 tuor,
1202 2169 1400 2211 diaconis
1434 2175 1621 2222 septem,
1659 2170 1882 2223 episcopis

1047 2225 1231 2267 duobus.
1277 2226 1340 2268 Te
1361 2227 1515 2268 Deum.
1536 2228 1594 2267 13.

1100 2281 1177 2317 Ubi
1202 2282 1359 2318 Festum
1382 2284 1755 2328 Transfigurationis
1786 2288 1882 2321 cele-

1048 2330 1183 2364 bratur
1207 2332 1279 2365 sub
1304 2332 1381 2366 ritu
1404 2331 1562 2375 Duplici
1588 2334 1618 2376 l.
1640 2334 1794 2378 classis,
1819 2336 1882 2369 vel

1050 2378 1083 2412 si
1112 2379 1318 2423 contigerit
1342 2381 1542 2415 transferri
1571 2381 1610 2415 in
1636 2383 1754 2417 alium
1780 2383 1881 2417 diem

1048 2426 1088 2460 in
1108 2437 1222 2470 quem
1239 2434 1416 2463 occurrat
1434 2430 1595 2473 aliquod
1612 2431 1769 2465 Festum
1787 2432 1881 2466 Sim-

1047 2475 1139 2518 plex
1163 2486 1241 2510 non
1262 2477 1412 2511 habens
1430 2478 1653 2513 Lectionem
1671 2480 1880 2524 propriam,

1047 2528 1137 2558 tunc
1160 2524 1302 2567 legitur
1326 2536 1493 2570 sequens

1355 2574 1508 2616 Lectio
1528 2576 1583 2615 ix.

1047 2624 1152 2731 Tu
1182 2648 1290 2678 vero
1321 2636 1521 2679 Matthaei
1551 2636 1879 2690 philosophiam

1134 2692 1383 2743 considera,
1412 2693 1487 2745 qui
1509 2707 1598 2735 non
1623 2693 1782 2736 celavit
1802 2694 1876 2734 no-

1041 2750 1159 2791 mina
1177 2752 1331 2792 eorum
1352 2750 1426 2803 qui
1443 2750 1675 2803 praepositi
1692 2749 1875 2792 fuerant.

1065 508 1156 559 ἓῖἶτζῄξ
1151 516 1170 547 ·’3

1560 1941 1683 1983 Sedit
1708 1954 1883 1983 menses
1934 1964 1935 1967 =
