2040 2976
429 229 500 262 Die
525 228 579 262 29.
603 228 700 269 Aug.

136 327 259 371 dedit
296 328 442 370 omnia
475 340 572 377 sua,
614 331 659 369 et
695 323 971 378 comparavit

136 398 244 428 eam.

187 447 239 498 Υ.
264 450 420 502 Specie
453 454 531 491 tua
566 454 611 491 et
641 446 970 501 pulchritiidine

133 505 514 614 ἑιῒιῗθξὲέηῒὲιιᾱε,
533 507 749 559 pr6spere
763 502 970 557 procede,

469 624 633 665 Oratio.

225 705 314 742 eus,
346 693 421 745 qui
445 692 559 734 inter
585 693 733 733 cetera
757 690 970 743 potentiae

249 753 339 790 tuae
370 747 597 798 miracula,
631 747 763 789 etiam
790 747 834 788 in
862 759 971 788 sexu

137 804 280 856 fragili
306 805 537 847 victoriam
564 803 762 857 martyrii
789 802 970 845 contuli-

137 862 210 903 sti:
234 860 430 903 concede
449 860 684 913 propitius;
707 864 757 902 ut
776 859 851 912 qui
869 858 970 900 bea-

137 923 196 959 tae
222 918 396 960 Sabinae
424 917 630 970 Mattyris
658 922 747 958 tuae
774 915 972 958 natalitia

138 973 338 1024 colimus,
370 986 451 1027 per
483 974 574 1025 ejus
607 972 664 1014 ad
694 977 740 1015 te
768 971 972 1025 exempla

137 1030 400 1082 gradiamur.
426 1031 512 1071 Per
539 1029 789 1071 Dominum.

222 1163 225 1166 ,
298 1119 387 1173 Ad
417 1119 809 1161 matutinum.

189 1185 327 1220 Omnia
350 1185 396 1218 dc
416 1182 620 1218 Communi
643 1181 756 1214 unius
775 1180 882 1214 Mart.
902 1184 972 1229 [21]

136 1239 279 1278 praeter
302 1232 515 1276 sequentia.

382 1303 431 1340 In
451 1302 481 1339 Ι.
502 1300 726 1339 Nocturno.

234 1368 393 1422 Incipit
411 1368 436 1409 J
439 1370 623 1410 eremias
642 1366 878 1420 Propheta.

268 1440 454 1482 Lectio
445 1454 467 1479 1.
687 1437 790 1488 Cap.
813 1437 839 1475 1.

152 1521 285 1628 ψ
298 1505 757 1612 θὲἓζέἓὲῗιῗὲῗῗιᾶἑῗῑ
771 1505 974 1628 &QZ

149 1604 288 1645 *²³*ss
314 1625 415 1663 runt
438 1621 482 1661 in
505 1619 745 1670 Anathoth,
768 1620 813 1660 in
834 1619 975 1660 Terra

140 1678 378 1730 Benjamin.
424 1675 556 1727 Quod
586 1676 751 1718 factum
785 1680 852 1717 est
879 1688 973 1717 ver-

138 1734 245 1776 bum
263 1733 442 1776 Domini
465 1732 522 1775 ad
546 1745 646 1774 eum
664 1733 709 1774 in
728 1732 883 1774 diebus
902 1732 927 1773 J
929 1744 973 1773 o-

140 1793 218 1832 siae
235 1790 315 1832 filii
328 1790 476 1831 Amon
489 1789 605 1841 regis
620 1789 644 1830 J
645 1788 743 1839 uda,
765 1789 810 1830 in
825 1789 974 1831 tertio-

141 1846 313 1889 decimo
332 1859 447 1888 anno
465 1846 589 1897 regni
609 1846 711 1898 ejus.
739 1845 797 1887 Et
811 1845 976 1887 factum

142 1908 209 1946 est
226 1903 271 1944 in
290 1902 446 1945 diebus
464 1903 490 1944 J
492 1902 642 1944 oakim
660 1902 739 1943 filii
756 1902 781 1943 J
785 1903 892 1943 osiae
911 1914 975 1943 re-

140 1960 208 2011 gis
231 1959 356 2010 Juda,
384 1972 526 2011 usque
552 1958 610 2000 ad
635 1958 975 2000 consummatio-

141 2028 243 2058 nem
274 2015 494 2057 undecimi
531 2015 633 2056 anni
663 2013 862 2056 Sedeciae
899 2014 977 2055 filii

142 2072 168 2113 J
170 2074 277 2114 osiae
300 2071 416 2123 regis
440 2070 565 2122 Juda,
591 2083 733 2123 usque
757 2069 815 2112 ad.
837 2076 975 2112 trans-

141 2128 451 2179 migrationem
475 2127 500 2168 J
501 2127 729 2177 eriisalem,
757 2128 802 2168 in
825 2139 977 2168 mense

144 2184 310 2237 quinto.
342 2185 399 2226 Et
416 2184 581 2226 factum
600 2188 668 2226 est
684 2183 870 2226 verbum
888 2183 977 2224 Do-

143 2241 250 2282 mini
273 2239 332 2282 ad
349 2253 431 2290 me,
454 2239 619 2282 dicens:
643 2240 909 2292 Prii'isquam
932 2245 977 2280 te

143 2297 380 2338 formarem
403 2296 448 2337 in
466 2299 606 2347 fitero,
632 2296 737 2338 novi
754 2301 814 2338 te:
838 2300 882 2337 et
905 2298 977 2336 an-

143 2358 324 2405 tequam
352 2355 495 2394 exires
523 2352 579 2394 de
606 2352 755 2402 vulva,
788 2351 976 2393 sanctifi-

145 2409 243 2507 {mcii
260 2414 315 2458 te,
341 2413 384 2450 et
406 2408 673 2462 prophetam
694 2409 739 2450 in
759 2407 978 2450 Gentibus

178 2478 201 2507 e
235 2466 322 2507 ite.

199 2531 250 2580 Re.
266 2530 386 2571 Misit
404 2528 610 2571 Herodes
634 2542 713 2571 rex
735 2541 902 2578 manus,
927 2540 979 2569 ac

145 2587 286 2629 tenuit
309 2586 335 2627 J
337 2587 541 2635 oalnnem
570 2590 614 2627 et
641 2586 780 2627 vinxit
807 2597 908 2626 eum
934 2585 978 2625 in

146 2645 333 2693 carcere,
363 2642 466 2694 quia
492 2642 718 2683 metuebat
743 2653 854 2691 eum,
881 2653 978 2693 pro-

146 2704 246 2752 pter
268 2697 582 2748 Herodiadem,
602 2696 625 2719 *
654 2699 796 2749 Quam
818 2698 980 2739 tfflerat

146 2755 269 2797 fratri
287 2768 368 2797 suo
382 2754 589 2807 Philippo
608 2757 805 2796 uxorem.
840 2747 885 2798 V
898 2755 976 2796 Αι-

750 227 790 260 Ιιι
819 225 1084 259 Decollatione
1111 222 1145 256 S.
1167 222 1332 255 Joannis
1359 221 1557 263 Baptistae.

1787 219 1855 254 549

1021 321 1184 373 guebat
1205 320 1434 363 Her6dem
1453 321 1478 361 J
1481 322 1647 362 oannes
1673 323 1859 372 propter

1021 377 1336 421 Herodiadem.
1365 379 1517 428 Quam.

1335 437 1490 477 Lectio
1511 436 1549 475 ii.

1109 497 1128 534 t
1153 490 1261 540 dixi,
1293 490 1335 531 A
1367 503 1393 531 a
1425 503 1466 540 a,
1498 490 1689 531 Domine
1722 490 1861 531 Deus:

1136 560 1240 589 ecce
1267 547 1418 588 nescio
1447 546 1588 599 loqui,
1619 546 1722 598 quia
1749 558 1860 598 puer

1023 617 1106 656 ego
1128 618 1236 646 sum.
1264 604 1322 645 Et
1338 602 1450 645 dixit
1464 603 1682 644 Dominus
1702 602 1759 644 ad
1774 615 1860 643 me:

1023 661 1128 703 Noli
1161 660 1323 702 dicere:
1355 660 1472 702 Puer
1505 673 1617 700 sum:
1653 659 1861 711 quoniam

1023 717 1081 759 ad
1105 717 1262 766 omnia,
1289 729 1390 768 quae
1413 716 1586 758 mittam
1609 720 1665 765 te,
1690 715 1790 756 ibis:
1817 719 1862 756 et

1023 774 1242 823 universa,
1273 775 1565 825 quaecslmque
1590 771 1861 813 mandavero

1022 830 1120 880 tibi,
1151 830 1360 882 loqueris.
1407 829 1475 871 Ne
1510 831 1667 871 timeas
1697 841 1722 869 a
1749 828 1861 869 facie

1024 889 1193 929 ecrum:
1213 886 1316 939 quia
1329 891 1478 928 tecum
1494 898 1577 937 ego
1593 898 1690 926 sum
1704 890 1753 926 ut
1768 886 1862 930 eru-

1024 957 1095 985 am
1113 949 1168 994 te,
1189 943 1296 985 dicit
1310 942 1541 984 D6minus.
1568 942 1626 983 Et
1640 941 1759 983 misit
1773 941 1862 982 Do·
1909 987 1911 990 Α

1023 1001 1168 1041 minus
1195 1012 1374 1040 manum
1402 1011 1538 1048 suam,
1567 1003 1611 1040 et
1637 998 1783 1049 tetigit
1812 1010 1862 1038 os

1023 1070 1188 1098 meum:
1224 1061 1268 1097 et
1299 1055 1412 1098 dixit
1436 1055 1653 1096 Deminus
1686 1053 1744 1095 ad
1775 1066 1863 1095 me:

1024 1113 1143 1155 Ecce
1172 1111 1276 1154 dedi
1302 1111 1439 1154 verba
1466 1124 1566 1152 mea
1593 1111 1638 1151 in
1665 1122 1741 1151 ore
1769 1115 1863 1152 tuo:

1026 1182 1130 1212 ecce
1149 1168 1359 1211 constitui
1377 1173 1421 1210 te
1439 1167 1574 1209 hodie
1595 1180 1728 1220 super
1750 1166 1863 1208 Gen-

1024 1231 1103 1277 teS,
1132 1231 1176 1268 et
1201 1238 1334 1278 super
1357 1237 1509 1276 regna,
1538 1229 1586 1266 ut
1613 1223 1792 1274 evellas,
1822 1228 1865 1264 et

1026 1282 1241 1333 destruas,
1266 1287 1310 1324 et
1330 1279 1576 1334 disperdas,
1598 1286 1642 1323 et
1662 1280 1864 1333 dissipes,

972 1382 974 1385 ,
1027 1345 1071 1382 et
1089 1339 1296 1389 aedifices,
1313 1343 1356 1380 et
1374 1339 1561 1391 plantes.

1079 1399 1129 1450 R.
1164 1397 1189 1437 J
1193 1398 1360 1438 oannes
1402 1395 1606 1448 Baptista
1652 1393 1865 1444 arguebat

1026 1453 1255 1495 Her6dem
1285 1455 1307 1479 *
1334 1453 1525 1505 Propter
1550 1450 1865 1500 Herodiadem,

1029 1523 1161 1562 quam
1199 1509 1362 1551 tiilerat
1406 1508 1530 1550 fratri
1574 1521 1655 1550 suo
1701 1507 1866 1548 viventi

1026 1569 1224 1608 uxerem.
1256 1561 1306 1613 Υ.
1332 1566 1470 1607 Misso
1490 1565 1696 1606 HerOdes
1723 1564 1864 1616 spicu-

1026 1623 1185 1673 latore,
1222 1622 1437 1688 praecepit
1473 1621 1694 1674 amputari
1732 1626 1866 1673 caput

1028 1681 1053 1721 J
1056 1693 1210 1722 oanms
1236 1680 1282 1721 in
1309 1682 1498 1721 carcere.
1534 1679 1736 1731 Propter.

1329 1737 1482 1777 Lectio
1502 1736 1558 1775 iii.

1028 1790 1141 1895 Tu
1159 1805 1266 1844 ergo
1290 1795 1470 1843 accinge
1492 1791 1667 1833 lumbos
1686 1795 1801 1840 tuOS,
1824 1795 1868 1832 et

1126 1863 1269 1901 surge,
1289 1854 1333 1891 et
1351 1848 1536 1901 loquere
1552 1846 1609 1889 ad
1625 1860 1702 1889 eos
1719 1847 1867 1888 Omnia

1030 1921 1130 1961 quae
1154 1919 1237 1958 ego
1261 1905 1476 1959 praecipio
1500 1904 1593 1947 tibi.
1627 1904 1696 1945 Ne
1720 1904 1866 1944 formi-

1030 1965 1109 2007 des
1131 1977 1157 2005 a
1179 1963 1291 2004 facie
1311 1964 1482 2004 eorum:
1507 1974 1590 2003 nec
1611 1961 1726 2002 enim
1745 1960 1866 2001 time-

1029 2034 1078 2063 re
1104 2026 1149 2063 te
1176 2020 1336 2061 faciam
1362 2017 1534 2060 vultum
1565 2019 1729 2059 eorum.
1770 2016 1866 2067 Ego

1031 2078 1197 2130 quippe
1221 2074 1326 2117 dedi
1347 2079 1392 2116 te
1415 2073 1585 2115 hodie
1574 2087 1619 2114 m
1642 2073 1868 2115 civitatem

1029 2135 1254 2182 munitam,
1275 2135 1319 2173 et
1337 2131 1381 2171 in
1401 2131 1653 2172 coliimnam
1668 2130 1868 2178 ferream,

1031 2195 1075 2232 et
1094 2190 1140 2230 in
1157 2201 1331 2230 murum
1346 2189 1521 2236 aereum,
1541 2199 1675 2239 super
1693 2198 1869 2228 omnem

1029 2251 1206 2296 terram,
1233 2243 1411 2296 regibus
1440 2244 1465 2285 J
1466 2243 1565 2295 uda
1593 2242 1867 2297 principibus

1031 2305 1143 2355 ejus,
1181 2306 1225 2344 et
1257 2300 1585 2350 sacerdotibus,
1622 2305 1666 2342 et
1697 2299 1867 2352 populo

1030 2364 1173 2402 terrae.
1208 2357 1267 2400 Et
1291 2357 1522 2400 bellabunt
1549 2348 1785 2399 adversum
1811 2360 1868 2402 te,

1032 2421 1076 2458 et
1100 2428 1190 2457 non
1214 2414 1536 2479 praevalebunt:
1566 2414 1668 2467 quia
1696 2425 1779 2464 ego
1807 2417 1868 2454 te-

1031 2485 1132 2513 cum
1169 2484 1281 2522 sum,
1316 2471 1378 2512 ait
1408 2471 1642 2520 Deminus,
1678 2474 1728 2511 ut
1763 2468 1867 2511 libe-

1031 2541 1126 2570 rem
1151 2533 1207 2570 te.

1086 2585 1134 2635 Rz.
1152 2583 1317 2626 Puellae
1338 2583 1516 2626 saltanti
1528 2582 1765 2636 imperavit
1780 2594 1867 2622 ma-

1030 2646 1113 2683 ter:
1138 2640 1159 2663 *
1182 2640 1304 2682 Nihil
1329 2640 1450 2682 aliud
1468 2645 1608 2694 petas,
1631 2639 1716 2680 nisi
1735 2642 1868 2690 caput

1031 2699 1056 2739 J
1059 2699 1224 2740 oannis.
1252 2696 1275 2719 *
1298 2698 1357 2739 Et
1380 2697 1667 2739 contristatus
1694 2700 1761 2736 est
1788 2706 1868 2735 rex

1031 2760 1216 2808 propter
1252 2753 1570 2807 jusjurandum,
1603 2757 1647 2794 et
1681 2755 1868 2805 propter
