2040 2976
164 194 237 237 [78]

390 294 437 332 In
466 294 516 333 II.
542 294 766 333 Nocturno.

167 353 228 390 l⁴lx
249 348 362 389 libro
378 348 613 390 Moralium
632 349 773 390 sancti
787 349 990 400 Gregorii

506 405 653 457 Papae.

273 471 349 504 Lib.
372 472 425 504 10.
447 472 538 514 Cap.
562 472 608 505 lb'.
629 473 665 505 in
685 483 712 506 e.
734 473 781 507 12.
800 474 885 507 Joh

465 521 616 562 Lectio
637 523 689 561 iv.

168 574 175 576 ”
189 574 269 590 ’Χ
281 567 490 634 5eridetur
504 568 605 620 justi
620 569 888 621 simplicitas.
906 570 995 611 Hu-

201 646 264 673 ,
280 650 289 678 v1
309 625 374 676 jus
393 624 546 666 mundi
569 625 785 677 sapientia
809 631 891 675 est,
919 638 997 667 cor

175 678 288 707 4-4
308 680 707 722 machinationibus
721 683 882 732 tegere,
902 694 995 723 sen-

164 750 262 778 sum
280 736 429 779 verbis
448 737 612 789 velare;
635 750 735 789 quae
754 738 865 779 falsa
884 742 996 787 sunt,

164 806 269 834 vera
305 793 557 844 ostendere;
599 806 699 846 quae
737 807 842 835 vera
879 798 996 844 sunt,

163 850 274 891 falsa
300 849 616 891 demonstrare.
658 851 769 891 Haec
792 851 996 891 nimirum

162 905 397 958 prudentia
426 919 508 947 usu
535 918 561 946 a
588 906 819 958 iuvenibus
847 906 995 955 scitur,

163 962 260 1003 haec
279 975 305 1003 a
323 962 472 1014 pueris
491 962 635 1014 pretio
661 962 859 1003 discitur:
883 962 996 1003 hanc

165 1018 240 1070 qui
258 1018 413 1067 sciunt,
433 1019 609 1063 ceteros
625 1018 912 1070 despiciendo
928 1031 996 1059 su-

162 1074 384 1127 perbiunt:
409 1074 523 1115 hanc
554 1074 628 1126 qui
653 1075 871 1124 nesciunt,
897 1075 996 1116 sub-

162 1130 264 1183 jecti
301 1134 345 1172 et
382 1129 525 1171 timidi
560 1130 605 1171 in
641 1130 738 1171 aliis
771 1131 997 1172 mirantur:

163 1187 266 1238 quia
291 1185 347 1227 ab
375 1186 437 1228 eis
464 1186 561 1228 haec
587 1186 743 1228 eadem
767 1187 996 1239 duplicita-

163 1243 221 1284 tis
248 1243 458 1295 iniquitas
486 1242 663 1284 nomine
693 1243 876 1295 palliata
904 1243 997 1285 dili-

162 1299 294 1349 gitur,
321 1298 426 1340 dum
449 1299 609 1340 mentis
635 1299 906 1351 perversitas
928 1313 997 1341 ur-

161 1355 335 1397 banitas
366 1357 561 1397 vocatur.
610 1356 722 1397 Haec
752 1355 837 1397 sibi
871 1355 997 1397 obse-

163 1411 398 1463 quentibus
429 1411 634 1464 praecipit
661 1411 879 1453 honorum
909 1412 996 1454 cul-

162 1468 280 1509 mina
305 1470 519 1520 quaerere,
547 1467 711 1520 adepta
736 1468 997 1521 temporalis

162 1523 317 1574 gloriae
345 1526 538 1565 vanitate
564 1524 774 1575 gaudere,
802 1525 997 1576 irrogata

163 1579 219 1621 ab
239 1579 336 1620 aliis
355 1580 470 1620 mala
488 1580 775 1632 multiplicius
795 1580 996 1622 reddere:

164 1648 264 1676 cum
291 1636 408 1677 vires
437 1639 697 1688 suppetunt,
733 1636 865 1677 nullis
893 1636 995 1678 resi-

163 1691 381 1733 stentibus
398 1691 569 1733 cedere:
589 1704 688 1733 cum
703 1692 880 1733 virtutis
895 1705 995 1744 pos·

164 1747 350 1789 sibilitas
384 1747 528 1798 deest,
568 1747 783 1800 quidquid
817 1748 996 1801 explere

162 1816 243 1855 per
270 1804 483 1845 malitiam
513 1817 602 1846 non
628 1804 796 1854 valent,
834 1804 919 1846 hoc
950 1805 995 1845 in

162 1860 347 1912 pacifica
366 1859 565 1902 bonitate
583 1860 800 1901 simulare.

219 1921 266 1970 Ru
292 1917 542 1957 Honestum
560 1916 665 1958 fecit
683 1916 807 1957 illum
825 1917 930 1966 Dfis‚
950 1920 995 1958 et

164 1972 404 2014 custodivit
419 1985 519 2014 eum
536 1972 591 2013 ab
611 1972 809 2022 inimicis,
826 1977 870 2014 et
889 1985 915 2013 a
930 1985 993 2014 se-

164 2027 421 2069 ductoribus
437 2029 598 2070 tutavit
612 2028 749 2070 illum:
766 2032 787 2054 *
797 2029 855 2070 Et
870 2028 994 2070 dedit

163 2083 226 2124 illi
241 2083 486 2126 claritatem
501 2086 720 2126 aeternam.
751 2084 800 2133 Y.
819 2085 843 2125 J
845 2089 994 2126 ustum

164 2139 348 2180 deduxit
371 2141 588 2182 Dominus
613 2153 694 2193 per
719 2141 814 2182 vias
837 2146 993 2191 rectas,

165 2200 209 2236 et
229 2196 422 2238 ostendit
440 2196 503 2237 illi
522 2209 703 2248 regnum
722 2197 817 2239 Dei.
857 2197 924 2239 Et.

477 2254 628 2294 Lectio
651 2267 684 2291 v.

241 2312 260 2349 t
302 2312 472 2358 contra,
518 2309 735 2360 sapientia
778 2310 994 2361 justorum

268 2368 352 2405 est:
385 2363 446 2404 nil
477 2377 557 2416 per
590 2365 889 2407 ostensionem
917 2365 993 2405 fin-

163 2432 282 2471 gere,
311 2432 489 2461 sensum
508 2420 655 2462 verbis
675 2424 862 2473 aperire,
889 2434 995 2463 vera

163 2481 213 2518 ut
227 2481 329 2518 sunt
344 2476 538 2527 diligere,
558 2476 667 2517 falsa
687 2477 899 2528 devitare3
917 2477 994 2519 bo-

163 2545 220 2573 na
242 2532 380 2583 gratis
403 2531 624 2581 exhibere,
652 2533 767 2573 mala
789 2533 995 2574 libentius

163 2588 371 2638 tolerare,
399 2601 531 2640 quam
558 2588 718 2638 facere;
745 2589 910 2629 nullam
933 2589 994 2629 in-

164 2646 286 2696 juriae
307 2644 519 2686 ultionem
545 2646 758 2695 quaerere,
783 2657 866 2696 pro
886 2645 995 2686 veri-

164 2703 254 2743 tate
282 2700 593 2743 contumeliam
627 2700 798 2742 lucrum
825 2702 995 2752 putare.

609 203 819 244 Commune
846 203 1092 236 Confessoris
1119 211 1193 235 non
1220 200 1427 234 l‘ontificis.

1048 288 1136 329 Sed
1160 287 1256 329 haec
1280 288 1497 339 justorum
1522 288 1783 341 simplicitas
1809 289 1881 331 de-

1048 344 1232 385 ridetur:
1268 344 1370 396 quia
1397 343 1453 385 ab
1481 343 1610 396 hujus
1636 344 1790 386 mundi
1816 357 1881 386 sa-

1048 399 1273 452 pientibus
1300 400 1508 452 puritatis
1533 400 1675 442 virtus
1702 401 1882 442 fatuitas

1050 455 1255 498 creditur.
1299 456 1440 498 Omne
1469 456 1585 498 enim
1612 457 1734 509 quod
1760 457 1881 499 inno-

1051 514 1201 553 center
1227 512 1386 564 agitur,
1411 511 1467 554 ab
1494 512 1558 554 eis
1585 512 1881 565 proculdubio

1051 568 1234 610 stultum
1268 571 1467 621 putatur:
1504 573 1548 610 et
1585 568 1802 620 quidquid
1837 569 1882 610 in

1051 627 1186 677 opere
1201 625 1364 666 veritas
1384 624 1615 677 approbat,
1634 624 1798 666 carnali
1817 638 1882 666 sa-

1051 681 1230 733 pientiae
1255 681 1426 722 fatuum
1451 685 1591 722 sonat.
1628 680 1744 731 Quid
1765 693 1882 722 nam-

1053 749 1138 789 que
1157 737 1334 778 stultius
1353 736 1528 778 videtur
1545 735 1724 787 mundo,
1752 750 1884 790 quam

1049 798 1242 834 mentem
1260 792 1409 834 verbis
1435 792 1688 843 ostendere,
1711 793 1774 834 nil
1798 793 1883 834 cal-

1049 848 1140 890 lida
1158 849 1484 890 machinatione
1503 848 1721 899 simulare,
1740 848 1883 890 nullas

1050 905 1218 956 injuriis
1247 905 1537 947 contumelias
1565 904 1768 955 reddere,
1800 917 1883 958 pro

1049 961 1414 1010 maledicentibus
1426 964 1562 1012 orare,
1573 963 1884 1014 paupertatem

1052 1019 1266 1069 quaerere,
1293 1019 1502 1070 possessa
1525 1017 1789 1069 relinquere,
1817 1030 1882 1059 ra-

1049 1073 1189 1125 pienti
1202 1085 1292 1114 non
1307 1076 1525 1124 resistere,
1544 1074 1810 1126 percutienti
1824 1073 1883 1115 al-

1049 1134 1191 1171 teram
1209 1129 1433 1171 maxillam
1450 1129 1675 1183 praebere?

1102 1190 1151 1241 lxffv,
1181 1186 1362 1228 Amavit
1381 1198 1481 1228 eum
1498 1186 1734 1236 Dominus,
1755 1190 1800 1228 et
1817 1198 1884 1227 or-

1050 1242 1172 1284 navit
1205 1255 1324 1284 eum:
1361 1242 1522 1284 stolam
1553 1241 1708 1294 gloriae
1739 1241 1884 1284 induit

1052 1311 1168 1348 eum,
1188 1305 1209 1328 *
1241 1299 1299 1340 Et
1327 1298 1385 1340 ad
1411 1303 1564 1352 portas
1589 1298 1786 1350 paradisi
1813 1310 1884 1340 co-

1051 1354 1224 1396 ronavit
1253 1368 1363 1397 eum.
1400 1353 1448 1404 Y.
1479 1354 1630 1396 Induit
1662 1367 1762 1396 eum
1788 1354 1884 1395 Dfis

1050 1411 1234 1452 loricam
1257 1411 1378 1461 fidei,
1404 1416 1449 1453 et
1473 1411 1647 1453 ornavit
1672 1423 1783 1452 eum.
1815 1410 1884 1452 Et.

1129 1470 1279 1510 Lectio
1302 1470 1353 1509 vi.
1434 1475 1526 1518 Cap.
1548 1474 1596 1509 17.
1616 1479 1705 1518 post
1723 1475 1802 1509 init.

1116 1536 1269 1576 ampas
1295 1525 1550 1575 contempta
1575 1521 1696 1575 apud
1721 1522 1884 1574 cogita-

1144 1580 1290 1621 tiones
1323 1579 1520 1621 divitum.
1557 1579 1687 1631 Saepe
1717 1580 1883 1620 contin-

1049 1635 1128 1686 git,
1153 1639 1203 1677 ut
1226 1636 1394 1677 electus
1420 1635 1624 1687 quisque,
1651 1634 1727 1687 qui
1751 1634 1808 1676 ad
1827 1647 1882 1676 ae-

1049 1693 1220 1732 ternam
1247 1691 1502 1733 felicitatem
1528 1690 1720 1740 ducitur,
1747 1693 1882 1732 conti-

1049 1760 1136 1788 nua
1171 1747 1243 1789 hic
1279 1747 1548 1789 adversitate
1591 1745 1883 1799 deprimatur:

1049 1816 1138 1844 non
1169 1803 1286 1844 hunc
1322 1816 1471 1845 rerum
1503 1802 1774 1844 abundantia
1803 1802 1882 1843 ful-

1050 1860 1154 1909 ciat,
1182 1872 1271 1901 non
1299 1859 1562 1911 dignitatum
1585 1858 1727 1910 gloria
1745 1858 1883 1900 hono-

1049 1915 1234 1958 rabilem
1264 1914 1488 1966 ostendat,
1528 1914 1648 1956 nulla
1683 1914 1724 1956 ei
1757 1913 1882 1957 obse-

1052 1973 1277 2024 quentium
1290 1972 1538 2024 frequentia
1552 1974 1772 2023 suppetat,
1791 1970 1882 2012 nul-

1049 2029 1092 2069 la
1127 2028 1244 2070 hunc
1280 2028 1482 2069 humanis
1522 2027 1661 2069 oculis
1694 2027 1883 2069 vestium

1049 2097 1216 2137 pompa
1241 2086 1495 2137 componat:
1525 2097 1550 2125 a
1579 2083 1750 2125 cunctis
1774 2095 1881 2124 vero

1049 2140 1333 2194 despicabilis
1389 2140 1602 2185 cernitur,
1660 2144 1705 2181 et
1753 2138 1880 2192 hujus

1047 2197 1200 2239 mundi
1224 2197 1366 2247 gratia
1391 2196 1596 2248 indignus
1623 2196 1880 2237 aestimatur:

1047 2253 1128 2295 sed
1148 2258 1296 2294 tamen
1311 2258 1414 2294 ante
1432 2252 1596 2294 occulti
1610 2251 1765 2304 judicis
1780 2253 1880 2293 ocu-

1047 2309 1114 2351 los
1134 2309 1371 2351 virtutibus
1391 2309 1564 2358 emicat,
1590 2309 1694 2350 vitae
1712 2307 1880 2350 meritis

1048 2369 1268 2407 coruscat:
1291 2365 1501 2406 honorari
1517 2364 1689 2414 metuit,
1712 2363 1881 2416 despici

1048 2434 1135 2462 non
1156 2421 1332 2473 refugit:
1353 2434 1515 2473 corpus
1535 2419 1803 2462 continentia
1821 2419 1880 2460 af-

1047 2478 1154 2527 ficit,
1181 2477 1277 2518 sola
1299 2477 1345 2518 in
1364 2477 1510 2518 animo
1531 2476 1768 2518 dilectione
1787 2475 1879 2528 pin-

1047 2533 1231 2584 guescit:
1246 2537 1440 2575 mentem
1456 2545 1629 2585 semper
1643 2531 1701 2573 ad
1714 2531 1879 2584 patien-

1047 2590 1154 2631 tiam
1196 2591 1439 2642 praeparat,
1488 2594 1532 2630 et
1579 2589 1753 2630 erectus
1794 2597 1878 2639 pro

1048 2646 1228 2697 justitia,
1266 2645 1322 2687 de
1350 2645 1574 2698 perceptis
1602 2642 1879 2685 contumeliis

1049 2701 1254 2743 exsultat:
1277 2701 1453 2743 afflictis
1473 2713 1527 2742 ex
1546 2699 1682 2741 corde
1701 2699 1878 2750 compa-
