2040 2976
193 219 249 263 [37
251 219 292 263 Ο]

193 321 230 352 et
253 317 462 352 Dominum
486 314 783 356 dominantium,
810 317 918 348 tanta
942 324 1025 348 sus-

193 367 333 411 cipiam
357 365 573 400 reverentia
600 368 637 399 et
661 363 893 406 humilitate,
918 367 1025 398 tanta

193 416 424 452 contritione
454 419 491 450 et
522 414 750 456 devotione,
782 417 890 448 tanta
922 413 1025 457 puri-

192 469 268 502 tate
302 470 339 501 et
370 466 461 507 fide,
492 465 561 500 tali
595 463 801 508 proposito
835 467 872 498 et
904 463 1025 498 inten-

191 517 311 559 tione,
332 516 432 550 sicut
453 514 611 559 expedit
628 513 745 548 saliiti
763 513 902 548 animae
917 524 1024 548 meae.

192 567 250 601 Da
266 566 377 609 mihi,
402 575 553 610 quaeso,
576 564 772 599 Dominici
792 565 968 608 corporis
989 568 1026 599 et

192 616 394 660 sanguinis
419 626 498 650 non
523 615 650 650 solum
676 614 873 658 suscipere
898 625 1024 649 sacra-

191 668 374 709 mentum,
414 666 485 700 sed
515 665 635 700 etiam
665 674 746 699 rem
777 668 815 699 et
842 664 1025 699 virtiitem

192 715 432 751 sacramenti.
466 715 497 750 Ο
521 714 724 749 mitissime
741 714 858 757 Deus,
883 715 933 749 da
956 714 1024 748 mi-

190 766 232 800 hi
265 776 409 810 corpus
441 764 632 808 unigeniti
662 763 751 798 Filii
783 764 840 798 tui
867 763 1025 798 Domini

190 816 314 851 nostri
347 816 442 851 Jesu
477 815 639 857 Christi,
679 814 786 858 quod
822 814 941 848 traxit
976 814 1024 849 de

190 866 350 910 Virgine
374 865 512 908 Maria,
549 864 606 898 sic
633 864 845 907 suscipere,
878 867 921 897 ut
945 864 1025 898 cor-

192 916 279 960 pori
304 926 375 950 suo
399 916 567 960 mystico
598 915 746 949 merear
770 913 1024 957 incorporari,

192 971 228 1001 et
266 966 366 1000 inter
407 966 490 1008 ejus
534 964 706 999 membra
745 964 1024 998 connumerari.

191 1016 222 1051 O
260 1015 522 1050 amantissime
552 1014 685 1057 Pater,
725 1013 894 1048 concede
928 1013 1026 1048 mihi

191 1065 375 1100 dilectum
390 1064 531 1099 Filium
553 1068 675 1106 tuum,
698 1073 815 1107 quem
838 1073 941 1098 nunc
962 1074 1026 1098 ve-

191 1116 312 1150 latum
335 1115 375 1149 in
399 1114 465 1150 via
490 1114 687 1158 suscipere
704 1115 894 1158 propono,
918 1124 1026 1149 reve-

190 1166 269 1200 lata
305 1164 461 1200 tandem
501 1164 599 1198 facie
632 1165 821 1208 perpetuo
858 1168 1026 1199 contem-

190 1215 301 1259 plari.
348 1214 422 1256 Qui
451 1218 579 1248 tecum
602 1214 717 1257 vivit,
751 1217 788 1248 et
817 1218 954 1257 regnat
984 1214 1024 1248 in

191 1265 337 1300 unitate
363 1264 530 1308 Spiritus
555 1264 680 1298 sancti
703 1263 820 1308 Deus,
846 1268 915 1299 etc.

227 1357 371 1397 Oratio
398 1357 450 1397 ad
472 1357 518 1396 B.
543 1356 593 1396 M.
612 1356 660 1396 V.
686 1356 786 1396 ante
809 1355 992 1395 Missam.

456 1416 563 1447 Indng.
586 1416 634 1440 100
654 1415 770 1440 dicrum.

367 1460 425 1485 Leo
446 1460 500 1485 ΡΙ),
522 1459 600 1484 xm.
624 1460 660 1484 H.
683 1459 761 1484 μὴν.
785 1459 858 1484 18³3.

198 1512 244 1588 O
262 1505 385 1540 Mater
401 1504 558 1549 pietatis
576 1508 613 1538 et
629 1503 920 1547 misericordiae,
936 1503 1026 1538 bea-

288 1555 438 1590 tissima
457 1554 579 1598 Virgo
596 1554 733 1597 Maria,
757 1564 829 1597 ego
850 1553 969 1588 miser
990 1558 1027 1588 et

194 1605 374 1649 indignus
396 1606 580 1649 peccator
601 1604 651 1638 ad
671 1608 708 1638 te
733 1604 916 1647 confligio
943 1607 1026 1638 toto

194 1655 310 1690 corde
343 1659 379 1689 et
411 1655 564 1697 affectu,
604 1658 641 1688 et
672 1664 811 1697 precor
842 1654 1027 1697 pietatem

193 1710 312 1740 tuam:
336 1709 378 1740 ut
402 1705 503 1739 sicut
526 1704 752 1739 dulcissimo
769 1704 869 1738 Filio
893 1708 960 1738 tuo
987 1703 1027 1738 in

194 1765 306 1790 cruce
338 1754 524 1799 pendenti
557 1753 731 1796 astitisti,
775 1753 829 1788 ita
862 1757 900 1788 et
931 1753 1028 1788 mihi

193 1806 334 1840 misero
351 1804 557 1849 peccatori,
574 1808 611 1838 et
624 1804 894 1840 sacerdotibus
908 1804 1027 1839 omni-

192 1856 266 1890 bus
291 1855 355 1890 hic
379 1858 416 1889 et
439 1854 479 1888 in
502 1858 585 1889 tota
609 1858 744 1889 sancta
762 1854 939 1889 Ecclesia
960 1854 1027 1889 ho—

194 1905 256 1940 die
293 1904 559 1947 offerentibus,
603 1904 810 1938 clementer
844 1904 1026 1938 assistere

194 1955 376 1999 digneris,
399 1958 441 1989 ut
465 1958 531 1989 tua
555 1953 680 1997 gratia
706 1953 843 1996 adjt'iti,
868 1953 1027 1997 dignam

194 2011 231 2039 et
255 2004 533 2048 acceptabilem
556 2003 726 2038 hostiam
752 2003 791 2037 in
816 2004 1027 2047 conspectu

195 2065 354 2089 summae
378 2059 414 2089 et
436 2053 650 2088 individuae
666 2053 869 2088 Trinitatis
891 2053 1026 2088 offerre

194 2104 403 2139 valeamus.
442 2104 577 2138 Amen.

331 2195 476 2235 Oratio
504 2195 556 2235 ad
583 2195 625 2234 S.
654 2193 896 2246 Josephum.

459 2261 563 2291 Indulg.
587 2261 634 2285 mo
656 2261 771 2286 dierum.

428 2304 494 2329 Pius
515 2304 561 2330 ix.
582 2305 605 2329 -ι,
626 2305 706 2330 Febr.
728 2306 801 2331 1⁸77.

275 2351 425 2386 felicem
448 2351 575 2386 virum
598 2352 755 2386 beatum
778 2351 802 2386 J
805 2351 940 2395 oseph,
965 2350 1027 2385 cui

298 2401 431 2436 datum
454 2405 523 2443 est,
541 2401 675 2444 Deum,
701 2412 815 2446 quem
838 2401 949 2436 multi
970 2411 1027 2436 re-

195 2461 263 2494 ges
283 2452 490 2487 voluerunt
506 2451 650 2495 videre,
674 2456 711 2486 et
734 2462 812 2486 non
835 2451 1026 2494 viderunt,

196 2501 346 2544 audire,
379 2505 417 2536 et
441 2511 521 2536 non
545 2501 766 2543 audierunt,
797 2511 876 2536 non
900 2501 1027 2536 solum

195 2551 329 2586 videre
353 2555 391 2586 et
414 2551 558 2594 audire,
581 2551 651 2585 sed
675 2553 841 2594 portare,
867 2551 1027 2586 deoscu-

195 2601 278 2643 lari,
300 2601 443 2636 vestire
468 2605 505 2636 et
529 2600 734 2635 custodire.

251 2647 294 2693 Y.
336 2650 413 2686 Ora
450 2661 522 2694 pro
561 2650 676 2685 nobis
715 2650 828 2684 beate
866 2650 1027 2694 Joseph.

203 2702 241 2745 R..
279 2699 331 2734 Ut
369 2700 478 2743 digni
515 2700 728 2734 efficiamur
760 2700 1028 2743 promissioni-

196 2749 269 2784 bus
294 2749 451 2785 Christi.

801 221 1042 264 Praeparatio
1068 221 1117 254 ad
1140 220 1310 253 Missam.

1414 312 1585 347 OremuS.

1084 376 1222 449 Deus,
1247 367 1314 412 qui
1338 367 1482 402 dedisti
1505 366 1621 402 nobis
1640 366 1770 410 regale
1787 376 1912 401 sacer-

1162 418 1320 461 dotium,
1337 421 1483 461 praesta
1499 417 1734 461 quaesumus,
1753 420 1796 451 ut
1812 416 1913 451 sicut

1076 469 1214 503 beatus
1227 467 1379 511 Joseph
1396 467 1637 510 unigenitum
1647 466 1789 501 Filium
1803 470 1912 501 tuum

1076 523 1209 553 natum
1231 528 1279 552 ex
1295 517 1417 552 Maria
1436 516 1608 560 Virgine,
1633 516 1724 558 suis
1732 516 1912 551 manibus

1077 569 1298 604 reverenter
1327 569 1492 602 tractare
1518 566 1657 601 meruit
1683 570 1720 601 et
1744 568 1912 610 portare,

1079 619 1132 654 ita
1154 628 1228 653 nos
1255 617 1377 652 facias
1401 627 1487 652 cum
1512 616 1643 651 cordis
1664 616 1854 651 munditia
1876 620 1914 651 et

1079 668 1209 712 operis
1226 667 1448 702 innocentia
1467 667 1545 706 tuis
1561 666 1707 701 sanctis
1724 666 1912 701 altaribus

1079 718 1286 761 deservire,
1299 722 1341 752 ut
1352 718 1643 752 sacrosanctum
1653 716 1743 750 Filii
1752 716 1809 750 tui
1819 715 1912 751 Cor-

1076 779 1151 813 pus
1179 772 1216 804 et
1243 768 1479 812 Sanguinem
1503 767 1622 802 hodie
1648 766 1764 810 digne
1787 767 1912 801 suma-

1077 829 1180 862 mus,
1203 823 1240 854 et
1260 819 1300 853 in
1317 818 1446 852 futfiro
1464 817 1609 852 saeculo
1625 817 1830 861 praemium
1845 816 1912 850 ha·
1942 824 1949 825 ’

1077 869 1168 903 bere
1202 870 1418 903 mereamur
1451 868 1646 902 aeternum.
1695 866 1771 901 Per
1803 865 1912 901 Chri-

1079 923 1181 954 stum
1196 919 1406 954 Dominum
1423 921 1609 952 nostrum.
1644 916 1781 951 Amen.

1155 1033 1300 1073 Oratio
1328 1032 1380 1072 ad
1408 1044 1552 1072 omnes
1580 1030 1768 1081 Angelos
1796 1030 1840 1071 et,

1399 1088 1594 1128 Sanctos.

1344 1154 1452 1186 Indulg.
1474 1154 1523 1179 100
1542 1153 1659 1179 dierum.

1261 1198 1319 1223 Leo
1340 1198 1395 1223 Pl).
1416 1197 1494 1223 xm.
1514 1196 1554 1222 ρο.
1575 1197 1641 1222 Dec.
1663 1196 1738 1222 1884.
1931 1220 1933 1223 .

1133 1250 1252 1294 ngeli,
1268 1248 1521 1293 Archangeli,
1542 1247 1708 1291 Throni,
1728 1246 1913 1282 Domina-

1153 1301 1290 1344 tiones‚
1306 1300 1564 1344 Principatus,
1580 1299 1811 1342 Potestates,
1826 1297 1912 1333 Vir-

1076 1354 1178 1387 tiites
1202 1350 1399 1393 coelorum,
1421 1349 1642 1392 Cherubim,
1667 1352 1783 1393 atque
1804 1347 1912 1383 Sera-

1075 1402 1202 1447 phim,
1237 1411 1371 1436 omnes
1395 1399 1544 1443 Sancti,
1579 1403 1617 1434 et
1647 1398 1801 1434 Sanctae
1827 1397 1912 1442 Dei,

1076 1452 1295 1497 praesertim
1332 1450 1493 1486 Patroni
1529 1450 1626 1494 mei,
1675 1449 1912 1485 intercedere

1079 1502 1292 1547 dignemini
1317 1512 1389 1546 pro
1412 1512 1484 1545 me,
1505 1505 1548 1536 ut
1570 1501 1646 1536 hoc
1670 1499 1913 1536 Sacrificium

1077 1553 1162 1588 Deo
1186 1551 1444 1596 omnipotenti
1468 1551 1585 1595 digne
1605 1550 1760 1586 valeam
1777 1549 1913 1585 offerre

1079 1603 1129 1638 ad.
1151 1602 1307 1637 laudem
1332 1605 1369 1636 et
1387 1600 1558 1645 'gloriam
1579 1599 1748 1635 nominis
1771 1599 1846 1644 sui,
1876 1603 1914 1634 et

1079 1653 1129 1688 ad
1152 1652 1359 1687 utilitatem
1385 1661 1529 1693 meam,
1562 1650 1760 1694 totiiisque
1782 1649 1913 1685 Eccle-

1079 1703 1150 1737 siae
1175 1712 1257 1737 suae
1282 1706 1438 1737 sanctae.
1472 1702 1609 1736 Amen.

1357 1815 1634 1855 Oratio

1084 1885 1351 1920 tantummodo
1390 1884 1555 1918 dicenda
1592 1884 1748 1928 quando
1785 1883 1916 1919 Sacer-

1129 1936 1200 1969 dos
1226 1935 1265 1968 in
1290 1935 1477 1968 honorem
1503 1934 1650 1977 Sancti,
1675 1934 1738 1968 vel
1762 1934 1874 1969 Beati

1322 1985 1483 2019 Missam
1507 1985 1687 2019 celebrat.

1348 2044 1453 2076 Indulg.
1476 2044 1525 2069 100
1543 2044 1660 2070 dierum.

1264 2094 1322 2119 Leo
1343 2094 1398 2119 I'P.
1418 2093 1497 2119 XIII.
1518 2094 1559 2119 20.
1580 2094 1646 2119 Dec.
1668 2094 1743 2120 1884.

1088 2158 1135 2234 O
1150 2156 1281 2187 sancte
1303 2151 1361 2195 N„
1386 2161 1475 2186 ecce
1497 2160 1570 2195 ego
1587 2149 1706 2185 miser
1720 2151 1912 2194 peccator,

1165 2202 1212 2237 de
1226 2202 1303 2237 tuis
1317 2201 1464 2236 meritis
1481 2201 1665 2243 confisus,
1679 2200 1798 2235 offero
1811 2209 1914 2234 nunc

1081 2253 1386 2288 sacratissimum
1411 2251 1701 2287 Sacramentum
1726 2249 1913 2294 Corporis

1081 2307 1118 2338 et
1134 2302 1343 2347 Sanguinis
1360 2301 1518 2337 Domini
1539 2298 1664 2336 nostri
1685 2301 1710 2335 J
1713 2311 1782 2336 esu
1804 2299 1913 2336 Chri—

1081 2353 1131 2388 sti
1146 2363 1219 2397 pro
1236 2357 1303 2388 tuo
1319 2353 1468 2388 honore
1491 2355 1528 2386 et
1544 2351 1678 2395 gloria.
1709 2350 1854 2385 Precor
1875 2353 1913 2384 te

1079 2404 1275 2439 humiliter
1291 2407 1329 2439 et
1346 2403 1500 2445 devote,
1522 2406 1564 2437 ut
1584 2412 1656 2446 pro
1677 2411 1738 2436 me
1755 2401 1914 2435 interce-

1081 2454 1171 2489 dere
1201 2453 1389 2497 digneris,
1419 2456 1462 2487 ut
1493 2448 1643 2486 tantum
1672 2450 1915 2486 Sacrificium

1082 2504 1198 2548 digne
1221 2508 1258 2539 et
1279 2502 1570 2547 acceptabiliter
1591 2502 1727 2536 offerre
1749 2501 1913 2542 valeam,

1079 2558 1121 2588 ut
1138 2564 1225 2588 eum
1240 2558 1384 2596 tecum,
1413 2557 1451 2588 et
1471 2563 1558 2587 cum
1579 2551 1759 2586 omnibus
1781 2549 1914 2585 electis

1081 2604 1163 2647 ejus
1181 2604 1415 2639 aeternaliter
1429 2603 1605 2645 laudare,
1631 2605 1746 2646 atque
1763 2610 1850 2636 cum
1867 2610 1914 2635 eo

1080 2653 1420 2697 regnarevvaleam.
1454 2652 1529 2693 Qui
1544 2651 1644 2687 vivit
1665 2655 1703 2686 et
1722 2654 1858 2694 regnat
1873 2650 1914 2684 in

1082 2703 1226 2738 saecula
1243 2702 1484 2737 saeculorum.
1518 2701 1654 2736 Amen.
