2040 2976
739 199 848 232 Furia
875 199 1043 232 secunda

266 296 486 336 Infirmata
512 299 577 334 est
602 292 645 333 in
670 293 929 344 paupertate
952 291 1033 331 vir-

213 357 282 393 tus
300 364 412 392 mea:
430 351 452 375 *
472 354 515 390 et
535 361 635 389 ossa
653 360 750 389 mea
775 346 1033 388 conturbata

213 412 321 448 sunt

261 467 399 518 Super
429 477 579 506 omnes
608 464 804 504 inimicos
827 475 950 504 meos
974 462 1031 503 fa-

212 526 304 563 ctus
341 534 436 562 sum
470 519 754 572 opprebrium
796 524 839 560 et
876 518 1027 559 vicinis

210 577 316 618 meis
335 576 476 617 valde:
495 577 518 600 *
538 580 581 617 et
598 575 728 616 timor
746 575 860 616 notis
879 574 997 615 meis.

261 637 343 687 Qui
363 635 567 677 videbant
591 648 672 683 me,
695 635 811 676 foras
831 634 1031 684 fugerunt

208 705 233 733 a
256 705 342 733 me:
365 692 387 717 *
412 691 619 733 oblivieni
643 690 769 732 datus
795 703 900 738 sum,
924 695 1029 731 tam-

210 761 339 800 quam
357 749 552 788 mertuus
572 759 597 787 a
617 745 760 787 corde.

259 808 418 850 Factus
441 820 536 848 sum
554 811 775 858 tamquam
794 818 869 846 vas
887 805 1028 861 perdi-

207 869 313 904 tum:
327 864 350 888 *
371 863 573 915 queniam
591 861 736 902 audivi
750 861 1027 913 vituperatie-

208 932 306 960 nem
337 919 570 960 multerum
598 917 958 959 commorantium
985 917 1027 957 in

208 975 399 1016 circuitu.
701 994 705 997 -

258 1035 308 1075 In
348 1047 401 1076 eo
442 1034 545 1076 dum
585 1036 866 1076 convenirent
901 1033 1027 1074 simul

205 1089 435 1131 adversum
461 1103 541 1139 me,
566 1091 589 1116 *
614 1093 814 1142 accipere
840 1090 1026 1130 animam

205 1158 346 1186 meam
365 1146 578 1187 consiliati
596 1151 706 1187 sunt.

255 1206 349 1255 Ego
365 1211 509 1247 autem
523 1206 567 1246 in
580 1210 624 1247 te
639 1205 813 1257 speravi
824 1205 1024 1246 Demine:

202 1261 226 1286 *
245 1260 349 1302 dixi:
375 1261 494 1302 Deus
516 1274 638 1302 meus
664 1274 710 1302 es
735 1267 798 1303 tu:
823 1262 867 1302 in
892 1261 1023 1302 mani—

201 1315 282 1358 bus
301 1317 386 1358 tuis
405 1322 546 1358 sortes
565 1330 686 1358 meae.

252 1377 382 1428 Eripe
431 1390 500 1418 me
550 1376 605 1418 de
655 1389 785 1418 manu
832 1377 1022 1417 inimice-

200 1444 295 1473 rum
322 1434 529 1481 me6rum,
549 1433 571 1457 *
600 1438 643 1473 et
671 1446 695 1473 a
726 1432 1021 1484 persequenti-

200 1486 282 1528 bus
309 1501 390 1529 me.

252 1547 427 1589 Illustra
452 1547 605 1588 faciem
631 1554 751 1589 tuam
778 1561 909 1600 super
935 1561 1021 1589 ser-

201 1616 302 1643 vum
320 1609 451 1651 tuum,
471 1603 637 1644 salvum
657 1616 728 1644 me
747 1603 814 1644 fac
832 1604 875 1644 in
898 1604 1021 1645 mise-

201 1658 389 1699 ricerdia
415 1664 507 1700 tua:
534 1659 557 1684 *
584 1659 771 1700 Demine
803 1672 890 1700 non
922 1673 1020 1702 con-

202 1713 366 1762 fundar,
388 1714 590 1766 queniam
608 1715 807 1756 invocavi
826 1720 880 1757 te.

251 1773 520 1816 Erubescant
553 1775 691 1826 impii,
729 1780 772 1817 et
805 1775 1019 1817 deducan-

199 1834 269 1870 tur
286 1830 329 1869 in
348 1830 575 1871 infernum:
594 1831 616 1855 *
636 1836 755 1872 muta
777 1831 883 1873 fiant
905 1831 1020 1873 labia

199 1884 364 1927 dolesa.

252 1945 359 1994 Quae
378 1945 613 1997 loquuntur
635 1946 844 1988 adversus
862 1948 1020 1999 justum

200 1999 488 2051 iniquitatem,
515 2003 538 2027 *
566 2002 608 2042 in
643 2002 864 2054 superbia,
900 2009 944 2046 et
976 2005 1019 2045 in

198 2054 417 2098 abusiene.

251 2116 390 2165 Quam
422 2129 577 2167 magna
609 2119 840 2162 multitudo
875 2120 1017 2162 dulce-

200 2169 310 2211 dinis
329 2177 416 2213 tuae
434 2172 629 2222 D6mine,
648 2175 671 2199 *
691 2188 820 2227 quam
838 2176 1017 2219 abscon-

199 2225 301 2267 disti
318 2227 566 2269 timentibus
586 2235 640 2270 te.

249 2286 473 2329 Perfecisti
511 2288 587 2337 eis,
634 2291 706 2342 qui
750 2298 927 2343 sperant
973 2293 1017 2334 in

198 2347 257 2390 te,
283 2342 306 2367 *
336 2342 378 2382 in
406 2346 643 2396 conspectu
671 2346 857 2388 filierum
883 2347 1017 2389 hemi—

197 2410 311 2438 num.

248 2456 506 2500 Abscendes
526 2472 602 2500 eos
621 2460 663 2501 in
682 2461 940 2505 abscendito
959 2464 1016 2505 fa-

195 2512 277 2553 ciei
308 2518 394 2554 tuae
422 2514 445 2539 *
473 2527 499 2556 a
527 2516 855 2559 conturbatione
882 2518 1016 2560 hemi-

197 2581 310 2608 num.

244 2628 455 2679 Preteges
479 2643 555 2671 eos
578 2631 620 2671 in
639 2631 920 2675 tabernaculo
939 2640 1015 2677 tuo

195 2683 218 2707 ¹⁸¹
237 2696 263 2724 a
281 2685 623 2728 contradictiene
642 2687 893 2738 linguarum.

1070 198 1118 231 ad
1143 198 1379 231 Matutinum.

1138 289 1400 332 Benedictus
1415 290 1646 331 Deminus:
1665 290 1688 315 *
1709 290 1915 342 queniam

1084 346 1331 387 mirificavit
1386 345 1733 387 misericerdiam
1789 358 1914 388 suam

1084 401 1189 442 mihi
1207 402 1250 442 in
1270 401 1446 443 civitate
1464 403 1641 443 munita.

1136 462 1230 512 Ego
1251 466 1396 503 autem
1416 461 1507 503 dixi
1530 461 1575 502 in
1594 463 1779 504 excessu
1795 475 1913 504 men-

1083 517 1138 558 tis
1165 530 1292 559 meae:
1320 518 1344 543 *
1371 518 1597 568 Proiectus
1625 530 1722 559 sum
1749 531 1775 560 a
1802 518 1913 560 facie

1084 573 1310 614 oculerum
1328 575 1513 615 tuerum.

1133 633 1242 675 Ideo
1275 633 1490 675 exaudisti
1517 645 1674 675 vocem
1702 634 1912 676 oratienis

1082 702 1203 739 meae,
1222 690 1246 715 *
1266 689 1370 731 dum
1390 689 1627 731 clamarem
1645 689 1702 732 ad
1720 695 1776 732 te.

1132 750 1310 801 Diligite
1332 750 1569 791 Deminum
1595 763 1748 792 omnes
1773 751 1913 793 sancti

1082 806 1185 856 ejus:
1204 807 1227 831 *
1249 806 1453 858 queniam
1467 806 1699 848 veritatem
1717 809 1912 860 requiret

1080 861 1308 912 Dominus,
1335 867 1379 904 et
1402 862 1615 904 retribuet
1637 862 1912 906 abundanter

1080 917 1336 960 facientibus
1357 918 1620 971 superbiam.

1130 978 1326 1020 Viriliter
1345 978 1474 1033 agite,
1488 984 1532 1020 et
1547 979 1819 1022 confortetur
1833 993 1912 1022 cor

1080 1039 1287 1084 vestrum,
1315 1035 1338 1060 *
1368 1047 1519 1076 omnes
1549 1036 1624 1088 qui
1651 1036 1840 1088 speratis
1866 1036 1912 1078 in

1078 1089 1280 1132 Demino.

1353 1165 1548 1206 Psalmus
1568 1166 1625 1206 31.

1075 1230 1250 1335 Beati
1271 1255 1457 1294 quorum
1481 1244 1677 1284 remissae
1705 1247 1807 1284 sunt
1832 1242 1908 1284 ini-

1181 1298 1388 1349 quitates:
1420 1299 1444 1324 *
1479 1303 1523 1340 et
1564 1311 1752 1351 quorum
1790 1304 1909 1342 tecta

1075 1358 1175 1395 sunt
1201 1356 1396 1406 peccata.

1127 1409 1291 1451 Beatus
1325 1410 1411 1460 vir,
1448 1410 1518 1452 cui
1553 1423 1642 1452 non
1674 1410 1908 1464 imputAvit

1073 1464 1288 1507 Deminus
1319 1468 1569 1518 peccatum,
1596 1467 1620 1493 *
1647 1480 1730 1509 nec
1762 1472 1830 1510 est
1862 1467 1907 1508 in

1075 1521 1230 1572 spiritu
1249 1522 1338 1573 ejus
1358 1522 1497 1564 dolus.

1126 1577 1341 1627 Queniam
1376 1579 1513 1629 tacui,
1551 1579 1906 1622 inveteraverunt

1075 1644 1175 1673 ossa
1189 1646 1297 1683 mea,
1308 1635 1331 1659 *
1343 1634 1447 1676 dum
1462 1634 1699 1677 clamarem
1711 1639 1808 1678 tota
1822 1635 1904 1678 die.

1126 1689 1341 1739 Queniam
1373 1690 1444 1732 die
1477 1704 1529 1733 ac
1559 1696 1690 1734 nocte
1721 1693 1905 1743 gravata

1075 1749 1141 1786 est
1159 1757 1290 1798 super
1312 1759 1383 1788 me
1401 1760 1555 1789 manus
1573 1753 1663 1790 tua:
1680 1747 1705 1774 *
1724 1750 1904 1790 conver-

1073 1812 1146 1841 sus
1165 1813 1262 1842 sum
1280 1802 1323 1842 in
1343 1806 1539 1849 aerumna
1556 1816 1666 1855 mea,
1681 1803 1787 1846 dum
1803 1817 1903 1846 con-

1072 1855 1219 1907 figitur
1237 1858 1373 1910 spina.

1123 1912 1343 1955 Delictum
1382 1927 1528 1957 meum
1565 1916 1789 1967 cognitum
1822 1916 1904 1960 tibi

1071 1967 1172 2009 feci:
1208 1970 1232 1995 *
1269 1975 1313 2012 et
1347 1971 1599 2023 injustitiam
1634 1985 1779 2014 meam
1814 1986 1903 2016 non

1072 2023 1293 2067 abscendi.

1123 2080 1241 2121 Dixi:
1277 2082 1532 2126 Confitebor
1564 2084 1799 2127 adversum
1830 2098 1902 2127 me

1070 2134 1322 2187 injustitiam
1345 2152 1490 2181 meam
1514 2141 1724 2182 Deminoz
1741 2141 1766 2167 *
1785 2145 1829 2183 et
1853 2146 1903 2184 tu

1071 2193 1275 2235 remisisti
1293 2195 1565 2248 impietatem
1581 2197 1755 2250 peccati
1771 2197 1869 2239 mei.

1122 2248 1209 2290 Pro
1228 2249 1310 2292 hac
1333 2252 1478 2295 orabit
1497 2253 1554 2295 ad
1570 2258 1616 2295 te
1640 2253 1782 2295 omnis
1805 2266 1900 2295 san-

1071 2308 1176 2353 ctus,
1195 2306 1219 2331 *
1238 2306 1282 2347 in
1300 2309 1501 2360 tempore
1521 2313 1787 2362 opportuno.

1121 2360 1435 2405 Verumtamen
1451 2365 1494 2405 in
1505 2365 1671 2408 diluvio
1686 2368 1899 2418 aquarum

1069 2415 1317 2469 multarum,
1336 2420 1359 2446 *
1378 2419 1435 2462 ad
1459 2433 1559 2462 eum
1582 2435 1672 2464 non
1695 2422 1898 2475 approxi-

1069 2472 1260 2515 mabunt.
1825 2486 1831 2491 '

1121 2527 1189 2569 Tu
1216 2542 1263 2570 es
1290 2530 1506 2581 refugium
1537 2545 1684 2575 meum
1711 2547 1738 2575 a
1763 2533 1897 2576 tribu-

1069 2581 1239 2634 latiene‚
1260 2598 1358 2638 quae
1378 2587 1667 2631 circumdedit
1685 2603 1772 2632 me:
1786 2591 1811 2617 *
1826 2603 1897 2632 ex-

1067 2638 1244 2735 subltatio
1260 2655 1358 2684 mea
1374 2645 1477 2686 erue
1496 2657 1566 2687 me
1585 2657 1612 2686 a
1627 2646 1896 2688 circumden—

1087 2708 1100 2734 1
1133 2708 1182 2736 us
1201 2710 1281 2738 me.
