2040 2976
824 229 938 263 Festa
962 230 1065 263 sulii.
1091 232 1166 268 (20.)

144 326 214 368 cui
237 325 376 376 gloria
403 326 494 378 jure
520 323 720 375 debetur,
750 330 794 367 et
818 329 971 368 secure

143 381 419 435 impenditur.
456 381 616 423 Sancto
635 382 868 424 Vincentio
890 395 971 424 nec

143 439 293 488 virtus,
311 450 393 485 nec
412 437 552 489 gloria
571 437 710 479 deest:
729 437 808 480 sed
826 451 971 491 quem-

146 493 386 537 admodum
419 493 562 535 ambae
594 506 682 543 res,
717 499 760 536 et
789 507 876 546 quo
905 497 971 536 or-

145 551 246 593 dine
278 550 322 592 in
357 550 533 592 homine
565 552 891 602 processerunt,
927 550 972 593 id

146 610 295 661 operae
319 607 508 660 pretium
538 607 706 648 intueri.
746 606 972 648 Habemus

146 664 271 714 enim,
290 663 574 714 dilectissimi,
590 663 634 704 in
649 663 739 705 vita
753 663 973 706 Vincentii

146 726 190 762 et
218 719 339 773 quod
366 718 497 771 digne
523 720 746 770 miremur,
782 725 825 762 et
854 719 973 772 quod

147 776 381 819 salubriter
412 777 640 818 imitemur.
684 776 840 818 Tutius
869 789 972 818 sane

148 832 394 875 aemulanda
425 832 650 883 solidiora,
684 845 813 886 quam
845 833 971 874 subli-

146 890 296 940 miora,
316 894 360 931 et
380 902 479 941 quae
498 890 636 941 magis
654 889 860 932 virtutem
878 889 972 931 red—

148 946 306 996 oleant,
325 946 511 997 gloriam
529 947 680 987 minus.
712 946 973 988 Studeamus

147 1002 334 1056 proinde
366 1002 562 1044 moribus
595 1003 874 1052 conformari,
906 1004 974 1044 cui

148 1061 192 1101 in
218 1059 489 1101 mirabilibus
519 1059 714 1109 similari,
747 1060 828 1101 etsi
856 1060 973 1101 volu-

148 1129 256 1165 mus,
283 1128 372 1157 non
400 1116 606 1157 valemus.

201 1181 252 1233 R.
278 1177 457 1219 Amavit
474 1189 584 1218 eum.

451 1250 604 1290 Lectio
626 1251 676 1289 vi.

279 1308 494 1350 mulemur
516 1308 561 1349 in
583 1309 678 1350 viro
703 1308 897 1349 sobrium
917 1308 976 1349 vi—

297 1370 426 1415 ctum,
451 1364 659 1407 devotum
679 1365 897 1406 affectum:
922 1378 975 1406 ae-

148 1422 364 1464 mulemur
386 1422 765 1464 mansuetudinem
789 1422 976 1474 spiritus,

151 1479 455 1521 castimoniam
480 1479 692 1532 corporis,
721 1479 810 1520 oris
835 1480 976 1519 custo-

152 1535 280 1586 diam,
295 1536 428 1577 animi
441 1536 689 1588 puritatem,
703 1537 868 1588 ponere
883 1535 977 1576 frae-

151 1605 256 1634 num
286 1592 364 1634 irae
392 1597 436 1634 et
463 1592 644 1634 modum
670 1592 844 1643 linguae,
880 1591 977 1633 dor-

152 1651 261 1691 mire
300 1649 494 1702 parcius,
536 1651 662 1691 orare
697 1648 978 1701 frequentius,

154 1708 433 1748 commonere
459 1708 755 1758 nosmetipsos
787 1705 979 1758 psalmis,

153 1762 345 1814 hymnis,
382 1767 426 1804 et
457 1762 638 1804 canticis
671 1761 979 1815 spiritualibus,

155 1819 311 1862 diebus
338 1820 516 1872 jungere
543 1824 713 1868 noctes,
747 1823 791 1860 et
823 1817 980 1860 divinis

153 1875 358 1918 laudibus
377 1876 595 1928 occupari,
615 1870 868 1916 aemulemur
883 1874 979 1915 cha-

153 1934 335 1975 rismata
363 1932 555 1975 meliora.
600 1932 889 1980 AEmulemur‚
921 1931 980 1971 in-

157 2003 306 2042 quam,
345 1985 466 2042 qu‘od
508 1990 675 2032 exstitit
710 1987 902 2030 liberalis
937 1988 979 2028 in

153 2049 394 2099 pauperes,
434 2043 607 2100 patiens
643 2045 700 2087 ad
735 2047 980 2098 peccanteS,

155 2103 368 2154 benignus
387 2102 444 2146 ad
460 2116 622 2145 omnes.
650 2103 749 2144 Hoc
768 2101 882 2143 enim
895 2102 980 2142 me-

155 2159 250 2201 lius.
290 2161 341 2201 In
366 2160 434 2202 his
462 2160 602 2202 forma
629 2164 711 2209 est,
740 2158 810 2200 cui
836 2157 979 2210 impri-

155 2217 342 2258 mamur:
366 2217 410 2258 in
432 2216 652 2258 miraculis
675 2214 824 2266 gloria,
851 2227 876 2254 a
896 2225 982 2265 qua

155 2273 456 2326 reprimamur.
511 2273 592 2314 Illa
622 2271 863 2319 laetificent,
898 2269 981 2310 ista

157 2329 393 2371 aedificent:
424 2331 630 2371 moveant
657 2327 745 2376 illa,
773 2327 855 2368 ista
882 2337 980 2377 pro-

157 2387 371 2427 moveant.
418 2387 469 2437 R.
502 2386 592 2426 Iste
610 2384 754 2425 homo.

372 2467 421 2506 In
450 2465 520 2505 ΠΙ.
549 2463 769 2501 Nocturno.

160 2530 313 2571 Lectio
333 2530 472 2571 sancti
494 2527 719 2579 Evangelii
743 2524 982 2568 secundum

486 2586 662 2626 Lucam.

236 2640 386 2681 Lectio
409 2638 475 2678 vii.
723 2635 824 2683 Cup.
843 2635 903 2670 lo.

159 2698 235 2805 In
261 2705 337 2746 illo
365 2706 582 2757 tempore:
612 2698 868 2750 Designavit
895 2697 982 2737 Do-

224 2761 366 2803 minus
385 2765 429 2802 et
444 2759 554 2801 alios
569 2758 845 2810 septuaginta
859 2753 982 2802 duos,

1021 331 1064 367 et
1082 326 1198 368 misit
1215 326 1314 367 illos
1333 325 1460 367 binos
1479 329 1578 366 ante
1597 325 1751 366 faciem
1773 338 1840 366 su-

1022 395 1090 423 am
1113 382 1158 423 in
1184 395 1356 424 omnem
1380 381 1600 423 civitatem
1624 386 1667 423 et
1684 381 1840 431 locum,

1023 451 1109 490 quo
1132 444 1224 480 erat
1242 438 1336 490 ipse
1349 441 1567 479 ventarus.
1594 437 1650 479 Et
1665 437 1840 490 reliqua.

1125 516 1313 558 Homih'a
1341 515 1479 557 sancti
1507 515 1738 567 Augustini

1323 571 1543 624 Episcopi.

1204 639 1334 672 Sermo
1360 638 1409 671 42.
1435 638 1480 671 (ic
1506 638 1665 671 Sanctis

1033 706 1071 750 ξς)
1094 698 1221 746 [4,ῇρεε
1250 693 1463 734 Dominus
1494 696 1642 732 noster
1674 690 1842 732 loculos

1032 749 1071 809 ὦ]
1094 747 1137 809 1ζέἶί
1160 750 1311 791 habuit
1338 749 1382 789 in
1408 749 1488 797 via,
1514 752 1557 788 et
1582 747 1705 800 ipsos
1724 747 1841 788 locu-

1035 806 1053 831 ε’
1160 807 1228 847 1οε
1273 804 1398 847 Judae
1452 803 1843 845 commendaverat.

1023 863 1278 905 Patiebatur
1298 860 1474 914 quidem
1493 860 1644 900 furem:
1664 859 1742 900 sed
1762 871 1843 909 ego

1026 934 1051 962 a
1085 920 1276 961 Domino
1316 930 1414 959 meo
1455 916 1621 958 discere
1665 915 1845 967 cupiens

1027 977 1143 1019 dico:
1187 975 1373 1016 Domine
1416 972 1651 1025 patiebaris
1696 971 1844 1020 furem,

1025 1033 1141 1075 unde
1164 1031 1374 1079 habebas,
1399 1028 1513 1070 unde
1538 1026 1733 1070 tolleret?
1774 1027 1845 1068 Me

1025 1090 1246 1131 hominem
1259 1090 1466 1128 miserum
1480 1090 1523 1127 et
1536 1085 1753 1125 infirmum
1763 1096 1846 1124 mo-

1026 1146 1158 1187 nuisti
1193 1157 1274 1186 nec
1311 1143 1531 1185 sacculum
1566 1143 1764 1193 portare:
1799 1145 1846 1181 tu

1026 1202 1214 1255 portasti
1235 1200 1414 1249 loculos,
1440 1203 1482 1240 et
1505 1203 1597 1240 erat
1615 1197 1690 1238 ubi
1709 1197 1846 1237 furem

1028 1258 1254 1312 patereris:
1280 1257 1316 1298 si
1335 1269 1422 1297 non
1442 1257 1653 1307 portares,
1676 1265 1757 1294 nec
1774 1252 1863 1293 ille<

1027 1317 1239 1358 inveniret
1266 1312 1386 1366 quod
1411 1312 1608 1353 auferret.
1645 1309 1758 1359 Quid
1783 1321 1845 1350 re-

1029 1371 1139 1420 stat?
1165 1371 1247 1412 nisi
1272 1369 1392 1422 quod
1411 1369 1481 1409 hic
1500 1367 1617 1409 dicat
1635 1366 1755 1406 mihi:
1780 1366 1846 1405 In-

1027 1429 1190 1480 tellige,
1223 1427 1343 1479 quod
1370 1425 1509 1474 audis,
1541 1423 1644 1465 Noli
1670 1424 1848 1475 portare

1029 1485 1260 1527 sacculum.
1297 1482 1413 1533 Quid
1438 1486 1504 1523 est
1529 1477 1749 1521 sacculus?
1774 1490 1847 1530 ρε-

1030 1542 1156 1584 cunia
1180 1541 1342 1589 clausa,
1368 1539 1413 1580 id
1438 1543 1519 1586 est,
1545 1535 1717 1577 occulta
1738 1534 1847 1586 sapi-

1031 1598 1155 1640 entia.
1191 1597 1339 1638 Nolite
1363 1595 1457 1636 fieri
1477 1593 1695 1645 sapientes
1713 1603 1847 1643 penes

1030 1656 1335 1706 vosmetipsos.
1399 1650 1597 1702 Accipite
1642 1647 1849 1700 Spiritum

1032 1716 1241 1754 sanctum.
1294 1710 1410 1750 Fons
1442 1707 1484 1747 in
1511 1711 1555 1747 te
1582 1704 1715 1746 debet
1744 1715 1849 1750 esse,

1032 1781 1120 1810 non
1145 1765 1359 1808 sacculus:
1383 1762 1498 1805 unde
1524 1763 1739 1812 erogetur,
1763 1772 1849 1799 non

1033 1824 1107 1866 ubi
1126 1822 1382 1864 includatur.
1436 1823 1484 1871 R*-
1511 1819 1601 1859 Iste
1621 1821 1686 1858 est
1706 1815 1788 1867 qui.

1314 1899 1464 1939 Lectio
1487 1898 1567 1937 viii.

1131 1962 1315 2003 eminem
1359 1959 1401 1999 in
1438 1958 1506 1998 via
1550 1953 1849 1997 salutaveritis.

1151 2019 1304 2059 Potest
1329 2013 1505 2068 quidem
1530 2018 1573 2054 et
1597 2009 1850 2062 simpliciter

1034 2077 1096 2117 sic
1114 2074 1264 2126 accipi,
1291 2072 1392 2124 quia
1410 2069 1531 2122 jussit
1549 2080 1630 2108 nos
1649 2065 1850 2107 festinan-

1032 2137 1099 2174 ter
1126 2133 1255 2181 agere
1282 2129 1480 2180 injuncta.
1516 2122 1604 2166 Sed
1630 2127 1697 2164 est
1725 2118 1850 2168 aliud,

1034 2187 1153 2240 quod
1170 2186 1242 2227 hic
1256 2184 1393 2235 magis
1406 2181 1643 2232 recogitem
1661 2191 1749 2219 non
1768 2177 1851 2218 dis-

1034 2244 1171 2286 simile
1190 2241 1442 2293 intelligere,
1468 2236 1588 2290 quod
1605 2236 1703 2288 plus
1723 2233 1850 2286 perti-

1032 2306 1107 2342 net
1132 2299 1189 2341 ad
1206 2311 1287 2347 me,
1312 2302 1355 2338 et
1379 2295 1435 2337 ad
1455 2306 1606 2336 omnes
1630 2292 1851 2343 dispensa-

1033 2359 1163 2405 tores,
1183 2353 1262 2396 sed
1280 2358 1323 2395 et
1342 2352 1398 2394 ad
1413 2363 1492 2392 vos
1511 2349 1741 2391 auditores.
1769 2345 1852 2395 Qui

1034 2413 1203 2461 salutat,
1223 2410 1408 2452 salutem
1428 2407 1665 2449 dicit:·nam
1685 2408 1727 2444 et
1746 2403 1851 2442 anti-

1035 2470 1109 2521 qui
1126 2468 1169 2508 in
1189 2465 1386 2519 epistolis
1405 2464 1494 2505 suis
1514 2462 1575 2503 sic
1595 2457 1852 2506 scribebant,

1033 2526 1113 2567 Ille
1131 2524 1193 2565 illi
1212 2523 1408 2564 salutem.
1439 2516 1649 2560 Salutatio
1669 2527 1695 2555 a
1713 2513 1852 2554 salute

1034 2593 1192 2623 nomen
1211 2578 1390 2631 accepit.
1419 2574 1534 2626 Quid
1547 2584 1651 2622 ergo
1671 2575 1748 2619 est,
1766 2568 1851 2632 Ne:

1034 2643 1193 2679 minem
1228 2636 1273 2676 in
1307 2634 1378 2676 via
1412 2625 1726 2673 salutaveritis?
1771 2625 1854 2674 Qm

1035 2693 1225 2735 salutant
1243 2692 1286 2732 in
1303 2690 1384 2738 via,
1403 2700 1481 2740 per
1501 2684 1775 2727 occasionem
1788 2692 1852 2721 sa-

1034 2751 1187 2792 lutant.
1214 2746 1356 2790 Video
1373 2756 1452 2786 vos
1473 2742 1560 2784 cito
1577 2738 1852 2786 intellexisse,
