<?xml version="1.0" encoding="UTF-8"?>
<!DOCTYPE html PUBLIC "-//W3C//DTD XHTML 1.0 Transitional//EN"
    "http://www.w3.org/TR/xhtml1/DTD/xhtml1-transitional.dtd">
<html xmlns="http://www.w3.org/1999/xhtml" xml:lang="en" lang="en">
 <head>
  <title>
</title>
<meta http-equiv="Content-Type" content="text/html;charset=utf-8" />
  <meta name='ocr-system' content='tesseract 3.04.00' />
  <meta name='ocr-capabilities' content='ocr_page ocr_carea ocr_par ocr_line ocrx_word'/>
</head>
<body>
  <div class='ocr_page' id='page_1' title='image "./p3breviariumroma00cathuoft_0444.png"; bbox 0 0 2040 2976; ppageno 0'>
   <div class='ocr_carea' id='block_1_1' title="bbox 486 206 1579 249">
    <p class='ocr_par' dir='ltr' id='par_1_1' title="bbox 486 206 1579 249">
     <span class='ocr_line' id='line_1_1' title="bbox 486 206 1579 249; baseline -0.004 -6"><span class='ocrx_word' id='word_1_1' title='bbox 486 210 556 243; x_wconf 82' lang='lat' dir='ltr'>Die</span> <span class='ocrx_word' id='word_1_2' title='bbox 582 209 615 243; x_wconf 74' lang='lat' dir='ltr'>S.</span> <span class='ocrx_word' id='word_1_3' title='bbox 640 209 745 243; x_wconf 80' lang='lat' dir='ltr'>Julii.</span> <span class='ocrx_word' id='word_1_4' title='bbox 793 208 827 242; x_wconf 73' lang='lat' dir='ltr'>S.</span> <span class='ocrx_word' id='word_1_5' title='bbox 854 208 1053 242; x_wconf 78' lang='lat' dir='ltr'>Elisabeth</span> <span class='ocrx_word' id='word_1_6' title='bbox 1081 208 1169 249; x_wconf 76' lang='lat' dir='ltr'>Reg.</span> <span class='ocrx_word' id='word_1_7' title='bbox 1195 206 1404 248; x_wconf 72' lang='lat' dir='ltr'>Portugall.</span> <span class='ocrx_word' id='word_1_8' title='bbox 1432 206 1579 240; x_wconf 79' lang='lat' dir='ltr'>Viduae.</span> 
     </span>
    </p>
   </div>
   <div class='ocr_carea' id='block_1_2' title="bbox 171 302 1010 1204">
    <p class='ocr_par' dir='ltr' id='par_1_2' title="bbox 171 302 1010 1204">
     <span class='ocr_line' id='line_1_2' title="bbox 171 302 1005 357; baseline -0.007 -7"><span class='ocrx_word' id='word_1_9' title='bbox 171 309 265 350; x_wconf 91' lang='lat' dir='ltr'>lius.</span> <span class='ocrx_word' id='word_1_10' title='bbox 302 302 351 353; x_wconf 65' lang='lat' dir='ltr'>V.</span> <span class='ocrx_word' id='word_1_11' title='bbox 376 306 532 348; x_wconf 87' lang='lat' dir='ltr'>Melior</span> <span class='ocrx_word' id='word_1_12' title='bbox 556 310 624 347; x_wconf 87' lang='lat' dir='ltr'>est</span> <span class='ocrx_word' id='word_1_13' title='bbox 650 306 764 347; x_wconf 91' lang='lat' dir='ltr'>enim</span> <span class='ocrx_word' id='word_1_14' title='bbox 789 303 1005 357; x_wconf 88' lang='lat' dir='ltr'>sapientia</span> 
     </span>
     <span class='ocr_line' id='line_1_3' title="bbox 171 360 1005 416; baseline -0.008 -9"><span class='ocrx_word' id='word_1_15' title='bbox 171 365 339 407; x_wconf 88' lang='lat' dir='ltr'>cunctis</span> <span class='ocrx_word' id='word_1_16' title='bbox 373 363 531 416; x_wconf 90' lang='lat' dir='ltr'>opibus</span> <span class='ocrx_word' id='word_1_17' title='bbox 564 361 908 415; x_wconf 85' lang='lat' dir='ltr'>pretiosissimis.</span> <span class='ocrx_word' id='word_1_18' title='bbox 949 360 1005 401; x_wconf 90' lang='lat' dir='ltr'>Et</span> 
     </span>
     <span class='ocr_line' id='line_1_4' title="bbox 172 417 1005 463; baseline -0.007 0"><span class='ocrx_word' id='word_1_19' title='bbox 172 421 357 463; x_wconf 87' lang='lat' dir='ltr'>divitias.</span> <span class='ocrx_word' id='word_1_20' title='bbox 398 419 548 461; x_wconf 87' lang='lat' dir='ltr'>Gloria</span> <span class='ocrx_word' id='word_1_21' title='bbox 571 418 702 460; x_wconf 86' lang='lat' dir='ltr'>Patri.</span> <span class='ocrx_word' id='word_1_22' title='bbox 739 418 795 459; x_wconf 91' lang='lat' dir='ltr'>Et</span> <span class='ocrx_word' id='word_1_23' title='bbox 820 417 1005 459; x_wconf 72' lang='lat' dir='ltr'>divitias</span> 
     </span>
     <span class='ocr_line' id='line_1_5' title="bbox 476 480 701 521; baseline -0.004 -1"><span class='ocrx_word' id='word_1_24' title='bbox 476 480 627 521; x_wconf 85' lang='lat' dir='ltr'>Lectio</span> <span class='ocrx_word' id='word_1_25' title='bbox 648 480 701 519; x_wconf 83' lang='lat' dir='ltr'>ix.</span> 
     </span>
     <span class='ocr_line' id='line_1_6' title="bbox 175 531 1005 637; baseline -0.007 -56"><span class='ocrx_word' id='word_1_26' title='bbox 175 531 470 637; x_wconf 87' lang='lat' dir='ltr'>Thesaurus</span> <span class='ocrx_word' id='word_1_27' title='bbox 483 542 630 578; x_wconf 89' lang='lat' dir='ltr'>autem</span> <span class='ocrx_word' id='word_1_28' title='bbox 647 535 828 576; x_wconf 89' lang='lat' dir='ltr'>coeleste</span> <span class='ocrx_word' id='word_1_29' title='bbox 848 539 914 576; x_wconf 88' lang='lat' dir='ltr'>est</span> <span class='ocrx_word' id='word_1_30' title='bbox 934 533 1005 575; x_wconf 88' lang='lat' dir='ltr'>de-</span> 
     </span>
     <span class='ocr_line' id='line_1_7' title="bbox 263 590 1006 644; baseline -0.007 -8"><span class='ocrx_word' id='word_1_31' title='bbox 263 594 487 636; x_wconf 90' lang='lat' dir='ltr'>siderium:</span> <span class='ocrx_word' id='word_1_32' title='bbox 503 605 607 644; x_wconf 90' lang='lat' dir='ltr'>ager</span> <span class='ocrx_word' id='word_1_33' title='bbox 618 604 737 641; x_wconf 87' lang='lat' dir='ltr'>vero,</span> <span class='ocrx_word' id='word_1_34' title='bbox 749 591 794 631; x_wconf 92' lang='lat' dir='ltr'>in</span> <span class='ocrx_word' id='word_1_35' title='bbox 810 603 898 643; x_wconf 92' lang='lat' dir='ltr'>quo</span> <span class='ocrx_word' id='word_1_36' title='bbox 915 590 1006 632; x_wconf 91' lang='lat' dir='ltr'>the-</span> 
     </span>
     <span class='ocr_line' id='line_1_8' title="bbox 173 648 1006 700; baseline -0.008 -6"><span class='ocrx_word' id='word_1_37' title='bbox 173 655 328 694; x_wconf 91' lang='lat' dir='ltr'>saurus</span> <span class='ocrx_word' id='word_1_38' title='bbox 348 649 645 698; x_wconf 91' lang='lat' dir='ltr'>absconditur,</span> <span class='ocrx_word' id='word_1_39' title='bbox 667 648 899 700; x_wconf 87' lang='lat' dir='ltr'>disciplina</span> <span class='ocrx_word' id='word_1_40' title='bbox 919 651 1006 688; x_wconf 89' lang='lat' dir='ltr'>stu-</span> 
     </span>
     <span class='ocr_line' id='line_1_9' title="bbox 173 705 1008 758; baseline -0.007 -8"><span class='ocrx_word' id='word_1_41' title='bbox 173 709 233 751; x_wconf 91' lang='lat' dir='ltr'>dii</span> <span class='ocrx_word' id='word_1_42' title='bbox 249 708 453 750; x_wconf 74' lang='lat' dir='ltr'>coelestis</span> <span class='ocrx_word' id='word_1_43' title='bbox 479 708 619 757; x_wconf 84' lang='lat' dir='ltr'><strong>Quem</strong></span> <span class='ocrx_word' id='word_1_44' title='bbox 634 705 837 758; x_wconf 87' lang='lat' dir='ltr'>profecto</span> <span class='ocrx_word' id='word_1_45' title='bbox 853 717 1008 755; x_wconf 88' lang='lat' dir='ltr'>agrum</span> 
     </span>
     <span class='ocr_line' id='line_1_10' title="bbox 174 760 1009 814; baseline -0.007 -7"><span class='ocrx_word' id='word_1_46' title='bbox 174 765 362 807; x_wconf 89' lang='lat' dir='ltr'>venditis</span> <span class='ocrx_word' id='word_1_47' title='bbox 401 763 605 806; x_wconf 90' lang='lat' dir='ltr'>omnibus</span> <span class='ocrx_word' id='word_1_48' title='bbox 645 764 889 814; x_wconf 87' lang='lat' dir='ltr'>comparat,</span> <span class='ocrx_word' id='word_1_49' title='bbox 934 760 1009 813; x_wconf 85' lang='lat' dir='ltr'>qui</span> 
     </span>
     <span class='ocr_line' id='line_1_11' title="bbox 173 818 1008 874; baseline -0.007 -10"><span class='ocrx_word' id='word_1_50' title='bbox 173 821 475 874; x_wconf 77' lang='lat' dir='ltr'>voluptatibus</span> <span class='ocrx_word' id='word_1_51' title='bbox 536 819 678 862; x_wconf 88' lang='lat' dir='ltr'>carnis</span> <span class='ocrx_word' id='word_1_52' title='bbox 736 818 1008 866; x_wconf 88' lang='lat' dir='ltr'>renuntians,</span> 
     </span>
     <span class='ocr_line' id='line_1_12' title="bbox 174 874 1009 926; baseline -0.008 -5"><span class='ocrx_word' id='word_1_53' title='bbox 174 884 334 921; x_wconf 88' lang='lat' dir='ltr'>cuncta</span> <span class='ocrx_word' id='word_1_54' title='bbox 366 891 445 919; x_wconf 91' lang='lat' dir='ltr'>sua</span> <span class='ocrx_word' id='word_1_55' title='bbox 478 878 652 919; x_wconf 90' lang='lat' dir='ltr'>terrena</span> <span class='ocrx_word' id='word_1_56' title='bbox 680 874 902 917; x_wconf 87' lang='lat' dir='ltr'>desideria</span> <span class='ocrx_word' id='word_1_57' title='bbox 928 886 1009 926; x_wconf 91' lang='lat' dir='ltr'>per</span> 
     </span>
     <span class='ocr_line' id='line_1_13' title="bbox 175 930 1008 988; baseline -0.008 -10"><span class='ocrx_word' id='word_1_58' title='bbox 175 935 420 988; x_wconf 82' lang='lat' dir='ltr'>disciplinae</span> <span class='ocrx_word' id='word_1_59' title='bbox 441 933 634 975; x_wconf 76' lang='lat' dir='ltr'>coelestis</span> <span class='ocrx_word' id='word_1_60' title='bbox 655 931 904 973; x_wconf 87' lang='lat' dir='ltr'>custodiam</span> <span class='ocrx_word' id='word_1_61' title='bbox 924 930 1008 972; x_wconf 89' lang='lat' dir='ltr'>cal—</span> 
     </span>
     <span class='ocr_line' id='line_1_14' title="bbox 175 987 1008 1043; baseline -0.007 -9"><span class='ocrx_word' id='word_1_62' title='bbox 175 998 260 1034; x_wconf 91' lang='lat' dir='ltr'>cat:</span> <span class='ocrx_word' id='word_1_63' title='bbox 288 997 336 1033; x_wconf 91' lang='lat' dir='ltr'>ut</span> <span class='ocrx_word' id='word_1_64' title='bbox 359 991 466 1032; x_wconf 91' lang='lat' dir='ltr'>nihil</span> <span class='ocrx_word' id='word_1_65' title='bbox 489 991 589 1043; x_wconf 77' lang='lat' dir='ltr'>iam,</span> <span class='ocrx_word' id='word_1_66' title='bbox 619 988 740 1041; x_wconf 90' lang='lat' dir='ltr'>quod</span> <span class='ocrx_word' id='word_1_67' title='bbox 765 1000 868 1030; x_wconf 89' lang='lat' dir='ltr'>caro</span> <span class='ocrx_word' id='word_1_68' title='bbox 889 987 1008 1029; x_wconf 91' lang='lat' dir='ltr'>blan-</span> 
     </span>
     <span class='ocr_line' id='line_1_15' title="bbox 175 1044 1010 1098; baseline -0.008 -7"><span class='ocrx_word' id='word_1_69' title='bbox 175 1049 307 1098; x_wconf 82' lang='lat' dir='ltr'>ditur,</span> <span class='ocrx_word' id='word_1_70' title='bbox 335 1047 485 1098; x_wconf 79' lang='lat' dir='ltr'>libeat3</span> <span class='ocrx_word' id='word_1_71' title='bbox 512 1046 620 1087; x_wconf 89' lang='lat' dir='ltr'>nihil</span> <span class='ocrx_word' id='word_1_72' title='bbox 645 1044 765 1098; x_wconf 92' lang='lat' dir='ltr'>quod</span> <span class='ocrx_word' id='word_1_73' title='bbox 789 1044 1010 1086; x_wconf 81' lang='lat' dir='ltr'>carnalem</span> 
     </span>
     <span class='ocr_line' id='line_1_16' title="bbox 175 1100 1009 1156; baseline -0.007 -10"><span class='ocrx_word' id='word_1_74' title='bbox 175 1106 312 1147; x_wconf 90' lang='lat' dir='ltr'>vitam</span> <span class='ocrx_word' id='word_1_75' title='bbox 355 1103 565 1152; x_wconf 87' lang='lat' dir='ltr'>trucidat,</span> <span class='ocrx_word' id='word_1_76' title='bbox 611 1102 792 1156; x_wconf 90' lang='lat' dir='ltr'>spiritus</span> <span class='ocrx_word' id='word_1_77' title='bbox 830 1100 1009 1154; x_wconf 88' lang='lat' dir='ltr'>perhor-</span> 
     </span>
     <span class='ocr_line' id='line_1_17' title="bbox 175 1158 966 1204; baseline -0.008 0"><span class='ocrx_word' id='word_1_78' title='bbox 175 1164 331 1204; x_wconf 89' lang='lat' dir='ltr'>rescat.</span> <span class='ocrx_word' id='word_1_79' title='bbox 399 1163 463 1203; x_wconf 91' lang='lat' dir='ltr'>Te</span> <span class='ocrx_word' id='word_1_80' title='bbox 484 1161 629 1201; x_wconf 91' lang='lat' dir='ltr'>Deum</span> <span class='ocrx_word' id='word_1_81' title='bbox 647 1158 889 1200; x_wconf 81' lang='lat' dir='ltr'>laudamus.</span> <span class='ocrx_word' id='word_1_82' title='bbox 908 1158 966 1198; x_wconf 89' lang='lat'>13.</span> 
     </span>
    </p>
   </div>
   <div class='ocr_carea' id='block_1_3' title="bbox 179 1236 1017 2138">
    <p class='ocr_par' dir='ltr' id='par_1_3' title="bbox 388 1236 805 1337">
     <span class='ocr_line' id='line_1_18' title="bbox 441 1236 744 1279; baseline -0.007 0"><span class='ocrx_word' id='word_1_83' title='bbox 441 1237 521 1279; x_wconf 83' lang='lat' dir='ltr'>Ad</span> <span class='ocrx_word' id='word_1_84' title='bbox 546 1236 744 1278; x_wconf 85' lang='lat' dir='ltr'>Laudes</span> 
     </span>
     <span class='ocr_line' id='line_1_19' title="bbox 388 1294 805 1337; baseline -0.007 -8"><span class='ocrx_word' id='word_1_85' title='bbox 388 1305 406 1329; x_wconf 91' lang='lat' dir='ltr'>e</span> <span class='ocrx_word' id='word_1_86' title='bbox 423 1299 437 1328; x_wconf 84' lang='lat' dir='ltr'>t</span> <span class='ocrx_word' id='word_1_87' title='bbox 475 1305 499 1337; x_wconf 94' lang='lat' dir='ltr'>p</span> <span class='ocrx_word' id='word_1_88' title='bbox 518 1305 537 1329; x_wconf 87' lang='lat' dir='ltr'>e</span> <span class='ocrx_word' id='word_1_89' title='bbox 555 1305 573 1327; x_wconf 91' lang='lat' dir='ltr'>r</span> <span class='ocrx_word' id='word_1_90' title='bbox 608 1294 645 1327; x_wconf 91' lang='lat' dir='ltr'>H</span> <span class='ocrx_word' id='word_1_91' title='bbox 662 1304 684 1328; x_wconf 94' lang='lat' dir='ltr'>o</span> <span class='ocrx_word' id='word_1_92' title='bbox 702 1305 721 1327; x_wconf 93' lang='lat' dir='ltr'>r</span> <span class='ocrx_word' id='word_1_93' title='bbox 738 1304 758 1327; x_wconf 86' lang='lat' dir='ltr'>a</span> <span class='ocrx_word' id='word_1_94' title='bbox 777 1304 805 1327; x_wconf 87' lang='lat' dir='ltr'>s.</span> 
     </span>
    </p>

    <p class='ocr_par' dir='ltr' id='par_1_4' title="bbox 179 1346 1011 1508">
     <span class='ocr_line' id='line_1_20' title="bbox 232 1346 1011 1392; baseline -0.009 0"><span class='ocrx_word' id='word_1_95' title='bbox 232 1353 332 1392; x_wconf 77' lang='lat' dir='ltr'>Ant.</span> <span class='ocrx_word' id='word_1_96' title='bbox 357 1354 386 1391; x_wconf 93' lang='lat'>1.</span> <span class='ocrx_word' id='word_1_97' title='bbox 424 1353 537 1392; x_wconf 89' lang='lat' dir='ltr'>Dum</span> <span class='ocrx_word' id='word_1_98' title='bbox 562 1353 679 1390; x_wconf 87' lang='lat' dir='ltr'>esset</span> <span class='ocrx_word' id='word_1_99' title='bbox 703 1349 802 1389; x_wconf 86' lang='lat' dir='ltr'>Rex</span> <span class='ocrx_word' id='word_1_100' title='bbox 825 1347 849 1372; x_wconf 92' lang='lat'>*</span> <span class='ocrx_word' id='word_1_101' title='bbox 875 1346 918 1386; x_wconf 89' lang='lat' dir='ltr'>in</span> <span class='ocrx_word' id='word_1_102' title='bbox 944 1357 1011 1386; x_wconf 88' lang='lat' dir='ltr'>ac-</span> 
     </span>
     <span class='ocr_line' id='line_1_21' title="bbox 180 1401 1011 1456; baseline -0.011 -4"><span class='ocrx_word' id='word_1_103' title='bbox 180 1409 330 1452; x_wconf 90' lang='lat' dir='ltr'>cubitu</span> <span class='ocrx_word' id='word_1_104' title='bbox 350 1420 442 1456; x_wconf 89' lang='lat' dir='ltr'>suo,</span> <span class='ocrx_word' id='word_1_105' title='bbox 462 1404 626 1447; x_wconf 89' lang='lat' dir='ltr'>nardus</span> <span class='ocrx_word' id='word_1_106' title='bbox 644 1417 743 1446; x_wconf 89' lang='lat' dir='ltr'>mea</span> <span class='ocrx_word' id='word_1_107' title='bbox 763 1402 885 1445; x_wconf 83' lang='lat' dir='ltr'>dedit</span> <span class='ocrx_word' id='word_1_108' title='bbox 905 1401 1011 1444; x_wconf 93' lang='lat' dir='ltr'>odo-</span> 
     </span>
     <span class='ocr_line' id='line_1_22' title="bbox 179 1463 531 1508; baseline -0.017 0"><span class='ocrx_word' id='word_1_109' title='bbox 179 1479 273 1508; x_wconf 90' lang='lat' dir='ltr'>rem</span> <span class='ocrx_word' id='word_1_110' title='bbox 292 1463 531 1506; x_wconf 77' lang='lat' dir='ltr'>suavitatis.</span> 
     </span>
    </p>

    <p class='ocr_par' dir='ltr' id='par_1_5' title="bbox 232 1518 863 1569">
     <span class='ocr_line' id='line_1_23' title="bbox 232 1518 863 1569; baseline -0.008 -8"><span class='ocrx_word' id='word_1_111' title='bbox 232 1522 300 1561; x_wconf 88' lang='lat' dir='ltr'>Ps.</span> <span class='ocrx_word' id='word_1_112' title='bbox 330 1520 544 1561; x_wconf 91' lang='lat' dir='ltr'>Dominus</span> <span class='ocrx_word' id='word_1_113' title='bbox 565 1518 775 1569; x_wconf 80' lang='lat' dir='ltr'>regnavit.</span> <span class='ocrx_word' id='word_1_114' title='bbox 803 1518 863 1557; x_wconf 87' lang='lat'>14.</span> 
     </span>
    </p>

    <p class='ocr_par' dir='ltr' id='par_1_6' title="bbox 180 1572 1013 1734">
     <span class='ocr_line' id='line_1_24' title="bbox 232 1572 1013 1628; baseline -0.008 -9"><span class='ocrx_word' id='word_1_115' title='bbox 232 1581 268 1619; x_wconf 88' lang='lat'>2.</span> <span class='ocrx_word' id='word_1_116' title='bbox 307 1579 362 1618; x_wconf 87' lang='lat' dir='ltr'>Et</span> <span class='ocrx_word' id='word_1_117' title='bbox 393 1577 679 1628; x_wconf 85' lang='lat' dir='ltr'>concupiscet</span> <span class='ocrx_word' id='word_1_118' title='bbox 706 1574 804 1615; x_wconf 81' lang='lat' dir='ltr'>Rex</span> <span class='ocrx_word' id='word_1_119' title='bbox 832 1574 856 1600; x_wconf 88' lang='lat'>*</span> <span class='ocrx_word' id='word_1_120' title='bbox 885 1572 1013 1614; x_wconf 90' lang='lat' dir='ltr'>deco-</span> 
     </span>
     <span class='ocr_line' id='line_1_25' title="bbox 180 1629 1013 1685; baseline -0.011 -8"><span class='ocrx_word' id='word_1_121' title='bbox 180 1648 273 1677; x_wconf 91' lang='lat' dir='ltr'>rem</span> <span class='ocrx_word' id='word_1_122' title='bbox 291 1639 432 1683; x_wconf 85' lang='lat' dir='ltr'>tuum,</span> <span class='ocrx_word' id='word_1_123' title='bbox 462 1633 564 1685; x_wconf 88' lang='lat' dir='ltr'>quia</span> <span class='ocrx_word' id='word_1_124' title='bbox 587 1632 683 1684; x_wconf 87' lang='lat' dir='ltr'>ipse</span> <span class='ocrx_word' id='word_1_125' title='bbox 709 1635 776 1672; x_wconf 92' lang='lat' dir='ltr'>est</span> <span class='ocrx_word' id='word_1_126' title='bbox 795 1629 1013 1670; x_wconf 84' lang='lat' dir='ltr'>Dominus</span> 
     </span>
     <span class='ocr_line' id='line_1_26' title="bbox 180 1693 434 1734; baseline -0.016 0"><span class='ocrx_word' id='word_1_127' title='bbox 180 1693 302 1734; x_wconf 89' lang='lat' dir='ltr'>Deus</span> <span class='ocrx_word' id='word_1_128' title='bbox 322 1696 434 1732; x_wconf 91' lang='lat' dir='ltr'>tuus.</span> 
     </span>
    </p>

    <p class='ocr_par' dir='ltr' id='par_1_7' title="bbox 181 1745 1015 1912">
     <span class='ocr_line' id='line_1_27' title="bbox 238 1745 1015 1798; baseline -0.008 -9"><span class='ocrx_word' id='word_1_129' title='bbox 238 1751 274 1789; x_wconf 78' lang='lat'>3.</span> <span class='ocrx_word' id='word_1_130' title='bbox 294 1750 456 1789; x_wconf 89' lang='lat' dir='ltr'>Potens</span> <span class='ocrx_word' id='word_1_131' title='bbox 475 1747 518 1786; x_wconf 94' lang='lat' dir='ltr'>in</span> <span class='ocrx_word' id='word_1_132' title='bbox 541 1748 677 1798; x_wconf 91' lang='lat' dir='ltr'>opere</span> <span class='ocrx_word' id='word_1_133' title='bbox 696 1745 719 1769; x_wconf 84' lang='lat'>*</span> <span class='ocrx_word' id='word_1_134' title='bbox 740 1749 785 1785; x_wconf 93' lang='lat' dir='ltr'>et</span> <span class='ocrx_word' id='word_1_135' title='bbox 802 1745 1015 1791; x_wconf 83' lang='lat' dir='ltr'>sermone,</span> 
     </span>
     <span class='ocr_line' id='line_1_28' title="bbox 181 1801 1015 1850; baseline -0.008 -4"><span class='ocrx_word' id='word_1_136' title='bbox 181 1804 331 1847; x_wconf 89' lang='lat' dir='ltr'>lenivit</span> <span class='ocrx_word' id='word_1_137' title='bbox 350 1801 622 1845; x_wconf 80' lang='lat' dir='ltr'>iracundiam</span> <span class='ocrx_word' id='word_1_138' title='bbox 642 1801 832 1850; x_wconf 86' lang='lat' dir='ltr'>Domini,</span> <span class='ocrx_word' id='word_1_139' title='bbox 852 1805 896 1841; x_wconf 91' lang='lat' dir='ltr'>et</span> <span class='ocrx_word' id='word_1_140' title='bbox 915 1811 1015 1841; x_wconf 89' lang='lat' dir='ltr'>con-</span> 
     </span>
     <span class='ocr_line' id='line_1_29' title="bbox 183 1857 847 1912; baseline -0.011 -9"><span class='ocrx_word' id='word_1_141' title='bbox 183 1861 346 1903; x_wconf 79' lang='lat' dir='ltr'>ciliavit</span> <span class='ocrx_word' id='word_1_142' title='bbox 366 1872 443 1901; x_wconf 91' lang='lat' dir='ltr'>cor</span> <span class='ocrx_word' id='word_1_143' title='bbox 462 1858 602 1912; x_wconf 90' lang='lat' dir='ltr'>patris</span> <span class='ocrx_word' id='word_1_144' title='bbox 622 1857 678 1899; x_wconf 91' lang='lat' dir='ltr'>ad</span> <span class='ocrx_word' id='word_1_145' title='bbox 699 1857 847 1897; x_wconf 84' lang='lat' dir='ltr'>filium.</span> 
     </span>
    </p>

    <p class='ocr_par' dir='ltr' id='par_1_8' title="bbox 183 1912 1016 2073">
     <span class='ocr_line' id='line_1_30' title="bbox 237 1912 1016 1970; baseline -0.009 -11"><span class='ocrx_word' id='word_1_146' title='bbox 237 1922 275 1959; x_wconf 90' lang='grc'>4.</span> <span class='ocrx_word' id='word_1_147' title='bbox 305 1916 438 1970; x_wconf 85' lang='lat' dir='ltr'>Quasi</span> <span class='ocrx_word' id='word_1_148' title='bbox 462 1928 589 1957; x_wconf 88' lang='lat' dir='ltr'>arcus</span> <span class='ocrx_word' id='word_1_149' title='bbox 614 1913 835 1964; x_wconf 81' lang='lat' dir='ltr'>refulgens</span> <span class='ocrx_word' id='word_1_150' title='bbox 854 1913 878 1938; x_wconf 83' lang='lat'>*</span> <span class='ocrx_word' id='word_1_151' title='bbox 904 1912 1016 1953; x_wconf 91' lang='lat' dir='ltr'>inter</span> 
     </span>
     <span class='ocr_line' id='line_1_31' title="bbox 183 1970 1016 2024; baseline -0.008 -8"><span class='ocrx_word' id='word_1_152' title='bbox 183 1974 365 2016; x_wconf 80' lang='lat' dir='ltr'>nebulas</span> <span class='ocrx_word' id='word_1_153' title='bbox 386 1973 556 2024; x_wconf 84' lang='lat' dir='ltr'>gloriae,</span> <span class='ocrx_word' id='word_1_154' title='bbox 587 1976 630 2013; x_wconf 92' lang='lat' dir='ltr'>et</span> <span class='ocrx_word' id='word_1_155' title='bbox 651 1970 776 2023; x_wconf 89' lang='lat' dir='ltr'>quasi</span> <span class='ocrx_word' id='word_1_156' title='bbox 795 1970 878 2011; x_wconf 89' lang='lat' dir='ltr'>flos</span> <span class='ocrx_word' id='word_1_157' title='bbox 898 1970 1016 2010; x_wconf 77' lang='lat' dir='ltr'>rosa-</span> 
     </span>
     <span class='ocr_line' id='line_1_32' title="bbox 185 2026 866 2073; baseline -0.009 0"><span class='ocrx_word' id='word_1_158' title='bbox 185 2045 281 2073; x_wconf 90' lang='lat' dir='ltr'>rum</span> <span class='ocrx_word' id='word_1_159' title='bbox 299 2031 343 2072; x_wconf 93' lang='lat' dir='ltr'>in</span> <span class='ocrx_word' id='word_1_160' title='bbox 362 2030 517 2072; x_wconf 88' lang='lat' dir='ltr'>diebus</span> <span class='ocrx_word' id='word_1_161' title='bbox 536 2029 692 2070; x_wconf 89' lang='lat' dir='ltr'>vernis.</span> <span class='ocrx_word' id='word_1_162' title='bbox 856 2026 866 2032; x_wconf 80' lang='grc'><em>“</em></span> 
     </span>
    </p>

    <p class='ocr_par' dir='ltr' id='par_1_9' title="bbox 239 2083 1017 2138">
     <span class='ocr_line' id='line_1_33' title="bbox 239 2083 1017 2138; baseline -0.008 -10"><span class='ocrx_word' id='word_1_163' title='bbox 239 2090 277 2128; x_wconf 79' lang='lat'>5.</span> <span class='ocrx_word' id='word_1_164' title='bbox 300 2087 435 2138; x_wconf 88' lang='lat' dir='ltr'>Quasi</span> <span class='ocrx_word' id='word_1_165' title='bbox 454 2086 581 2128; x_wconf 90' lang='lat' dir='ltr'>stella</span> <span class='ocrx_word' id='word_1_166' title='bbox 599 2085 813 2126; x_wconf 81' lang='lat' dir='ltr'>matutina</span> <span class='ocrx_word' id='word_1_167' title='bbox 828 2083 910 2124; x_wconf 87' lang='lat' dir='ltr'>*in</span> <span class='ocrx_word' id='word_1_168' title='bbox 931 2084 1017 2123; x_wconf 89' lang='lat' dir='ltr'>me·</span> 
     </span>
    </p>
   </div>
   <div class='ocr_carea' id='block_1_4' title="bbox 186 2139 1019 2243">
    <p class='ocr_par' dir='ltr' id='par_1_10' title="bbox 186 2139 1019 2243">
     <span class='ocr_line' id='line_1_34' title="bbox 186 2139 1019 2194; baseline -0.007 -9"><span class='ocrx_word' id='word_1_169' title='bbox 186 2143 259 2186; x_wconf 88' lang='lat' dir='ltr'>dio</span> <span class='ocrx_word' id='word_1_170' title='bbox 277 2143 468 2193; x_wconf 79' lang='lat' dir='ltr'>nebulae,</span> <span class='ocrx_word' id='word_1_171' title='bbox 495 2147 539 2184; x_wconf 90' lang='lat' dir='ltr'>et</span> <span class='ocrx_word' id='word_1_172' title='bbox 560 2142 686 2194; x_wconf 88' lang='lat' dir='ltr'>quasi</span> <span class='ocrx_word' id='word_1_173' title='bbox 703 2141 807 2182; x_wconf 88' lang='lat' dir='ltr'>luna</span> <span class='ocrx_word' id='word_1_174' title='bbox 824 2139 957 2192; x_wconf 87' lang='lat' dir='ltr'>plena</span> <span class='ocrx_word' id='word_1_175' title='bbox 975 2139 1019 2179; x_wconf 89' lang='lat' dir='ltr'>in</span> 
     </span>
     <span class='ocr_line' id='line_1_35' title="bbox 188 2200 465 2243; baseline -0.011 0"><span class='ocrx_word' id='word_1_176' title='bbox 188 2200 344 2243; x_wconf 89' lang='lat' dir='ltr'>diebus</span> <span class='ocrx_word' id='word_1_177' title='bbox 363 2201 465 2241; x_wconf 86' lang='lat' dir='ltr'>suis.</span> 
     </span>
    </p>
   </div>
   <div class='ocr_carea' id='block_1_5' title="bbox 187 2264 1021 2546">
    <p class='ocr_par' dir='ltr' id='par_1_11' title="bbox 187 2264 1021 2494">
     <span class='ocr_line' id='line_1_36' title="bbox 243 2264 968 2318; baseline -0.004 -11"><span class='ocrx_word' id='word_1_178' title='bbox 243 2265 503 2318; x_wconf 86' lang='lat' dir='ltr'>Capitulum.</span> <span class='ocrx_word' id='word_1_179' title='bbox 711 2266 839 2305; x_wconf 85' lang='lat' dir='ltr'>Prov.</span> <span class='ocrx_word' id='word_1_180' title='bbox 856 2266 914 2305; x_wconf 82' lang='lat'>31.</span> <span class='ocrx_word' id='word_1_181' title='bbox 930 2264 968 2305; x_wconf 94' lang='lat' dir='ltr'>b.</span> 
     </span>
     <span class='ocr_line' id='line_1_37' title="bbox 187 2320 1019 2430; baseline -0.007 -62"><span class='ocrx_word' id='word_1_182' title='bbox 187 2321 477 2430; x_wconf 84' lang='lat' dir='ltr'>Mulierem</span> <span class='ocrx_word' id='word_1_183' title='bbox 501 2325 660 2366; x_wconf 91' lang='lat' dir='ltr'>fortem</span> <span class='ocrx_word' id='word_1_184' title='bbox 684 2324 782 2376; x_wconf 91' lang='lat' dir='ltr'>quis</span> <span class='ocrx_word' id='word_1_185' title='bbox 805 2320 1019 2364; x_wconf 88' lang='lat' dir='ltr'>inveniet?</span> 
     </span>
     <span class='ocr_line' id='line_1_38' title="bbox 317 2379 1021 2436; baseline -0.007 -12"><span class='ocrx_word' id='word_1_186' title='bbox 317 2381 489 2436; x_wconf 91' lang='lat' dir='ltr'>procul,</span> <span class='ocrx_word' id='word_1_187' title='bbox 519 2386 562 2422; x_wconf 90' lang='lat' dir='ltr'>et</span> <span class='ocrx_word' id='word_1_188' title='bbox 588 2381 643 2422; x_wconf 93' lang='lat' dir='ltr'>de</span> <span class='ocrx_word' id='word_1_189' title='bbox 670 2380 834 2422; x_wconf 80' lang='lat' dir='ltr'>ultimis</span> <span class='ocrx_word' id='word_1_190' title='bbox 861 2379 1021 2420; x_wconf 88' lang='lat' dir='ltr'>finibus</span> 
     </span>
     <span class='ocr_line' id='line_1_39' title="bbox 189 2436 1021 2494; baseline -0.008 -12"><span class='ocrx_word' id='word_1_191' title='bbox 189 2439 378 2494; x_wconf 87' lang='lat' dir='ltr'>pretium</span> <span class='ocrx_word' id='word_1_192' title='bbox 407 2438 509 2489; x_wconf 87' lang='lat' dir='ltr'>ejus.</span> <span class='ocrx_word' id='word_1_193' title='bbox 557 2436 751 2478; x_wconf 90' lang='lat' dir='ltr'>Confidit</span> <span class='ocrx_word' id='word_1_194' title='bbox 783 2436 827 2476; x_wconf 90' lang='lat' dir='ltr'>in</span> <span class='ocrx_word' id='word_1_195' title='bbox 860 2448 912 2477; x_wconf 92' lang='lat' dir='ltr'>ea</span> <span class='ocrx_word' id='word_1_196' title='bbox 945 2446 1021 2476; x_wconf 90' lang='lat' dir='ltr'>cor</span> 
     </span>
    </p>

    <p class='ocr_par' dir='ltr' id='par_1_12' title="bbox 190 2491 952 2546">
     <span class='ocr_line' id='line_1_40' title="bbox 190 2491 952 2546; baseline -0.008 -8"><span class='ocrx_word' id='word_1_197' title='bbox 190 2496 271 2538; x_wconf 90' lang='lat' dir='ltr'>viri</span> <span class='ocrx_word' id='word_1_198' title='bbox 290 2495 366 2545; x_wconf 89' lang='lat' dir='ltr'>sui,</span> <span class='ocrx_word' id='word_1_199' title='bbox 387 2499 431 2535; x_wconf 90' lang='lat' dir='ltr'>et</span> <span class='ocrx_word' id='word_1_200' title='bbox 450 2493 603 2546; x_wconf 88' lang='lat' dir='ltr'>spoliis</span> <span class='ocrx_word' id='word_1_201' title='bbox 620 2505 709 2534; x_wconf 90' lang='lat' dir='ltr'>non</span> <span class='ocrx_word' id='word_1_202' title='bbox 728 2491 952 2543; x_wconf 80' lang='lat' dir='ltr'>indigebit.</span> 
     </span>
    </p>
   </div>
   <div class='ocr_carea' id='block_1_6' title="bbox 246 2567 1022 2783">
    <p class='ocr_par' dir='ltr' id='par_1_13' title="bbox 246 2567 1022 2783">
     <span class='ocr_line' id='line_1_41' title="bbox 504 2567 715 2618; baseline 0 -12"><span class='ocrx_word' id='word_1_203' title='bbox 504 2567 715 2618; x_wconf 90' lang='lat' dir='ltr'>Hymnus.</span> 
     </span>
     <span class='ocr_line' id='line_1_42' title="bbox 277 2617 1022 2675; baseline -0.008 -12"><span class='ocrx_word' id='word_1_204' title='bbox 277 2634 359 2675; x_wconf 87' lang='lat' dir='ltr'>pes</span> <span class='ocrx_word' id='word_1_205' title='bbox 387 2620 612 2672; x_wconf 88' lang='lat' dir='ltr'>decusque</span> <span class='ocrx_word' id='word_1_206' title='bbox 643 2619 812 2670; x_wconf 89' lang='lat' dir='ltr'>regium</span> <span class='ocrx_word' id='word_1_207' title='bbox 839 2617 1022 2669; x_wconf 89' lang='lat' dir='ltr'>relique-</span> 
     </span>
     <span class='ocr_line' id='line_1_43' title="bbox 246 2689 950 2783; baseline -0.009 -7"><span class='ocrx_word' id='word_1_208' title='bbox 246 2733 484 2783; x_wconf 83' lang='lat' dir='ltr'>Elisabeth,</span> <span class='ocrx_word' id='word_1_209' title='bbox 502 2689 587 2774; x_wconf 57' lang='grc' dir='ltr'>ῧιὲἰ</span> <span class='ocrx_word' id='word_1_210' title='bbox 607 2707 751 2773; x_wconf 75' lang='lat' dir='ltr'>dicata</span> <span class='ocrx_word' id='word_1_211' title='bbox 770 2730 950 2771; x_wconf 91' lang='lat' dir='ltr'>numini:</span> 
     </span>
    </p>
   </div>
   <div class='ocr_carea' id='block_1_7' title="bbox 1110 297 1890 512">
    <p class='ocr_par' dir='ltr' id='par_1_14' title="bbox 1110 297 1890 512">
     <span class='ocr_line' id='line_1_44' title="bbox 1110 297 1888 354; baseline -0.008 -11"><span class='ocrx_word' id='word_1_212' title='bbox 1110 303 1310 354; x_wconf 87' lang='lat' dir='ltr'>Recepta</span> <span class='ocrx_word' id='word_1_213' title='bbox 1342 313 1456 342; x_wconf 93' lang='lat' dir='ltr'>nunc</span> <span class='ocrx_word' id='word_1_214' title='bbox 1486 299 1633 341; x_wconf 79' lang='lat' dir='ltr'>bearis</span> <span class='ocrx_word' id='word_1_215' title='bbox 1660 299 1773 340; x_wconf 87' lang='lat' dir='ltr'>inter</span> <span class='ocrx_word' id='word_1_216' title='bbox 1802 297 1888 338; x_wconf 87' lang='lat' dir='ltr'>An-</span> 
     </span>
     <span class='ocr_line' id='line_1_45' title="bbox 1110 357 1890 512; baseline -0.008 -55"><span class='ocrx_word' id='word_1_217' title='bbox 1110 415 1272 457; x_wconf 89' lang='lat' dir='ltr'>Libens</span> <span class='ocrx_word' id='word_1_218' title='bbox 1316 357 1607 512; x_wconf 44' lang='lat' dir='ltr'>abissigtium</span> <span class='ocrx_word' id='word_1_219' title='bbox 1647 413 1770 453; x_wconf 87' lang='lat' dir='ltr'>tuere</span> <span class='ocrx_word' id='word_1_220' title='bbox 1807 423 1890 452; x_wconf 90' lang='lat' dir='ltr'>nos</span> 
     </span>
     <span class='ocr_line' id='line_1_46' title="bbox 1402 483 1496 512; baseline -0.021 0"><span class='ocrx_word' id='word_1_221' title='bbox 1402 483 1428 512; x_wconf 94' lang='lat' dir='ltr'>o</span> <span class='ocrx_word' id='word_1_222' title='bbox 1448 483 1496 511; x_wconf 89' lang='lat' dir='ltr'>1s.</span> 
     </span>
    </p>
   </div>
   <div class='ocr_carea' id='block_1_8' title="bbox 1062 535 1892 818">
    <p class='ocr_par' dir='ltr' id='par_1_15' title="bbox 1062 535 1892 818">
     <span class='ocr_line' id='line_1_47' title="bbox 1062 535 1891 592; baseline -0.006 -10"><span class='ocrx_word' id='word_1_223' title='bbox 1062 542 1191 591; x_wconf 82' lang='lat' dir='ltr'>Praei,</span> <span class='ocrx_word' id='word_1_224' title='bbox 1217 541 1421 592; x_wconf 78' lang='lat' dir='ltr'>viamque</span> <span class='ocrx_word' id='word_1_225' title='bbox 1446 538 1535 580; x_wconf 88' lang='lat' dir='ltr'>dux</span> <span class='ocrx_word' id='word_1_226' title='bbox 1561 537 1714 579; x_wconf 87' lang='lat' dir='ltr'>salutis</span> <span class='ocrx_word' id='word_1_227' title='bbox 1732 535 1891 578; x_wconf 89' lang='lat' dir='ltr'>indica:</span> 
     </span>
     <span class='ocr_line' id='line_1_48' title="bbox 1112 592 1891 693; baseline -0.01 -52"><span class='ocrx_word' id='word_1_228' title='bbox 1112 596 1434 693; x_wconf 68' lang='lat' dir='ltr'>Sequemurle</span> <span class='ocrx_word' id='word_1_229' title='bbox 1459 595 1515 637; x_wconf 89' lang='lat' dir='ltr'>sit</span> <span class='ocrx_word' id='word_1_230' title='bbox 1538 607 1625 636; x_wconf 87' lang='lat' dir='ltr'>una</span> <span class='ocrx_word' id='word_1_231' title='bbox 1642 606 1766 635; x_wconf 88' lang='lat' dir='ltr'>mens</span> <span class='ocrx_word' id='word_1_232' title='bbox 1786 592 1891 634; x_wconf 93' lang='lat' dir='ltr'>fide-</span> 
     </span>
     <span class='ocr_line' id='line_1_49' title="bbox 1113 666 1892 754; baseline -0.01 -1"><span class='ocrx_word' id='word_1_233' title='bbox 1113 711 1237 753; x_wconf 93' lang='lat' dir='ltr'>Odor</span> <span class='ocrx_word' id='word_1_234' title='bbox 1254 666 1635 753; x_wconf 51' lang='lat' dir='ltr'>bonusiuinIi’omnis</span> <span class='ocrx_word' id='word_1_235' title='bbox 1654 707 1786 754; x_wconf 81' lang='lat' dir='ltr'>actio,</span> <span class='ocrx_word' id='word_1_236' title='bbox 1805 705 1892 747; x_wconf 89' lang='lat' dir='ltr'>tuis</span> 
     </span>
     <span class='ocr_line' id='line_1_50' title="bbox 1111 763 1825 818; baseline -0.01 -8"><span class='ocrx_word' id='word_1_237' title='bbox 1111 768 1165 810; x_wconf 90' lang='lat' dir='ltr'>Id</span> <span class='ocrx_word' id='word_1_238' title='bbox 1182 767 1321 809; x_wconf 90' lang='lat' dir='ltr'>innuit</span> <span class='ocrx_word' id='word_1_239' title='bbox 1340 766 1455 808; x_wconf 89' lang='lat' dir='ltr'>rosis</span> <span class='ocrx_word' id='word_1_240' title='bbox 1475 767 1632 818; x_wconf 90' lang='lat' dir='ltr'>operta</span> <span class='ocrx_word' id='word_1_241' title='bbox 1651 763 1825 805; x_wconf 75' lang='lat' dir='ltr'>caritas.</span> 
     </span>
    </p>
   </div>
   <div class='ocr_carea' id='block_1_9' title="bbox 1066 833 1895 1217">
    <p class='ocr_par' dir='ltr' id='par_1_16' title="bbox 1066 833 1895 1217">
     <span class='ocr_line' id='line_1_51' title="bbox 1066 833 1790 886; baseline -0.01 -5"><span class='ocrx_word' id='word_1_242' title='bbox 1066 841 1203 881; x_wconf 78' lang='lat' dir='ltr'>Beata</span> <span class='ocrx_word' id='word_1_243' title='bbox 1223 837 1394 886; x_wconf 78' lang='lat' dir='ltr'>caritas,</span> <span class='ocrx_word' id='word_1_244' title='bbox 1415 836 1459 876; x_wconf 93' lang='lat' dir='ltr'>in</span> <span class='ocrx_word' id='word_1_245' title='bbox 1477 847 1577 876; x_wconf 89' lang='lat' dir='ltr'>arce</span> <span class='ocrx_word' id='word_1_246' title='bbox 1597 833 1790 876; x_wconf 88' lang='lat' dir='ltr'>siderum</span> 
     </span>
     <span class='ocr_line' id='line_1_52' title="bbox 1112 890 1893 944; baseline -0.012 -6"><span class='ocrx_word' id='word_1_247' title='bbox 1112 897 1279 938; x_wconf 89' lang='lat' dir='ltr'>Potens</span> <span class='ocrx_word' id='word_1_248' title='bbox 1298 895 1447 936; x_wconf 81' lang='lat' dir='ltr'>locare</span> <span class='ocrx_word' id='word_1_249' title='bbox 1467 905 1549 934; x_wconf 92' lang='lat' dir='ltr'>nos</span> <span class='ocrx_word' id='word_1_250' title='bbox 1569 904 1649 944; x_wconf 89' lang='lat' dir='ltr'>per</span> <span class='ocrx_word' id='word_1_251' title='bbox 1669 902 1798 932; x_wconf 86' lang='lat' dir='ltr'>omne</span> <span class='ocrx_word' id='word_1_252' title='bbox 1815 890 1893 930; x_wconf 80' lang='lat' dir='ltr'>sae-</span> 
     </span>
     <span class='ocr_line' id='line_1_53' title="bbox 1374 949 1536 991; baseline -0.012 0"><span class='ocrx_word' id='word_1_253' title='bbox 1374 949 1536 991; x_wconf 93' lang='lat' dir='ltr'>culum:</span> 
     </span>
     <span class='ocr_line' id='line_1_54' title="bbox 1114 1000 1894 1061; baseline -0.012 -10"><span class='ocrx_word' id='word_1_254' title='bbox 1114 1010 1342 1061; x_wconf 88' lang='lat' dir='ltr'>Patrique,</span> <span class='ocrx_word' id='word_1_255' title='bbox 1374 1006 1578 1058; x_wconf 89' lang='lat' dir='ltr'>Filioque</span> <span class='ocrx_word' id='word_1_256' title='bbox 1607 1014 1778 1045; x_wconf 90' lang='lat' dir='ltr'>summa</span> <span class='ocrx_word' id='word_1_257' title='bbox 1805 1000 1894 1052; x_wconf 87' lang='lat' dir='ltr'>glo-</span> 
     </span>
     <span class='ocr_line' id='line_1_55' title="bbox 1374 1076 1449 1113; baseline -0.013 -9"><span class='ocrx_word' id='word_1_258' title='bbox 1374 1076 1449 1113; x_wconf 83' lang='lat' dir='ltr'>ria,</span> 
     </span>
     <span class='ocr_line' id='line_1_56' title="bbox 1114 1114 1895 1174; baseline -0.013 -10"><span class='ocrx_word' id='word_1_259' title='bbox 1114 1122 1306 1174; x_wconf 91' lang='lat' dir='ltr'>Tibique</span> <span class='ocrx_word' id='word_1_260' title='bbox 1329 1120 1425 1161; x_wconf 89' lang='lat' dir='ltr'>laus</span> <span class='ocrx_word' id='word_1_261' title='bbox 1444 1117 1649 1172; x_wconf 88' lang='lat' dir='ltr'>perennis</span> <span class='ocrx_word' id='word_1_262' title='bbox 1669 1115 1784 1157; x_wconf 89' lang='lat' dir='ltr'>alme</span> <span class='ocrx_word' id='word_1_263' title='bbox 1803 1114 1895 1166; x_wconf 90' lang='lat' dir='ltr'>Spi-</span> 
     </span>
     <span class='ocr_line' id='line_1_57' title="bbox 1378 1175 1681 1217; baseline -0.01 0"><span class='ocrx_word' id='word_1_264' title='bbox 1378 1176 1498 1217; x_wconf 88' lang='lat' dir='ltr'>ritus.</span> <span class='ocrx_word' id='word_1_265' title='bbox 1528 1175 1681 1215; x_wconf 90' lang='lat' dir='ltr'>Amen.</span> 
     </span>
    </p>
   </div>
   <div class='ocr_carea' id='block_1_10' title="bbox 1064 1237 1904 1898">
    <p class='ocr_par' dir='ltr' id='par_1_17' title="bbox 1064 1237 1897 1412">
     <span class='ocr_line' id='line_1_58' title="bbox 1121 1237 1895 1296; baseline -0.012 -9"><span class='ocrx_word' id='word_1_266' title='bbox 1121 1245 1171 1296; x_wconf 67' lang='lat' dir='ltr'>V.</span> <span class='ocrx_word' id='word_1_267' title='bbox 1184 1243 1354 1286; x_wconf 85' lang='lat' dir='ltr'>Meritis</span> <span class='ocrx_word' id='word_1_268' title='bbox 1371 1247 1415 1284; x_wconf 87' lang='lat' dir='ltr'>et</span> <span class='ocrx_word' id='word_1_269' title='bbox 1430 1239 1637 1294; x_wconf 91' lang='lat' dir='ltr'>precibus</span> <span class='ocrx_word' id='word_1_270' title='bbox 1651 1239 1797 1280; x_wconf 79' lang='lat' dir='ltr'>beatae</span> <span class='ocrx_word' id='word_1_271' title='bbox 1809 1237 1895 1279; x_wconf 90' lang='lat' dir='ltr'>Eli-</span> 
     </span>
     <span class='ocr_line' id='line_1_59' title="bbox 1064 1293 1897 1353; baseline -0.012 -9"><span class='ocrx_word' id='word_1_272' title='bbox 1064 1300 1231 1344; x_wconf 88' lang='lat' dir='ltr'>sabeth.</span> <span class='ocrx_word' id='word_1_273' title='bbox 1272 1302 1324 1353; x_wconf 68' lang='lat' dir='ltr'>R.</span> <span class='ocrx_word' id='word_1_274' title='bbox 1342 1297 1567 1350; x_wconf 87' lang='lat' dir='ltr'>Propitius</span> <span class='ocrx_word' id='word_1_275' title='bbox 1591 1300 1688 1337; x_wconf 88' lang='lat' dir='ltr'>esto</span> <span class='ocrx_word' id='word_1_276' title='bbox 1707 1293 1897 1335; x_wconf 85' lang='lat' dir='ltr'>Domine</span> 
     </span>
     <span class='ocr_line' id='line_1_60' title="bbox 1064 1357 1344 1412; baseline -0.014 -12"><span class='ocrx_word' id='word_1_277' title='bbox 1064 1357 1234 1412; x_wconf 88' lang='lat' dir='ltr'>populo</span> <span class='ocrx_word' id='word_1_278' title='bbox 1254 1361 1344 1398; x_wconf 88' lang='lat' dir='ltr'>tuo.</span> 
     </span>
    </p>

    <p class='ocr_par' dir='ltr' id='par_1_18' title="bbox 1066 1416 1904 1588">
     <span class='ocr_line' id='line_1_61' title="bbox 1122 1416 1896 1468; baseline -0.01 -3"><span class='ocrx_word' id='word_1_279' title='bbox 1122 1423 1194 1465; x_wconf 84' lang='lat' dir='ltr'>Ad</span> <span class='ocrx_word' id='word_1_280' title='bbox 1214 1422 1377 1463; x_wconf 86' lang='lat' dir='ltr'>Bened.</span> <span class='ocrx_word' id='word_1_281' title='bbox 1408 1421 1506 1461; x_wconf 84' lang='lat' dir='ltr'>Ant.</span> <span class='ocrx_word' id='word_1_282' title='bbox 1535 1420 1601 1460; x_wconf 88' lang='lat' dir='ltr'>Tu</span> <span class='ocrx_word' id='word_1_283' title='bbox 1619 1417 1760 1468; x_wconf 89' lang='lat' dir='ltr'>gloria</span> <span class='ocrx_word' id='word_1_284' title='bbox 1776 1416 1801 1457; x_wconf 84' lang='lat' dir='ltr'>J</span> <span class='ocrx_word' id='word_1_285' title='bbox 1803 1419 1896 1458; x_wconf 89' lang='lat' dir='ltr'>eru-</span> 
     </span>
     <span class='ocr_line' id='line_1_62' title="bbox 1066 1473 1897 1528; baseline -0.011 -6"><span class='ocrx_word' id='word_1_286' title='bbox 1066 1480 1221 1528; x_wconf 78' lang='lat' dir='ltr'>salem,</span> <span class='ocrx_word' id='word_1_287' title='bbox 1240 1480 1263 1504; x_wconf 86' lang='lat'>*</span> <span class='ocrx_word' id='word_1_288' title='bbox 1282 1483 1332 1519; x_wconf 90' lang='lat' dir='ltr'>tu</span> <span class='ocrx_word' id='word_1_289' title='bbox 1349 1476 1506 1518; x_wconf 88' lang='lat' dir='ltr'>laetitia</span> <span class='ocrx_word' id='word_1_290' title='bbox 1524 1474 1677 1524; x_wconf 74' lang='lat' dir='ltr'>Israel,</span> <span class='ocrx_word' id='word_1_291' title='bbox 1696 1479 1745 1516; x_wconf 91' lang='lat' dir='ltr'>tu</span> <span class='ocrx_word' id='word_1_292' title='bbox 1763 1473 1897 1515; x_wconf 91' lang='lat' dir='ltr'>hono-</span> 
     </span>
     <span class='ocr_line' id='line_1_63' title="bbox 1066 1532 1904 1588; baseline -0.012 -10"><span class='ocrx_word' id='word_1_293' title='bbox 1066 1535 1278 1578; x_wconf 90' lang='lat' dir='ltr'>rificentia</span> <span class='ocrx_word' id='word_1_294' title='bbox 1297 1533 1452 1588; x_wconf 89' lang='lat' dir='ltr'>populi</span> <span class='ocrx_word' id='word_1_295' title='bbox 1471 1532 1545 1574; x_wconf 92' lang='lat' dir='ltr'>tui.</span> <span class='ocrx_word' id='word_1_296' title='bbox 1894 1550 1904 1558; x_wconf 95' lang='lat'>-</span> 
     </span>
    </p>

    <p class='ocr_par' dir='ltr' id='par_1_19' title="bbox 1150 1607 1901 1780">
     <span class='ocr_line' id='line_1_64' title="bbox 1411 1607 1574 1649; baseline -0.012 0"><span class='ocrx_word' id='word_1_297' title='bbox 1411 1607 1574 1649; x_wconf 88' lang='lat' dir='ltr'>Oratio.</span> 
     </span>
     <span class='ocr_line' id='line_1_65' title="bbox 1150 1669 1901 1722; baseline -0.011 -5"><span class='ocrx_word' id='word_1_298' title='bbox 1150 1674 1462 1717; x_wconf 89' lang='lat' dir='ltr'>lementissime</span> <span class='ocrx_word' id='word_1_299' title='bbox 1481 1672 1614 1720; x_wconf 89' lang='lat' dir='ltr'>Deus,</span> <span class='ocrx_word' id='word_1_300' title='bbox 1636 1670 1710 1722; x_wconf 92' lang='lat' dir='ltr'>qui</span> <span class='ocrx_word' id='word_1_301' title='bbox 1723 1669 1901 1711; x_wconf 85' lang='lat' dir='ltr'>beatam</span> 
     </span>
     <span class='ocr_line' id='line_1_66' title="bbox 1159 1727 1899 1780; baseline -0.009 -7"><span class='ocrx_word' id='word_1_302' title='bbox 1159 1730 1388 1773; x_wconf 86' lang='lat' dir='ltr'>Elisabeth</span> <span class='ocrx_word' id='word_1_303' title='bbox 1413 1730 1625 1780; x_wconf 87' lang='lat' dir='ltr'>reginam,</span> <span class='ocrx_word' id='word_1_304' title='bbox 1650 1727 1763 1768; x_wconf 89' lang='lat' dir='ltr'>inter</span> <span class='ocrx_word' id='word_1_305' title='bbox 1787 1727 1899 1767; x_wconf 90' lang='lat' dir='ltr'>cete-</span> 
     </span>
    </p>

    <p class='ocr_par' dir='ltr' id='par_1_20' title="bbox 1067 1781 1901 1898">
     <span class='ocr_line' id='line_1_67' title="bbox 1067 1781 1901 1840; baseline -0.01 -10"><span class='ocrx_word' id='word_1_306' title='bbox 1067 1802 1140 1830; x_wconf 91' lang='lat' dir='ltr'>ras</span> <span class='ocrx_word' id='word_1_307' title='bbox 1167 1787 1365 1840; x_wconf 86' lang='lat' dir='ltr'>egregias</span> <span class='ocrx_word' id='word_1_308' title='bbox 1392 1785 1538 1834; x_wconf 87' lang='lat' dir='ltr'>dotes,</span> <span class='ocrx_word' id='word_1_309' title='bbox 1570 1783 1718 1826; x_wconf 87' lang='lat' dir='ltr'>bellici</span> <span class='ocrx_word' id='word_1_310' title='bbox 1742 1781 1901 1823; x_wconf 80' lang='lat' dir='ltr'>furoris</span> 
     </span>
     <span class='ocr_line' id='line_1_68' title="bbox 1069 1837 1901 1898; baseline -0.012 -10"><span class='ocrx_word' id='word_1_311' title='bbox 1069 1844 1253 1888; x_wconf 73' lang='lat' dir='ltr'>sedandi</span> <span class='ocrx_word' id='word_1_312' title='bbox 1271 1844 1569 1898; x_wconf 70' lang='lat' dir='ltr'>praerogativa</span> <span class='ocrx_word' id='word_1_313' title='bbox 1588 1839 1824 1882; x_wconf 77' lang='lat' dir='ltr'>decorasti:</span> <span class='ocrx_word' id='word_1_314' title='bbox 1845 1837 1901 1879; x_wconf 90' lang='lat' dir='ltr'>da</span> 
     </span>
    </p>
   </div>
   <div class='ocr_carea' id='block_1_11' title="bbox 1056 1898 1901 1953">
    <p class='ocr_par' dir='ltr' id='par_1_21' title="bbox 1056 1898 1901 1953">
     <span class='ocr_line' id='line_1_69' title="bbox 1056 1898 1901 1953; baseline -0.013 -8"><span class='ocrx_word' id='word_1_315' title='bbox 1056 1902 1196 1944; x_wconf 69' lang='lat' dir='ltr'>’nobis</span> <span class='ocrx_word' id='word_1_316' title='bbox 1218 1902 1309 1953; x_wconf 89' lang='lat' dir='ltr'>ejus</span> <span class='ocrx_word' id='word_1_317' title='bbox 1327 1898 1644 1941; x_wconf 88' lang='lat' dir='ltr'>intercessione</span> <span class='ocrx_word' id='word_1_318' title='bbox 1663 1901 1769 1949; x_wconf 89' lang='lat' dir='ltr'>post</span> <span class='ocrx_word' id='word_1_319' title='bbox 1786 1907 1901 1936; x_wconf 92' lang='lat' dir='ltr'>mor-</span> 
     </span>
    </p>
   </div>
   <div class='ocr_carea' id='block_1_12' title="bbox 1069 1951 1902 2115">
    <p class='ocr_par' dir='ltr' id='par_1_22' title="bbox 1069 1951 1902 2115">
     <span class='ocr_line' id='line_1_70' title="bbox 1069 1951 1901 2009; baseline -0.012 -8"><span class='ocrx_word' id='word_1_320' title='bbox 1069 1959 1170 2002; x_wconf 78' lang='lat' dir='ltr'>talis</span> <span class='ocrx_word' id='word_1_321' title='bbox 1195 1958 1316 2007; x_wconf 88' lang='lat' dir='ltr'>vitae,</span> <span class='ocrx_word' id='word_1_322' title='bbox 1346 1969 1478 2009; x_wconf 84' lang='lat' dir='ltr'>quam</span> <span class='ocrx_word' id='word_1_323' title='bbox 1505 1953 1765 2008; x_wconf 88' lang='lat' dir='ltr'>suppliciter</span> <span class='ocrx_word' id='word_1_324' title='bbox 1792 1951 1901 2004; x_wconf 90' lang='lat' dir='ltr'>peti-</span> 
     </span>
     <span class='ocr_line' id='line_1_71' title="bbox 1069 2007 1902 2068; baseline -0.012 -11"><span class='ocrx_word' id='word_1_325' title='bbox 1069 2029 1178 2065; x_wconf 91' lang='lat' dir='ltr'>mus,</span> <span class='ocrx_word' id='word_1_326' title='bbox 1197 2026 1364 2068; x_wconf 90' lang='lat' dir='ltr'>pacem,</span> <span class='ocrx_word' id='word_1_327' title='bbox 1380 2011 1437 2054; x_wconf 92' lang='lat' dir='ltr'>ad</span> <span class='ocrx_word' id='word_1_328' title='bbox 1452 2013 1616 2053; x_wconf 87' lang='lat' dir='ltr'>aetema</span> <span class='ocrx_word' id='word_1_329' title='bbox 1630 2007 1792 2061; x_wconf 87' lang='lat' dir='ltr'>gaudia</span> <span class='ocrx_word' id='word_1_330' title='bbox 1805 2020 1902 2060; x_wconf 91' lang='lat' dir='ltr'>per-</span> 
     </span>
     <span class='ocr_line' id='line_1_72' title="bbox 1070 2069 1612 2115; baseline -0.013 0"><span class='ocrx_word' id='word_1_331' title='bbox 1070 2074 1230 2115; x_wconf 87' lang='lat' dir='ltr'>venire.</span> <span class='ocrx_word' id='word_1_332' title='bbox 1258 2071 1345 2112; x_wconf 92' lang='lat' dir='ltr'>Per</span> <span class='ocrx_word' id='word_1_333' title='bbox 1363 2069 1612 2111; x_wconf 89' lang='lat' dir='ltr'>Dominum.</span> 
     </span>
    </p>
   </div>
   <div class='ocr_carea' id='block_1_13' title="bbox 1074 2147 1907 2770">
    <p class='ocr_par' dir='ltr' id='par_1_23' title="bbox 1339 2147 1636 2185">
     <span class='ocr_line' id='line_1_73' title="bbox 1339 2147 1636 2185; baseline -0.01 0"><span class='ocrx_word' id='word_1_334' title='bbox 1339 2149 1408 2185; x_wconf 92' lang='lat' dir='ltr'>Ad</span> <span class='ocrx_word' id='word_1_335' title='bbox 1432 2147 1636 2184; x_wconf 87' lang='lat' dir='ltr'>Tertiam.</span> 
     </span>
    </p>

    <p class='ocr_par' dir='ltr' id='par_1_24' title="bbox 1128 2204 1742 2258">
     <span class='ocr_line' id='line_1_74' title="bbox 1128 2204 1742 2258; baseline -0.007 -10"><span class='ocrx_word' id='word_1_336' title='bbox 1128 2209 1226 2248; x_wconf 85' lang='lat' dir='ltr'>Ant.</span> <span class='ocrx_word' id='word_1_337' title='bbox 1254 2207 1307 2248; x_wconf 90' lang='lat' dir='ltr'>Et</span> <span class='ocrx_word' id='word_1_338' title='bbox 1327 2206 1613 2258; x_wconf 90' lang='lat' dir='ltr'>concupiscet</span> <span class='ocrx_word' id='word_1_339' title='bbox 1632 2204 1742 2245; x_wconf 84' lang='lat' dir='ltr'>Rex.</span> 
     </span>
    </p>

    <p class='ocr_par' dir='ltr' id='par_1_25' title="bbox 1131 2265 1907 2321">
     <span class='ocr_line' id='line_1_75' title="bbox 1131 2265 1907 2321; baseline -0.013 -11"><span class='ocrx_word' id='word_1_340' title='bbox 1131 2269 1270 2321; x_wconf 88' lang='lat' dir='ltr'>Capit.</span> <span class='ocrx_word' id='word_1_341' title='bbox 1290 2266 1514 2308; x_wconf 88' lang='lat' dir='ltr'>Mulierem</span> <span class='ocrx_word' id='word_1_342' title='bbox 1523 2265 1693 2306; x_wconf 92' lang='lat' dir='ltr'>fortem.</span> <span class='ocrx_word' id='word_1_343' title='bbox 1706 2268 1754 2303; x_wconf 89' lang='lat' dir='ltr'>ut</span> <span class='ocrx_word' id='word_1_344' title='bbox 1766 2273 1907 2313; x_wconf 87' lang='lat' dir='ltr'>supra.</span> 
     </span>
    </p>

    <p class='ocr_par' dir='ltr' id='par_1_26' title="bbox 1074 2323 1905 2608">
     <span class='ocr_line' id='line_1_76' title="bbox 1131 2323 1904 2382; baseline -0.009 -12"><span class='ocrx_word' id='word_1_345' title='bbox 1131 2331 1180 2382; x_wconf 67' lang='lat' dir='ltr'>R.</span> <span class='ocrx_word' id='word_1_346' title='bbox 1196 2329 1259 2371; x_wconf 93' lang='lat' dir='ltr'>br.</span> <span class='ocrx_word' id='word_1_347' title='bbox 1276 2327 1430 2379; x_wconf 89' lang='lat' dir='ltr'>Specie</span> <span class='ocrx_word' id='word_1_348' title='bbox 1450 2331 1526 2367; x_wconf 88' lang='lat' dir='ltr'>tua</span> <span class='ocrx_word' id='word_1_349' title='bbox 1550 2326 1571 2350; x_wconf 93' lang='lat'>*</span> <span class='ocrx_word' id='word_1_350' title='bbox 1591 2325 1648 2367; x_wconf 89' lang='lat' dir='ltr'>Et</span> <span class='ocrx_word' id='word_1_351' title='bbox 1665 2323 1904 2377; x_wconf 91' lang='lat' dir='ltr'>pulchritu-</span> 
     </span>
     <span class='ocr_line' id='line_1_77' title="bbox 1075 2374 1903 2436; baseline -0.008 -9"><span class='ocrx_word' id='word_1_352' title='bbox 1075 2386 1175 2427; x_wconf 90' lang='lat' dir='ltr'>dine</span> <span class='ocrx_word' id='word_1_353' title='bbox 1202 2389 1288 2426; x_wconf 89' lang='lat' dir='ltr'>tua.</span> <span class='ocrx_word' id='word_1_354' title='bbox 1325 2382 1481 2436; x_wconf 88' lang='lat' dir='ltr'>Specie</span> <span class='ocrx_word' id='word_1_355' title='bbox 1506 2387 1592 2423; x_wconf 89' lang='lat' dir='ltr'>tua.</span> <span class='ocrx_word' id='word_1_356' title='bbox 1632 2374 1682 2426; x_wconf 63' lang='lat' dir='ltr'>V.</span> <span class='ocrx_word' id='word_1_357' title='bbox 1703 2378 1903 2428; x_wconf 90' lang='lat' dir='ltr'>Intende,</span> 
     </span>
     <span class='ocr_line' id='line_1_78' title="bbox 1074 2435 1905 2496; baseline -0.01 -13"><span class='ocrx_word' id='word_1_358' title='bbox 1074 2445 1289 2496; x_wconf 88' lang='lat' dir='ltr'>prospere</span> <span class='ocrx_word' id='word_1_359' title='bbox 1321 2439 1534 2492; x_wconf 90' lang='lat' dir='ltr'>procede,</span> <span class='ocrx_word' id='word_1_360' title='bbox 1567 2443 1611 2480; x_wconf 89' lang='lat' dir='ltr'>et</span> <span class='ocrx_word' id='word_1_361' title='bbox 1642 2449 1788 2488; x_wconf 87' lang='lat' dir='ltr'>regna.</span> <span class='ocrx_word' id='word_1_362' title='bbox 1847 2435 1905 2476; x_wconf 91' lang='lat' dir='ltr'>Et</span> 
     </span>
     <span class='ocr_line' id='line_1_79' title="bbox 1074 2491 1904 2552; baseline -0.01 -12"><span class='ocrx_word' id='word_1_363' title='bbox 1074 2496 1400 2552; x_wconf 90' lang='lat' dir='ltr'>pulchritudine</span> <span class='ocrx_word' id='word_1_364' title='bbox 1436 2501 1522 2538; x_wconf 90' lang='lat' dir='ltr'>tua.</span> <span class='ocrx_word' id='word_1_365' title='bbox 1588 2494 1738 2535; x_wconf 86' lang='lat' dir='ltr'>Gloria</span> <span class='ocrx_word' id='word_1_366' title='bbox 1773 2491 1904 2533; x_wconf 88' lang='lat' dir='ltr'>Patri.</span> 
     </span>
     <span class='ocr_line' id='line_1_80' title="bbox 1075 2554 1340 2608; baseline -0.015 -10"><span class='ocrx_word' id='word_1_367' title='bbox 1075 2554 1232 2608; x_wconf 91' lang='lat' dir='ltr'>Specie</span> <span class='ocrx_word' id='word_1_368' title='bbox 1253 2559 1340 2595; x_wconf 91' lang='lat' dir='ltr'>tua.</span> 
     </span>
    </p>

    <p class='ocr_par' dir='ltr' id='par_1_27' title="bbox 1077 2608 1905 2770">
     <span class='ocr_line' id='line_1_81' title="bbox 1132 2608 1904 2665; baseline -0.012 -7"><span class='ocrx_word' id='word_1_369' title='bbox 1132 2616 1182 2665; x_wconf 68' lang='lat' dir='ltr'>V.</span> <span class='ocrx_word' id='word_1_370' title='bbox 1220 2614 1459 2665; x_wconf 81' lang='lat' dir='ltr'>Adiuvabit</span> <span class='ocrx_word' id='word_1_371' title='bbox 1497 2626 1593 2655; x_wconf 90' lang='lat' dir='ltr'>eam</span> <span class='ocrx_word' id='word_1_372' title='bbox 1623 2612 1745 2652; x_wconf 89' lang='lat' dir='ltr'>Deus</span> <span class='ocrx_word' id='word_1_373' title='bbox 1781 2608 1904 2651; x_wconf 89' lang='lat' dir='ltr'>vultu</span> 
     </span>
     <span class='ocr_line' id='line_1_82' title="bbox 1077 2667 1905 2725; baseline -0.011 -11"><span class='ocrx_word' id='word_1_374' title='bbox 1077 2685 1169 2714; x_wconf 88' lang='lat' dir='ltr'>suo.</span> <span class='ocrx_word' id='word_1_375' title='bbox 1213 2675 1263 2725; x_wconf 63' lang='lat' dir='ltr'>Eg.</span> <span class='ocrx_word' id='word_1_376' title='bbox 1286 2671 1408 2712; x_wconf 89' lang='lat' dir='ltr'>Deus</span> <span class='ocrx_word' id='word_1_377' title='bbox 1436 2670 1479 2710; x_wconf 93' lang='lat' dir='ltr'>in</span> <span class='ocrx_word' id='word_1_378' title='bbox 1506 2667 1653 2710; x_wconf 88' lang='lat' dir='ltr'>medio</span> <span class='ocrx_word' id='word_1_379' title='bbox 1681 2667 1790 2718; x_wconf 82' lang='lat' dir='ltr'>eiuS,</span> <span class='ocrx_word' id='word_1_380' title='bbox 1817 2678 1905 2706; x_wconf 95' lang='lat' dir='ltr'>non</span> 
     </span>
     <span class='ocr_line' id='line_1_83' title="bbox 1077 2727 1438 2770; baseline -0.008 0"><span class='ocrx_word' id='word_1_381' title='bbox 1077 2727 1438 2770; x_wconf 89' lang='lat' dir='ltr'>commovebitur.</span> 
     </span>
    </p>
   </div>
   <div class='ocr_carea' id='block_1_14' title="bbox 97 148 1987 2840">
    <p class='ocr_par' dir='ltr' id='par_1_28' title="bbox 97 148 1987 2840">
     <span class='ocr_line' id='line_1_84' title="bbox 97 148 1987 2840; baseline 0 0"><span class='ocrx_word' id='word_1_382' title='bbox 97 148 1987 2840; x_wconf 95' lang='lat' dir='ltr'> </span> 
     </span>
    </p>
   </div>
  </div>
 </body>
</html>
