2040 2976
583 203 759 237 Officium
784 204 959 238 votivum
985 204 1031 238 dc
1056 204 1245 238 Passionc
1272 204 1313 237 Ι).
1335 204 1379 237 N.
1401 204 1434 238 J.
1456 204 1495 238 C.

227 299 475 340 Posuerunt
493 310 564 339 me
582 298 626 338 in
642 297 742 339 lacu
759 297 967 338 inferiari:
986 297 1009 323 *

177 355 220 395 in
239 354 497 404 tenebrosis,
520 358 563 395 et
580 353 625 394 in
644 353 799 394 umbra
817 353 983 394 mortis.

229 415 370 467 Super
393 427 463 455 me
488 414 774 455 confirmatus
799 418 865 455 est
888 413 1010 454 furor

176 477 293 513 tuus:
311 471 335 496 *
356 475 399 512 et
420 483 572 512 omnes
589 470 748 511 fluctus
767 474 869 511 tuos
888 468 1009 511 indu-

177 527 280 568 xisti
301 539 434 580 super
451 539 533 568 me.

229 583 382 634 Longe
407 583 549 624 fecisti
572 587 704 623 notos
728 594 851 623 meos
876 594 901 622 a
923 594 1010 622 me:

1069 296 1220 338 Lectio
1246 294 1387 336 sancti
1405 292 1633 344 Evangelii
1656 293 1898 335 secundum

1365 350 1390 390 J
1392 351 1592 393 oannem.

1172 429 1323 469 Lectio
1350 429 1417 469 vii.
1570 430 1672 481 Cap.
1692 431 1750 469 19.
1770 429 1794 469 f.

1111 501 1138 528 n
1153 487 1228 528 illo
1244 488 1459 539 tempore:
1478 484 1628 526 Sciens
1642 484 1666 525 J
1668 497 1780 532 esus,
1797 483 1899 537 quia

1129 543 1274 585 omnia
1290 543 1590 584 consummata
1607 546 1718 590 sunt,
1733 545 1782 582 ut
1796 553 1912 582 con--

1064 601 1356 641 summaretur
1375 598 1610 650 Scriptura,
1630 596 1754 639 dixit:
1777 596 1897 638 Sitio.

177 641 199 665 *
240 641 484 691 posuerunt
524 651 594 680 me
639 637 1011 680 abominationem
1063 656 1120 697 Et
1140 655 1318 707 rffliqua·

177 695 439 793 Slb'Illraditus
473 764 590 801 sum,
623 755 666 792 et
697 764 786 792 non
820 749 1011 800 egredie-

178 808 332 875 barffi*
365 807 481 849 oculi
511 807 598 849 mei
629 807 891 858 languerunt
918 818 1012 858 prae

178 877 429 961 megiaeinavi
453 919 510 961 ad
533 924 577 961 te
596 919 786 960 Domine
810 922 905 960 tota
927 918 1013 960 die:

179 978 203 1004 *
224 975 414 1028 expandi
434 975 490 1017 ad
509 980 554 1017 te
572 988 726 1016 manus
745 987 878 1016 meas.

230 1034 459 1088 Numquid
477 1036 662 1077 mortuis
684 1035 819 1076 facies
840 1034 1013 1076 mirabi-
1070 1073 1083 1092 r

178 1093 255 1133 lia:
286 1093 310 1118 *
344 1097 419 1134 aut
445 1091 607 1133 medici
640 1091 936 1141 suscitabunt,
970 1095 1014 1132 et
1070 1084 1101 1102 ¹²*

181 1148 508 1190 confitebuntur
527 1147 629 1190 tibi?

234 1208 462 1261 Numquid
485 1209 682 1250 narrabit
707 1208 864 1260 aliquis
887 1208 932 1248 in
952 1220 1015 1248 se-

183 1265 368 1319 pulchro
393 1265 742 1306 misericordiam
765 1269 901 1313 tuam,
925 1263 948 1290 *
973 1267 1016 1305 et

183 1322 414 1364 veritatem
433 1326 554 1362 tuam
573 1321 617 1362 in
635 1318 908 1374 perditione?

234 1381 462 1434 Numquid
488 1382 810 1432 cognoscentur
833 1381 877 1421 in
899 1382 1015 1422 tene-

183 1437 274 1479 bris
294 1437 511 1478 mirabilia
531 1443 621 1479 tua:
645 1438 669 1463 *
694 1443 738 1479 et
757 1437 923 1489 justitia
941 1441 1016 1478 tua

184 1495 227 1535 in
246 1499 363 1536 terra
382 1493 641 1535 oblivionis?

235 1555 293 1596 Et
315 1567 397 1606 ego
419 1554 475 1595 ad
494 1559 538 1596 te
557 1554 747 1595 Domine
771 1553 971 1595 clamavi:
994 1554 1017 1579 *

186 1615 229 1652 et
247 1623 376 1652 mane
397 1610 538 1652 oratio
557 1623 655 1651 mea
674 1610 917 1663 praeveniet
936 1614 991 1651 te.

236 1671 296 1713 Ut
321 1670 427 1722 quid
445 1671 635 1712 Domine
658 1670 834 1723 repellis
859 1670 1017 1712 oratio-

184 1740 285 1769 nem
308 1740 465 1769 meam:
488 1727 512 1752 *
537 1727 698 1768 avertis
719 1727 875 1768 faciem
896 1731 1018 1768 tuam

185 1796 210 1825 a
228 1783 322 1824 me?

234 1840 408 1892 Pauper
430 1851 527 1880 sum
547 1851 641 1889 ego,
665 1843 709 1880 et
727 1839 771 1879 in
790 1838 1017 1880 laboribus

183 1909 208 1936 a
241 1897 466 1947 juventute
496 1907 613 1936 mea:
645 1896 668 1922 *
697 1894 916 1936 exaltatus
945 1907 1017 1935 au-

183 1958 291 2001 tem,
332 1951 586 1993 humiliatus
628 1953 726 1992 sum
762 1956 807 1993 et
843 1956 1017 1992 contur-

183 2008 323 2050 batus.

236 2065 287 2104 In
310 2077 380 2105 me
403 2064 670 2106 transierunt
693 2064 770 2104 irae
795 2068 901 2104 tuae:
925 2063 948 2089 *
973 2068 1017 2105 et

183 2122 376 2162 terrores
395 2121 459 2162 tui
478 2120 853 2161 conturbaverunt
872 2132 954 2161 me.

237 2179 631 2221 Circumdederunt
658 2193 729 2221 me
762 2180 875 2221 sicut
902 2192 1018 2232 aqua

185 2241 280 2277 tota
321 2235 410 2277 die:
457 2236 480 2261 *
522 2235 907 2278 circumdederunt
946 2249 1018 2277 me

184 2292 324 2333 simul.
760 2330 762 2332 ,

236 2348 465 2400 Elongasti
491 2360 516 2388 a
540 2360 611 2389 me
637 2350 826 2389 amicum
853 2352 896 2389 et
918 2350 1017 2400 pro-

185 2405 367 2446 ximum:
387 2405 411 2430 ¹⁸¹
433 2409 477 2446 et
494 2410 625 2445 notos
643 2417 767 2446 meos
788 2417 813 2445 a
831 2404 1018 2445 miseria.

243 2471 342 2511 Ant.
364 2472 521 2515 Factus
538 2486 635 2513 sum
650 2473 763 2514 sicut
777 2473 910 2515 homo
926 2473 1019 2515 sine

186 2531 414 2583 adjutorio,
433 2530 546 2570 inter
565 2531 765 2570 mortuos
784 2529 905 2571 liber.

244 2591 292 2642 V·
327 2600 488 2642 Factus
526 2603 593 2640 est
631 2597 842 2639 obediens
878 2611 1018 2650 usque

186 2655 243 2698 ad
289 2662 487 2721 mortem.
547 2654 596 2704 R·-
637 2654 826 2696 Mortem
873 2660 1018 2696 autem

186 2725 337 2754 crucls.

1109 736 1300 779 Homih'a
1323 735 1462 777 sancti
1482 733 1631 786 Cyrilli
1647 733 1862 787 Episcopi

1332 789 1629 833 Alexandrini.

1137 867 1347 902 Comment.
1375 868 1413 902 in
1437 868 1637 902 Joannem.
1677 859 1759 902 Lib.
1787 867 1835 901 12.

1410 926 1492 959 cap.
1516 916 1567 950 35.

1073 975 1258 1014 ³³1<um
1284 963 1554 1006 truculenter
1581 962 1727 1004 omnia
1750 962 1901 1015 impie-

1122 1028 1124 1030 ’
1151 1015 1177 1056 <²1
1200 1023 1292 1063 tate
1329 1019 1584 1062 Judaeorum
1621 1023 1769 1060 essent
1803 1031 1900 1071 per-

1159 1097 1162 1099 ,
1202 1080 1312 1127 acta,
1337 1089 1419 1117 nec
1444 1074 1684 1127 quidquam
1707 1073 1764 1116 ad
1788 1087 1900 1116 sum-

1067 1145 1183 1174 mam
1199 1131 1505 1175 crudelitatem
1521 1130 1707 1181 deesset,
1723 1129 1903 1172 tandem

1068 1189 1344 1230 sanctissima
1376 1200 1479 1230 caro
1511 1186 1674 1228 Christi
1704 1186 1902 1228 naturale

1070 1244 1175 1296 quid
1190 1244 1366 1298 patitur.
1394 1243 1544 1284 Multis
1560 1242 1685 1292 enim,
1705 1254 1756 1284 ac
1770 1241 1903 1283 variis

1070 1299 1297 1342 doloribus
1317 1299 1548 1350 exsiccata,
1573 1298 1645 1340 siti
1662 1299 1903 1350 torquetur.

1070 1356 1256 1398 Multum
1284 1357 1399 1398 enim
1425 1359 1613 1409 possunt
1641 1353 1819 1396 dolores
1847 1353 1905 1396 ad

1071 1412 1391 1455 comovendam
1415 1412 1546 1463 sitim3
1570 1412 1767 1453 innatum
1790 1410 1905 1452 enim

1071 1469 1263 1510 calorem
1289 1469 1577 1520 exagitantes,
1605 1467 1691 1518 vel,
1718 1466 1840 1519 quod
1861 1466 1905 1508 in

1070 1525 1370 1578 profunditate
1393 1523 1621 1566 humidum
1644 1528 1726 1574 est,
1749 1525 1904 1565 consu-

1070 1587 1193 1623 munt
1219 1587 1262 1623 et
1289 1581 1427 1632 igneis
1456 1579 1689 1622 ardoribus
1716 1578 1906 1622 dolentis

1071 1639 1240 1679 viscera
1261 1642 1402 1679 urunt.
1439 1637 1559 1678 Sicut
1581 1636 1712 1687 igitur
1736 1637 1906 1678 ceteras

1070 1693 1319 1746 passiones,
1353 1693 1415 1735 sic
1441 1692 1555 1734 hanc
1587 1692 1719 1733 etiam
1746 1696 1906 1744 sponte

1071 1748 1270 1791 Christus
1288 1751 1529 1802 perpessus
1544 1753 1622 1790 est.
1650 1747 1812 1790 Bibere
1830 1747 1906 1798 igi-

1070 1810 1141 1847 tur
1163 1806 1290 1858 petit:
1317 1805 1380 1846 illi
1399 1810 1545 1847 autem
1565 1804 1678 1846 adeo
1699 1804 1830 1855 longe
1849 1803 1906 1846 ab

1071 1862 1189 1903 omni
1216 1862 1486 1903 humanitate
1515 1861 1715 1911 aberant,
1746 1865 1795 1902 ut
1821 1873 1905 1913 pro

1070 1919 1245 1970 juvante
1263 1923 1374 1971 potu
1393 1922 1526 1969 atque
1541 1916 1732 1970 jucundo
1747 1918 1904 1958 nocen-

1070 1979 1160 2015 tem
1186 1979 1230 2016 et
1257 1973 1466 2016 acerbum
1491 1973 1733 2024 attulerint,
1761 1978 1805 2014 et
1829 1972 1905 2014 hu—

1070 2030 1335 2080 manitatem,
1348 2042 1435 2082 qua
1450 2029 1619 2071 moveri
1633 2028 1906 2080 videbantur,

1071 2087 1114 2127 in
1141 2087 1414 2139 impietatem
1442 2086 1749 2128 converterint.
1791 2085 1906 2126 Nam

1072 2156 1171 2184 cum
1190 2143 1358 2196 petenti
1378 2142 1552 2192 dabant,
1573 2141 1766 2184 caritatis
1784 2141 1905 2183 habi-

1071 2204 1164 2240 tum
1185 2201 1409 2252 suscipere
1425 2197 1702 2249 videbantur;
1722 2196 1803 2240 sed
1818 2210 1907 2239 non

1073 2260 1139 2297 est
1171 2255 1383 2308 possibile
1419 2255 1593 2296 mentiri
1624 2254 1906 2307 Scripturam,

1071 2311 1114 2351 in
1140 2325 1226 2363 qua
1253 2324 1307 2353 ex
1331 2313 1523 2364 persona
1549 2310 1709 2352 Christi
1734 2309 1906 2352 dicitur:

1071 2367 1128 2409 Et
1148 2367 1364 2409 dederunt
1381 2368 1426 2408 in
1446 2380 1592 2409 escam
1610 2379 1754 2408 meam
1772 2366 1840 2416 fel,
1863 2372 1907 2409 et

1072 2424 1115 2464 in
1136 2423 1207 2465 siti
1225 2436 1324 2465 mea
1342 2425 1608 2476 potaverunt
1626 2435 1696 2464 me
1717 2424 1855 2464 aceto.

1130 2489 1288 2543 &Ego
1308 2493 1352 2530 te
1371 2488 1525 2541 potavi
1544 2500 1659 2540 aqua
1678 2487 1831 2529 salutis
1850 2486 1906 2529 de

1072 2549 1212 2597 petra:
1245 2548 1267 2573 *
1290 2544 1347 2586 Et
1374 2550 1422 2586 tu
1446 2557 1516 2586 me
1544 2543 1711 2597 potasti
1736 2543 1841 2591 felle,
1862 2549 1906 2585 et

1073 2602 1210 2642 aceto.
1246 2597 1297 2649 V.
1324 2600 1494 2653 Popule
1520 2613 1662 2649 meus,
1692 2598 1798 2651 quid
1822 2599 1906 2641 feci

1072 2655 1166 2706 tibi,
1191 2661 1266 2698 aut
1288 2657 1331 2697 in
1357 2669 1445 2708 quo
1470 2655 1727 2698 contristavi
1749 2653 1817 2697 te?
1840 2667 1904 2696 re-

1072 2711 1243 2765 sponde
1261 2712 1377 2753 mihi.
1406 2713 1462 2754 Et
1481 2717 1530 2754 tu
1547 2725 1630 2754 me.
