2040 2976
605 220 815 254 Commune
841 217 1087 253 Confessoris
1112 227 1189 250 non
1214 217 1424 250 Pontificis.

443 315 598 355 Lectio
618 315 703 354 viii.

159 367 304 473 Duo
329 382 476 419 autem
501 382 618 426 sunt,
647 388 746 427 quae
768 374 986 427 jubentur,

251 439 295 476 et
309 433 483 475 lumbos
499 434 775 483 restringere,
791 435 835 472 et
850 430 986 471 lucer-

157 504 236 532 nas
255 492 420 532 tenere:
447 494 497 531 ut
525 494 568 531 et
595 487 812 529 munditia
837 487 895 528 sit
920 499 987 527 ca-

157 547 322 589 stitatis
346 547 391 587 in
414 548 619 598 corpore,
644 548 689 585 et
710 544 859 584 lumen
878 542 986 584 veri-

156 604 261 644 tatis
291 603 336 643 in
375 601 646 655 operatione.
695 598 988 651 Redemptori

158 659 321 701 etenim
353 663 508 700 nostro
543 670 680 698 unum
717 656 810 697 sine
845 655 986 696 altero

156 715 332 768 placere
358 716 638 766 nequaquam
662 715 828 765 potest:
855 711 892 752 si
911 715 988 751 aut

156 772 194 812 is
213 772 289 823 qui
306 771 425 813 bona
443 770 544 822 agit,
565 768 710 811 adhuc
724 767 911 809 luxuriae
926 767 987 807 in-

157 828 439 879 quinamenta
456 839 546 868 non
566 825 746 867 deserit:
764 829 840 865 aut
858 824 896 864 is
913 823 988 875 qui

157 884 362 925 castitate
397 882 674 936 praeeminet,
710 880 900 922 necdum
940 892 988 921 se

156 952 237 992 per
260 939 378 981 bona
409 941 546 991 opera
574 939 760 979 exercet.
795 936 891 978 Nec
920 937 988 977 ca-

158 996 286 1037 stitas
319 1008 424 1046 ergo
458 1007 618 1046 magna
650 998 718 1035 est
745 993 840 1034 sine
866 993 987 1034 bono

158 1054 304 1104 opere,
320 1064 402 1093 nec
420 1063 531 1104 opus
546 1050 711 1092 bonum
725 1054 792 1091 est
808 1048 989 1101 aliquod

159 1108 252 1150 sine
274 1108 489 1149 castitate.
520 1107 609 1149 Sed
629 1111 673 1148 et
693 1107 730 1147 si
753 1109 989 1157 utrumque

159 1165 317 1216 agitur,
339 1169 495 1214 restat,
521 1169 570 1205 ut
592 1163 791 1216 quisquis
813 1162 886 1203 ille
911 1166 989 1211 est,

158 1233 238 1273 spe
263 1221 320 1262 ad
344 1222 580 1273 supernam
607 1220 798 1273 patriam
824 1218 989 1268 tendat,

159 1281 203 1318 et
218 1279 499 1329 nequaquam
513 1289 560 1318 se
576 1289 602 1317 a
615 1276 734 1318 vitiis
744 1287 826 1328 pro
837 1274 990 1316 mundi

158 1333 285 1385 hujus
304 1333 536 1374 honestate
556 1334 790 1373 contineat.

214 1390 265 1441 Rv.
294 1389 391 1431 Sint
420 1388 559 1430 lumbi
587 1388 723 1429 vestri
748 1388 990 1440 praecincti,

161 1449 204 1486 et
238 1445 430 1486 lucernae
468 1444 674 1486 ardentes
711 1445 757 1485 in
787 1444 990 1485 manibus

160 1501 336 1543 vestris:
350 1502 373 1526 *
388 1501 446 1542 Et
459 1513 538 1542 vos
558 1500 722 1542 similes
738 1500 990 1542 hominibus

161 1557 521 1610 exspectantibus
571 1556 798 1598 dominum
847 1570 991 1606 suum,

162 1613 338 1665 quand'o
354 1615 602 1655 revertatur
617 1625 642 1653 a
655 1613 832 1665 nuptiis.
851 1609 902 1661 V.
914 1612 990 1657 Vi-

160 1669 294 1720 gilate
314 1682 431 1720 ergo,
452 1670 555 1721 quia
577 1670 756 1710 nescitis
775 1682 862 1721 qua
880 1668 991 1710 hora

161 1725 378 1766 Dominus
405 1730 552 1767 vester
579 1729 791 1767 venturus
819 1726 887 1767 sit.
923 1725 991 1766 Et.

166 1781 318 1823 Gloria
334 1782 467 1823 Patri.
499 1782 567 1823 Et.

217 1840 381 1882 Bened.
409 1838 476 1881 Ad
495 1838 764 1879 societatem.

467 1897 621 1938 Lectio
641 1898 695 1937 ix.

245 1953 264 1989 t
282 1961 363 1990 vos
385 1950 548 1991 similes
566 1950 819 1992 hominibus
839 1963 992 2003 exspe-

253 2005 475 2047 ctantibus
484 2006 711 2047 deminum
719 2020 858 2057 suum,
867 2020 994 2059 quan-

164 2062 222 2104 do
239 2064 486 2103 revertatur
503 2075 529 2103 a
544 2063 725 2115 naptiis:
744 2068 792 2104 ut
807 2076 907 2104 cum
922 2065 992 2104 ve-

163 2118 277 2160 nerit
297 2122 340 2159 et
359 2118 618 2170 pulsaverit,
643 2119 875 2160 confestim
893 2121 992 2172 ape-

163 2174 277 2216 riant
309 2174 358 2215 ei.
397 2174 534 2215 Venit
567 2175 731 2227 quippe
760 2175 993 2225 Dominus,

165 2243 265 2271 cum
283 2229 341 2271 ad
359 2229 568 2281 judicium
592 2233 820 2283 properat:
845 2231 994 2284 pulsat

163 2298 280 2335 vero,
300 2298 400 2327 cum
415 2287 502 2338 jam
515 2299 596 2339 per
611 2287 886 2338 aegritudinis
903 2300 993 2328 mo-

163 2341 314 2382 lestias
342 2355 438 2384 esse
461 2347 650 2384 mortem
669 2343 858 2384 vicinam
882 2343 992 2384 desi-

165 2402 279 2448 gnat.
321 2397 401 2438 Cui
431 2398 662 2439 confestim
691 2402 924 2451 aperimus,
957 2399 994 2439 si

165 2453 280 2494 hunc
301 2466 398 2495 cum
418 2456 568 2495 amore
583 2455 856 2507 suscipimus.
879 2455 994 2506 Ape-

165 2512 252 2550 rire
272 2509 389 2551 enim
412 2509 546 2560 judici
569 2510 765 2562 pulsanti
782 2523 871 2551 non
890 2510 994 2560 vult,

167 2566 242 2617 qui
272 2566 391 2606 exire
416 2565 471 2606 de
502 2567 689 2617 corpore
714 2566 923 2619 trepidat:
952 2571 995 2608 et

166 2621 316 2662 videre
334 2634 443 2670 eum,
465 2634 596 2673 quem
613 2625 932 2674 contempsisse
948 2635 995 2664 se

166 2677 380 2727 meminit,
416 2677 605 2728 jadicem
637 2677 857 2719 formidat.
911 2679 996 2729 Qui

167 2737 315 2774 autem
348 2733 404 2774 de
436 2746 515 2774 sua
547 2746 626 2785 spe
659 2738 702 2775 et
737 2735 996 2786 operatione

1041 319 1222 358 securus
1247 321 1330 365 est,
1355 315 1551 368 pulsanti
1575 314 1808 357 confestim
1832 316 1872 354 a-

1039 372 1170 425 perit,
1196 372 1297 424 quia
1313 372 1444 413 laetus
1463 372 1653 424 judicem
1673 371 1872 412 sustinet.

1039 429 1095 469 Et
1116 441 1216 469 cum
1234 432 1411 481 tempus
1431 430 1697 481 propinquae
1716 427 1873 469 mortis

1040 484 1283 533 advenerit,
1317 485 1373 526 de
1400 484 1541 536 gloria
1568 483 1873 525 retributionis

1039 540 1274 582 hilarescit.

1102 599 1161 639 Te
1180 597 1325 638 Deum
1341 596 1584 638 laudamus.
1605 598 1664 638 13.

1332 673 1411 714 Ad
1436 674 1634 715 Laudes

1253 737 1304 765 et
1342 742 1441 774 per
1478 732 1675 766 Horas.

1096 787 1195 828 Ant.
1216 789 1245 827 1.
1272 787 1462 828 Domine
1489 787 1683 839 quinque
1708 787 1874 828 talenta

1040 846 1064 871 *
1079 843 1303 885 tradidisti
1318 843 1439 884 mihi:
1459 856 1563 885 ecee
1579 844 1665 885 alia
1681 843 1874 895 quinque

1041 900 1371 953 superlucratus
1390 913 1499 941 sum.

1096 960 1164 1000 Ps.
1199 957 1415 999 Dominus
1442 956 1654 1008 regnavit.
1683 958 1741 997 14.

1095 1015 1131 1054 2.
1154 1015 1275 1064 Euge
1295 1026 1422 1054 serve
1441 1012 1568 1063 bone,
1588 1013 1612 1039 *
1631 1013 1676 1053 in
1695 1012 1874 1054 modico

1041 1069 1195 1119 fidelis,
1210 1069 1326 1110 intra
1337 1070 1381 1110 in
1392 1069 1602 1121 gaudium
1611 1069 1791 1110 Domini
1801 1068 1875 1109 tui.

1097 1128 1133 1167 3.
1166 1125 1329 1167 Fidelis
1358 1138 1512 1167 servus
1541 1126 1564 1151 *
1594 1130 1638 1167 et
1663 1125 1875 1178 prudens,

1044 1195 1174 1234 quem
1214 1182 1444 1224 constituit
1479 1182 1698 1224 Dominus
1742 1194 1876 1233 super

1042 1238 1252 1279 familiam
1274 1252 1408 1280 suam.

1096 1298 1134 1336 4.
1178 1297 1344 1336 Beatus
1376 1295 1451 1336 ille
1482 1308 1654 1344 servus,
1687 1295 1711 1319 *
1745 1306 1876 1345 quem

1043 1364 1144 1393 cum
1162 1352 1333 1392 venerit
1351 1351 1570 1392 Dominus
1591 1352 1699 1403 ejus,
1722 1355 1766 1391 et
1784 1350 1876 1402 pul-

1043 1408 1208 1449 saverit
1234 1408 1424 1459 januam,
1452 1407 1670 1449 invenerit
1696 1406 1877 1458 vigilan-

1042 1468 1143 1505 tem.

1098 1522 1136 1562 5.
1165 1521 1301 1562 Serve
1321 1520 1437 1562 bone
1456 1520 1482 1546 *
1501 1524 1545 1561 et
1570 1519 1732 1569 fidelis,
1763 1519 1878 1560 intra

1044 1577 1088 1617 in
1107 1576 1318 1627 gaudium
1336 1577 1517 1618 Domini
1535 1577 1610 1618 tui.

1152 1637 1415 1689 Capitulum.
1568 1635 1705 1682 Eccli.
1720 1637 1777 1675 31.

1127 1700 1251 1739 eatus
1271 1698 1351 1748 vir,
1381 1699 1456 1750 qui
1475 1699 1680 1740 inventus
1700 1702 1768 1739 est
1785 1698 1878 1739 sine

1151 1754 1343 1795 macula:
1386 1759 1429 1795 et
1472 1755 1547 1806 qui
1582 1759 1687 1807 post
1724 1767 1879 1795 aurum

1044 1822 1133 1851 non
1153 1810 1277 1860 abiit,
1301 1823 1384 1851 nec
1408 1811 1605 1863 speravit
1627 1811 1672 1851 in
1691 1810 1879 1863 pecunia

1046 1871 1090 1908 et
1110 1866 1340 1908 thesauris.
1377 1868 1485 1918 Quis
1512 1872 1579 1909 est
1604 1867 1692 1917 hic,
1721 1871 1765 1908 et
1788 1866 1878 1907 lau-

1046 1922 1248 1964 dabimus
1278 1922 1399 1965 eum?
1429 1924 1534 1965 fecit
1562 1926 1679 1965 enim
1705 1922 1878 1964 mirabi-

1045 1978 1104 2020 lia
1122 1979 1167 2019 in
1187 1980 1278 2020 vita
1297 1993 1384 2021 sua.

1361 2036 1573 2087 Hymnus.

1144 2114 1223 2142 esu
1241 2103 1407 2143 corona
1426 2101 1595 2151 celsior,

1163 2158 1221 2198 Et
1240 2157 1402 2198 veritas
1423 2157 1664 2207 sublimior,

1125 2214 1210 2264 Qui
1229 2213 1460 2255 confitenti
1480 2214 1656 2255 servulo

1125 2269 1296 2311 Reddis
1315 2271 1510 2322 perenne
1527 2270 1775 2322 praemium:

1076 2335 1144 2374 Da
1163 2333 1430 2386 supplicanti
1449 2335 1597 2385 co'etui,

1125 2391 1266 2442 Hujus
1285 2392 1453 2442 rogatu,
1476 2391 1599 2432 noxii

1125 2446 1451 2488 Remissionem
1471 2448 1676 2498 criminis,

1125 2503 1391 2555 Rumpendo
1410 2515 1572 2545 nexum
1591 2505 1764 2545 vinculi.

1077 2567 1190 2607 Anni
1209 2569 1388 2609 reverso
1407 2570 1619 2621 tempore,

1126 2624 1233 2665 Dies
1253 2623 1424 2665 refulsit
1443 2624 1618 2671 lumine,

1126 2680 1223 2730 Quo
1244 2680 1431 2721 Sanctus
1450 2680 1522 2721 hic
1542 2679 1598 2721 de
1617 2681 1805 2731 corpore

1125 2735 1331 2787 Migravit
1349 2736 1463 2777 inter
1482 2735 1638 2776 sidera.
