2040 2976
520 237 590 270 Die
615 237 665 270 243.
691 235 846 279 Aprilis.
893 234 933 268 B.
958 234 1003 267 M.
1028 234 1070 267 V.
1099 234 1143 267 dc
1169 234 1276 268 Bono
1302 235 1483 268 Consilio.

163 332 248 374 hoc
281 345 398 374 mare
430 345 633 384 magnum
664 337 707 373 et
740 331 980 384 spatiosum

162 388 410 430 necessario
439 387 678 438 sublevata,
705 387 868 429 micans
894 389 979 428 me-

163 444 274 494 ritis,
301 443 765 496 illustransexemplis.
806 443 843 485 Ο
868 443 979 495 quis-

165 501 262 552 quis
291 505 336 542 te
367 500 569 552 intelligis
600 500 645 541 in
675 499 800 552 hujus
833 500 982 541 saeculi

163 556 382 609 profluvio
405 556 542 607 magis
564 556 676 598 inter
697 555 913 609 procellas
939 561 982 597 et

163 615 447 665 tempestates
477 613 706 662 fluctuare,
743 625 871 665 quam
902 625 981 665 per

163 674 324 710 terram
349 668 583 711 ambulare:
609 682 663 710 ne
688 671 858 710 avertas
882 671 980 710 ocu-

164 725 231 767 los
255 738 280 766 a
303 725 471 776 fulgore
493 724 617 777 hujus
642 724 813 774 sideris,
841 725 877 766 si
895 737 982 766 non

165 781 230 823 vis
261 781 386 823 obrui
416 782 629 834 procellis.
686 781 731 823 Si
760 782 982 832 insurgant

164 838 282 879 venti
299 838 604 888 tentationum,
624 837 661 879 si
678 838 871 879 incurras
889 839 980 879 sco-

164 894 292 947 pulos
318 894 661 945 tribulationum,
689 894 856 946 respice
883 893 980 935 stel-

163 951 266 1001 lam,
292 963 401 992 voca
424 951 614 992 Mariam.
650 950 694 992 Si
718 950 888 1002 jactaris
915 963 980 990 su-

164 1007 328 1059 perbiae
346 1005 489 1056 undis,
514 1007 551 1048 si
569 1005 829 1055 ambitionis,
856 1006 892 1047 si
910 1005 980 1047 de-

164 1063 403 1114 tractionis,
429 1063 465 1104 si
483 1063 788 1113 aemulatiOnis,
814 1064 981 1115 respice

165 1119 343 1170 stellam,
359 1132 469 1161 voca
482 1107 673 1161 Mariam.
701 1119 744 1160 Si
759 1119 982 1161 criminum

165 1175 430 1217 immanitate
457 1175 675 1225 turbatus,
705 1176 980 1219 eonscientiae

165 1231 361 1274 foeditate
386 1232 606 1282 confusus,
634 1231 779 1283 judicii
800 1231 982 1273 horrore

165 1288 434 1341 perterritUS,
463 1287 669 1330 barathro
702 1288 882 1341 incipias
911 1288 982 1330 ab·

167 1344 984 1398 sorberitristitiae,desperationisabys-

167 1413 234 1451 so,
254 1401 396 1451 cogita
414 1401 605 1442 Mariam.
632 1402 681 1442 In
700 1401 917 1454 periculis,
939 1402 983 1442 in

167 1457 391 1508 angustiis,
414 1457 457 1498 in
476 1457 608 1499 rebus
628 1457 784 1507 dubiis,
803 1455 983 1499 Mariam

167 1513 324 1564 cogita,
349 1514 530 1555 Mariam
552 1516 717 1555 invoca.
753 1515 900 1567 Ipsam
919 1527 982 1555 se-

168 1581 320 1621 quens,
346 1583 435 1612 non
459 1569 621 1612 devias:
648 1571 789 1623 ipsam
814 1583 983 1621 rogans,

166 1638 253 1667 non
272 1625 494 1680 desperas:
512 1627 653 1679 ipsam
672 1627 877 1678 cogitans,
896 1639 983 1668 non

167 1694 299 1724 erras:
333 1684 429 1736 ipsa
459 1685 648 1734 tenente,
685 1696 773 1725 non
804 1683 983 1725 corruis:

166 1739 263 1791 ipsa
286 1741 542 1793 protegente
569 1753 657 1781 non
682 1739 855 1781 metuis:
887 1740 983 1792 ipsa

168 1794 278 1837 duce
309 1809 396 1838 non
427 1796 636 1847 fatigaris:
666 1796 762 1849 ipsa
792 1796 984 1849 propitia

147 1852 384 1904 pervenis,
403 1858 447 1895 et
465 1852 587 1895 sicin
605 1854 837 1905 temetipso
856 1864 982 1905 expe-

167 1908 263 1949 riris
297 1922 426 1961 quam
456 1909 611 1950 merito
644 1908 807 1950 dictum
840 1908 908 1950 sit:
941 1913 984 1949 et

167 1977 325 2006 nomen
342 1965 533 2016 Virginis
551 1965 698 2007 Maria.

207 2040 266 2090 R,
300 2034 398 2075 Filii
424 2033 570 2076 audite
597 2047 680 2076 me:
699 2038 723 2062 *
758 2034 884 2075 Beati
911 2034 985 2085 qui

170 2090 415 2132 custudiant
448 2091 539 2132 vias
572 2103 702 2132 meas.
722 2088 773 2141 V.
822 2088 984 2131 Audite

170 2145 442 2200 disciplinam
467 2149 674 2189 et'estote
700 2147 917 2200 sapientes
942 2151 985 2188 et

167 2202 301 2244 nolite
321 2203 505 2256 abjicere
524 2216 629 2245 eam.
657 2203 792 2245 Beati.

442 2292 590 2333 Lectio
611 2292 694 2333 viii.

162 2357 364 2462 Intuere
395 2372 420 2401 o
448 2359 597 2409 homo,
631 2358 857 2400 consilium
883 2358 983 2408 Dei,

237 2418 424 2466 agnosce
469 2415 696 2457 consilium
745 2415 982 2467 sapientiae,

168 2471 392 2512 consilium
421 2472 606 2524 pietatis.
659 2471 983 2523 Redempturus

168 2527 402 2569 humanum
427 2541 576 2579 genus,
603 2529 791 2581 pretium
818 2527 982 2568 univer-

168 2597 263 2624 sum
282 2584 463 2626 contulit
480 2585 523 2626 in
542 2584 732 2626 Mariam.
760 2583 901 2625 Altius
921 2596 983 2624 er-

167 2652 223 2691 go
242 2640 465 2681 intuemini
484 2646 645 2693 quanto
662 2639 905 2682 devotionis
925 2639 981 2680 af-

167 2696 283 2737 fectu
300 2708 324 2736 a
337 2696 463 2737 nobis
477 2697 663 2738 voluerit
675 2695 890 2743 honorari,
911 2695 983 2747 qui

167 2754 302 2793 totius
320 2751 424 2793 boni
443 2752 755 2805 plenitudinem
775 2751 922 2804 posuit
939 2751 983 2792 in

318 2890 381 2914 Pars
396 2889 503 2914 AEstiva.

1028 329 1179 370 Maria:
1206 334 1254 371 ut
1277 329 1474 382 proinde,
1500 330 1537 371 si
1562 328 1664 382 quid
1689 330 1783 382 spei
1801 330 1845 370 in

1029 385 1155 427 nobis
1183 390 1264 436 est,
1294 386 1329 427 si
1356 385 1460 438 quid
1483 387 1651 437 gratiae,
1680 387 1716 426 si
1741 385 1845 438 quid

1030 441 1198 491 salutis,
1223 442 1277 483 ab
1297 455 1348 483 ea
1365 443 1613 483 noverimus
1633 441 1843 483 redunda-

1029 511 1090 547 re,
1121 511 1218 550 quae
1243 498 1436 540 ascendit
1460 498 1625 540 deliciis
1654 498 1845 539 affluens.

1030 554 1155 595 Tolle
1175 555 1355 595 Mariam
1376 554 1487 596 hanc
1510 555 1640 596 maris
1666 554 1846 605 stellam,

1032 610 1136 663 quid
1158 611 1240 651 nisi
1264 611 1402 661 caligo
1426 611 1667 660 involvens,
1694 610 1847 652 umbra

1030 667 1199 717 mortis,
1224 672 1267 708 et
1286 666 1552 708 densissimae
1571 667 1764 709 tenebrae
1783 679 1845 708 re-

1030 722 1302 775 linquuntur?
1355 723 1479 764 Totis
1512 736 1614 774 ergo
1646 723 1847 764 medullis

1032 780 1244 829 cordium,
1262 780 1367 821 totis
1386 779 1729 832 praecordiorum
1749 779 1847 821 affe-

1032 836 1188 885 ctibus,
1221 841 1264 877 et
1295 836 1409 878 votis
1442 836 1641 878 omnibus
1667 836 1847 877 Mariam

1030 893 1141 934 hanc
1164 895 1435 943 veneremur,
1469 894 1569 945 quia
1597 893 1659 934 sic
1686 898 1752 934 est
1775 905 1847 934 vo-

1031 949 1173 990 luntas
1193 950 1298 1000 ejus,
1319 950 1401 1001 -qui
1422 954 1563 991 totum
1586 962 1666 990 nos
1689 948 1848 990 habere

1032 1006 1167 1047 voluit
1186 1019 1265 1059 per
1283 1006 1472 1047 Mariam.
1504 1007 1554 1047 In
1578 1005 1777 1047 omnibus
1796 1008 1847 1046 si-

1033 1062 1223 1114 quidem,
1256 1067 1299 1103 et
1331 1076 1410 1115 per
1441 1064 1583 1104 Omnia
1614 1061 1849 1115 previdens

1031 1119 1198 1159 miseris
1217 1118 1552 1171 trepidationem
1571 1124 1763 1160 nostram
1783 1131 1848 1159 so-

1031 1174 1154 1224 latur,
1174 1174 1305 1216 fidem
1325 1176 1495 1225 excitat,
1517 1188 1639 1228 spem
1659 1174 1849 1223 roborat,

1033 1230 1318 1272 diffidentiam
1345 1231 1494 1282 abigit,
1524 1231 1649 1283 erigit
1676 1231 1848 1283 pusilla-

1031 1287 1282 1328 nimitatem.

1083 1359 1132 1410 Rr.
1169 1356 1434 1409 Principium
1468 1357 1693 1409 sapientiae
1720 1357 1850 1398 timor

1031 1412 1226 1454 Demini:
1252 1415 1273 1439 *
1303 1413 1359 1455 Et
1390 1413 1569 1454 scientia
1601 1415 1850 1455 sanctorum

1032 1468 1273 1521 prudentia.
1304 1465 1353 1517 Y.
1372 1470 1456 1511 Per
1479 1482 1548 1511 me
1573 1470 1686 1511 enim
1710 1469 1848 1511 multi-

1033 1525 1307 1578 plicabuntur
1339 1525 1431 1567 dies
1460 1527 1535 1575 tui,
1568 1531 1611 1567 et
1638 1526 1850 1568 addentur

1032 1582 1112 1623 tibi
1139 1583 1237 1623 anni
1264 1582 1376 1623 vitae.
1416 1583 1484 1624 Et.
1525 1582 1688 1624 Gloria.
1727 1583 1794 1624 Et.

1328 1671 1478 1711 Lectio
1500 1671 1553 1711 ix.

1111 1737 1140 1779 d
1173 1738 1346 1779 Patrem
1380 1738 1600 1779 verebaris
1631 1739 1849 1789 accedere,

1146 1794 1241 1835 solo
1273 1793 1423 1835 auditu
1454 1794 1629 1836 territus
1661 1794 1717 1836 ad
1749 1795 1851 1836 folia

1032 1850 1242 1902 fugiebas:
1268 1851 1292 1891 J
1296 1863 1415 1891 esum
1441 1850 1519 1891 tibi
1547 1850 1667 1892 dedit
1691 1851 1849 1892 media-

1033 1910 1183 1949 torem.
1219 1906 1305 1948 Sed
1323 1907 1568 1948 forsitanet
1586 1908 1629 1947 in
1648 1908 1744 1959 ipso
1764 1920 1850 1948 ma-

1034 1965 1233 2016 jestatem
1264 1965 1441 2004 vereare
1478 1963 1683 2014 divinam,
1722 1962 1850 2016 quod,

1033 2020 1135 2061 licet
1153 2020 1290 2062 factus
1316 2019 1371 2061 sit
1387 2019 1536 2070 homo,
1562 2021 1768 2062 manserit
1789 2026 1850 2062 ta-

1034 2089 1133 2118 men
1151 2077 1281 2118 Deus.
1314 2075 1589 2117 Advocatum
1608 2076 1767 2118 habere
1787 2076 1851 2117 vis

1035 2138 1078 2175 et
1101 2132 1157 2174 ad
1174 2130 1339 2185 ipsum?
1370 2131 1441 2174 Ad
1464 2132 1643 2174 Mariam
1666 2136 1851 2174 recurre.

1033 2191 1147 2231 Pura
1163 2188 1377 2242 siquidem
1391 2189 1633 2231 humanitas
1647 2190 1691 2230 in
1705 2190 1851 2232 Maria.

1033 2246 1127 2288 Nec
1147 2245 1302 2287 dubius
1322 2245 1513 2296 dixerim,
1535 2245 1789 2288 exaudietur
1808 2251 1852 2288 et

1034 2303 1130 2355 ipsa
1152 2314 1232 2354 pro
1256 2301 1497 2343 reverentia
1517 2315 1605 2344 sua.
1637 2302 1852 2344 Exaudiet

1034 2359 1184 2409 utique
1203 2358 1387 2399 Matrem
1406 2357 1556 2408 Filius,
1582 2364 1626 2400 et
1651 2358 1851 2400 exaudiet

1033 2415 1189 2455 Filium
1216 2414 1356 2455 Pater.
1394 2414 1550 2464 Filioli,
1577 2414 1672 2456 haec
1699 2426 1849 2467 pecca-

1033 2473 1178 2512 torum
1197 2470 1328 2520 scala,
1355 2469 1451 2512 haec
1475 2483 1571 2512 mea
1594 2471 1780 2511 maxima
1804 2470 1850 2510 fi-

1035 2526 1163 2568 ducia
1181 2531 1258 2576 est,
1276 2525 1372 2568 haec
1388 2531 1482 2569 tota
1498 2527 1607 2568 ratio
1623 2526 1716 2579 spei
1730 2538 1849 2567 meae.

1035 2583 1148 2633 Quid
1164 2582 1299 2624 enim?
1318 2583 1472 2624 Potest
1489 2595 1542 2623 ne
1561 2581 1674 2622 filius
1694 2586 1768 2622 aut
1786 2594 1848 2633 re-

1033 2638 1213 2691 pellere,
1256 2643 1330 2679 aut
1366 2639 1575 2680 sustinere
1610 2637 1849 2689 repulsam?

1033 2695 1133 2736 Non
1157 2693 1323 2743 audire,
1351 2700 1424 2736 aut
1446 2706 1531 2734 non
1556 2692 1694 2734 audiri
1716 2692 1849 2734 Filius

1033 2750 1201 2803 potest?
1233 2750 1446 2792 Neutrum
1463 2749 1601 2803 plane.
1632 2749 1849 2798 Invenisti,

1587 2876 1640 2917 Q.
