2040 2976
590 182 662 216 Die
686 183 715 215 3.
740 182 841 223 Maii.
886 181 929 214 ln
955 181 1181 215 Inventione
1207 181 1242 215 S.
1268 182 1413 215 Crucis.

202 275 254 325 V.
274 279 526 320 Adoramus
548 283 593 320 te
620 278 806 329 Christe,
834 284 878 320 et
899 278 972 320 be-

145 336 386 379 nedicimus
413 335 503 377 tibi.
545 338 595 388 R.
627 335 738 386 Quia
764 348 844 388 per
872 335 974 376 Cru-

146 406 243 435 cem
261 398 380 434 tuam
399 391 625 434 redemisti
642 390 865 433 mundum.

454 467 604 509 Lectio
624 468 678 508 iv.

155 557 158 562 ·
184 559 200 582 u
215 562 224 572 „
245 537 332 574 ost
350 532 565 583 insignem
583 530 823 580 victoriam,
845 542 976 582 quam

190 588 255 645 ,ἐς
279 589 592 630 Constantinus
623 586 881 639 imperator,
915 586 974 627 di-

190 640 246 669 p:-
278 645 437 687 vinitus
466 645 650 696 accepto
675 643 800 694 signo
826 643 974 684 Domi-

146 702 256 744 nicae
276 701 443 752 Crucis,
463 713 518 742 ex
534 700 759 741 Maxentio
780 701 976 752 reporta-

146 759 225 808 vit,
257 757 427 800 Helena
455 756 730 798 Constantini
761 762 901 798 mater
932 756 976 796 in

148 814 313 857 somnis
367 812 609 863 admonita,
664 812 976 865 conquirendae

150 870 302 913 Crucis
329 869 475 912 studio
494 869 519 910 J
522 869 818 922 erosolymam
842 869 978 910 venit:

147 926 223 969 ubi
252 928 542 968 marmoream
568 926 756 968 Veneris
788 928 979 967 statuam

146 983 191 1024 in
211 983 362 1025 Crucis
380 982 480 1024 loco
506 995 531 1023 a
551 982 767 1024 Gentibus
791 982 978 1024 colloca-

147 1044 238 1081 tam
263 1038 320 1081 ad
343 1038 585 1081 tollendam
612 1038 775 1080 Christi
800 1038 979 1080 Domini

148 1095 655 1149 passionismemoriam,
680 1100 784 1148 post
805 1100 979 1137 centum

149 1152 322 1194 circiter
356 1153 582 1203 octoginta
615 1165 752 1193 annos
785 1153 979 1194 everten-

150 1208 252 1250 dam
279 1209 459 1250 curavit.
501 1208 631 1259 Quod
661 1209 766 1250 item
793 1208 897 1250 fecit
924 1207 981 1249 ad

149 1267 351 1318 praesepe
370 1264 628 1315 salvatoris,
658 1270 701 1307 et
723 1265 767 1306 in
790 1264 890 1306 loco
915 1277 979 1306 re-

151 1322 449 1371 surrectionis,
480 1321 582 1363 inde
615 1321 848 1372 Adonidis,
879 1320 981 1362 hinc

150 1379 174 1419 J
177 1378 272 1420 ovis
291 1377 465 1420 sublato
485 1378 730 1420 simulacro.

204 1438 255 1489 Ra.
287 1438 382 1480 Nos
414 1443 562 1480 autem
593 1438 772 1490 gloriari
803 1439 982 1491 oportet

151 1495 196 1536 in
210 1495 350 1536 Cruce
367 1495 456 1536 Dru·
473 1496 614 1537 nostri
627 1496 652 1536 J
655 1508 734 1537 esu
748 1495 919 1545 Christi,
938 1495 981 1536 in

154 1564 241 1604 quo
266 1555 333 1593 est
357 1550 490 1601 salus,
515 1552 621 1602 vita,
645 1556 689 1593 et
716 1551 980 1593 resurrectio

153 1612 319 1649 nostra:
341 1609 364 1633 *
383 1607 469 1650 Per
489 1620 620 1660 quem
640 1608 797 1650 salvati
817 1613 860 1650 et
878 1607 981 1649 libe-

152 1663 236 1705 rati
252 1677 413 1705 sumus.
436 1658 486 1710 V.
512 1664 655 1705 Tuam
675 1665 860 1706 Crucem
878 1663 981 1706 ado-

152 1721 299 1762 ramus
318 1720 518 1770 Domine,
541 1726 586 1762 et
608 1721 842 1763 recolimus
862 1726 983 1763 tuam

153 1775 393 1827 gloriosam
410 1776 673 1830 passionem.
714 1778 810 1820 Per.

462 1844 615 1886 Lectio
635 1858 673 1885 v.

199 1914 334 1963 taque
356 1909 458 1952 loco
483 1910 634 1952 Crucis
661 1913 868 1963 purgato,
895 1911 982 1954 alte

219 1965 409 2008 defossae
427 1970 518 2009 tres
542 1980 695 2009 cruces
716 1969 852 2009 erutae
872 1974 982 2019 sunt,

154 2026 446 2075 repertusque
470 2025 670 2065 seorsum
692 2024 748 2066 ab
772 2024 857 2066 illis
878 2025 981 2066 Cru-

122 2112 124 2114 >
155 2079 218 2120 cis
237 2079 480 2121 Dominicae
506 2080 674 2122 titulus:
703 2081 778 2132 qui
805 2094 904 2123 cum
930 2094 984 2123 ex

154 2134 296 2176 tribus
324 2136 394 2177 cui
418 2135 575 2178 affixus
601 2137 771 2187 fuisset,
798 2150 884 2179 non
911 2151 983 2190 ap-

154 2193 346 2243 pareret,
374 2204 471 2233 eam
498 2192 816 2236 dubitationem
843 2197 984 2236 sustu-

155 2246 206 2288 lit
231 2247 498 2289 miraculum.
533 2249 649 2291 Nam
672 2250 891 2292 Macarius
918 2251 941 2291 J
944 2263 984 2292 e-

155 2303 478 2356 rosolymorum
493 2307 738 2359 episcopus,
753 2307 880 2348 factis
888 2307 985 2349 Deo

157 2359 383 2411 precibus,
410 2361 603 2412 singulas
631 2375 784 2404 cruces
814 2363 987 2404 cuidam

157 2415 330 2457 feminae
352 2417 475 2467 gravi
497 2417 653 2460 morbo
676 2418 895 2460 laboranti
913 2419 985 2461 ad-

157 2472 310 2513 movit:
337 2472 406 2513 cui
431 2484 532 2514 cum
555 2473 738 2526 reliquae
762 2475 868 2516 nihil
886 2488 985 2528 pro—

157 2527 358 2578 fuissent,
387 2527 583 2571 adhibita
606 2531 736 2572 tertia
760 2531 878 2572 Crux
902 2536 985 2573 sta-

157 2583 236 2625 tim
255 2597 352 2626 eam
370 2585 549 2627 sanavit.

209 2639 261 2691 R.
286 2641 405 2682 Dum
431 2654 605 2683 sacrum
630 2642 788 2694 pignus
813 2643 986 2685 cc'elitus

158 2696 394 2747 revelatur,
421 2697 582 2739 Christi
606 2697 717 2739 fides
736 2699 987 2742 roboratur:

312 2838 376 2863 Pars
391 2839 500 2864 AEstiva.

1032 279 1053 302 *
1068 277 1244 321 Adsunt
1269 279 1472 332 prodigia
1498 279 1645 321 divina
1669 280 1713 320 in
1736 280 1858 330 virga

1026 335 1170 387 Moysi
1213 336 1415 388 primitus
1461 336 1658 387 figurata.
1706 333 1755 383 Y.
1785 336 1858 378 Ad

1029 391 1179 432 Crucis
1206 394 1458 433 contactum
1483 396 1718 443 resurgunt
1745 395 1859 434 mor-

1025 448 1105 498 tui,
1144 452 1187 489 et
1225 448 1308 490 Dei
1343 448 1561 500 magnalia
1597 451 1858 491 reserantur.

1027 504 1214 546 Adsunt.

1336 558 1487 599 Lectio
1508 559 1560 598 vi.

1124 617 1264 668 elena,
1297 618 1477 660 salutari
1505 619 1647 666 Cruce*
1672 620 1860 671 inventa,

1132 675 1607 726 magnificentissimam
1621 676 1681 718 ibi
1695 681 1860 719 exstru-

1029 732 1092 772 xit
1112 731 1361 782 ecclesiam,
1388 732 1432 773 in
1457 745 1543 785 qua
1565 739 1738 786 partem
1758 734 1861 775 Cru-

1031 789 1092 830 cis
1117 788 1295 841 reliquit
1317 789 1457 831 thecis
1484 789 1702 841 argenteis
1728 790 1861 832 inclu-

1030 858 1139 895 sam,
1164 850 1336 897 partem
1356 846 1642 888 Constantino
1669 846 1759 888 filio
1788 846 1858 888 de-

1029 901 1143 943 tulit:
1183 915 1281 954 quae
1307 903 1463 944 Romae
1492 903 1688 956 reposita
1714 903 1795 944 fuit
1819 904 1863 944 in

1032 958 1218 1000 ecclesia
1247 964 1411 1001 sanctae
1442 959 1593 1000 Crucis
1620 959 1664 1000 in
1692 959 1862 1001 Jerusa-

1030 1015 1131 1067 lem,
1157 1015 1377 1058 aedificata
1395 1016 1438 1056 in
1458 1015 1627 1058 aedibus
1649 1017 1863 1058 Sessoria-

1031 1073 1108 1113 nis.
1143 1072 1303 1114 Clavos
1323 1073 1455 1114 etiam
1475 1073 1621 1115 attulit
1640 1073 1747 1123 filio,
1773 1074 1862 1125 qui-

1031 1128 1114 1169 bus
1131 1129 1455 1170 sanctissimum
1470 1130 1494 1170 J
1497 1142 1575 1171 esu
1591 1129 1751 1171 Christi
1772 1143 1863 1171 cor-

1032 1198 1114 1237 pus
1134 1186 1270 1226 fixum
1288 1186 1441 1227 fuerat.
1473 1187 1570 1236 Quo
1592 1199 1646 1228 ex
1664 1188 1864 1239 tempore

1034 1242 1346 1284 Constantinus
1382 1242 1524 1293 legem
1561 1243 1763 1294 sancivit,
1810 1256 1864 1284 ne

1034 1311 1140 1340 crux
1160 1298 1217 1340 ad
1236 1298 1500 1352 supplicium
1522 1302 1725 1351 cuiquam
1745 1298 1862 1341 adhi-

1032 1354 1223 1405 beretur,
1242 1356 1305 1397 ita
1323 1368 1394 1396 res
1415 1368 1514 1407 quae
1536 1358 1663 1397 antea
1681 1356 1863 1397 homini-

1033 1411 1115 1453 bus
1135 1412 1301 1464 probro
1326 1425 1378 1453 ac
1399 1412 1590 1454 ludibrio
1609 1413 1767 1463 fuerat,
1794 1426 1864 1454 ve-

1033 1469 1247 1510 nerationi
1268 1474 1312 1510 et
1330 1469 1482 1519 gloriae
1503 1482 1601 1511 esse
1622 1470 1769 1522 coepit.

1088 1523 1138 1573 R.
1175 1526 1276 1567 Hoc
1312 1526 1484 1576 signum
1519 1526 1669 1567 Crucis
1707 1527 1790 1567 erit
1821 1527 1865 1566 in

1034 1582 1167 1632 coelo,
1207 1595 1306 1623 cum
1337 1583 1554 1624 Dominus
1587 1582 1643 1623 ad
1675 1582 1864 1634 judican-

1036 1638 1140 1680 dum
1180 1639 1363 1680 venerit:
1406 1638 1428 1662 *
1469 1639 1596 1680 Tunc
1637 1639 1866 1680 manifesta

1036 1699 1163 1737 erunt
1210 1695 1471 1737 abscondita
1521 1695 1668 1737 cordis
1715 1696 1866 1737 nostri.

1037 1744 1088 1795 V·
1105 1752 1215 1793 Cum
1246 1751 1411 1794 sederit
1438 1752 1576 1793 Filius
1604 1751 1793 1793 hominis
1823 1753 1866 1793 in
1916 1803 1917 1806 Ἴ

1037 1808 1143 1850 sede
1163 1808 1402 1859 majestatis
1423 1821 1524 1858 suae,
1546 1813 1589 1850 et
1606 1810 1793 1861 coeperit
1808 1810 1865 1861 ju-

1036 1863 1183 1907 dicare
1204 1865 1414 1906 saeculum
1438 1878 1518 1917 per
1542 1865 1698 1916 ignem.
1731 1866 1866 1907 Tunc.

1039 1921 1190 1963 Gloria
1215 1921 1345 1962 Patri.
1377 1921 1513 1963 Tunc.

1263 1982 1312 2020 In
1333 1982 1404 2020 III.
1426 1981 1649 2020 Nocturno.

1093 2043 1191 2084 Ant.
1234 2042 1479 2083 Adoramus
1518 2046 1562 2083 te
1596 2041 1783 2093 Christe,
1824 2050 1868 2086 et

1037 2098 1336 2140 benedicimus
1352 2098 1443 2148 tibi,
1464 2099 1565 2150 quia
1583 2112 1663 2151 per
1683 2099 1867 2141 Crucem

1038 2159 1158 2196 tuam
1181 2154 1409 2196 redemisti
1433 2153 1655 2197 mundum.

1090 2211 1235 2245 Psalmi
1258 2216 1299 2246 ut
1323 2211 1362 2245 in
1381 2211 1573 2245 111.Noet.
1599 2211 1646 2245 de
1665 2211 1867 2245 Communi

1038 2259 1251 2302 Virginum.
1274 2258 1346 2303 [91]

1091 2307 1190 2347 Ant.
1228 2308 1310 2348 Per
1332 2307 1499 2358 lignum
1526 2308 1642 2350 servi
1670 2308 1772 2350 facti
1799 2322 1866 2349 su-

1038 2376 1148 2413 mus,
1172 2368 1216 2405 et
1238 2376 1319 2416 per
1338 2369 1534 2406 sanctam
1555 2365 1741 2406 Crucem
1764 2365 1866 2407 libe-

1038 2420 1122 2461 rati
1141 2433 1306 2461 sumus:
1324 2420 1492 2462 fructus
1508 2421 1678 2463 arboris
1694 2421 1868 2462 seduxit

1038 2489 1134 2518 nos:
1162 2476 1298 2518 Filius
1316 2477 1401 2518 Dei
1419 2476 1607 2519 redemit
1624 2473 1716 2527 nos,
1740 2478 1851 2519 allel.

1094 2531 1191 2571 Ant.
1224 2532 1426 2574 Salvator
1450 2533 1602 2575 mundi
1627 2533 1749 2574 salva
1772 2546 1868 2574 nos:

1039 2589 1115 2640 qui
1139 2601 1220 2641 per
1243 2589 1430 2631 Crucem
1454 2595 1498 2631 et
1524 2589 1779 2640 sanguinem
1803 2594 1867 2630 tu-

1039 2657 1113 2686 um
1140 2645 1367 2687 redemisti
1389 2658 1482 2695 nos,
1501 2646 1711 2687 auxiliare
1729 2645 1867 2695 nobis,

1039 2705 1083 2743 te
1104 2701 1393 2754 deprecamur
1411 2702 1533 2743 Deus
1551 2707 1712 2743 noster.
1743 2751 1747 2756 Ι

1620 2833 1661 2865 19
