2040 2976
795 217 1001 250 Commune
1026 215 1229 249 Abbatum.

169 325 251 365 pro
266 312 491 354 Salvatere
511 311 732 363 dimiserit,
752 312 991 366 spiritualia

169 369 367 422 recipiet:
388 382 485 422 quae
506 370 833 423 comparatiene
848 374 892 411 et
905 371 990 410 me-

168 425 253 467 rito
282 426 348 467 sui
374 426 435 467 ita
460 431 599 476 erunt,
633 426 756 479 quasi
787 426 823 468 si
852 438 990 479 parvo

169 485 350 524 numero
366 483 640 531 centenarius
654 485 859 524 numerus
875 495 989 524 com-

169 540 355 590 paretur.
415 542 474 581 Te
493 539 646 580 Deum.
665 540 722 580 13.

385 612 771 639 ψ

340 666 402 707 11.
443 666 559 707 Alia
584 665 816 707 Homilia.
842 693 847 697 -

170 731 319 773 Lectio
343 732 481 773 sancti
502 731 728 783 Evangelii
750 731 989 774 secundum

446 788 712 830 Matthaeum.

272 847 421 889 Lectio
442 850 507 889 vii.
657 850 758 902 Cap.
779 851 828 890 11.
848 850 886 890 d.

165 905 241 1011 In
265 905 339 947 illo
363 907 577 959 tempore:
605 906 898 960 Respondens
922 907 947 947 J
949 920 988 949 6-

240 975 314 1003 sus
342 962 464 1005 dixit:
495 963 716 1007 Confiteor
742 963 822 1005 tibi
847 964 988 1014 Pater,

165 1018 353 1060 Domine
385 1020 485 1062 coeli
519 1025 562 1063 et
587 1026 733 1071 terrae,
766 1020 866 1073 quia
894 1020 988 1063 abs-

168 1075 356 1118 condisti
371 1075 467 1119 haec
485 1090 510 1118 a
528 1077 805 1130 sapientibus,
829 1082 873 1119 et
890 1091 987 1130 pru-

167 1130 384 1183 dentibUS,
411 1138 454 1175 et
477 1134 681 1176 revelasti
707 1147 758 1177 ea
784 1134 988 1187 parvulis.

165 1188 222 1230 Et
239 1189 415 1242 reliqua.

170 1261 355 1304 Homilia
374 1264 512 1305 sancti
526 1264 758 1315 Augustini
767 1264 987 1317 Episcopi.

249 1328 430 1363 Sermone
448 1328 504 1363 10
523 1328 570 1363 (16
587 1328 724 1364 Verbis
742 1329 905 1364 Domini.

183 1420 188 1429 x
208 1396 271 1442 ιμ-
303 1386 434 1442 jem'te
454 1384 510 1426 ad
528 1397 598 1427 me
614 1397 764 1427 omnes
782 1386 855 1437 qui
869 1385 986 1428 labo-

180 1431 208 1495 }
240 1447 257 1471 f‘
333 1441 450 1482 ratis.
502 1442 645 1492 Quare
682 1442 797 1484 enim
837 1455 987 1484 omnes

175 1495 233 1525 2³³
264 1486 314 1525 ³³¹1
332 1496 597 1549 laboramus,
615 1498 698 1539 nisi
719 1499 819 1550 quia
840 1512 988 1541 sumus

164 1551 360 1595 hemines
379 1554 596 1605 mortales,
615 1555 800 1606 fragiles,
819 1555 986 1606 infirmi,

164 1608 283 1651 lutea
305 1623 410 1652 vasa
432 1613 675 1663 portantes,
705 1625 802 1664 quae
826 1611 988 1654 faciunt

164 1665 350 1708 invicem
381 1667 629 1718 angustias?
669 1667 756 1710 Sed
788 1669 825 1709 si
857 1681 986 1720 angu-

165 1722 348 1764 stiantur
357 1736 463 1765 vasa
478 1725 630 1774 carnis,
645 1723 878 1767 dilatentur
890 1728 985 1778 spa-

164 1778 224 1820 tia
243 1780 443 1822 caritatis.
480 1780 605 1831 Quid.
621 1794 726 1833 ergo
755 1781 875 1832 dicit,
903 1782 986 1824 Ve-

164 1837 253 1877 nite
285 1835 342 1878 ad
371 1850 441 1878 me
474 1849 624 1879 omnes
662 1838 735 1890 qui
765 1838 986 1889 laboratis,

164 1891 247 1932 nisi
260 1896 309 1934 ut
321 1905 409 1936 non
422 1893 652 1935 laboretis?
672 1894 872 1947 Denique
887 1908 986 1948 pro-

163 1948 314 1990 missio
343 1949 433 2001 ejus
460 1950 504 1990 in
530 1955 739 2003 promptu
767 1955 848 2001 est,
882 1953 985 2004 quu-

164 2004 279 2044 niam
296 2004 546 2047 laborantes
565 2007 748 2049 vocavit.
779 2008 986 2058 Quaerent

164 2059 288 2110 forte,
309 2074 393 2113 qua
410 2062 612 2105 mercede
628 2064 773 2105 vocati
791 2069 902 2106 sunt.
929 2065 986 2106 Et

165 2129 246 2168 ego
273 2130 372 2167 vos,
399 2118 558 2171 inquit,
586 2119 788 2161 reficiam.
825 2120 1007 2163 Tollite⁴

164 2173 309 2225 jugum
327 2186 471 2216 meum
494 2188 625 2228 super
643 2188 738 2227 vos,
765 2181 808 2218 et
831 2177 986 2219 discite

165 2241 191 2270 a
207 2242 292 2280 me,
315 2243 402 2271 non
420 2231 630 2273 mundum
647 2231 875 2284 fabricare,
898 2246 986 2275 non

165 2291 321 2327 cuncta
330 2286 516 2329 visibilia
531 2292 574 2329 et
583 2289 815 2331 invisibilia
825 2293 985 2341 creare,

164 2354 252 2383 non
275 2343 319 2383 in
340 2343 438 2396 ipso
459 2344 623 2386 mundo
642 2345 855 2388 mirabilia
875 2347 985 2389 face-

165 2410 223 2448 re,
243 2401 500 2441 611110111105
519 2401 743 2453 suscitare,
763 2402 851 2451 sed,
871 2404 985 2454 Que-

164 2453 280 2495 niam
297 2455 413 2496 mitis
439 2469 549 2506 sum,
576 2461 619 2499 et
641 2457 814 2500 humilis
841 2459 985 2501 eorde.

224 2512 272 2563 R.
298 2511 387 2553 Iste
418 2516 485 2553 651
511 2513 584 2565 qui
610 2518 709 2556 ante
732 2515 875 2557 Deum
898 2529 984 2557 ma-

165 2579 271 2618 gnas
298 2567 480 2609 virtutes
509 2571 717 2622 operatus
745 2575 828 2622 est,
859 2576 903 2613 et
930 2571 985 2613 de

165 2624 283 2664 omni
297 2623 430 2666 corde
444 2637 523 2666 suo
534 2625 727 2668 laudavit
735 2627 985 2669 Deminum·

170 2679 192 2702 *
216 2680 317 2744 Ipse
343 2680 583 2722 intercedat
610 2695 692 2746 pro
721 2684 913 2735 peccatis
941 2687 984 2725 ό-

165 2736 327 2777 11111111111
344 2737 620 2789 populerum.
653 2733 701 2782 N.
717 2739 832 2781 Ecce
851 2740 983 2782 homo

319 2877 382 2902 Pars
398 2879 506 2903 AEstiva.

1043 312 1134 354 sine
1152 312 1337 365 querela,
1356 325 1486 355 verus
1500 313 1584 355 Dei
1599 313 1750 363 cultor,
1769 312 1863 354 abs-

1041 370 1182 411 tinens
1209 382 1255 411 se
1282 369 1336 411 ab
1361 370 1478 411 omni
1503 372 1637 423 epere
1660 369 1793 419 malo,
1822 373 1865 410 et

1041 427 1301 478 permanens
1315 426 1360 467 in
1374 426 1620 468 innocentia
1635 439 1724 467 sua.
1751 426 1865 478 Ipse.

1205 496 1207 498 ’
1331 486 1476 526 Lectio
1498 486 1578 525 viii.

1040 536 1278 643 Magnus
1315 556 1411 586 esse
1439 543 1526 585 vis?
1554 556 1580 585 a
1603 544 1779 585 minimo
1804 545 1864 584 in-

1161 601 1268 653 cipe.
1305 600 1483 652 Cegitas
1511 613 1713 652 magnam
1737 600 1864 643 fabri-

1041 669 1137 698 cam
1178 660 1431 699 construere
1472 656 1763 699 celsitudinis?
1810 657 1865 699 de

1040 713 1322 756 fundamento
1359 714 1481 766 prius
1519 714 1663 765 cogita
1699 714 1864 755 humili-

1039 770 1153 811 tatis.
1181 771 1237 812 Et
1258 775 1466 823 quantam
1486 771 1670 823 quisque
1688 770 1798 821 vult,
1823 775 1866 812 et

1042 826 1236 879 dispenit
1255 827 1614 881 superimponere
1630 827 1791 868 molem
1811 840 1865 868 ae-

1041 882 1183 933 dificii,
1201 889 1362 936 quanto
1379 884 1460 926 erit
1470 884 1608 936 majus
1620 883 1865 934 aedificium,

1039 944 1161 981 tanto
1182 939 1310 981 altius
1326 940 1435 982 fodit
1450 940 1788 982 fundamentum.
1809 941 1866 982 Et

1040 996 1207 1038 fabrica
1223 996 1399 1050 quidem
1414 1010 1513 1039 cum
1527 998 1804 1047 construitur,
1822 997 1866 1038 in

1041 1055 1229 1106 superna
1246 1054 1483 1106 consurgit:
1504 1054 1577 1106 qui
1596 1058 1741 1096 autem
1755 1053 1867 1096 fodit

1039 1109 1384 1161 fundamentum,
1410 1110 1467 1152 ad
1491 1111 1577 1152 ima
1597 1110 1866 1164 deprimitur.

1039 1166 1156 1218 Ergo
1182 1171 1225 1208 61
1247 1166 1413 1209 fabrica
1437 1172 1538 1209 ante
1562 1166 1866 1209 celsitudinem

1039 1222 1300 1274 humiliatur,
1322 1229 1364 1265 et
1377 1224 1597 1275 fastigium
1611 1229 1714 1277 post
1728 1224 1863 1266 humi-

1038 1278 1262 1321 liationem
1280 1281 1468 1332 erigitur.

1094 1336 1144 1387 R.
1176 1336 1269 1378 Sint
1301 1336 1437 1379 lumbi
1464 1337 1599 1379 vestri
1625 1339 1863 1390 praecincti,

1040 1396 1084 1433 et
1107 1391 1303 1436 ,lucernae
1341 1393 1543 1436 ardentes
1582 1394 1625 1434 in
1663 1394 1863 1437 manibus

1039 1449 1211 1490 vestris:
1228 1450 1249 1473 *
1266 1450 1322 1491 Et
1338 1463 1417 1491 vos
1437 1450 1599 1492 similes
1616 1450 1863 1494 hominibus

1041 1506 1396 1558 exspectantibus
1434 1507 1671 1549 'deminum
1726 1521 1863 1559 suum,

1041 1562 1215 1614 quando
1230 1566 1473 1606 revertatur
1488 1578 1513 1605 a
1528 1565 1701 1618 nuptiis.
1724 1559 1770 1610 Y.
1789 1566 1862 1608 Vi-

1039 1619 1170 1670 gilate
1190 1632 1310 1670 ergo,
1331 1621 1431 1673 quia
1453 1622 1629 1663 nescitis
1650 1634 1736 1674 qua
1755 1622 1863 1664 hora

1038 1675 1253 1717 Deminus
1280 1682 1427 1719 vester
1455 1681 1663 1720 venturus
1695 1679 1762 1720 sit.
1805 1679 1862 1721 Et

1038 1744 1128 1773 vos.
1157 1732 1305 1775 Glaria
1323 1734 1453 1776 Patri.
1480 1735 1537 1776 Et
1554 1748 1645 1777 vos.

1342 1790 1492 1831 Lectio
1513 1791 1565 1830 ix.

1124 1846 1215 1888 uod
1233 1851 1299 1888 651
1317 1847 1536 1899 fastigium
1558 1850 1861 1892 construendae

1141 1902 1334 1954 fabricae,
1360 1917 1489 1957 quam
1512 1904 1739 1947 molimur?
1774 1920 1861 1959 quo

1037 1963 1349 2011 perventurum
1363 1965 1430 2002 est
1443 1963 1650 2004 cacumen
1666 1962 1861 2005 aedificii?

1040 2015 1137 2057 Cito
1170 2015 1286 2067 dico,
1321 2030 1460 2070 usque
1493 2017 1551 2059 ad
1579 2021 1862 2072 conspectum

1037 2072 1131 2113 Dei.
1178 2072 1349 2114 Videtis
1379 2087 1509 2126 quam
1537 2075 1756 2118 excelsum
1784 2082 1862 2128 est,

1039 2132 1200 2180 quanta
1231 2142 1301 2171 res
1334 2135 1400 2172 est
1427 2134 1682 2184 conspicere
1708 2133 1861 2176 Deum.

1039 2185 1123 2234 Qui
1154 2184 1391 2237 desiderat,
1432 2192 1476 2229 et
1509 2188 1628 2241 quod
1660 2189 1777 2241 dico,
1819 2195 1862 2233 et

1040 2241 1159 2293 quod
1186 2241 1308 2284 audit
1337 2243 1549 2295 intelligit.
1588 2245 1862 2288 Promittitur

1037 2297 1164 2339 nobis
1201 2301 1462 2352 conspectus
1497 2301 1601 2352 Dei,
1637 2303 1730 2344 veri
1765 2303 1862 2354 Dei,

1039 2354 1195 2394 summi
1212 2354 1307 2397 Dei.
1339 2356 1439 2398 Hoc
1463 2357 1577 2399 enim
1593 2333 1763 2400 bonum
1784 2364 1860 2408 est,

1037 2409 1258 2452 videntem
1281 2411 1441 2455 videre·
1471 2413 1587 2455 Nam
1614 2415 1687 2468 qui
1711 2415 1861 2457 60111111

1037 2465 1171 2508 falsos
1191 2467 1310 2518 deos,
1328 2468 1455 2512 facile
1474 2470 1572 2512 illos
1591 2471 1756 2513 vident.
1781 2471 1860 2514 sed

1039 2534 1114 2564 eos
1138 2523 1306 2575 vident,
1334 2525 1409 2577 qui
1433 2527 1585 2569 0611105
1610 2527 1787 2578 habent,
1815 2532 1859 2570 et

1036 2591 1124 2620 non
1138 2579 1298 2622 vident.
1324 2581 1465 2624 Nobis
1484 2587 1630 2625 autem
1646 2584 1858 2636 promitti-

1036 2639 1107 2676 tur
1131 2637 1239 2678 visio
1257 2638 1342 2680 Dei
1365 2639 1566 2690 viventis,
1594 2644 1638 2681 61
1660 2640 1858 2681 videntis.

1097 2692 1153 2734 Te
1170 2693 1314 2735 Deum
1332 2694 1571 2737 laudamus.
1593 2697 1652 2736 13.

1242 2765 1653 2789 ——ffiffl—
