2040 2976
775 207 815 240 In
842 208 956 241 Festo
983 208 1168 251 Corporis
1195 208 1349 241 Christi.

215 308 412 358 Denique
435 307 518 357 jam
542 306 722 358 exponit
747 305 969 357 quomodo
990 304 1035 346 id

214 365 298 413 fiat,
316 361 433 415 quod
447 362 654 414 loquitur:
670 367 713 403 et
730 360 834 413 quid
849 361 904 402 sit
918 374 1032 402 man-

214 420 372 470 ducare
396 431 557 471 corpus
578 418 685 469 ejus,
713 422 756 459 et
779 418 1033 468 sanguinem

211 476 371 518 bibere.

266 539 315 588 R.
335 536 418 586 Qui
435 534 670 576 manducat
688 547 830 576 meam
849 547 1032 584 carnem,

211 598 253 634 et
273 592 383 634 bibit
401 604 545 633 meum
566 591 828 641 sanguinem,
853 593 874 616 *
894 592 944 631 In
963 603 1032 632 me

209 653 369 698 manet,
398 653 441 689 et
467 660 549 699 ego
575 647 618 687 in
644 660 709 688 eo.
761 642 810 694 V.
839 647 941 688 Non
967 652 1033 688 est

210 705 294 745 alia
311 704 430 745 natio
445 709 535 744 tam
551 702 738 753 grandis,
760 715 858 754 quae
872 702 1032 744 habeat

210 761 317 802 deos
348 760 754 813 appropinquantes
785 759 886 808 sibi,
919 759 1031 800 sicut

209 818 329 859 Deus
348 822 497 858 noster
517 815 641 857 adest
660 815 798 857 nobis.
824 816 875 856 In
895 828 975 856 me.

495 887 642 927 Lectio
662 886 746 926 viii.

291 952 333 993 ui
352 951 587 992 manducat
610 963 785 998 carnem
803 962 963 1000 meam,
988 956 1031 992 et

302 1009 412 1050 bibit
435 1021 579 1049 meum
599 1007 869 1058 sanguinem,
897 1007 940 1047 in
959 1020 1029 1049 me

207 1070 362 1114 manet,
383 1070 426 1106 et
446 1076 526 1115 ego
545 1064 588 1104 in
606 1063 692 1104 illo.
720 1064 819 1105 Hoc
840 1068 906 1105 est
925 1076 1029 1115 ergo

206 1120 469 1163 manducare
497 1120 614 1161 illam
642 1133 805 1170 escam,
840 1125 884 1161 et
909 1120 1030 1161 illum

207 1178 355 1219 bibere
378 1183 550 1230 potum,
577 1177 621 1217 in
645 1175 819 1218 Christo
843 1179 1029 1227 manere,

205 1240 248 1276 et
281 1235 401 1275 illurn
431 1236 676 1275 manentem
706 1234 750 1274 in
782 1246 829 1275 se
857 1233 1029 1275 habere.

205 1292 270 1332 Ac
285 1304 365 1344 per
380 1291 474 1340 hoc,
497 1290 569 1342 qui
587 1303 675 1331 non
689 1296 835 1332 manet
850 1290 893 1330 in
910 1290 1028 1331 Chri-

204 1353 288 1397 sto,
313 1354 355 1389 et
374 1348 417 1388 in
438 1359 524 1399 quo
545 1359 632 1388 non
652 1352 799 1389 manet
820 1346 1028 1397 Christus,

203 1403 495 1457 proculdubio
526 1416 607 1445 nec
638 1403 873 1446 manducat
905 1404 1027 1456 spiri-

202 1461 347 1502 taliter
367 1473 542 1501 carnem
561 1461 669 1511 eius,
697 1473 778 1501 nec
802 1460 912 1502 bibit
937 1461 1028 1512 ejus

203 1517 474 1568 sanguinem,
498 1516 601 1558 licet
620 1516 851 1558 carnaliter
870 1521 913 1558 et
932 1517 1028 1559 visi-

203 1573 346 1615 biliter
364 1577 536 1626 premat
558 1572 760 1614 dentibus
779 1574 1028 1614 Sacramen-

203 1635 296 1671 tum
320 1629 519 1682 corporis
544 1634 586 1670 et
610 1629 829 1680 sanguinis
851 1629 1027 1671 Christi:

204 1685 283 1727 sed
306 1685 444 1735 magis
469 1690 602 1726 tantae
628 1685 690 1726 rei
709 1688 1027 1728 sacramentum

203 1742 259 1784 ad
278 1742 483 1794 judicium
502 1741 584 1783 sibi
601 1742 835 1784 manducat
850 1748 892 1784 et
906 1743 1027 1794 bibit,

205 1799 306 1851 quia
352 1797 598 1839 immundus
647 1800 927 1851 praesumpsit
971 1800 1027 1842 ad

205 1855 364 1896 Christi
383 1853 593 1896 accedere
611 1854 900 1905 Sacramenta,
927 1868 1025 1908 quae

203 1911 359 1963 aliquis
387 1923 475 1951 non
502 1910 631 1961 digne
660 1911 808 1960 sumit,
840 1911 921 1952 nisi
953 1913 1025 1964 qui

203 1967 390 2008 mundus
428 1971 512 2016 est3
558 1965 613 2007 de
655 1967 813 2019 quibus
851 1967 1025 2010 dicitur:

203 2023 328 2065 Beati
354 2022 516 2064 mundo
538 2023 688 2073 corde,
717 2023 921 2076 quoniam
940 2026 1024 2078 ipsi

201 2080 343 2122 Deum
363 2079 581 2121 videbunt.

254 2136 303 2186 R·-
326 2140 443 2181 Misit
461 2153 531 2181 me
549 2140 698 2181 vivens
716 2141 857 2191 Pater,
877 2146 920 2183 et
939 2155 1021 2193 ego

201 2197 300 2238 vivo
317 2201 497 2249 propter
506 2197 694 2238 Patrem:
709 2198 731 2223 *
746 2198 803 2239 Et
820 2199 893 2250 qui
906 2212 1020 2240 man-

201 2252 334 2294 ducat
348 2266 428 2301 me,
445 2253 561 2293 vivet
575 2258 757 2305 propter
770 2267 851 2296 me.
884 2247 934 2299 V.
958 2256 1021 2297 Ci-

201 2308 319 2351 bavit
342 2309 463 2350 illum
484 2308 696 2350 Dominus
720 2324 834 2363 pane
857 2312 958 2353 vitae
981 2317 1022 2353 et

199 2365 454 2407 intellectus.
481 2365 548 2406 Et.
578 2363 729 2407 Gloria
747 2367 876 2409 Patri.
903 2368 971 2409 Et.

500 2432 648 2475 Lectio
668 2435 720 2474 ix.

199 2487 367 2594 Sicut,
385 2505 534 2556 inquit,
554 2506 669 2547 misit
686 2519 756 2547 me
775 2506 925 2547 vivens
943 2506 1020 2546 Pa-

275 2565 351 2610 ter,
368 2566 411 2602 et
425 2574 507 2611 ego
523 2562 623 2603 vivo
639 2567 820 2614 propter
831 2562 1021 2602 Patrem:

198 2622 241 2658 et
260 2617 334 2668 qui
354 2616 589 2658 manducat
611 2630 696 2667 me,
725 2622 768 2659 et
790 2618 884 2670 ipse
903 2617 1020 2658 vivet

196 2678 478 2728 propterme.
514 2674 580 2714 Ac
599 2675 635 2714 si
655 2674 835 2715 diceret:
860 2673 918 2714 Ut
937 2686 1018 2723 ego

196 2728 338 2769 vivam
364 2735 545 2782 propter
568 2730 759 2779 Patrem,
783 2728 828 2770 id
856 2734 938 2778 est,
964 2730 1019 2770 ad

1086 304 1205 345 illum
1233 309 1456 356 tamquam
1487 305 1545 347 ad
1571 307 1779 358 majorem
1806 309 1913 351 refe-

1086 373 1179 400 ram
1205 360 1341 402 vitam
1366 373 1526 411 meam,
1555 363 1789 406 exinanitio
1814 378 1912 408 mea

1086 416 1203 466 fecit,
1230 417 1273 457 in
1299 430 1385 469 qua
1407 431 1478 459 me
1502 419 1630 461 misit.
1682 420 1742 463 Ut
1765 426 1912 464 autem

1087 473 1317 525 quisquam
1336 474 1455 516 vivat
1474 480 1659 528 propter
1676 490 1761 527 me,
1779 479 1912 531 parti-

1085 529 1248 581 cipatio
1282 530 1401 580 facit,
1443 544 1529 583 qua
1564 531 1801 576 manducat
1829 548 1912 577 me.

1084 585 1179 636 Ego
1211 588 1360 639 itaque
1396 587 1648 631 humiliatus
1680 590 1781 632 vivo
1812 604 1910 645 pro-

1084 647 1182 694 pter
1196 642 1388 684 Patrem:
1406 644 1479 686 ille
1499 647 1671 687 erectus
1689 646 1796 689 vivit
1813 660 1911 700 pro-

1084 703 1183 750 pter
1201 712 1282 741 me.
1318 699 1365 741 Si
1388 706 1534 742 autem
1559 701 1620 743 ita
1644 701 1810 744 dictum
1834 709 1911 755 est,

1084 754 1200 796 Vivo
1218 760 1402 808 propter
1416 757 1601 809 Patrem,
1622 759 1723 810 quia
1741 760 1837 813 ipse
1856 760 1912 803 de

1083 810 1175 860 illo,
1203 824 1292 853 non
1317 812 1388 854 ille
1416 812 1470 855 de
1496 814 1595 867 ipso
1615 820 1699 856 est:
1727 816 1819 858 sine
1839 816 1911 858 de-

1082 867 1289 910 trimento
1327 870 1590 922 aequalitatis
1630 870 1797 914 dictum
1833 877 1911 915 est.

1082 923 1178 965 Nec
1204 930 1350 966 tamen
1379 924 1583 978 dicendo,
1609 927 1667 970 Et
1695 929 1769 981 qui
1792 942 1910 971 man-

1083 979 1217 1022 ducat
1230 994 1311 1031 me,
1327 987 1369 1023 et
1383 982 1478 1035 ipse
1493 983 1612 1025 vivet
1626 990 1812 1038 propter
1824 998 1910 1028 me:

1084 1036 1283 1079 eamdem
1307 1050 1431 1079 suam
1454 1044 1498 1080 et
1520 1044 1716 1081 nostram
1734 1042 1909 1094 aequali-

1082 1096 1219 1135 tatem
1237 1094 1509 1146 significavit,
1529 1095 1608 1138 sed
1621 1097 1808 1148 gratiam
1822 1111 1909 1140 me-

1083 1149 1266 1192 diatoris
1285 1151 1486 1193 ostendit.

1139 1205 1199 1248 Te
1215 1207 1359 1248 Deum
1378 1207 1618 1250 laudamus.
1637 1210 1695 1251 13.

1348 1293 1427 1334 Ad
1448 1294 1646 1336 Laudes

1290 1359 1310 1383 e
1327 1353 1342 1384 t
1380 1359 1404 1393 p
1422 1359 1442 1384 e
1458 1360 1478 1383 r
1514 1349 1550 1383 H
1568 1360 1590 1384 ο
1607 1360 1626 1384 r
1642 1361 1663 1384 a
1682 1360 1709 1385 s.

1138 1406 1237 1447 Ant.
1254 1407 1282 1445 1.
1303 1406 1528 1461 Sapientia
1542 1410 1566 1435 *
1581 1408 1816 1452 aedificavit
1830 1410 1914 1454 sibi

1084 1463 1279 1514 domum,
1305 1465 1479 1506 miscuit
1503 1465 1666 1516 vinum,
1694 1471 1738 1508 et
1760 1468 1910 1520 posuit

1082 1533 1287 1571 mensam,
1317 1520 1498 1573 alleluja.

1131 1577 1200 1618 Ps.
1231 1575 1444 1618 Dominus
1468 1579 1680 1630 regnavit.
1703 1580 1761 1620 14.

1132 1635 1168 1674 2.
1203 1633 1473 1685 Angelorum
1503 1647 1604 1676 esca
1634 1637 1658 1662 *
1688 1636 1909 1679 nutrivisti

1081 1690 1293 1743 populum
1316 1695 1450 1742 tuum,
1474 1697 1518 1734 et
1539 1705 1699 1745 panem
1718 1692 1773 1734 de
1792 1693 1906 1736 eoelo

1080 1747 1327 1799 praestitisti
1355 1748 1434 1798 eis,
1463 1748 1645 1801 alleluja.

1131 1803 1168 1843 3.
1191 1801 1372 1855 Pinguis
1392 1809 1459 1846 est
1478 1806 1604 1858 panis
1623 1807 1647 1832 *
1668 1805 1842 1857 Christi,
1863 1811 1907 1849 et

1078 1860 1295 1913 praebebit
1314 1860 1494 1911 delicias
1512 1861 1698 1913 regibus,
1721 1862 1904 1915 alleluja.

1131 1916 1169 1955 4.
1193 1916 1456 1959 Sacerdotes
1475 1918 1616 1960 sancti
1635 1920 1659 1945 *
1678 1918 1903 1961 incensum

1078 1978 1120 2015 et
1171 1986 1276 2016 anes
1296 1973 1485 2016 offerunt
1502 1975 1618 2025 Deo,
1637 1974 1818 2027 alleluja.

1130 2054 1137 2066 .
1160 2058 1167 2066 .
1194 2026 1399 2072 Vincenti
1429 2029 1544 2072 dabo
1571 2033 1596 2059 *
1620 2044 1779 2074 manna
1806 2032 1902 2074 abs—

1077 2085 1316 2134 conditum,
1344 2091 1388 2128 et
1412 2099 1573 2129 nomen
1596 2100 1774 2138 novum,
1801 2088 1901 2131 alle-

1076 2143 1173 2195 luja.

1131 2212 1389 2265 Capitulum.
1592 2214 1622 2253 1.
1638 2214 1734 2255 Cor.
1750 2214 1800 2255 11.
1816 2227 1850 2256 e.

1154 2287 1307 2324 ratres:
1334 2284 1430 2334 Ego
1453 2284 1567 2326 enim
1590 2285 1740 2337 accepi
1764 2297 1790 2326 a
1812 2285 1900 2327 Do-

1172 2340 1309 2390 mino,
1343 2339 1463 2392 quod
1495 2345 1538 2382 et
1569 2339 1731 2382 tradidi
1762 2341 1900 2392 vobiS,

1077 2395 1282 2446 quoniam
1316 2395 1533 2438 Dominus
1568 2396 1695 2438 Jesus
1733 2397 1777 2438 in
1813 2407 1919 2449 qua·

1075 2456 1203 2493 nocte
1230 2451 1503 2502 tradebAtur,
1533 2453 1703 2506 aceepit
1729 2466 1898 2506 panem,

1075 2512 1117 2549 et
1131 2508 1294 2558 gratias
1308 2521 1442 2559 agens
1457 2509 1595 2560 fregit,
1615 2514 1659 2551 et
1673 2509 1796 2552 dixit:
1814 2509 1897 2552 Ac·

1074 2564 1216 2616 cipite,
1240 2570 1284 2606 et
1306 2564 1580 2607 manducate:
1605 2565 1690 2607 hoc
1714 2570 1781 2607 est
1804 2578 1896 2607 cor-

1073 2632 1155 2670 pus
1177 2633 1333 2670 meum,
1359 2621 1478 2673 quod
1498 2634 1580 2674 pro
1605 2621 1731 2663 vobis
1753 2621 1896 2664 trade·

1073 2680 1161 2716 tur:
1192 2677 1277 2718 hoc
1304 2677 1434 2720 facite
1466 2679 1510 2718 in
1537 2690 1680 2719 meam
1709 2690 1895 2720 comme-

1071 2733 1370 2774 morationem.
