2040 2976
182 222 226 256 35
914 208 973 240 Ad
999 207 1158 240 Nonum.

232 317 387 365 niquos
420 310 522 351 odio
555 308 702 349 habui:
733 307 756 331 *
790 310 834 346 et
865 304 1006 354 legem

264 375 382 410 tuam
402 366 543 407 dilexi.

237 424 422 474 Adjtitor
442 427 484 462 et
500 421 730 471 susceptor
745 429 867 457 meus
883 428 930 456 es
946 420 1006 455 tu:

184 482 207 506 *
223 486 266 521 et
284 480 325 519 in
347 477 527 518 verbum
547 481 669 516 tuum
690 469 1007 525 superspereivi.

236 534 462 575 Declinate
479 545 503 572 a
518 544 587 572 me
603 529 791 579 maligni:
802 529 824 552 *
837 532 880 568 et
891 539 1006 567 scru-

184 590 311 632 tz'lbor
330 588 534 629 mandata
554 586 637 626 Dei
655 585 750 625 mei.

235 645 418 696 Snscipe
437 655 506 683 me
528 639 767 682 secandum
787 637 1008 688 eloquium

185 707 323 747 tuum,
352 704 395 740 et
420 699 578 738 vivam:
597 698 619 721 '⁸‘
645 701 688 736 et
716 707 803 735 non
832 692 1007 734 constin-

186 755 264 797 das
283 768 353 795 me
373 754 427 795 ab
447 751 774 804 exspectatione
794 761 901 789 mea.

238 810 408 861 Adjuva
436 821 525 857 me,
553 812 596 848 et
625 806 770 846 salvus
799 817 889 845 ero:
913 803 936 828 *
965 806 1008 843 et

186 865 432 907 meditabor
456 865 498 904 in
522 859 898 915 justificationibus
922 858 1009 899 tuis

189 934 371 973 semper.

239 975 451 1028 Sprevisti
487 986 637 1015 omnes
674 970 948 1013 discedentes
986 982 1011 1009 a

188 1032 355 1084 judiciis
379 1031 478 1071 tuis:
498 1031 520 1054 *
541 1029 642 1080 quia
665 1028 822 1079 injt'ista
849 1025 1010 1076 cogita-

188 1089 250 1129 tio
271 1089 432 1128 eOrum.

240 1141 582 1183 Praevariceintes
624 1138 823 1191 reputavi
860 1149 1011 1178 omnes

190 1199 445 1251 peccatores
469 1201 613 1237 terrae:
632 1196 654 1220 *
674 1194 774 1235 ideo
800 1193 932 1234 dilexi
951 1198 1011 1233 te-

192 1253 392 1295 stimonia
411 1258 495 1293 tua.

242 1309 420 1359 Confige
439 1309 595 1348 timore
614 1311 690 1347 tuo
708 1317 860 1346 earnes
875 1316 1012 1344 meas:

190 1366 212 1390 *
232 1378 257 1405 a
277 1364 444 1415 judiciis
464 1363 578 1404 enim
597 1362 683 1403 tuis
702 1361 837 1402 timui.

239 1420 341 1460 Feci
360 1418 565 1470 judicium
585 1422 627 1458 et
646 1417 866 1468 justitiam:
881 1416 904 1440 *
925 1427 1012 1455 non

189 1475 337 1517 tradas
356 1487 426 1515 me
446 1472 810 1514 calumniantibus
829 1483 910 1511 me.

241 1530 421 1581 Sfiseipe
441 1541 614 1570 servum
633 1533 755 1568 tuum
774 1527 817 1567 in
835 1526 1014 1567 bonum:

191 1587 214 1611 *
233 1598 319 1626 non
339 1584 653 1625 calumnientur
673 1596 742 1623 me
763 1581 950 1634 superbi.

244 1640 368 1681 Oculi
386 1640 471 1680 mei
492 1639 743 1680 defecerunt
762 1638 805 1677 in
825 1637 1014 1678 salutare

193 1702 329 1737 tuum:
339 1696 362 1720 *
373 1700 417 1736 et
431 1695 474 1734 in
490 1694 712 1745 eloquium
727 1693 901 1744 justitiae
916 1697 1014 1733 tuae.

246 1752 333 1791 Fac
370 1763 468 1791 cum
505 1762 632 1790 servo
666 1754 742 1790 tuo
776 1747 1015 1789 secandum

194 1805 535 1847 misericordiam
555 1810 687 1845 tuam:
706 1805 728 1829 *
749 1810 792 1845 et
816 1803 1016 1854 justifica-

194 1863 336 1903 ti6nes
355 1866 452 1902 tuas
473 1860 582 1901 doce
601 1873 680 1901 me.

246 1918 405 1958 Servus
429 1921 528 1957 tuus
554 1929 648 1956 sum
673 1927 768 1966 ego:
787 1916 810 1940 *
831 1914 887 1956 da
909 1914 1016 1954 mihi

195 1972 524 2020 intellectum,ut
532 1971 665 2012 seiam
674 1970 1015 2012 testimoniatua.

246 2028 440 2079 Tempus
464 2026 648 2067 faciendi
668 2027 868 2067 Domine:
887 2026 910 2051 *
931 2024 1015 2066 dis-

197 2083 446 2135 sipaverunt
464 2082 604 2133 legem
623 2087 753 2123 tuam.

247 2138 353 2179 Ideo
373 2138 503 2178 dilexi
522 2137 727 2179 mandata
746 2142 830 2186 tua,
845 2138 868 2163 *
885 2150 1016 2189 super

197 2206 347 2234 aurum
368 2198 411 2234 et
429 2193 646 2244 topazion.

247 2249 486 2300 Propterea
500 2247 555 2289 ad
571 2249 715 2289 omnia
724 2248 932 2290 mandata
942 2253 1018 2290 tua

197 2303 426 2353 dirigebar:
444 2305 467 2328 *
488 2316 659 2345 omnem
684 2305 799 2345 viam
823 2305 1017 2356 iniquam

198 2359 300 2400 odio
320 2359 460 2400 habui.

252 2414 348 2453 Ant.
376 2414 567 2466 Alleh'xja,
595 2415 775 2466 allehija‚
804 2415 985 2466 alleh'ija.

302 2466 555 2516 Capitulum.
722 2468 861 2508 Galat.
878 2471 913 2506 (ἰ.

279 2524 360 2565 lter
392 2525 568 2566 alterius
594 2528 727 2567 onera
752 2528 947 2578 portate,
975 2531 1019 2567 et

308 2581 369 2621 sie
384 2581 679 2633 adimplebitis
694 2582 835 2632 legem
847 2582 1018 2623 Christi.

256 2637 300 2686 Rg.
318 2636 377 2676 br.
396 2637 445 2676 In
461 2638 670 2677 aeternum
686 2637 872 2678 DOmine
886 2641 907 2663 *
917 2638 1017 2678 Per-

198 2696 341 2731 manet
360 2690 541 2731 verbum
559 2696 692 2732 tuum.
724 2693 774 2732 In
795 2694 1018 2733 aeternum.

1067 299 1113 348 Y'.
1131 302 1183 342 In
1208 299 1418 341 saeculum
1441 296 1592 338 saeculi
1615 294 1779 336 veritas
1801 299 1888 336 tua.

1058 359 1300 398 Permanet.
1345 353 1506 394 GlOria.
1541 353 1593 393 In
1618 352 1843 392 aeternum.

1120 408 1166 458 x'.
1192 411 1408 452 Dominus
1441 408 1554 459 regit
1584 420 1671 455 me,
1706 411 1750 448 et
1781 405 1889 446 nihil

1060 468 1165 508 mihi
1184 467 1333 508 deerit.
1370 467 1420 517 Rv.
1439 465 1490 504 In
1509 464 1610 504 loco
1629 463 1809 515 pAscuae
1828 461 1890 503 ibi

1059 537 1129 565 me
1149 522 1395 565 collocavit.

1118 590 1165 628 In
1183 586 1320 628 feriali
1333 584 1490 625 Officio
1507 595 1586 634 per
1598 582 1783 621 Annum.
1795 579 1895 620 Ant.

1067 639 1233 690 Adjuva
1251 650 1337 686 me,
1362 641 1406 677 et
1426 635 1574 676 salvus
1595 646 1671 675 ero
1690 632 1891 674 D6mine.

1118 695 1255 746 Capit.
1285 693 1405 733 Alter
1424 691 1614 732 alterius.
1639 694 1687 730 ut
1707 699 1850 739 supra.

1120 753 1169 802 Rg.
1192 751 1251 791 br.
1269 747 1536 789 Benedicam
1550 744 1791 786 Dominum
1808 743 1892 784 *In

1063 807 1179 847 omni
1190 808 1401 857 tempore.
1416 801 1694 844 Benedicam.
1720 795 1892 846 VSem-

1062 875 1140 914 per
1159 861 1254 902 laus
1274 861 1364 911 ejus
1383 859 1427 899 in
1451 871 1528 899 ore
1548 869 1660 898 meo.
1692 857 1754 896 In.
1791 854 1892 895 Glo-

1062 918 1125 958 ria
1143 917 1275 958 Patri.
1303 914 1581 956 Benedieam.

1123 969 1169 1020 Y
1196 972 1411 1013 Dominus
1439 970 1551 1020 regit
1587 980 1678 1017 me,
1711 971 1756 1008 et
1786 965 1894 1007 nihil

1063 1029 1169 1070 mihi
1188 1028 1337 1070 deerit.
1377 1029 1425 1079 leg.
1444 1027 1495 1066 In
1515 1025 1615 1066 loco
1635 1025 1815 1076 pAscuae
1831 1021 1894 1063 ibi

1063 1099 1133 1127 me
1154 1083 1399 1126 collocavit.

1122 1152 1284 1191 Quando
1318 1151 1365 1184 ad
1400 1149 1629 1183 Matutinum
1660 1147 1775 1181 dictae
1809 1150 1897 1180 sunt

1069 1210 1213 1242 preces.
1239 1199 1348 1232 flexis
1374 1198 1537 1239 genibus
1563 1195 1718 1230 dicitur:

1164 1256 1256 1307 yrie
1291 1254 1467 1295 eleison.
1511 1251 1686 1292 Christe
1719 1249 1896 1291 eleison.

1200 1311 1329 1363 Kyrie
1348 1309 1523 1351 eleison.

1120 1366 1245 1425 Pater
1265 1370 1425 1407 noster.
1452 1367 1635 1404 secreto.

1124 1420 1171 1465 Υ.
1186 1424 1243 1464 Et
1262 1435 1316 1463 ne
1334 1433 1416 1462 nos
1431 1419 1616 1461 indt'icas
1631 1418 1676 1458 in
1691 1416 1897 1459 tentatio-

1066 1493 1176 1520 nem.
1214 1482 1260 1532 Rg.
1273 1476 1361 1519 Sed
1380 1476 1518 1517 libera
1536 1487 1619 1516 nos
1638 1486 1664 1515 a
1681 1473 1811 1514 malo.

1125 1533 1173 1581 ΥΣ
1195 1534 1384 1575 Domine
1408 1533 1531 1573 Deus
1556 1530 1770 1571 virttitum
1797 1541 1897 1570 con-

1068 1593 1189 1632 verte
1221 1603 1314 1631 nos.
1357 1591 1405 1642 Rg.
1428 1588 1486 1628 Et
1520 1585 1704 1628 ostende
1739 1584 1898 1626 faciem

1067 1652 1198 1695 tuam,
1228 1651 1271 1687 et
1299 1645 1409 1686 salvi
1434 1643 1607 1684 erimus.

1123 1700 1171 1750 Y'.
1193 1703 1393 1752 Exsnrge
1413 1699 1602 1748 Christe,
1627 1697 1786 1749 adjuva
1803 1709 1897 1738 nos.

1076 1760 1120 1810 1}-
1149 1758 1207 1799 Et
1238 1757 1376 1798 libera
1408 1768 1490 1796 nos
1522 1758 1708 1807 propter
1737 1765 1899 1794 nomen

1067 1819 1202 1855 tuum.

1124 1868 1173 1917 v.
1214 1869 1404 1910 Domine
1448 1866 1609 1908 exandi
1654 1865 1900 1907 orationem

1069 1939 1222 2022 mgenm.
1267 1927 1317 1977 R.
1343 1925 1400 1965 Et
1429 1923 1595 1964 clamor
1625 1934 1750 1963 meus
1774 1919 1832 1962 ad
1855 1924 1899 1962 te

1068 1995 1095 2022 V
1124 1986 1432 2083 nvlntbominus
1469 2034 1711 2076 vobiscum.
1759 2035 1810 2086 Rz.
1843 2033 1901 2074 Et

1070 2106 1168 2134 cum
1189 2092 1346 2145 spiritu
1363 2097 1453 2133 tuo.

1126 2148 1257 2182 Oratio
1284 2149 1530 2182 conveniens.

1267 2219 1349 2222 .-
1391 2206 1690 2233 ·<›-·2n·÷·-——

1328 2275 1408 2316 Ad
1433 2275 1641 2315 Nonam.

1127 2346 1252 2386 Pater
1271 2349 1434 2386 noster.
1474 2345 1559 2384 Ave
1578 2342 1728 2383 Maria.

1118 2402 1240 2442 Deus
1259 2401 1302 2441 in
1322 2399 1598 2451 adjut6rium.
1618 2399 1677 2439 14.

1388 2462 1595 2512 Hymnus.

1182 2539 1304 2566 erum
1323 2525 1444 2566 Deus
1464 2529 1598 2565 tenax
1616 2521 1752 2572 vigor,

1199 2582 1414 2622 Immotus
1432 2580 1476 2620 in
1494 2584 1539 2620 te
1558 2580 1832 2631 permanens,

1147 2637 1279 2677 Lucis
1299 2636 1468 2677 difirnae
1489 2636 1692 2686 tempora

1147 2691 1431 2733 Successibus
1451 2688 1764 2732 determinans:
