<?xml version="1.0" encoding="UTF-8"?>
<!DOCTYPE html PUBLIC "-//W3C//DTD XHTML 1.0 Transitional//EN"
    "http://www.w3.org/TR/xhtml1/DTD/xhtml1-transitional.dtd">
<html xmlns="http://www.w3.org/1999/xhtml" xml:lang="en" lang="en">
 <head>
  <title>
</title>
<meta http-equiv="Content-Type" content="text/html;charset=utf-8" />
  <meta name='ocr-system' content='tesseract 3.04.00' />
  <meta name='ocr-capabilities' content='ocr_page ocr_carea ocr_par ocr_line ocrx_word'/>
</head>
<body>
  <div class='ocr_page' id='page_1' title='image "./p3breviariumroma00cathuoft_0185.png"; bbox 0 0 2040 2976; ppageno 0'>
   <div class='ocr_carea' id='block_1_1' title="bbox 708 187 1277 231">
    <p class='ocr_par' dir='ltr' id='par_1_1' title="bbox 708 187 1277 231">
     <span class='ocr_line' id='line_1_1' title="bbox 708 187 1277 231; baseline 0 -9"><span class='ocrx_word' id='word_1_1' title='bbox 708 188 751 222; x_wconf 93' lang='lat' dir='ltr'>In</span> <span class='ocrx_word' id='word_1_2' title='bbox 775 188 889 222; x_wconf 84' lang='lat' dir='ltr'>Festo</span> <span class='ocrx_word' id='word_1_3' title='bbox 914 187 1099 231; x_wconf 85' lang='lat' dir='ltr'>Corporis</span> <span class='ocrx_word' id='word_1_4' title='bbox 1124 188 1277 223; x_wconf 80' lang='lat' dir='ltr'>Christi.</span> 
     </span>
    </p>
   </div>
   <div class='ocr_carea' id='block_1_2' title="bbox 1785 186 1847 222">
    <p class='ocr_par' dir='ltr' id='par_1_2' title="bbox 1785 186 1847 222">
     <span class='ocr_line' id='line_1_2' title="bbox 1785 186 1847 222; baseline 0.032 -2"><span class='ocrx_word' id='word_1_5' title='bbox 1785 186 1847 222; x_wconf 89' lang='lat'>155</span> 
     </span>
    </p>
   </div>
   <div class='ocr_carea' id='block_1_3' title="bbox 141 242 1848 264">
    <p class='ocr_par' dir='ltr' id='par_1_3' title="bbox 141 242 1848 264">
     <span class='ocr_line' id='line_1_3' title="bbox 141 242 1848 264; baseline 0 2712"><span class='ocrx_word' id='word_1_6' title='bbox 141 242 1848 264; x_wconf 95' lang='lat' dir='ltr'> </span> 
     </span>
    </p>
   </div>
   <div class='ocr_carea' id='block_1_4' title="bbox 452 285 661 335">
    <p class='ocr_par' dir='ltr' id='par_1_4' title="bbox 452 285 661 335">
     <span class='ocr_line' id='line_1_4' title="bbox 452 285 661 335; baseline 0 -11"><span class='ocrx_word' id='word_1_7' title='bbox 452 285 661 335; x_wconf 84' lang='lat' dir='ltr'><strong>Hymnus.</strong></span> 
     </span>
    </p>
   </div>
   <div class='ocr_carea' id='block_1_5' title="bbox 142 343 969 567">
    <p class='ocr_par' dir='ltr' id='par_1_5' title="bbox 142 343 969 567">
     <span class='ocr_line' id='line_1_5' title="bbox 142 343 880 451; baseline 0.003 -66"><span class='ocrx_word' id='word_1_8' title='bbox 142 343 388 451; x_wconf 84' lang='lat' dir='ltr'>Verbum</span> <span class='ocrx_word' id='word_1_9' title='bbox 408 346 643 397; x_wconf 80' lang='lat' dir='ltr'>supernum</span> <span class='ocrx_word' id='word_1_10' title='bbox 660 345 880 398; x_wconf 82' lang='lat' dir='ltr'>prodiens,</span> 
     </span>
     <span class='ocr_line' id='line_1_6' title="bbox 255 401 969 453; baseline 0.003 -11"><span class='ocrx_word' id='word_1_11' title='bbox 255 401 349 442; x_wconf 89' lang='lat' dir='ltr'>Nec</span> <span class='ocrx_word' id='word_1_12' title='bbox 360 401 502 443; x_wconf 91' lang='lat' dir='ltr'>Patris</span> <span class='ocrx_word' id='word_1_13' title='bbox 517 401 716 453; x_wconf 88' lang='lat' dir='ltr'>linquens</span> <span class='ocrx_word' id='word_1_14' title='bbox 733 402 969 453; x_wconf 83' lang='lat' dir='ltr'>dexteram,</span> 
     </span>
     <span class='ocr_line' id='line_1_7' title="bbox 194 456 724 510; baseline 0.004 -13"><span class='ocrx_word' id='word_1_15' title='bbox 194 456 267 498; x_wconf 94' lang='lat' dir='ltr'>Ad</span> <span class='ocrx_word' id='word_1_16' title='bbox 286 470 398 510; x_wconf 90' lang='lat' dir='ltr'>opus</span> <span class='ocrx_word' id='word_1_17' title='bbox 418 470 544 499; x_wconf 93' lang='lat' dir='ltr'>suum</span> <span class='ocrx_word' id='word_1_18' title='bbox 563 458 724 508; x_wconf 79' lang='lat' dir='ltr'>exiens,</span> 
     </span>
     <span class='ocr_line' id='line_1_8' title="bbox 195 512 785 567; baseline 0.002 -13"><span class='ocrx_word' id='word_1_19' title='bbox 195 512 330 556; x_wconf 85' lang='lat' dir='ltr'>Venit</span> <span class='ocrx_word' id='word_1_20' title='bbox 348 513 405 555; x_wconf 86' lang='lat' dir='ltr'>ad</span> <span class='ocrx_word' id='word_1_21' title='bbox 423 514 526 556; x_wconf 84' lang='lat' dir='ltr'>vitae</span> <span class='ocrx_word' id='word_1_22' title='bbox 544 516 785 567; x_wconf 84' lang='lat' dir='ltr'>vesperam.</span> 
     </span>
    </p>
   </div>
   <div class='ocr_carea' id='block_1_6' title="bbox 142 582 749 738">
    <p class='ocr_par' dir='ltr' id='par_1_6' title="bbox 142 582 749 738">
     <span class='ocr_line' id='line_1_9' title="bbox 142 582 676 635; baseline -0.002 -10"><span class='ocrx_word' id='word_1_23' title='bbox 142 585 194 625; x_wconf 91' lang='lat' dir='ltr'>In</span> <span class='ocrx_word' id='word_1_24' title='bbox 211 587 399 624; x_wconf 90' lang='lat' dir='ltr'>mortem</span> <span class='ocrx_word' id='word_1_25' title='bbox 417 595 443 624; x_wconf 87' lang='lat' dir='ltr'>a</span> <span class='ocrx_word' id='word_1_26' title='bbox 461 582 676 635; x_wconf 90' lang='lat' dir='ltr'>discipulo</span> 
     </span>
     <span class='ocr_line' id='line_1_10' title="bbox 195 638 749 690; baseline 0.004 -11"><span class='ocrx_word' id='word_1_27' title='bbox 195 638 292 680; x_wconf 89' lang='lat' dir='ltr'>Suis</span> <span class='ocrx_word' id='word_1_28' title='bbox 311 638 550 681; x_wconf 81' lang='lat' dir='ltr'>tradendus</span> <span class='ocrx_word' id='word_1_29' title='bbox 570 639 749 690; x_wconf 80' lang='lat' dir='ltr'>aemulis,</span> 
     </span>
     <span class='ocr_line' id='line_1_11' title="bbox 194 695 690 738; baseline 0.004 -3"><span class='ocrx_word' id='word_1_30' title='bbox 194 695 322 736; x_wconf 82' lang='lat' dir='ltr'><strong>Prius</strong></span> <span class='ocrx_word' id='word_1_31' title='bbox 341 695 385 736; x_wconf 93' lang='lat' dir='ltr'>in</span> <span class='ocrx_word' id='word_1_32' title='bbox 402 695 505 736; x_wconf 88' lang='lat' dir='ltr'>vitae</span> <span class='ocrx_word' id='word_1_33' title='bbox 525 695 690 738; x_wconf 83' lang='lat' dir='ltr'>ferculo</span> 
     </span>
    </p>
   </div>
   <div class='ocr_carea' id='block_1_7' title="bbox 195 750 706 804">
    <p class='ocr_par' dir='ltr' id='par_1_7' title="bbox 195 750 706 804">
     <span class='ocr_line' id='line_1_12' title="bbox 195 750 706 804; baseline 0.002 -11"><span class='ocrx_word' id='word_1_34' title='bbox 195 752 251 793; x_wconf 92' lang='lat' dir='ltr'>Se</span> <span class='ocrx_word' id='word_1_35' title='bbox 269 750 450 793; x_wconf 72' lang='lat' dir='ltr'>tradidit</span> <span class='ocrx_word' id='word_1_36' title='bbox 469 750 706 804; x_wconf 82' lang='lat' dir='ltr'>discipulis.</span> 
     </span>
    </p>
   </div>
   <div class='ocr_carea' id='block_1_8' title="bbox 142 820 874 1033">
    <p class='ocr_par' dir='ltr' id='par_1_8' title="bbox 142 820 874 1033">
     <span class='ocr_line' id='line_1_13' title="bbox 142 820 698 874; baseline 0.004 -12"><span class='ocrx_word' id='word_1_37' title='bbox 142 821 310 874; x_wconf 89' lang='lat' dir='ltr'>Quibus</span> <span class='ocrx_word' id='word_1_38' title='bbox 331 820 411 863; x_wconf 89' lang='lat' dir='ltr'>sub</span> <span class='ocrx_word' id='word_1_39' title='bbox 430 820 534 862; x_wconf 90' lang='lat' dir='ltr'>bina</span> <span class='ocrx_word' id='word_1_40' title='bbox 552 822 698 874; x_wconf 82' lang='lat' dir='ltr'>specie</span> 
     </span>
     <span class='ocr_line' id='line_1_14' title="bbox 196 876 874 930; baseline 0.004 -12"><span class='ocrx_word' id='word_1_41' title='bbox 196 877 382 919; x_wconf 84' lang='lat' dir='ltr'><strong>Carnem</strong></span> <span class='ocrx_word' id='word_1_42' title='bbox 401 876 522 919; x_wconf 84' lang='lat' dir='ltr'>dedit</span> <span class='ocrx_word' id='word_1_43' title='bbox 541 882 585 919; x_wconf 93' lang='lat' dir='ltr'>et</span> <span class='ocrx_word' id='word_1_44' title='bbox 603 879 874 930; x_wconf 76' lang='lat' dir='ltr'>sanguinem3</span> 
     </span>
     <span class='ocr_line' id='line_1_15' title="bbox 195 933 736 986; baseline 0 -10"><span class='ocrx_word' id='word_1_45' title='bbox 195 933 254 976; x_wconf 89' lang='lat' dir='ltr'>Ut</span> <span class='ocrx_word' id='word_1_46' title='bbox 273 933 461 986; x_wconf 91' lang='lat' dir='ltr'>duplicis</span> <span class='ocrx_word' id='word_1_47' title='bbox 480 933 736 976; x_wconf 79' lang='lat' dir='ltr'>substantiae</span> 
     </span>
     <span class='ocr_line' id='line_1_16' title="bbox 194 989 794 1033; baseline 0.002 -1"><span class='ocrx_word' id='word_1_48' title='bbox 194 990 358 1032; x_wconf 90' lang='lat' dir='ltr'>Totum</span> <span class='ocrx_word' id='word_1_49' title='bbox 377 989 544 1032; x_wconf 83' lang='lat' dir='ltr'>cibaret</span> <span class='ocrx_word' id='word_1_50' title='bbox 562 990 794 1033; x_wconf 84' lang='lat' dir='ltr'>hominem.</span> 
     </span>
    </p>
   </div>
   <div class='ocr_carea' id='block_1_9' title="bbox 141 1058 868 1282">
    <p class='ocr_par' dir='ltr' id='par_1_9' title="bbox 141 1058 868 1282">
     <span class='ocr_line' id='line_1_17' title="bbox 141 1058 739 1111; baseline 0.002 -10"><span class='ocrx_word' id='word_1_51' title='bbox 141 1061 197 1101; x_wconf 89' lang='lat' dir='ltr'>Se</span> <span class='ocrx_word' id='word_1_52' title='bbox 219 1071 403 1101; x_wconf 85' lang='lat' dir='ltr'>nascens</span> <span class='ocrx_word' id='word_1_53' title='bbox 423 1058 543 1101; x_wconf 85' lang='lat' dir='ltr'>dedit</span> <span class='ocrx_word' id='word_1_54' title='bbox 561 1061 739 1111; x_wconf 86' lang='lat' dir='ltr'>socium,</span> 
     </span>
     <span class='ocr_line' id='line_1_18' title="bbox 196 1115 758 1168; baseline 0.002 -11"><span class='ocrx_word' id='word_1_55' title='bbox 196 1115 473 1157; x_wconf 83' lang='lat' dir='ltr'>Convescens</span> <span class='ocrx_word' id='word_1_56' title='bbox 492 1116 535 1156; x_wconf 91' lang='lat' dir='ltr'>in</span> <span class='ocrx_word' id='word_1_57' title='bbox 556 1116 758 1168; x_wconf 84' lang='lat' dir='ltr'>edulium,</span> 
     </span>
     <span class='ocr_line' id='line_1_19' title="bbox 194 1171 741 1224; baseline 0.002 -11"><span class='ocrx_word' id='word_1_58' title='bbox 194 1171 250 1213; x_wconf 92' lang='lat' dir='ltr'>Se</span> <span class='ocrx_word' id='word_1_59' title='bbox 268 1171 460 1213; x_wconf 81' lang='lat' dir='ltr'>moriens</span> <span class='ocrx_word' id='word_1_60' title='bbox 479 1172 523 1213; x_wconf 93' lang='lat' dir='ltr'>in</span> <span class='ocrx_word' id='word_1_61' title='bbox 541 1173 741 1224; x_wconf 80' lang='lat' dir='ltr'>pretium,</span> 
     </span>
     <span class='ocr_line' id='line_1_20' title="bbox 194 1227 868 1282; baseline 0.006 -14"><span class='ocrx_word' id='word_1_62' title='bbox 194 1227 250 1269; x_wconf 90' lang='lat' dir='ltr'>Se</span> <span class='ocrx_word' id='word_1_63' title='bbox 268 1240 455 1279; x_wconf 86' lang='lat' dir='ltr'>regnans</span> <span class='ocrx_word' id='word_1_64' title='bbox 476 1227 551 1270; x_wconf 88' lang='lat' dir='ltr'>dat</span> <span class='ocrx_word' id='word_1_65' title='bbox 568 1229 612 1269; x_wconf 92' lang='lat' dir='ltr'>in</span> <span class='ocrx_word' id='word_1_66' title='bbox 629 1230 868 1282; x_wconf 80' lang='lat' dir='ltr'>praemium.</span> 
     </span>
    </p>
   </div>
   <div class='ocr_carea' id='block_1_10' title="bbox 143 1297 790 1517">
    <p class='ocr_par' dir='ltr' id='par_1_10' title="bbox 143 1297 790 1517">
     <span class='ocr_line' id='line_1_21' title="bbox 143 1297 577 1348; baseline 0 -9"><span class='ocrx_word' id='word_1_67' title='bbox 143 1298 179 1339; x_wconf 93' lang='lat' dir='ltr'>O</span> <span class='ocrx_word' id='word_1_68' title='bbox 202 1297 404 1339; x_wconf 78' lang='lat' dir='ltr'>salutaris</span> <span class='ocrx_word' id='word_1_69' title='bbox 422 1297 577 1348; x_wconf 85' lang='lat' dir='ltr'>hostia,</span> 
     </span>
     <span class='ocr_line' id='line_1_22' title="bbox 194 1353 790 1406; baseline 0.005 -12"><span class='ocrx_word' id='word_1_70' title='bbox 194 1354 303 1404; x_wconf 89' lang='lat' dir='ltr'>Quae</span> <span class='ocrx_word' id='word_1_71' title='bbox 323 1353 423 1395; x_wconf 83' lang='lat' dir='ltr'>coeli</span> <span class='ocrx_word' id='word_1_72' title='bbox 442 1354 599 1406; x_wconf 87' lang='lat' dir='ltr'>pandis</span> <span class='ocrx_word' id='word_1_73' title='bbox 620 1356 790 1406; x_wconf 85' lang='lat' dir='ltr'>ostium,</span> 
     </span>
     <span class='ocr_line' id='line_1_23' title="bbox 194 1409 743 1463; baseline 0.005 -13"><span class='ocrx_word' id='word_1_74' title='bbox 194 1409 319 1452; x_wconf 89' lang='lat' dir='ltr'>Bella</span> <span class='ocrx_word' id='word_1_75' title='bbox 337 1415 541 1462; x_wconf 89' lang='lat' dir='ltr'>premunt</span> <span class='ocrx_word' id='word_1_76' title='bbox 558 1410 743 1463; x_wconf 91' lang='lat' dir='ltr'>hostilia,</span> 
     </span>
     <span class='ocr_line' id='line_1_24' title="bbox 193 1466 744 1517; baseline 0.005 -10"><span class='ocrx_word' id='word_1_77' title='bbox 193 1467 263 1508; x_wconf 87' lang='lat' dir='ltr'>Da</span> <span class='ocrx_word' id='word_1_78' title='bbox 280 1466 425 1517; x_wconf 90' lang='lat' dir='ltr'>robur,</span> <span class='ocrx_word' id='word_1_79' title='bbox 443 1466 508 1509; x_wconf 87' lang='lat' dir='ltr'>fer</span> <span class='ocrx_word' id='word_1_80' title='bbox 528 1468 744 1510; x_wconf 84' lang='lat' dir='ltr'>auxilium.</span> 
     </span>
    </p>
   </div>
   <div class='ocr_carea' id='block_1_11' title="bbox 141 1536 750 1805">
    <p class='ocr_par' dir='ltr' id='par_1_11' title="bbox 141 1536 750 1760">
     <span class='ocr_line' id='line_1_25' title="bbox 141 1536 669 1589; baseline 0.006 -12"><span class='ocrx_word' id='word_1_81' title='bbox 141 1536 228 1578; x_wconf 90' lang='lat' dir='ltr'>Uni</span> <span class='ocrx_word' id='word_1_82' title='bbox 245 1537 448 1589; x_wconf 83' lang='lat' dir='ltr'>trinoque</span> <span class='ocrx_word' id='word_1_83' title='bbox 467 1537 669 1588; x_wconf 85' lang='lat' dir='ltr'>Domino,</span> 
     </span>
     <span class='ocr_line' id='line_1_26' title="bbox 191 1592 712 1645; baseline 0.006 -12"><span class='ocrx_word' id='word_1_84' title='bbox 191 1592 257 1634; x_wconf 91' lang='lat' dir='ltr'>Sit</span> <span class='ocrx_word' id='word_1_85' title='bbox 276 1593 541 1645; x_wconf 82' lang='lat' dir='ltr'>sempiterna</span> <span class='ocrx_word' id='word_1_86' title='bbox 559 1594 712 1645; x_wconf 70' lang='lat' dir='ltr'>gluria:</span> 
     </span>
     <span class='ocr_line' id='line_1_27' title="bbox 194 1648 750 1698; baseline 0.007 -9"><span class='ocrx_word' id='word_1_87' title='bbox 194 1648 280 1698; x_wconf 88' lang='lat' dir='ltr'>Qui</span> <span class='ocrx_word' id='word_1_88' title='bbox 297 1649 433 1691; x_wconf 89' lang='lat' dir='ltr'>vitam</span> <span class='ocrx_word' id='word_1_89' title='bbox 451 1650 545 1692; x_wconf 88' lang='lat' dir='ltr'>sine</span> <span class='ocrx_word' id='word_1_90' title='bbox 563 1652 750 1693; x_wconf 83' lang='lat' dir='ltr'>termino</span> 
     </span>
     <span class='ocr_line' id='line_1_28' title="bbox 192 1704 721 1760; baseline 0.006 -14"><span class='ocrx_word' id='word_1_91' title='bbox 192 1704 334 1747; x_wconf 86' lang='lat' dir='ltr'>Nobis</span> <span class='ocrx_word' id='word_1_92' title='bbox 354 1706 489 1748; x_wconf 91' lang='lat' dir='ltr'>donet</span> <span class='ocrx_word' id='word_1_93' title='bbox 507 1707 551 1747; x_wconf 93' lang='lat' dir='ltr'>in</span> <span class='ocrx_word' id='word_1_94' title='bbox 569 1708 721 1760; x_wconf 81' lang='lat' dir='ltr'>patria.</span> 
     </span>
    </p>

    <p class='ocr_par' dir='ltr' id='par_1_12' title="bbox 450 1762 604 1805">
     <span class='ocr_line' id='line_1_29' title="bbox 450 1762 604 1805; baseline 0 -1"><span class='ocrx_word' id='word_1_95' title='bbox 450 1762 604 1805; x_wconf 92' lang='lat' dir='ltr'>Amen.</span> 
     </span>
    </p>
   </div>
   <div class='ocr_carea' id='block_1_12' title="bbox 141 1823 967 1992">
    <p class='ocr_par' dir='ltr' id='par_1_13' title="bbox 141 1823 967 1992">
     <span class='ocr_line' id='line_1_30' title="bbox 194 1823 965 1882; baseline 0.006 -15"><span class='ocrx_word' id='word_1_96' title='bbox 194 1823 244 1876; x_wconf 64' lang='lat' dir='ltr'>V.</span> <span class='ocrx_word' id='word_1_97' title='bbox 263 1826 417 1869; x_wconf 82' lang='lat' dir='ltr'>Posuit</span> <span class='ocrx_word' id='word_1_98' title='bbox 436 1828 546 1870; x_wconf 91' lang='lat' dir='ltr'>fines</span> <span class='ocrx_word' id='word_1_99' title='bbox 567 1833 667 1871; x_wconf 90' lang='lat' dir='ltr'>tuos</span> <span class='ocrx_word' id='word_1_100' title='bbox 682 1843 847 1882; x_wconf 84' lang='lat' dir='ltr'>pacem,</span> <span class='ocrx_word' id='word_1_101' title='bbox 866 1831 965 1872; x_wconf 89' lang='lat' dir='ltr'>alle-</span> 
     </span>
     <span class='ocr_line' id='line_1_31' title="bbox 142 1881 967 1938; baseline 0.008 -16"><span class='ocrx_word' id='word_1_102' title='bbox 142 1881 240 1934; x_wconf 86' lang='lat' dir='ltr'>luja.</span> <span class='ocrx_word' id='word_1_103' title='bbox 276 1886 327 1938; x_wconf 60' lang='lat' dir='ltr'>Rz.</span> <span class='ocrx_word' id='word_1_104' title='bbox 355 1884 411 1925; x_wconf 88' lang='lat' dir='ltr'>Et</span> <span class='ocrx_word' id='word_1_105' title='bbox 442 1883 574 1938; x_wconf 82' lang='lat' dir='ltr'>adipe</span> <span class='ocrx_word' id='word_1_106' title='bbox 601 1885 806 1928; x_wconf 82' lang='lat' dir='ltr'>frumenti</span> <span class='ocrx_word' id='word_1_107' title='bbox 837 1888 967 1929; x_wconf 79' lang='lat' dir='ltr'>satiat</span> 
     </span>
     <span class='ocr_line' id='line_1_32' title="bbox 141 1939 411 1992; baseline 0.007 -13"><span class='ocrx_word' id='word_1_108' title='bbox 141 1942 201 1988; x_wconf 92' lang='lat' dir='ltr'>te,</span> <span class='ocrx_word' id='word_1_109' title='bbox 230 1939 411 1992; x_wconf 88' lang='lat' dir='ltr'>alleluja.</span> 
     </span>
    </p>
   </div>
   <div class='ocr_carea' id='block_1_13' title="bbox 141 2007 966 2229">
    <p class='ocr_par' dir='ltr' id='par_1_14' title="bbox 141 2007 966 2229">
     <span class='ocr_line' id='line_1_33' title="bbox 195 2007 966 2061; baseline 0.003 -13"><span class='ocrx_word' id='word_1_110' title='bbox 195 2007 266 2049; x_wconf 92' lang='lat' dir='ltr'>Ad</span> <span class='ocrx_word' id='word_1_111' title='bbox 280 2007 442 2049; x_wconf 90' lang='lat' dir='ltr'>Bened.</span> <span class='ocrx_word' id='word_1_112' title='bbox 459 2009 556 2048; x_wconf 87' lang='lat' dir='ltr'>Ant.</span> <span class='ocrx_word' id='word_1_113' title='bbox 575 2007 669 2058; x_wconf 85' lang='lat' dir='ltr'>Ego</span> <span class='ocrx_word' id='word_1_114' title='bbox 686 2020 782 2048; x_wconf 92' lang='lat' dir='ltr'>sum</span> <span class='ocrx_word' id='word_1_115' title='bbox 801 2010 825 2035; x_wconf 85' lang='grc'>*</span> <span class='ocrx_word' id='word_1_116' title='bbox 839 2009 966 2061; x_wconf 89' lang='lat' dir='ltr'>panis</span> 
     </span>
     <span class='ocr_line' id='line_1_34' title="bbox 141 2060 966 2114; baseline 0.007 -14"><span class='ocrx_word' id='word_1_117' title='bbox 141 2060 286 2111; x_wconf 84' lang='lat' dir='ltr'>vivus,</span> <span class='ocrx_word' id='word_1_118' title='bbox 324 2062 398 2114; x_wconf 93' lang='lat' dir='ltr'>qui</span> <span class='ocrx_word' id='word_1_119' title='bbox 430 2060 485 2104; x_wconf 94' lang='lat' dir='ltr'>de</span> <span class='ocrx_word' id='word_1_120' title='bbox 519 2064 633 2105; x_wconf 88' lang='lat' dir='ltr'>coelo</span> <span class='ocrx_word' id='word_1_121' title='bbox 667 2063 893 2106; x_wconf 82' lang='lat' dir='ltr'>descendi:</span> <span class='ocrx_word' id='word_1_122' title='bbox 929 2066 966 2106; x_wconf 93' lang='lat' dir='ltr'>si</span> 
     </span>
     <span class='ocr_line' id='line_1_35' title="bbox 143 2117 965 2174; baseline 0.007 -17"><span class='ocrx_word' id='word_1_123' title='bbox 143 2117 239 2169; x_wconf 89' lang='lat' dir='ltr'>quis</span> <span class='ocrx_word' id='word_1_124' title='bbox 275 2118 606 2161; x_wconf 77' lang='lat' dir='ltr'>manducaverit</span> <span class='ocrx_word' id='word_1_125' title='bbox 642 2133 696 2162; x_wconf 80' lang='lat' dir='ltr'>ex</span> <span class='ocrx_word' id='word_1_126' title='bbox 728 2120 811 2162; x_wconf 91' lang='lat' dir='ltr'>hoc</span> <span class='ocrx_word' id='word_1_127' title='bbox 842 2134 965 2174; x_wconf 90' lang='lat' dir='ltr'>pane,</span> 
     </span>
     <span class='ocr_line' id='line_1_36' title="bbox 142 2170 766 2229; baseline 0.006 -15"><span class='ocrx_word' id='word_1_128' title='bbox 142 2173 260 2215; x_wconf 87' lang='lat' dir='ltr'>vivet</span> <span class='ocrx_word' id='word_1_129' title='bbox 277 2174 322 2215; x_wconf 91' lang='lat' dir='ltr'>in</span> <span class='ocrx_word' id='word_1_130' title='bbox 341 2170 563 2226; x_wconf 75' lang='lat' dir='ltr'>aeternum,</span> <span class='ocrx_word' id='word_1_131' title='bbox 583 2177 766 2229; x_wconf 89' lang='lat' dir='ltr'>alleluja.</span> 
     </span>
    </p>
   </div>
   <div class='ocr_carea' id='block_1_14' title="bbox 142 2245 967 2748">
    <p class='ocr_par' dir='ltr' id='par_1_15' title="bbox 474 2245 636 2286">
     <span class='ocr_line' id='line_1_37' title="bbox 474 2245 636 2286; baseline -0.006 0"><span class='ocrx_word' id='word_1_132' title='bbox 474 2245 636 2286; x_wconf 83' lang='lat' dir='ltr'>Oratio.</span> 
     </span>
    </p>

    <p class='ocr_par' dir='ltr' id='par_1_16' title="bbox 231 2303 965 2355">
     <span class='ocr_line' id='line_1_38' title="bbox 231 2303 965 2355; baseline 0.007 -12"><span class='ocrx_word' id='word_1_133' title='bbox 231 2315 318 2353; x_wconf 86' lang='lat' dir='ltr'>eus,</span> <span class='ocrx_word' id='word_1_134' title='bbox 343 2303 417 2355; x_wconf 94' lang='lat' dir='ltr'>qui</span> <span class='ocrx_word' id='word_1_135' title='bbox 436 2304 564 2346; x_wconf 90' lang='lat' dir='ltr'>nobis</span> <span class='ocrx_word' id='word_1_136' title='bbox 585 2305 665 2347; x_wconf 92' lang='lat' dir='ltr'>sub</span> <span class='ocrx_word' id='word_1_137' title='bbox 685 2307 965 2348; x_wconf 83' lang='lat' dir='ltr'>Sacramento</span> 
     </span>
    </p>

    <p class='ocr_par' dir='ltr' id='par_1_17' title="bbox 142 2359 967 2748">
     <span class='ocr_line' id='line_1_39' title="bbox 253 2359 965 2413; baseline 0.007 -14"><span class='ocrx_word' id='word_1_138' title='bbox 253 2359 441 2401; x_wconf 82' lang='lat' dir='ltr'>mirabili</span> <span class='ocrx_word' id='word_1_139' title='bbox 461 2362 678 2413; x_wconf 85' lang='lat' dir='ltr'>passionis</span> <span class='ocrx_word' id='word_1_140' title='bbox 698 2368 786 2404; x_wconf 87' lang='lat' dir='ltr'>tuae</span> <span class='ocrx_word' id='word_1_141' title='bbox 805 2365 965 2404; x_wconf 85' lang='lat' dir='ltr'>memo-</span> 
     </span>
     <span class='ocr_line' id='line_1_40' title="bbox 143 2416 966 2471; baseline 0.006 -15"><span class='ocrx_word' id='word_1_142' title='bbox 143 2417 252 2466; x_wconf 87' lang='lat' dir='ltr'>riam</span> <span class='ocrx_word' id='word_1_143' title='bbox 274 2416 501 2467; x_wconf 82' lang='lat' dir='ltr'>reliquisti:</span> <span class='ocrx_word' id='word_1_144' title='bbox 525 2418 680 2469; x_wconf 81' lang='lat' dir='ltr'>tribue,</span> <span class='ocrx_word' id='word_1_145' title='bbox 706 2421 966 2471; x_wconf 78' lang='lat' dir='ltr'>quaesumus,</span> 
     </span>
     <span class='ocr_line' id='line_1_41' title="bbox 143 2473 967 2526; baseline 0.005 -13"><span class='ocrx_word' id='word_1_146' title='bbox 143 2473 204 2514; x_wconf 90' lang='lat' dir='ltr'>ita</span> <span class='ocrx_word' id='word_1_147' title='bbox 234 2485 315 2514; x_wconf 85' lang='lat' dir='ltr'>nos</span> <span class='ocrx_word' id='word_1_148' title='bbox 348 2474 546 2525; x_wconf 81' lang='lat' dir='ltr'>corporis</span> <span class='ocrx_word' id='word_1_149' title='bbox 579 2479 623 2516; x_wconf 93' lang='lat' dir='ltr'>et</span> <span class='ocrx_word' id='word_1_150' title='bbox 655 2476 874 2526; x_wconf 80' lang='lat' dir='ltr'>sanguinis</span> <span class='ocrx_word' id='word_1_151' title='bbox 904 2477 967 2518; x_wconf 91' lang='lat' dir='ltr'>tui</span> 
     </span>
     <span class='ocr_line' id='line_1_42' title="bbox 144 2529 965 2582; baseline 0.005 -13"><span class='ocrx_word' id='word_1_152' title='bbox 144 2541 267 2570; x_wconf 89' lang='lat' dir='ltr'>sacra</span> <span class='ocrx_word' id='word_1_153' title='bbox 298 2529 504 2581; x_wconf 82' lang='lat' dir='ltr'>mysteria</span> <span class='ocrx_word' id='word_1_154' title='bbox 538 2531 754 2582; x_wconf 74' lang='lat' dir='ltr'>venerari3</span> <span class='ocrx_word' id='word_1_155' title='bbox 790 2536 839 2573; x_wconf 91' lang='lat' dir='ltr'>ut</span> <span class='ocrx_word' id='word_1_156' title='bbox 870 2532 965 2574; x_wconf 92' lang='lat' dir='ltr'>red-</span> 
     </span>
     <span class='ocr_line' id='line_1_43' title="bbox 143 2585 965 2637; baseline 0.006 -12"><span class='ocrx_word' id='word_1_157' title='bbox 143 2585 376 2637; x_wconf 86' lang='lat' dir='ltr'>emptionis</span> <span class='ocrx_word' id='word_1_158' title='bbox 410 2590 498 2627; x_wconf 90' lang='lat' dir='ltr'>tuae</span> <span class='ocrx_word' id='word_1_159' title='bbox 534 2586 723 2628; x_wconf 89' lang='lat' dir='ltr'>fructum</span> <span class='ocrx_word' id='word_1_160' title='bbox 759 2587 803 2628; x_wconf 93' lang='lat' dir='ltr'>in</span> <span class='ocrx_word' id='word_1_161' title='bbox 839 2588 965 2630; x_wconf 86' lang='lat' dir='ltr'>nobis</span> 
     </span>
     <span class='ocr_line' id='line_1_44' title="bbox 142 2642 967 2693; baseline 0.006 -11"><span class='ocrx_word' id='word_1_162' title='bbox 142 2642 299 2692; x_wconf 87' lang='lat' dir='ltr'>iugiter</span> <span class='ocrx_word' id='word_1_163' title='bbox 340 2643 590 2684; x_wconf 83' lang='lat' dir='ltr'>sentiamus:</span> <span class='ocrx_word' id='word_1_164' title='bbox 649 2644 734 2693; x_wconf 92' lang='lat' dir='ltr'>Qui</span> <span class='ocrx_word' id='word_1_165' title='bbox 774 2644 884 2685; x_wconf 87' lang='lat' dir='ltr'>vivis</span> <span class='ocrx_word' id='word_1_166' title='bbox 924 2650 967 2687; x_wconf 90' lang='lat' dir='ltr'>et</span> 
     </span>
     <span class='ocr_line' id='line_1_45' title="bbox 143 2709 309 2748; baseline 0.006 -11"><span class='ocrx_word' id='word_1_167' title='bbox 143 2709 309 2748; x_wconf 87' lang='lat' dir='ltr'>regnas.</span> 
     </span>
    </p>
   </div>
   <div class='ocr_carea' id='block_1_15' title="bbox 1020 283 1845 1232">
    <p class='ocr_par' dir='ltr' id='par_1_18' title="bbox 1021 283 1844 495">
     <span class='ocr_line' id='line_1_46' title="bbox 1286 283 1577 320; baseline 0.003 -1"><span class='ocrx_word' id='word_1_168' title='bbox 1286 283 1353 319; x_wconf 92' lang='lat' dir='ltr'>Ad</span> <span class='ocrx_word' id='word_1_169' title='bbox 1376 284 1577 320; x_wconf 82' lang='lat' dir='ltr'>Primam.</span> 
     </span>
     <span class='ocr_line' id='line_1_47' title="bbox 1073 332 1844 390; baseline -0.001 -12"><span class='ocrx_word' id='word_1_170' title='bbox 1073 337 1123 378; x_wconf 87' lang='lat' dir='ltr'>ln</span> <span class='ocrx_word' id='word_1_171' title='bbox 1144 338 1193 390; x_wconf 94' lang='lat' dir='ltr'>R.</span> <span class='ocrx_word' id='word_1_172' title='bbox 1214 338 1275 379; x_wconf 90' lang='lat' dir='ltr'>br.</span> <span class='ocrx_word' id='word_1_173' title='bbox 1295 332 1345 384; x_wconf 68' lang='lat' dir='ltr'>V.</span> <span class='ocrx_word' id='word_1_174' title='bbox 1367 336 1450 386; x_wconf 87' lang='lat' dir='ltr'>Qui</span> <span class='ocrx_word' id='word_1_175' title='bbox 1468 341 1596 378; x_wconf 92' lang='lat' dir='ltr'>natus</span> <span class='ocrx_word' id='word_1_176' title='bbox 1617 349 1662 378; x_wconf 91' lang='lat' dir='ltr'>es</span> <span class='ocrx_word' id='word_1_177' title='bbox 1683 336 1738 378; x_wconf 92' lang='lat' dir='ltr'>de</span> <span class='ocrx_word' id='word_1_178' title='bbox 1757 336 1844 377; x_wconf 87' lang='lat' dir='ltr'>Ma-</span> 
     </span>
     <span class='ocr_line' id='line_1_48' title="bbox 1021 390 1750 442; baseline 0.008 -11"><span class='ocrx_word' id='word_1_179' title='bbox 1021 392 1085 431; x_wconf 89' lang='lat' dir='ltr'>ria</span> <span class='ocrx_word' id='word_1_180' title='bbox 1103 390 1296 442; x_wconf 88' lang='lat' dir='ltr'>Virgine.</span> <span class='ocrx_word' id='word_1_181' title='bbox 1747 434 1750 437; x_wconf 86' lang='lat'>.</span> 
     </span>
     <span class='ocr_line' id='line_1_49' title="bbox 1074 451 1753 495; baseline 0.006 -10"><span class='ocrx_word' id='word_1_182' title='bbox 1074 451 1121 486; x_wconf 89' lang='lat' dir='ltr'>Et</span> <span class='ocrx_word' id='word_1_183' title='bbox 1147 452 1203 485; x_wconf 84' lang='lat' dir='ltr'>sic</span> <span class='ocrx_word' id='word_1_184' title='bbox 1228 452 1299 486; x_wconf 86' lang='lat' dir='ltr'>dic.</span> <span class='ocrx_word' id='word_1_185' title='bbox 1324 463 1393 495; x_wconf 82' lang='lat' dir='ltr'>per</span> <span class='ocrx_word' id='word_1_186' title='bbox 1418 458 1534 487; x_wconf 77' lang='lat' dir='ltr'>totam</span> <span class='ocrx_word' id='word_1_187' title='bbox 1561 455 1753 489; x_wconf 67' lang='lat' dir='ltr'>Octavam.</span> 
     </span>
    </p>

    <p class='ocr_par' dir='ltr' id='par_1_19' title="bbox 1021 500 1843 650">
     <span class='ocr_line' id='line_1_50' title="bbox 1073 500 1843 546; baseline 0.004 -13"><span class='ocrx_word' id='word_1_188' title='bbox 1073 500 1115 533; x_wconf 90' lang='lat' dir='ltr'>In</span> <span class='ocrx_word' id='word_1_189' title='bbox 1138 500 1351 534; x_wconf 70' lang='lat' dir='ltr'>Versiculis</span> <span class='ocrx_word' id='word_1_190' title='bbox 1375 501 1513 535; x_wconf 74' lang='lat' dir='ltr'>I&#39;rimae</span> <span class='ocrx_word' id='word_1_191' title='bbox 1540 508 1574 536; x_wconf 76' lang='lat' dir='ltr'>ct</span> <span class='ocrx_word' id='word_1_192' title='bbox 1592 503 1843 546; x_wconf 83' lang='lat' dir='ltr'>Completorii</span> 
     </span>
     <span class='ocr_line' id='line_1_51' title="bbox 1021 548 1842 592; baseline 0.005 -11"><span class='ocrx_word' id='word_1_193' title='bbox 1021 558 1099 582; x_wconf 92' lang='lat' dir='ltr'>non</span> <span class='ocrx_word' id='word_1_194' title='bbox 1117 548 1271 582; x_wconf 73' lang='lat' dir='ltr'>additur</span> <span class='ocrx_word' id='word_1_195' title='bbox 1282 548 1462 592; x_wconf 77' lang='lat' dir='ltr'>Alleluia,</span> <span class='ocrx_word' id='word_1_196' title='bbox 1479 551 1547 584; x_wconf 80' lang='lat' dir='ltr'>scd</span> <span class='ocrx_word' id='word_1_197' title='bbox 1565 551 1600 584; x_wconf 83' lang='lat' dir='ltr'>in</span> <span class='ocrx_word' id='word_1_198' title='bbox 1616 551 1701 585; x_wconf 79' lang='lat' dir='ltr'>aliis</span> <span class='ocrx_word' id='word_1_199' title='bbox 1716 551 1842 586; x_wconf 81' lang='lat' dir='ltr'>Horis.</span> 
     </span>
     <span class='ocr_line' id='line_1_52' title="bbox 1289 613 1579 650; baseline -0.003 0"><span class='ocrx_word' id='word_1_200' title='bbox 1289 613 1356 650; x_wconf 91' lang='lat' dir='ltr'>Ad</span> <span class='ocrx_word' id='word_1_201' title='bbox 1379 613 1579 650; x_wconf 86' lang='lat' dir='ltr'>Tertiam.</span> 
     </span>
    </p>

    <p class='ocr_par' dir='ltr' id='par_1_20' title="bbox 1072 666 1601 716">
     <span class='ocr_line' id='line_1_53' title="bbox 1072 666 1601 716; baseline 0 -10"><span class='ocrx_word' id='word_1_202' title='bbox 1072 667 1171 708; x_wconf 85' lang='lat' dir='ltr'>Ant.</span> <span class='ocrx_word' id='word_1_203' title='bbox 1203 666 1471 716; x_wconf 83' lang='lat' dir='ltr'>Angelorum</span> <span class='ocrx_word' id='word_1_204' title='bbox 1491 678 1601 707; x_wconf 90' lang='lat' dir='ltr'>esca.</span> 
     </span>
    </p>

    <p class='ocr_par' dir='ltr' id='par_1_21' title="bbox 1073 727 1794 779">
     <span class='ocr_line' id='line_1_54' title="bbox 1073 727 1794 779; baseline 0 -12"><span class='ocrx_word' id='word_1_205' title='bbox 1073 727 1210 779; x_wconf 82' lang='lat' dir='ltr'>Capit.</span> <span class='ocrx_word' id='word_1_206' title='bbox 1238 728 1430 768; x_wconf 87' lang='lat' dir='ltr'>Fratres:</span> <span class='ocrx_word' id='word_1_207' title='bbox 1447 727 1543 778; x_wconf 85' lang='lat' dir='ltr'>Ego</span> <span class='ocrx_word' id='word_1_208' title='bbox 1565 727 1688 767; x_wconf 91' lang='lat' dir='ltr'>enim.</span> <span class='ocrx_word' id='word_1_209' title='bbox 1707 728 1794 767; x_wconf 84' lang='lat'>154.</span> 
     </span>
    </p>

    <p class='ocr_par' dir='ltr' id='par_1_22' title="bbox 1020 787 1845 1054">
     <span class='ocr_line' id='line_1_55' title="bbox 1072 787 1842 841; baseline 0 -13"><span class='ocrx_word' id='word_1_210' title='bbox 1072 789 1122 841; x_wconf 61' lang='lat' dir='ltr'>Rg.</span> <span class='ocrx_word' id='word_1_211' title='bbox 1150 788 1211 829; x_wconf 90' lang='lat' dir='ltr'>br.</span> <span class='ocrx_word' id='word_1_212' title='bbox 1242 788 1403 829; x_wconf 88' lang='lat' dir='ltr'>Panem</span> <span class='ocrx_word' id='word_1_213' title='bbox 1431 787 1533 829; x_wconf 89' lang='lat' dir='ltr'>coeli</span> <span class='ocrx_word' id='word_1_214' title='bbox 1562 787 1683 829; x_wconf 88' lang='lat' dir='ltr'>dedit</span> <span class='ocrx_word' id='word_1_215' title='bbox 1711 788 1789 838; x_wconf 88' lang='lat' dir='ltr'>eis,</span> <span class='ocrx_word' id='word_1_216' title='bbox 1820 792 1842 815; x_wconf 85' lang='lat'>*</span> 
     </span>
     <span class='ocr_line' id='line_1_56' title="bbox 1021 843 1844 896; baseline -0.001 -11"><span class='ocrx_word' id='word_1_217' title='bbox 1021 843 1226 896; x_wconf 79' lang='lat' dir='ltr'>Alleluia,</span> <span class='ocrx_word' id='word_1_218' title='bbox 1275 843 1457 896; x_wconf 89' lang='lat' dir='ltr'>alleluja.</span> <span class='ocrx_word' id='word_1_219' title='bbox 1522 844 1687 885; x_wconf 90' lang='lat' dir='ltr'>Panem</span> <span class='ocrx_word' id='word_1_220' title='bbox 1734 843 1844 885; x_wconf 88' lang='lat' dir='ltr'>coeli.</span> 
     </span>
     <span class='ocr_line' id='line_1_57' title="bbox 1021 898 1843 951; baseline 0.001 -11"><span class='ocrx_word' id='word_1_221' title='bbox 1021 898 1072 947; x_wconf 72' lang='lat' dir='ltr'>V.</span> <span class='ocrx_word' id='word_1_222' title='bbox 1097 900 1262 942; x_wconf 91' lang='lat' dir='ltr'>Panem</span> <span class='ocrx_word' id='word_1_223' title='bbox 1302 900 1571 951; x_wconf 85' lang='lat' dir='ltr'>Angelorum</span> <span class='ocrx_word' id='word_1_224' title='bbox 1613 900 1843 941; x_wconf 80' lang='lat' dir='ltr'>manduca-</span> 
     </span>
     <span class='ocr_line' id='line_1_58' title="bbox 1021 955 1845 1008; baseline 0 -11"><span class='ocrx_word' id='word_1_225' title='bbox 1021 957 1084 998; x_wconf 89' lang='lat' dir='ltr'>vit</span> <span class='ocrx_word' id='word_1_226' title='bbox 1098 955 1242 998; x_wconf 92' lang='lat' dir='ltr'>homo.</span> <span class='ocrx_word' id='word_1_227' title='bbox 1268 956 1465 1008; x_wconf 76' lang='lat' dir='ltr'>Alleluia,</span> <span class='ocrx_word' id='word_1_228' title='bbox 1480 956 1661 1008; x_wconf 83' lang='lat' dir='ltr'>alleluia.</span> <span class='ocrx_word' id='word_1_229' title='bbox 1697 956 1845 999; x_wconf 83' lang='lat' dir='ltr'>Gloria</span> 
     </span>
     <span class='ocr_line' id='line_1_59' title="bbox 1020 1013 1361 1054; baseline 0.003 -1"><span class='ocrx_word' id='word_1_230' title='bbox 1020 1013 1151 1054; x_wconf 87' lang='lat' dir='ltr'>Patri.</span> <span class='ocrx_word' id='word_1_231' title='bbox 1186 1013 1361 1054; x_wconf 92' lang='lat' dir='ltr'>Panem.</span> 
     </span>
    </p>

    <p class='ocr_par' dir='ltr' id='par_1_23' title="bbox 1020 1067 1844 1232">
     <span class='ocr_line' id='line_1_60' title="bbox 1076 1067 1844 1121; baseline -0.001 -12"><span class='ocrx_word' id='word_1_232' title='bbox 1076 1067 1124 1117; x_wconf 57' lang='lat' dir='ltr'>Y.</span> <span class='ocrx_word' id='word_1_233' title='bbox 1162 1069 1334 1111; x_wconf 79' lang='lat' dir='ltr'>Cibavit</span> <span class='ocrx_word' id='word_1_234' title='bbox 1369 1069 1469 1110; x_wconf 89' lang='lat' dir='ltr'>illos</span> <span class='ocrx_word' id='word_1_235' title='bbox 1506 1081 1560 1109; x_wconf 86' lang='lat' dir='ltr'>ex</span> <span class='ocrx_word' id='word_1_236' title='bbox 1595 1068 1726 1121; x_wconf 76' lang='lat' dir='ltr'>adipe</span> <span class='ocrx_word' id='word_1_237' title='bbox 1761 1068 1844 1109; x_wconf 92' lang='lat' dir='ltr'>fru-</span> 
     </span>
     <span class='ocr_line' id='line_1_61' title="bbox 1020 1124 1844 1179; baseline -0.002 -12"><span class='ocrx_word' id='word_1_238' title='bbox 1020 1126 1170 1175; x_wconf 85' lang='lat' dir='ltr'>menti,</span> <span class='ocrx_word' id='word_1_239' title='bbox 1211 1125 1392 1177; x_wconf 90' lang='lat' dir='ltr'>alleluja.</span> <span class='ocrx_word' id='word_1_240' title='bbox 1436 1129 1484 1179; x_wconf 70' lang='lat' dir='ltr'>R.</span> <span class='ocrx_word' id='word_1_241' title='bbox 1517 1125 1573 1166; x_wconf 89' lang='lat' dir='ltr'>Et</span> <span class='ocrx_word' id='word_1_242' title='bbox 1615 1124 1669 1166; x_wconf 93' lang='lat' dir='ltr'>de</span> <span class='ocrx_word' id='word_1_243' title='bbox 1707 1129 1844 1177; x_wconf 89' lang='lat' dir='ltr'>petra,</span> 
     </span>
     <span class='ocr_line' id='line_1_62' title="bbox 1020 1180 1715 1232; baseline -0.001 -10"><span class='ocrx_word' id='word_1_244' title='bbox 1020 1181 1148 1223; x_wconf 89' lang='lat' dir='ltr'>melle</span> <span class='ocrx_word' id='word_1_245' title='bbox 1175 1181 1386 1223; x_wconf 78' lang='lat' dir='ltr'>saturavit</span> <span class='ocrx_word' id='word_1_246' title='bbox 1414 1193 1506 1231; x_wconf 84' lang='lat' dir='ltr'>eOS,</span> <span class='ocrx_word' id='word_1_247' title='bbox 1534 1180 1715 1232; x_wconf 86' lang='lat' dir='ltr'>alleluja.</span> 
     </span>
    </p>
   </div>
   <div class='ocr_carea' id='block_1_16' title="bbox 1018 1254 1844 2755">
    <p class='ocr_par' dir='ltr' id='par_1_24' title="bbox 1103 1254 1572 1298">
     <span class='ocr_line' id='line_1_63' title="bbox 1103 1254 1572 1298; baseline 0 -8"><span class='ocrx_word' id='word_1_248' title='bbox 1103 1294 1108 1298; x_wconf 43' lang='grc'>,</span> <span class='ocrx_word' id='word_1_249' title='bbox 1297 1254 1363 1290; x_wconf 89' lang='lat' dir='ltr'>Ad</span> <span class='ocrx_word' id='word_1_250' title='bbox 1387 1254 1572 1290; x_wconf 86' lang='lat' dir='ltr'>Sextam.</span> 
     </span>
    </p>

    <p class='ocr_par' dir='ltr' id='par_1_25' title="bbox 1075 1306 1843 1484">
     <span class='ocr_line' id='line_1_64' title="bbox 1075 1306 1618 1358; baseline -0.002 -11"><span class='ocrx_word' id='word_1_251' title='bbox 1075 1309 1171 1348; x_wconf 89' lang='lat' dir='ltr'>Ant.</span> <span class='ocrx_word' id='word_1_252' title='bbox 1207 1306 1378 1358; x_wconf 86' lang='lat' dir='ltr'>Pinguis</span> <span class='ocrx_word' id='word_1_253' title='bbox 1398 1311 1464 1348; x_wconf 89' lang='lat' dir='ltr'>est</span> <span class='ocrx_word' id='word_1_254' title='bbox 1482 1306 1618 1358; x_wconf 89' lang='lat' dir='ltr'>panis.</span> 
     </span>
     <span class='ocr_line' id='line_1_65' title="bbox 1103 1369 1765 1420; baseline 0.003 -12"><span class='ocrx_word' id='word_1_255' title='bbox 1103 1369 1359 1420; x_wconf 86' lang='lat' dir='ltr'>Capitulum.</span> <span class='ocrx_word' id='word_1_256' title='bbox 1519 1372 1546 1409; x_wconf 88' lang='lat'>1.</span> <span class='ocrx_word' id='word_1_257' title='bbox 1564 1370 1659 1411; x_wconf 89' lang='lat' dir='ltr'>Cor.</span> <span class='ocrx_word' id='word_1_258' title='bbox 1676 1372 1725 1410; x_wconf 91' lang='lat'>11.</span> <span class='ocrx_word' id='word_1_259' title='bbox 1742 1372 1765 1411; x_wconf 78' lang='lat' dir='ltr'>t&#39;.</span> 
     </span>
     <span class='ocr_line' id='line_1_66' title="bbox 1104 1430 1843 1484; baseline -0.001 -11"><span class='ocrx_word' id='word_1_260' title='bbox 1104 1431 1437 1484; x_wconf 89' lang='lat' dir='ltr'>uotieseumque</span> <span class='ocrx_word' id='word_1_261' title='bbox 1467 1432 1581 1474; x_wconf 90' lang='lat' dir='ltr'>enim</span> <span class='ocrx_word' id='word_1_262' title='bbox 1611 1430 1843 1472; x_wconf 81' lang='lat' dir='ltr'>manduca-</span> 
     </span>
    </p>

    <p class='ocr_par' dir='ltr' id='par_1_26' title="bbox 1019 1487 1844 1643">
     <span class='ocr_line' id='line_1_67' title="bbox 1129 1487 1844 1541; baseline -0.001 -12"><span class='ocrx_word' id='word_1_263' title='bbox 1129 1487 1232 1529; x_wconf 92' lang='lat' dir='ltr'>bitis</span> <span class='ocrx_word' id='word_1_264' title='bbox 1256 1501 1416 1541; x_wconf 87' lang='lat' dir='ltr'>panem</span> <span class='ocrx_word' id='word_1_265' title='bbox 1438 1488 1568 1538; x_wconf 92' lang='lat' dir='ltr'>hunc,</span> <span class='ocrx_word' id='word_1_266' title='bbox 1596 1492 1639 1530; x_wconf 89' lang='lat' dir='ltr'>et</span> <span class='ocrx_word' id='word_1_267' title='bbox 1663 1487 1844 1529; x_wconf 77' lang='lat' dir='ltr'>calicem</span> 
     </span>
     <span class='ocr_line' id='line_1_68' title="bbox 1019 1544 1843 1587; baseline -0.002 -1"><span class='ocrx_word' id='word_1_268' title='bbox 1019 1544 1193 1587; x_wconf 78' lang='lat' dir='ltr'>bibetis:</span> <span class='ocrx_word' id='word_1_269' title='bbox 1217 1550 1406 1586; x_wconf 89' lang='lat' dir='ltr'>mortem</span> <span class='ocrx_word' id='word_1_270' title='bbox 1424 1545 1601 1586; x_wconf 83' lang='lat' dir='ltr'>D6mini</span> <span class='ocrx_word' id='word_1_271' title='bbox 1621 1544 1843 1585; x_wconf 80' lang='lat' dir='ltr'>annuntia-</span> 
     </span>
     <span class='ocr_line' id='line_1_69' title="bbox 1019 1601 1458 1643; baseline 0.002 -1"><span class='ocrx_word' id='word_1_272' title='bbox 1019 1601 1123 1643; x_wconf 89' lang='lat' dir='ltr'>bitis</span> <span class='ocrx_word' id='word_1_273' title='bbox 1143 1601 1284 1643; x_wconf 92' lang='lat' dir='ltr'>donec</span> <span class='ocrx_word' id='word_1_274' title='bbox 1302 1601 1458 1643; x_wconf 84' lang='lat' dir='ltr'>veniat.</span> 
     </span>
    </p>

    <p class='ocr_par' dir='ltr' id='par_1_27' title="bbox 1018 1661 1844 1930">
     <span class='ocr_line' id='line_1_70' title="bbox 1072 1661 1844 1716; baseline -0.003 -13"><span class='ocrx_word' id='word_1_275' title='bbox 1072 1664 1123 1716; x_wconf 65' lang='lat' dir='ltr'>R.</span> <span class='ocrx_word' id='word_1_276' title='bbox 1142 1663 1204 1704; x_wconf 90' lang='lat' dir='ltr'>br.</span> <span class='ocrx_word' id='word_1_277' title='bbox 1229 1662 1400 1704; x_wconf 75' lang='lat' dir='ltr'>Cibavit</span> <span class='ocrx_word' id='word_1_278' title='bbox 1418 1662 1517 1704; x_wconf 88' lang='lat' dir='ltr'>illos</span> <span class='ocrx_word' id='word_1_279' title='bbox 1538 1675 1592 1703; x_wconf 84' lang='lat' dir='ltr'>ex</span> <span class='ocrx_word' id='word_1_280' title='bbox 1611 1661 1741 1714; x_wconf 78' lang='lat' dir='ltr'>adipe</span> <span class='ocrx_word' id='word_1_281' title='bbox 1761 1661 1844 1702; x_wconf 90' lang='lat' dir='ltr'>fru-</span> 
     </span>
     <span class='ocr_line' id='line_1_71' title="bbox 1019 1718 1844 1770; baseline -0.001 -11"><span class='ocrx_word' id='word_1_282' title='bbox 1019 1719 1163 1769; x_wconf 82' lang='lat' dir='ltr'>menti,</span> <span class='ocrx_word' id='word_1_283' title='bbox 1190 1720 1213 1745; x_wconf 89' lang='lat'>*</span> <span class='ocrx_word' id='word_1_284' title='bbox 1235 1719 1432 1770; x_wconf 91' lang='lat' dir='ltr'>Alleluja,</span> <span class='ocrx_word' id='word_1_285' title='bbox 1452 1718 1634 1770; x_wconf 89' lang='lat' dir='ltr'>alleluja.</span> <span class='ocrx_word' id='word_1_286' title='bbox 1663 1718 1844 1759; x_wconf 81' lang='lat' dir='ltr'>Cibavit.</span> 
     </span>
     <span class='ocr_line' id='line_1_72' title="bbox 1021 1771 1843 1828; baseline -0.001 -13"><span class='ocrx_word' id='word_1_287' title='bbox 1021 1771 1071 1823; x_wconf 71' lang='lat' dir='ltr'>V.</span> <span class='ocrx_word' id='word_1_288' title='bbox 1100 1775 1158 1817; x_wconf 90' lang='lat' dir='ltr'>Et</span> <span class='ocrx_word' id='word_1_289' title='bbox 1194 1775 1249 1817; x_wconf 93' lang='lat' dir='ltr'>de</span> <span class='ocrx_word' id='word_1_290' title='bbox 1286 1780 1428 1828; x_wconf 87' lang='lat' dir='ltr'>petra,</span> <span class='ocrx_word' id='word_1_291' title='bbox 1465 1775 1594 1816; x_wconf 92' lang='lat' dir='ltr'>melle</span> <span class='ocrx_word' id='word_1_292' title='bbox 1631 1774 1843 1815; x_wconf 76' lang='lat' dir='ltr'>saturavit</span> 
     </span>
     <span class='ocr_line' id='line_1_73' title="bbox 1021 1831 1843 1883; baseline -0.002 -11"><span class='ocrx_word' id='word_1_293' title='bbox 1021 1844 1108 1872; x_wconf 90' lang='lat' dir='ltr'>eos.</span> <span class='ocrx_word' id='word_1_294' title='bbox 1154 1831 1357 1883; x_wconf 89' lang='lat' dir='ltr'>Alleluja,</span> <span class='ocrx_word' id='word_1_295' title='bbox 1377 1831 1558 1883; x_wconf 88' lang='lat' dir='ltr'>alleluja.</span> <span class='ocrx_word' id='word_1_296' title='bbox 1599 1831 1748 1872; x_wconf 85' lang='lat' dir='ltr'>Gloria</span> <span class='ocrx_word' id='word_1_297' title='bbox 1765 1831 1843 1871; x_wconf 91' lang='lat' dir='ltr'>Pa-</span> 
     </span>
     <span class='ocr_line' id='line_1_74' title="bbox 1018 1888 1312 1930; baseline -0.007 0"><span class='ocrx_word' id='word_1_298' title='bbox 1018 1888 1087 1930; x_wconf 90' lang='lat' dir='ltr'>tri.</span> <span class='ocrx_word' id='word_1_299' title='bbox 1129 1888 1312 1930; x_wconf 70' lang='lat' dir='ltr'>cibavit.</span> 
     </span>
    </p>

    <p class='ocr_par' dir='ltr' id='par_1_28' title="bbox 1019 1943 1843 2112">
     <span class='ocr_line' id='line_1_75' title="bbox 1074 1943 1842 2001; baseline -0.001 -13"><span class='ocrx_word' id='word_1_300' title='bbox 1074 1943 1124 1995; x_wconf 66' lang='lat' dir='ltr'>V.</span> <span class='ocrx_word' id='word_1_301' title='bbox 1147 1948 1323 1991; x_wconf 88' lang='lat' dir='ltr'>Educas</span> <span class='ocrx_word' id='word_1_302' title='bbox 1350 1961 1509 2001; x_wconf 92' lang='lat' dir='ltr'>panem</span> <span class='ocrx_word' id='word_1_303' title='bbox 1537 1947 1592 1989; x_wconf 92' lang='lat' dir='ltr'>de</span> <span class='ocrx_word' id='word_1_304' title='bbox 1619 1952 1752 1998; x_wconf 87' lang='lat' dir='ltr'>terra,</span> <span class='ocrx_word' id='word_1_305' title='bbox 1786 1947 1842 1988; x_wconf 93' lang='lat' dir='ltr'>al-</span> 
     </span>
     <span class='ocr_line' id='line_1_76' title="bbox 1019 2004 1843 2058; baseline -0.002 -12"><span class='ocrx_word' id='word_1_306' title='bbox 1019 2005 1158 2058; x_wconf 86' lang='lat' dir='ltr'>leluja.</span> <span class='ocrx_word' id='word_1_307' title='bbox 1193 2005 1243 2057; x_wconf 64' lang='lat' dir='ltr'>Rv.</span> <span class='ocrx_word' id='word_1_308' title='bbox 1266 2006 1324 2047; x_wconf 86' lang='lat' dir='ltr'>Et</span> <span class='ocrx_word' id='word_1_309' title='bbox 1359 2005 1507 2047; x_wconf 87' lang='lat' dir='ltr'>vinum</span> <span class='ocrx_word' id='word_1_310' title='bbox 1538 2004 1731 2045; x_wconf 82' lang='lat' dir='ltr'>laetificet</span> <span class='ocrx_word' id='word_1_311' title='bbox 1767 2016 1843 2045; x_wconf 93' lang='lat' dir='ltr'>cor</span> 
     </span>
     <span class='ocr_line' id='line_1_77' title="bbox 1019 2061 1430 2112; baseline -0.002 -9"><span class='ocrx_word' id='word_1_312' title='bbox 1019 2062 1221 2112; x_wconf 85' lang='lat' dir='ltr'>hominis,</span> <span class='ocrx_word' id='word_1_313' title='bbox 1250 2061 1430 2112; x_wconf 86' lang='lat' dir='ltr'>alleluja.</span> 
     </span>
    </p>

    <p class='ocr_par' dir='ltr' id='par_1_29' title="bbox 1294 2135 1566 2171">
     <span class='ocr_line' id='line_1_78' title="bbox 1294 2135 1566 2171; baseline -0.004 0"><span class='ocrx_word' id='word_1_314' title='bbox 1294 2135 1361 2171; x_wconf 90' lang='lat' dir='ltr'>Ad</span> <span class='ocrx_word' id='word_1_315' title='bbox 1384 2136 1566 2171; x_wconf 90' lang='lat' dir='ltr'>Nonam.</span> 
     </span>
    </p>

    <p class='ocr_par' dir='ltr' id='par_1_30' title="bbox 1023 2187 1843 2405">
     <span class='ocr_line' id='line_1_79' title="bbox 1079 2187 1651 2230; baseline 0.005 -3"><span class='ocrx_word' id='word_1_316' title='bbox 1079 2188 1178 2228; x_wconf 87' lang='lat' dir='ltr'>Ant.</span> <span class='ocrx_word' id='word_1_317' title='bbox 1202 2187 1412 2229; x_wconf 82' lang='lat' dir='ltr'>Vincenti</span> <span class='ocrx_word' id='word_1_318' title='bbox 1433 2187 1560 2230; x_wconf 93' lang='lat' dir='ltr'>dabo.</span> <span class='ocrx_word' id='word_1_319' title='bbox 1641 2209 1651 2218; x_wconf 54' lang='grc' dir='ltr'></span> 
     </span>
     <span class='ocr_line' id='line_1_80' title="bbox 1108 2246 1766 2300; baseline -0.005 -12"><span class='ocrx_word' id='word_1_320' title='bbox 1108 2247 1363 2300; x_wconf 88' lang='lat' dir='ltr'>Capitulum.</span> <span class='ocrx_word' id='word_1_321' title='bbox 1520 2249 1547 2287; x_wconf 89' lang='lat'>1.</span> <span class='ocrx_word' id='word_1_322' title='bbox 1565 2248 1660 2288; x_wconf 90' lang='lat' dir='ltr'>Cor.</span> <span class='ocrx_word' id='word_1_323' title='bbox 1679 2248 1727 2286; x_wconf 93' lang='grc'>11.</span> <span class='ocrx_word' id='word_1_324' title='bbox 1743 2246 1766 2285; x_wconf 87' lang='lat' dir='ltr'>f.</span> 
     </span>
     <span class='ocr_line' id='line_1_81' title="bbox 1023 2281 1843 2405; baseline 0.002 -56"><span class='ocrx_word' id='word_1_325' title='bbox 1023 2281 1335 2405; x_wconf 75' lang='lat' dir='ltr'>Quicumque</span> <span class='ocrx_word' id='word_1_326' title='bbox 1347 2309 1677 2351; x_wconf 77' lang='lat' dir='ltr'>manducaverit</span> <span class='ocrx_word' id='word_1_327' title='bbox 1686 2323 1843 2362; x_wconf 91' lang='lat' dir='ltr'>panem</span> 
     </span>
    </p>

    <p class='ocr_par' dir='ltr' id='par_1_31' title="bbox 1019 2365 1842 2530">
     <span class='ocr_line' id='line_1_82' title="bbox 1129 2365 1841 2415; baseline 0 -9"><span class='ocrx_word' id='word_1_328' title='bbox 1129 2365 1254 2415; x_wconf 90' lang='lat' dir='ltr'>hunc,</span> <span class='ocrx_word' id='word_1_329' title='bbox 1279 2365 1349 2407; x_wconf 90' lang='lat' dir='ltr'>vel</span> <span class='ocrx_word' id='word_1_330' title='bbox 1370 2365 1532 2408; x_wconf 88' lang='lat' dir='ltr'>biberit</span> <span class='ocrx_word' id='word_1_331' title='bbox 1556 2365 1735 2407; x_wconf 81' lang='lat' dir='ltr'>calicem</span> <span class='ocrx_word' id='word_1_332' title='bbox 1755 2365 1841 2406; x_wconf 82' lang='lat' dir='ltr'>Do-</span> 
     </span>
     <span class='ocr_line' id='line_1_83' title="bbox 1019 2421 1842 2474; baseline -0.001 -11"><span class='ocrx_word' id='word_1_333' title='bbox 1019 2422 1125 2463; x_wconf 92' lang='lat' dir='ltr'>mini</span> <span class='ocrx_word' id='word_1_334' title='bbox 1143 2421 1332 2473; x_wconf 88' lang='lat' dir='ltr'>indigne:</span> <span class='ocrx_word' id='word_1_335' title='bbox 1354 2435 1454 2464; x_wconf 90' lang='lat' dir='ltr'>reus</span> <span class='ocrx_word' id='word_1_336' title='bbox 1474 2422 1555 2464; x_wconf 89' lang='lat' dir='ltr'>erit</span> <span class='ocrx_word' id='word_1_337' title='bbox 1571 2422 1778 2474; x_wconf 84' lang='lat' dir='ltr'>Corporis</span> <span class='ocrx_word' id='word_1_338' title='bbox 1799 2426 1842 2463; x_wconf 91' lang='lat' dir='ltr'>et</span> 
     </span>
     <span class='ocr_line' id='line_1_84' title="bbox 1020 2479 1456 2530; baseline 0 -11"><span class='ocrx_word' id='word_1_339' title='bbox 1020 2479 1248 2530; x_wconf 76' lang='lat' dir='ltr'>sanguinis</span> <span class='ocrx_word' id='word_1_340' title='bbox 1268 2479 1456 2520; x_wconf 83' lang='lat' dir='ltr'>Domini.</span> 
     </span>
    </p>

    <p class='ocr_par' dir='ltr' id='par_1_32' title="bbox 1019 2531 1842 2755">
     <span class='ocr_line' id='line_1_85' title="bbox 1072 2531 1840 2587; baseline 0 -13"><span class='ocrx_word' id='word_1_341' title='bbox 1072 2535 1123 2586; x_wconf 68' lang='lat' dir='ltr'>R.</span> <span class='ocrx_word' id='word_1_342' title='bbox 1138 2534 1200 2575; x_wconf 90' lang='lat' dir='ltr'>br.</span> <span class='ocrx_word' id='word_1_343' title='bbox 1225 2534 1400 2576; x_wconf 85' lang='lat' dir='ltr'>Educas</span> <span class='ocrx_word' id='word_1_344' title='bbox 1416 2548 1573 2587; x_wconf 91' lang='lat' dir='ltr'>panem</span> <span class='ocrx_word' id='word_1_345' title='bbox 1594 2533 1649 2576; x_wconf 93' lang='lat' dir='ltr'>de</span> <span class='ocrx_word' id='word_1_346' title='bbox 1667 2539 1794 2582; x_wconf 89' lang='lat' dir='ltr'>terra,</span> <span class='ocrx_word' id='word_1_347' title='bbox 1818 2531 1840 2556; x_wconf 87' lang='lat'>*</span> 
     </span>
     <span class='ocr_line' id='line_1_86' title="bbox 1020 2582 1842 2643; baseline -0.004 -11"><span class='ocrx_word' id='word_1_348' title='bbox 1020 2591 1224 2643; x_wconf 80' lang='lat' dir='ltr'>Alleluia,</span> <span class='ocrx_word' id='word_1_349' title='bbox 1261 2591 1442 2643; x_wconf 90' lang='lat' dir='ltr'>alleluja.</span> <span class='ocrx_word' id='word_1_350' title='bbox 1492 2591 1676 2632; x_wconf 89' lang='lat' dir='ltr'>Educas.</span> <span class='ocrx_word' id='word_1_351' title='bbox 1715 2582 1764 2633; x_wconf 63' lang='lat' dir='ltr'>V</span> <span class='ocrx_word' id='word_1_352' title='bbox 1785 2589 1842 2629; x_wconf 90' lang='lat' dir='ltr'>Et</span> 
     </span>
     <span class='ocr_line' id='line_1_87' title="bbox 1019 2644 1839 2689; baseline -0.005 -1"><span class='ocrx_word' id='word_1_353' title='bbox 1019 2648 1168 2688; x_wconf 87' lang='lat' dir='ltr'>vinum</span> <span class='ocrx_word' id='word_1_354' title='bbox 1186 2647 1379 2689; x_wconf 87' lang='lat' dir='ltr'>laetificet</span> <span class='ocrx_word' id='word_1_355' title='bbox 1398 2660 1474 2689; x_wconf 91' lang='lat' dir='ltr'>cor</span> <span class='ocrx_word' id='word_1_356' title='bbox 1492 2646 1688 2688; x_wconf 73' lang='lat' dir='ltr'>huminis.</span> <span class='ocrx_word' id='word_1_357' title='bbox 1724 2644 1839 2685; x_wconf 92' lang='lat' dir='ltr'>Alle-</span> 
     </span>
     <span class='ocr_line' id='line_1_88' title="bbox 1019 2700 1840 2755; baseline -0.002 -12"><span class='ocrx_word' id='word_1_358' title='bbox 1019 2703 1115 2755; x_wconf 89' lang='lat' dir='ltr'>luja,</span> <span class='ocrx_word' id='word_1_359' title='bbox 1130 2703 1311 2755; x_wconf 87' lang='lat' dir='ltr'>alleluja.</span> <span class='ocrx_word' id='word_1_360' title='bbox 1338 2702 1487 2744; x_wconf 84' lang='lat' dir='ltr'>Gloria</span> <span class='ocrx_word' id='word_1_361' title='bbox 1501 2702 1631 2744; x_wconf 90' lang='lat' dir='ltr'>Patri.</span> <span class='ocrx_word' id='word_1_362' title='bbox 1655 2700 1840 2742; x_wconf 88' lang='lat' dir='ltr'>Educas.</span> 
     </span>
    </p>
   </div>
  </div>
 </body>
</html>
