2040 2976
598 211 774 245 Officium
800 211 970 244 votivum
996 210 1041 243 dc
1068 210 1253 243 Passione
1280 208 1321 242 Ι).
1344 208 1387 242 N.
1410 208 1441 242 .J.
1464 208 1502 242 C.

231 306 369 349 Pedes
387 312 630 360 manusque
648 308 845 351 horribili

280 363 401 405 Clavi
420 366 647 407 cruentant
666 364 859 407 vulnere:

278 419 375 471 Cor,
395 421 550 470 vultus,
570 427 700 471 artus,
719 423 902 474 pectora

277 476 412 518 Sacro
432 476 678 519 redundant
698 479 918 529 sanguine.

230 540 336 592 Flet,
357 548 463 593 orat,
484 548 527 584 et
547 542 738 584 clamans
759 543 865 584 obit:

280 599 366 640 Cor
384 599 537 641 Matris
555 599 690 641 ictum
710 599 915 641 cencidit:

278 656 378 697 Heu
396 655 551 698 Mater!
574 655 659 697 heu
677 655 774 696 Fili!
798 655 924 698 dolor

277 712 455 763 Ingrata
474 713 643 763 frangat
661 714 854 765 pectora.

233 776 411 827 Montes,
430 777 672 830 sepulchra,
693 779 886 828 saxaque

278 833 556 875 Scinduntur:
576 847 690 884 arva,
710 834 896 883 flumina,

279 891 441 943 Rupes,
461 896 505 932 et
524 903 676 942 aequor
694 892 979 939 centremunt‚

280 947 541 1000 Templique
560 947 706 988 velum
725 945 945 988 scinditur.

227 1011 313 1061 Sol,
331 1012 443 1062 luna,
462 1011 632 1060 coelum,
653 1010 797 1052 sidera

278 1068 505 1119 Plangunt,
525 1074 569 1110 et
588 1067 708 1109 orbis
727 1067 919 1118 ingemit:

281 1125 318 1166 Ο
338 1137 418 1166 vos
437 1125 528 1174 viri,
547 1137 629 1166 vos
647 1123 847 1177 parvuli,.

278 1181 451 1234 Nuptae,
470 1181 640 1234 puellae,
660 1180 865 1233 plangite.

230 1247 382 1287 Astate
400 1248 634 1288 moerentes
654 1245 781 1295 cruci,

278 1302 421 1344 Pedes
439 1303 596 1345 beatos
615 1302 775 1353 ungite,

278 1359 444 1400 Lavate
464 1360 580 1409 fletu,
599 1358 757 1409 tergite

279 1416 437 1465 Comis‚
458 1421 500 1457 et
521 1428 597 1457 ore
616 1415 806 1458 lambite.

230 1479 295 1521 Tu
315 1481 508 1523 caritatis
527 1481 714 1532 victima,

276 1537 336 1579 Ut
354 1543 503 1579 nostra
522 1537 653 1579 tollas
674 1537 863 1587 crimina,

276 1594 418 1635 Nobis
438 1593 601 1635 salubri
619 1594 795 1646 perficis

279 1650 577 1703 Adoptienem
597 1651 815 1701 sanguine.

229 1713 390 1756 Nostra
408 1727 513 1765 ergo
532 1712 620 1767 pax
639 1719 683 1756 et
702 1714 909 1766 gaudium

279 1772 346 1813 Sis
367 1771 465 1821 vita,
485 1771 509 1812 J
512 1783 599 1821 esu,
620 1777 663 1813 et
683 1771 926 1824 praemium3

279 1828 346 1870 Sis
367 1827 524 1870 ductor
544 1833 587 1869 et
606 1828 682 1869 lux
700 1828 743 1868 in
762 1828 842 1878 via,

278 1885 458 1934 Merces,
479 1887 642 1926 corana
660 1885 703 1924 in
722 1885 875 1938 patria.

510 1942 663 1982 Amen.

254 1998 304 2044 V.
335 1998 437 2050 Ipse
470 1997 721 2039 vulneratus
752 2002 818 2039 est
847 2003 1030 2050 propter

202 2053 452 2105 iniquitates
477 2059 662 2095 nostras.
697 2055 747 2106 R.
775 2055 832 2096 Et
857 2057 1030 2096 attritus

203 2114 271 2151 est
289 2115 472 2162 propter
491 2110 657 2152 scelera
675 2115 837 2152 nostra.

260 2171 328 2212 Ad
360 2172 518 2213 Bened.
547 2174 643 2214 Ant.
683 2171 754 2214 Ad
780 2173 930 2213 Jesum
958 2185 1028 2214 au-

202 2231 292 2268 tem
318 2227 341 2253 *
366 2239 465 2268 cum
491 2230 728 2278 venissent,
755 2234 803 2271 ut
829 2228 1031 2270 viderunt

203 2295 303 2324 eum
326 2283 410 2334 jam
434 2285 669 2335 mertuum,
697 2298 785 2327 non
810 2285 1031 2336 fregerunt

203 2340 294 2392 ejus
322 2351 463 2390 erura3
494 2338 573 2381 sed
597 2354 707 2382 unus
732 2341 918 2383 militum
942 2341 1030 2383 lan-

204 2408 284 2438 cea
302 2395 415 2437 latus
437 2396 527 2448 ejus
551 2398 731 2449 aperuit,
756 2403 799 2439 et
822 2400 1029 2440 continuo

204 2452 338 2494 exivit
357 2452 530 2503 sanguis
551 2458 594 2493 et
614 2466 739 2504 aqua.

541 2509 702 2550 Oratio.

292 2564 434 2606 emine
451 2564 475 2605 J
478 2576 556 2605 esu
573 2563 754 2614 Christe,
776 2566 851 2617 qui
870 2564 1028 2608 decoe-

315 2621 368 2662 lis
400 2619 458 2662 ad
487 2626 650 2662 terram
678 2621 732 2662 de
766 2622 861 2662 sinu
887 2622 1029 2664 Patris

205 2676 489 2726 descendisti,
535 2681 578 2718 et
619 2677 872 2727 sanguinem
907 2682 1030 2718 tuum

203 2733 445 2785 pretiesum
476 2733 519 2774 in
550 2733 850 2775 remissienem
876 2747 1028 2786 pecca-

1078 311 1224 350 terum
1245 309 1497 350 nostrerum
1517 306 1680 349 fudisti:
1706 312 1751 349 te
1769 307 1904 349 humi-

1079 364 1177 406 liter
1200 363 1502 416 deprecamur3
1524 368 1573 405 ut
1595 364 1639 404 in
1659 362 1729 405 die
1750 363 1905 416 iudicii,

1080 419 1136 462 ad
1164 419 1391 462 dexteram
1417 426 1537 462 tuam
1565 419 1715 462 audire
1741 422 1905 462 merea-

1080 490 1193 518 mur:
1225 477 1384 519 Vem'te
1409 476 1647 519 benedicti:
1680 476 1764 527 Qui
1786 475 1907 518 vivis.

1351 550 1417 586 Ad
1441 550 1642 587 Primam.

1133 607 1178 645 In
1206 607 1255 656 ἶς’.
1282 605 1341 645 br.
1367 600 1417 650 Υ.
1448 606 1532 657 Qui
1556 619 1638 660 pro
1663 605 1790 648 nobis
1814 606 1907 660 pati

1081 662 1286 714 dignatus
1305 676 1364 705 es.

1348 736 1416 773 Ad
1439 735 1641 773 Tertiam.

1130 794 1229 834 Ant.
1274 793 1386 836 Veni
1410 793 1468 836 ad
1489 799 1686 836 montem
1708 793 1909 848 myrrhae.

1131 854 1269 906 Capit.
1310 855 1500 897 Fratres:
1526 856 1627 897 Hoc
1646 855 1772 897 enim.
1798 855 1909 908 [229]

1131 920 1181 970 Rs,
1209 920 1268 959 br.
1301 919 1487 962 Oblatus
1515 925 1597 971 est,
1622 918 1644 941 *
1676 920 1788 971 Quia
1813 920 1909 973 ipse

1082 975 1229 1018 veluit.
1267 976 1465 1018 Oblatus.
1494 970 1542 1022 V.
1578 977 1635 1019 Et
1657 977 1795 1019 livere
1819 978 1909 1030 ejus

1083 1031 1222 1074 sanati
1247 1046 1405 1074 sumus.
1443 1033 1563 1084 Quia.
1602 1033 1757 1075 Gleria
1779 1033 1910 1075 Patri.

1083 1088 1280 1135 Oblatus.

1131 1145 1182 1195 V·
1211 1151 1398 1204 Preprio
1417 1150 1529 1192 Filio
1550 1163 1629 1192 suo
1649 1162 1738 1192 non
1755 1151 1909 1204 peper-

1083 1207 1142 1248 cit
1162 1208 1294 1249 Deus.
1328 1207 1375 1246 R.
1407 1206 1496 1249 Sed
1518 1219 1601 1260 pro
1626 1206 1754 1248 nobis
1778 1207 1911 1249 emni-

1082 1263 1164 1305 bus
1182 1263 1365 1306 tradidit
1383 1263 1515 1305 illum.

1358 1343 1426 1379 Ad
1449 1343 1635 1380 Sextam.

1136 1401 1236 1441 Ant.
1267 1400 1490 1442 Foderunt
1509 1413 1662 1442 manus
1681 1413 1813 1442 meas.

1158 1473 1417 1526 Capitulum.
1622 1471 1753 1512 Zach.
1772 1471 1829 1510 13.

1167 1544 1243 1586 uid
1271 1550 1370 1586 sunt
1397 1545 1542 1598 plagae
1568 1545 1665 1587 istae
1691 1544 1737 1585 in
1763 1543 1910 1586 medio

1193 1604 1399 1642 manuum
1436 1600 1633 1643 tuarum?
1687 1601 1745 1643 Et
1779 1600 1911 1643 dicet:

1082 1658 1163 1698 His
1186 1658 1389 1711 plagatus
1415 1671 1511 1699 sum
1534 1658 1579 1699 in
1601 1657 1734 1700 domo
1758 1660 1911 1700 eerum

1084 1714 1158 1766 qui
1177 1714 1416 1765 diligebant
1433 1728 1513 1756 me.

1134 1778 1184 1829 R.
1211 1777 1272 1818 br.
1301 1779 1488 1833 Preprio
1514 1779 1626 1821 Fssio
1653 1792 1733 1821 suo
1760 1776 1783 1801 *
1809 1779 1911 1820 Non

1081 1837 1279 1888 pepercit
1305 1838 1437 1878 Deus.
1490 1836 1689 1889 Preprio.
1737 1826 1788 1878 Ys-
1823 1834 1910 1877 Sed

1081 1905 1164 1945 pro
1190 1892 1317 1935 nobis
1345 1893 1547 1935 emnibus
1572 1892 1754 1934 tradidit
1778 1891 1910 1933 illum.

1081 1949 1193 1990 Non.
1221 1949 1374 1991 Gleria
1392 1949 1521 1991 Patri.
1548 1948 1748 2002 Preprio.

1134 2006 1184 2056 V.
1200 2011 1361 2052 Factus
1380 2016 1447 2053 est
1466 2006 1676 2053 obediens
1694 2021 1834 2061 usque
1853 2007 1911 2051 a'd

1082 2072 1281 2109 mortem.
1310 2067 1361 2118 Rv.
1385 2067 1575 2109 Mortem
1594 2072 1740 2108 autem
1758 2065 1910 2108 crucis.

1361 2140 1428 2176 Ad
1451 2141 1635 2178 Nonam.

1134 2195 1233 2235 Ant.
1263 2194 1374 2234 Cum
1395 2195 1640 2245 accepisset
1658 2192 1683 2233 J
1686 2203 1797 2233 esus.

1162 2262 1420 2315 Capitulum.
1624 2258 1748 2299 Isaiae
1767 2257 1840 2297 53.

1165 2330 1460 2374 eneratienem
1492 2332 1583 2382 ejus
1612 2328 1708 2382 quis
1741 2329 1909 2371 enarra-

1193 2385 1282 2430 bit?
1339 2388 1451 2437 Quia
1492 2386 1712 2429 abscissus
1751 2390 1818 2427 est
1854 2384 1909 2427 de

1082 2450 1199 2486 terra
1243 2444 1498 2494 viventium:
1542 2448 1724 2497 propter
1767 2441 1909 2483 scelus

1081 2500 1238 2554 pepuli
1255 2500 1341 2542 mei
1359 2500 1557 2553 percussi
1577 2512 1686 2541 eum.

1138 2569 1188 2620 R.
1206 2568 1267 2609 br.
1286 2566 1446 2607 Factus
1473 2570 1539 2607 est
1563 2563 1773 2607 obediens
1795 2562 1908 2605 *Us-

1084 2634 1168 2674 que
1194 2621 1251 2663 ad
1273 2627 1470 2663 mortem.
1509 2621 1680 2662 Factus.
1722 2614 1773 2666 V.
1795 2619 1908 2660 Mor-

1081 2683 1170 2719 tem
1194 2683 1339 2720 autem
1362 2678 1513 2720 crucis.
1553 2678 1715 2729 Usque.
1760 2675 1910 2716 Gleria

1082 2734 1211 2776 Patri.
1245 2735 1418 2776 Factus.
