2040 2976
784 213 988 247 Dominica
1014 214 1070 246 Ss.
1096 210 1307 245 Trinitatis.

194 315 313 356 Deus
341 312 465 354 sedet
492 323 626 364 super
652 310 803 352 sedem
827 313 1022 350 sanctam

194 384 327 412 suam.

246 421 470 473 Principes
485 419 752 472 populorum
768 416 1021 467 congregati

193 483 292 520 sunt
327 491 426 518 cum
452 477 550 518 Deo
589 475 826 516 Abraham:
860 474 883 499 *
917 475 1020 525 quo-

193 535 306 576 niam
335 533 395 575 dii
424 533 561 574 fortes
589 538 719 574 terrae
740 530 1021 572 vehementer

193 590 351 632 elevati
379 595 490 631 sunt.

245 647 343 687 Ant.
387 646 448 686 Te
484 645 757 691 invocamus,
793 648 837 684 te
874 641 1020 683 lauda-

191 716 305 752 muS,
342 708 386 744 te
423 701 674 749 adoramus,
712 713 738 740 o
773 699 902 740 beata
928 698 1020 738 Tri-

191 760 314 801 nitas.

247 816 343 856 Ant.
377 816 486 867 Spes
514 819 680 864 nostra,
715 813 832 854 salus
860 818 1019 862 nostra,

193 872 333 913 honor
361 877 522 921 noster,
551 884 577 913 o
605 871 735 912 beata
763 869 965 910 Trinitas.

464 929 658 969 Psalmus
686 928 749 967 47.
796 948 798 951 v

194 981 438 1086 Magnus
465 984 689 1031 Dominus,
702 993 706 997 ·
719 987 763 1024 et
789 981 1021 1023 laudabilis

314 1041 440 1081 nimis
460 1041 482 1065 *
502 1040 545 1080 in
573 1040 749 1081 civitate
768 1038 852 1080 Dei
872 1038 1020 1086 nostri,

193 1097 236 1137 in
263 1101 412 1138 monte
441 1101 592 1138 sancto
622 1096 723 1147 ejus.

242 1152 469 1195 Fundatur
491 1152 781 1194 exsultatione
805 1150 1020 1192 universae

191 1215 322 1251 terrae
355 1223 480 1251 mons
514 1209 633 1259 Sion,
662 1209 685 1234 *
719 1207 859 1249 latera
887 1206 1020 1259 Aqui—

191 1266 319 1315 lonis,
346 1266 498 1307 civitas
525 1265 641 1315 regis
668 1264 824 1315 magni.

243 1322 364 1363 Deus
388 1323 431 1362 in
451 1321 654 1363 domibus
675 1322 766 1372 ejus
786 1322 1020 1371 cognosce-

191 1383 270 1427 tur,
298 1379 322 1403 *
350 1391 449 1419 cum
479 1378 687 1430 suscipiet
715 1390 822 1419 eam.

243 1435 458 1484 Quoniam
487 1447 589 1476 6666
616 1447 744 1484 reges
766 1439 896 1475 terrae
922 1446 1020 1475 con-

193 1492 363 1542 gregati
407 1496 521 1532 sunt:
566 1491 589 1516 *
635 1492 934 1532 convenerunt
978 1490 1021 1530 in

192 1561 335 1588 unum.

244 1603 337 1656 Ipsi
364 1603 563 1644 videntes
591 1603 654 1644 816
682 1601 884 1644 3(111111311
912 1608 1022 1652 sunt,

195 1659 443 1701 conturbati
471 1664 586 1710 sunt,
619 1659 827 1700 commoti
856 1664 971 1701 sunt:
999 1660 1022 1685 *

193 1721 358 1758 tremor
386 1715 675 1768 apprehendit
703 1728 791 1756 eos.

247 1772 315 1814 Ibi
343 1772 522 1814 dolores
549 1777 596 1814 ut
623 1771 918 1824 parturientis:
936 1772 960 1797 *
980 1772 1023 1812 in

196 1829 352 1882 spiritu
379 1828 626 1870 vehementi
660 1830 861 1870 conteres
890 1841 1024 1870 naves

196 1885 387 1926 Tharsis.

247 1942 367 1984 Sicut
395 1941 648 1991 audivimus,
677 1942 739 1983 sic
767 1941 954 1983 vidimus
981 1942 1025 1982 in

197 1998 373 2040 civitate
395 1999 572 2039 Domini
599 1999 825 2047 virtutum,
852 1999 895 2039 in
924 1999 1024 2040 civi-

196 2057 287 2096 1316
321 2055 404 2096 Dei
431 2056 582 2096 nostri:
615 2056 639 2081 *
672 2055 794 2096 Deus
828 2055 1026 2097 fundavit

198 2124 294 2152 63111
322 2111 365 2151 111
394 2113 615 2153 aeternum.

249 2168 527 2220 Suscepimus
542 2169 662 2212 Deus
681 2171 1025 2213 misericordiam

198 2228 328 2273 tuam,
356 2225 379 2249 *
406 2224 450 2264 in
475 2225 620 2268 medio
647 2228 799 2281 templi
827 2228 900 2270 tui.

250 2280 499 2322 Secundum
539 2295 698 2325 nomen
734 2289 858 2326 tuum
893 2284 1026 2331 Deus,

199 2335 262 2376 sic
299 2341 343 2378 et
375 2336 470 2377 laus
505 2343 579 2379 tua
612 2340 656 2380 in
688 2341 797 2382 fines
829 2346 975 2383 terrae:
1003 2341 1026 2366 *

199 2393 360 2443 justitia
387 2393 517 2445 plena
546 2400 612 2436 est
639 2396 820 2439 dextera
845 2402 932 2439 tua.

251 2449 446 2490 Laetetur
485 2463 612 2492 mons
647 2453 770 2503 Sion,
814 2459 858 2496 et
886 2453 1027 2495 exsul-

200 2510 294 2546 tent
320 2505 422 2546 filiae
440 2507 583 2557 Judae,
611 2510 634 2536 *
662 2515 844 2562 propter
871 2509 1027 2562 judicia

201 2566 276 2602 tua
303 2562 501 2604 Domine.

253 2618 531 2661 Circumdate
558 2621 679 2671 Sion,
709 2627 752 2663 et
779 2622 1028 2674 complecti-

201 2675 304 2739 mini
341 2687 451 2716 eam:
488 2677 511 2701 *
547 2680 720 2719 narrate
756 2679 799 2719 in
835 2678 1028 2720 turribus

202 2743 302 2781 ejus.

1125 308 1281 349 Ponite
1316 306 1454 348 corda
1485 310 1633 348 vestra
1667 306 1711 346 in
1743 305 1907 347 virtute

1077 365 1181 416 ejus:
1208 365 1232 390 *
1261 362 1508 405 distribuite
1537 362 1694 404 domos
1723 363 1831 413 ejus,
1859 366 1908 404 ut

1074 421 1284 462 enarretis
1311 420 1355 460 in
1382 419 1594 472 progenie
1623 418 1772 461 311613.

1126 477 1342 527 Quoniam
1382 476 1453 517 hic
1495 481 1562 518 681
1597 476 1740 525 Deus,
1784 475 1907 517 Deus

1073 538 1225 575 noster
1251 534 1295 574 in
1315 534 1543 583 3616133111,
1572 538 1616 574 61
1634 532 1678 573 111
1698 531 1907 574 saeculum

1074 590 1237 631 saeculi:
1256 591 1280 617 *
1298 590 1395 642 ipse
1420 594 1545 639 reget
1572 602 1653 631 nos
1673 589 1718 630 in
1736 587 1908 630 8366313.

1127 658 1225 699 Ant.
1260 660 1370 707 Spes
1396 660 1563 703 nostra,
1596 654 1714 696 salus
1745 657 1908 703 nostra,

1074 711 1215 752 honor
1242 716 1404 761 noster,
1434 724 1460 753 0
1488 711 1620 753 beata
1648 710 1850 752 Trinitas.

1128 782 1226 821 Ant.
1260 777 1419 819 Libera
1446 790 1544 827 nos,
1573 777 1694 818 salva
1721 788 1820 825 nos,
1848 775 1907 817 vi-

1073 834 1202 875 vifica
1229 847 1321 884 nos,
1351 847 1378 876 o
1405 834 1538 876 beata
1562 833 1766 875 Trinitas.

1347 916 1547 956 Psalmus
1575 915 1632 955 71.

1074 981 1240 1087 Deus
1272 981 1480 1034 judicium
1511 986 1636 1023 tuum
1663 981 1758 1033 regi
1786 981 1858 1023 da:
1885 982 1910 1009 *

1170 1043 1214 1080 et
1242 1039 1449 1090 justitiam
1475 1043 1597 1080 tuam
1628 1038 1720 1080 fflio
1747 1038 1879 1089 regis:

1125 1095 1332 1137 Judicare
1367 1095 1583 1148 populum
1618 1099 1743 1137 tuum
1773 1095 1818 1136 in
1851 1095 1910 1147 ju-

1074 1153 1211 1202 stitia,
1240 1154 1263 1179 *
1299 1157 1343 1194 et
1377 1154 1598 1204 pauperes
1632 1156 1734 1194 tuos
1770 1151 1816 1192 in
1850 1151 1907 1203 ju-

1074 1209 1201 1251 dicio.

1125 1265 1374 1318 Suscipiant
1418 1269 1592 1307 montes
1635 1277 1792 1318 pacem
1832 1266 1909 1317 po-

1072 1322 1195 1375 pulo:
1222 1323 1246 1350 *
1275 1326 1318 1364 et
1346 1321 1483 1364 601168
1509 1321 1728 1374 justitiam.

1125 1378 1349 1420 ,Iudicabit
1390 1381 1610 1431 pauperes
1650 1377 1824 1431 populi,
1867 1382 1911 1420 et

1075 1435 1222 1477 salvos
1250 1435 1383 1477 faciet
1410 1434 1526 1477 filios
1544 1437 1805 1487 pauperum:
1823 1434 1848 1461 *
1867 1438 1911 1476 et

1074 1491 1321 1533 humiliabit
1349 1491 1721 1533 calumniatorem.

1126 1549 1184 1590 Et
1200 1548 1476 1601 permanebit
1493 1561 1594 1590 cum
1612 1547 1717 1598 sole,
1746 1552 1791 1590 et
1809 1552 1910 1589 ante

1075 1605 1240 1654 lunam,
1268 1606 1292 1632 *
1319 1605 1364 1646 in
1397 1605 1682 1655 generatione
1711 1609 1755 1647 et
1781 1617 1910 1655 gene-

1077 1662 1302 1703 rationem.

1127 1717 1382 1760 Descendet
1415 1717 1527 1759 sicut
1560 1716 1711 1770 pluvia
1727 1717 1787 1769 ‚in
1823 1717 1910 1759 vel-

1075 1775 1158 1816 lus:
1186 1776 1210 1802 *
1239 1779 1283 1816 et
1311 1774 1423 1816 sicut
1457 1773 1677 1816 stillicidia
1704 1773 1913 1816 stillantia

1077 1844 1209 1884 super
1237 1836 1411 1872 terram.

1131 1888 1308 1930 0116131
1338 1887 1383 1928 111
1417 1886 1572 1928 diebus
1611 1887 1703 1938 ejus
1737 1886 1912 1939 justitia,

1078 1950 1123 1987 et
1155 1943 1423 1987 abundantia
1450 1943 1588 1996 pacis:
1617 1944 1641 1971 *
1669 1942 1812 1985 donec
1840 1955 1912 1984 au-

1077 2001 1243 2043 feratur
1270 2001 1382 2042 luna.

1130 2058 1187 2100 Et
1203 2057 1500 2099 dominabitur
1520 2069 1546 2098 a
1565 2056 1676 2098 mari
1693 2068 1835 2108 usque
1856 2055 1914 2098 ad

1077 2127 1213 2156 mare:
1247 2115 1271 2141 *
1304 2118 1348 2155 et
1389 2126 1415 2155 a
1456 2113 1634 2154 flumine
1674 2125 1815 2164 usque
1856 2112 1914 2155 ad

1078 2170 1288 2212 terminos
1317 2169 1437 2211 orbis
1464 2171 1692 2211 terrarum.

1133 2227 1293 2268 Coram
1315 2226 1391 2268 illo
1410 2225 1644 2278 procident
1663 2225 1914 2278 AEthiopes:

1078 2283 1102 2309 *
1123 2288 1167 2325 et
1193 2283 1356 2324 inimici
1385 2282 1476 2334 ejus
1503 2287 1666 2324 terram
1692 2282 1870 2333 lingent.

1131 2340 1280 2391 Reges
1315 2338 1513 2388 Tharsis,
1550 2344 1594 2380 et
1631 2338 1786 2380 insulae
1822 2341 1913 2379 mu-

1079 2408 1185 2437 nera
1213 2395 1414 2437 offerent:
1442 2395 1466 2420 *
1494 2408 1622 2446 reges
1645 2394 1842 2437 Arabum
1870 2395 1915 2436 61

1080 2453 1195 2494 Saba
1224 2451 1341 2494 dona
1368 2451 1600 2494 adducent.

1133 2510 1189 2550 Et
1217 2508 1466 2551 adorabunt
1495 2521 1594 2549 eum
1615 2520 1769 2550 omnes
1786 2519 1914 2558 reges

1082 2570 1228 2607 terrae:
1247 2567 1271 2592 *
1291 2578 1443 2607 omnes
1464 2565 1631 2607 Gentes
1649 2564 1841 2606 servient
1860 2563 1914 2605 ei:

1135 2622 1247 2671 Quia
1278 2621 1483 2664 liberabit
1514 2624 1757 2674 pauperem
1786 2633 1811 2661 3
1838 2632 1914 2672 po-

1082 2680 1217 2719 tente:
1236 2679 1260 2706 *
1280 2683 1323 2720 et
1342 2681 1599 2731 pauperem,
1629 2677 1698 2718 cui
1716 2689 1805 2718 non
1823 2681 1916 2718 erat

1083 2734 1266 2786 adjutor.
