<?xml version="1.0" encoding="UTF-8"?>
<!DOCTYPE html PUBLIC "-//W3C//DTD XHTML 1.0 Transitional//EN"
    "http://www.w3.org/TR/xhtml1/DTD/xhtml1-transitional.dtd">
<html xmlns="http://www.w3.org/1999/xhtml" xml:lang="en" lang="en">
 <head>
  <title>
</title>
<meta http-equiv="Content-Type" content="text/html;charset=utf-8" />
  <meta name='ocr-system' content='tesseract 3.04.00' />
  <meta name='ocr-capabilities' content='ocr_page ocr_carea ocr_par ocr_line ocrx_word'/>
</head>
<body>
  <div class='ocr_page' id='page_1' title='image "./p3breviariumroma00cathuoft_0197.png"; bbox 0 0 2040 2976; ppageno 0'>
   <div class='ocr_carea' id='block_1_1' title="bbox 638 198 1341 242">
    <p class='ocr_par' dir='ltr' id='par_1_1' title="bbox 638 198 1341 242">
     <span class='ocr_line' id='line_1_1' title="bbox 638 198 1341 242; baseline 0.003 -11"><span class='ocrx_word' id='word_1_1' title='bbox 638 198 741 232; x_wconf 84' lang='lat' dir='ltr'>Infra</span> <span class='ocrx_word' id='word_1_2' title='bbox 767 198 952 232; x_wconf 77' lang='lat' dir='ltr'>Octavam</span> <span class='ocrx_word' id='word_1_3' title='bbox 974 198 1159 242; x_wconf 80' lang='lat' dir='ltr'>Corporis</span> <span class='ocrx_word' id='word_1_4' title='bbox 1187 199 1341 233; x_wconf 83' lang='lat' dir='ltr'>Christi.</span> 
     </span>
    </p>
   </div>
   <div class='ocr_carea' id='block_1_2' title="bbox 137 291 964 568">
    <p class='ocr_par' dir='ltr' id='par_1_2' title="bbox 137 291 964 568">
     <span class='ocr_line' id='line_1_2' title="bbox 138 291 963 343; baseline 0.004 -11"><span class='ocrx_word' id='word_1_5' title='bbox 138 293 336 342; x_wconf 91' lang='lat' dir='ltr'>ronatus,</span> <span class='ocrx_word' id='word_1_6' title='bbox 381 291 556 343; x_wconf 86' lang='lat' dir='ltr'>indigne</span> <span class='ocrx_word' id='word_1_7' title='bbox 592 298 738 334; x_wconf 86' lang='lat' dir='ltr'>autem</span> <span class='ocrx_word' id='word_1_8' title='bbox 773 293 963 343; x_wconf 83' lang='lat' dir='ltr'>accedat,</span> 
     </span>
     <span class='ocr_line' id='line_1_3' title="bbox 139 347 964 402; baseline 0.004 -14"><span class='ocrx_word' id='word_1_9' title='bbox 139 347 340 400; x_wconf 81' lang='lat' dir='ltr'>prohibe:</span> <span class='ocrx_word' id='word_1_10' title='bbox 366 349 575 400; x_wconf 81' lang='lat' dir='ltr'>majorem</span> <span class='ocrx_word' id='word_1_11' title='bbox 597 349 673 390; x_wconf 92' lang='lat' dir='ltr'>illo</span> <span class='ocrx_word' id='word_1_12' title='bbox 697 351 964 402; x_wconf 90' lang='lat' dir='ltr'>potestatem</span> 
     </span>
     <span class='ocr_line' id='line_1_4' title="bbox 138 402 962 458; baseline 0.004 -14"><span class='ocrx_word' id='word_1_13' title='bbox 138 402 284 446; x_wconf 88' lang='lat' dir='ltr'>habes.</span> <span class='ocrx_word' id='word_1_14' title='bbox 311 404 551 458; x_wconf 80' lang='lat' dir='ltr'>Propterea</span> <span class='ocrx_word' id='word_1_15' title='bbox 570 418 651 446; x_wconf 88' lang='lat' dir='ltr'>vos</span> <span class='ocrx_word' id='word_1_16' title='bbox 666 405 787 447; x_wconf 92' lang='lat' dir='ltr'>Deus</span> <span class='ocrx_word' id='word_1_17' title='bbox 801 405 887 447; x_wconf 94' lang='lat' dir='ltr'>hoc</span> <span class='ocrx_word' id='word_1_18' title='bbox 902 406 962 447; x_wconf 92' lang='lat' dir='ltr'>in-</span> 
     </span>
     <span class='ocr_line' id='line_1_5' title="bbox 138 460 961 511; baseline 0.002 -10"><span class='ocrx_word' id='word_1_19' title='bbox 138 460 312 511; x_wconf 86' lang='lat' dir='ltr'>signivit</span> <span class='ocrx_word' id='word_1_20' title='bbox 334 460 517 511; x_wconf 80' lang='lat' dir='ltr'>honore,</span> <span class='ocrx_word' id='word_1_21' title='bbox 545 466 593 503; x_wconf 93' lang='lat' dir='ltr'>ut</span> <span class='ocrx_word' id='word_1_22' title='bbox 616 461 721 503; x_wconf 90' lang='lat' dir='ltr'>talia</span> <span class='ocrx_word' id='word_1_23' title='bbox 747 460 961 503; x_wconf 88' lang='lat' dir='ltr'>discerna-</span> 
     </span>
     <span class='ocr_line' id='line_1_6' title="bbox 137 516 963 568; baseline 0.002 -10"><span class='ocrx_word' id='word_1_24' title='bbox 137 516 206 558; x_wconf 91' lang='lat' dir='ltr'>tis.</span> <span class='ocrx_word' id='word_1_25' title='bbox 252 517 352 558; x_wconf 92' lang='lat' dir='ltr'>Hoc</span> <span class='ocrx_word' id='word_1_26' title='bbox 379 522 525 559; x_wconf 87' lang='lat' dir='ltr'>vestra</span> <span class='ocrx_word' id='word_1_27' title='bbox 552 516 739 568; x_wconf 83' lang='lat' dir='ltr'>dignitas</span> <span class='ocrx_word' id='word_1_28' title='bbox 767 518 963 568; x_wconf 46' lang='lat' dir='ltr'>est‚&gt;hoc</span> 
     </span>
    </p>
   </div>
   <div class='ocr_carea' id='block_1_3' title="bbox 138 573 1079 624">
    <p class='ocr_par' dir='ltr' id='par_1_3' title="bbox 138 573 1132 624">
     <span class='ocr_line' id='line_1_7' title="bbox 138 573 1079 624; baseline -0.002 -10"><span class='ocrx_word' id='word_1_29' title='bbox 138 573 366 624; x_wconf 78' lang='lat' dir='ltr'>securitas,</span> <span class='ocrx_word' id='word_1_30' title='bbox 393 573 479 615; x_wconf 90' lang='lat' dir='ltr'>hoc</span> <span class='ocrx_word' id='word_1_31' title='bbox 504 573 644 615; x_wconf 91' lang='lat' dir='ltr'>omnis</span> <span class='ocrx_word' id='word_1_32' title='bbox 671 576 848 624; x_wconf 84' lang='lat' dir='ltr'>corona3</span> <span class='ocrx_word' id='word_1_33' title='bbox 874 587 963 616; x_wconf 91' lang='lat' dir='ltr'>non</span> <span class='ocrx_word' id='word_1_34' title='bbox 1025 610 1038 612; x_wconf 10' lang='grc' dir='ltr'>,γ</span> <span class='ocrx_word' id='word_1_35' title='bbox 1061 611 1079 612; x_wconf 27' lang='grc' dir='ltr'>ἡ</span> 
     </span>
    </p>
   </div>
   <div class='ocr_carea' id='block_1_4' title="bbox 96 628 963 953">
    <p class='ocr_par' dir='ltr' id='par_1_4' title="bbox 96 628 963 953">
     <span class='ocr_line' id='line_1_8' title="bbox 96 628 963 683; baseline 0.001 -13"><span class='ocrx_word' id='word_1_36' title='bbox 96 633 106 640; x_wconf 87' lang='grc'><strong>’</strong></span> <span class='ocrx_word' id='word_1_37' title='bbox 137 634 186 670; x_wconf 90' lang='lat' dir='ltr'>ut</span> <span class='ocrx_word' id='word_1_38' title='bbox 209 629 353 671; x_wconf 88' lang='lat' dir='ltr'>albam</span> <span class='ocrx_word' id='word_1_39' title='bbox 377 634 421 671; x_wconf 91' lang='lat' dir='ltr'>et</span> <span class='ocrx_word' id='word_1_40' title='bbox 446 628 747 683; x_wconf 77' lang='lat' dir='ltr'>splendentem</span> <span class='ocrx_word' id='word_1_41' title='bbox 770 630 963 672; x_wconf 84' lang='lat' dir='ltr'>tunicam</span> 
     </span>
     <span class='ocr_line' id='line_1_9' title="bbox 139 685 963 728; baseline 0.002 -2"><span class='ocrx_word' id='word_1_42' title='bbox 139 685 412 728; x_wconf 90' lang='lat' dir='ltr'>circumeatis</span> <span class='ocrx_word' id='word_1_43' title='bbox 441 685 592 728; x_wconf 80' lang='lat' dir='ltr'>induti.</span> <span class='ocrx_word' id='word_1_44' title='bbox 642 687 809 728; x_wconf 91' lang='lat' dir='ltr'>Verum</span> <span class='ocrx_word' id='word_1_45' title='bbox 841 692 884 728; x_wconf 87' lang='lat' dir='ltr'>et</span> <span class='ocrx_word' id='word_1_46' title='bbox 914 692 963 728; x_wconf 91' lang='lat' dir='ltr'>tu</span> 
     </span>
     <span class='ocr_line' id='line_1_10' title="bbox 137 741 961 792; baseline 0.002 -10"><span class='ocrx_word' id='word_1_47' title='bbox 137 741 258 792; x_wconf 89' lang='lat' dir='ltr'>laice,</span> <span class='ocrx_word' id='word_1_48' title='bbox 278 755 377 784; x_wconf 93' lang='lat' dir='ltr'>cum</span> <span class='ocrx_word' id='word_1_49' title='bbox 395 742 669 784; x_wconf 82' lang='lat' dir='ltr'>sacerdotem</span> <span class='ocrx_word' id='word_1_50' title='bbox 682 742 844 784; x_wconf 88' lang='lat' dir='ltr'>videris</span> <span class='ocrx_word' id='word_1_51' title='bbox 860 742 961 784; x_wconf 86' lang='lat' dir='ltr'>offe-</span> 
     </span>
     <span class='ocr_line' id='line_1_11' title="bbox 134 798 960 852; baseline 0.002 -14"><span class='ocrx_word' id='word_1_52' title='bbox 134 799 313 848; x_wconf 79' lang='lat' dir='ltr'>rentem,</span> <span class='ocrx_word' id='word_1_53' title='bbox 335 811 389 840; x_wconf 93' lang='lat' dir='ltr'>ne</span> <span class='ocrx_word' id='word_1_54' title='bbox 407 803 456 840; x_wconf 90' lang='lat' dir='ltr'>ut</span> <span class='ocrx_word' id='word_1_55' title='bbox 474 798 750 841; x_wconf 81' lang='lat' dir='ltr'>sacerd6tem</span> <span class='ocrx_word' id='word_1_56' title='bbox 768 812 864 840; x_wconf 88' lang='lat' dir='ltr'>esse</span> <span class='ocrx_word' id='word_1_57' title='bbox 883 813 960 852; x_wconf 92' lang='lat' dir='ltr'>pu-</span> 
     </span>
     <span class='ocr_line' id='line_1_12' title="bbox 112 854 960 905; baseline 0.002 -10"><span class='ocrx_word' id='word_1_58' title='bbox 112 877 117 879; x_wconf 60' lang='lat'>&lt;</span> <span class='ocrx_word' id='word_1_59' title='bbox 134 859 202 895; x_wconf 86' lang='lat' dir='ltr'>tes</span> <span class='ocrx_word' id='word_1_60' title='bbox 221 854 306 896; x_wconf 92' lang='lat' dir='ltr'>hoc</span> <span class='ocrx_word' id='word_1_61' title='bbox 329 855 570 905; x_wconf 80' lang='lat' dir='ltr'>facientem,</span> <span class='ocrx_word' id='word_1_62' title='bbox 595 854 674 896; x_wconf 91' lang='lat' dir='ltr'>sed</span> <span class='ocrx_word' id='word_1_63' title='bbox 694 855 854 897; x_wconf 85' lang='lat' dir='ltr'>Christi</span> <span class='ocrx_word' id='word_1_64' title='bbox 873 869 960 897; x_wconf 93' lang='lat' dir='ltr'>ma-</span> 
     </span>
     <span class='ocr_line' id='line_1_13' title="bbox 134 910 781 953; baseline 0.003 -3"><span class='ocrx_word' id='word_1_65' title='bbox 134 923 238 951; x_wconf 92' lang='lat' dir='ltr'>num</span> <span class='ocrx_word' id='word_1_66' title='bbox 255 910 527 953; x_wconf 81' lang='lat' dir='ltr'>invisibiliter</span> <span class='ocrx_word' id='word_1_67' title='bbox 547 913 781 953; x_wconf 80' lang='lat' dir='ltr'>extensam.</span> 
     </span>
    </p>
   </div>
   <div class='ocr_carea' id='block_1_5' title="bbox 69 969 962 2394">
    <p class='ocr_par' dir='ltr' id='par_1_5' title="bbox 188 969 714 1080">
     <span class='ocr_line' id='line_1_14' title="bbox 188 969 714 1025; baseline 0.008 -16"><span class='ocrx_word' id='word_1_68' title='bbox 188 969 240 1021; x_wconf 60' lang='lat' dir='ltr'>Ra.</span> <span class='ocrx_word' id='word_1_69' title='bbox 265 972 451 1025; x_wconf 79' lang='lat' dir='ltr'>Accepit</span> <span class='ocrx_word' id='word_1_70' title='bbox 468 972 607 1014; x_wconf 89' lang='lat' dir='ltr'>Jesus.</span> <span class='ocrx_word' id='word_1_71' title='bbox 634 973 714 1013; x_wconf 91' lang='lat'>151.</span> 
     </span>
     <span class='ocr_line' id='line_1_15' title="bbox 436 1038 659 1080; baseline -0.009 0"><span class='ocrx_word' id='word_1_72' title='bbox 436 1038 586 1080; x_wconf 84' lang='lat' dir='ltr'>Lectio</span> <span class='ocrx_word' id='word_1_73' title='bbox 607 1039 659 1079; x_wconf 85' lang='lat' dir='ltr'>vi.</span> 
     </span>
    </p>

    <p class='ocr_par' dir='ltr' id='par_1_6' title="bbox 69 1093 961 1200">
     <span class='ocr_line' id='line_1_16' title="bbox 69 1093 961 1200; baseline 0.004 -59"><span class='ocrx_word' id='word_1_74' title='bbox 69 1146 75 1152; x_wconf 53' lang='grc'><strong>,</strong></span> <span class='ocrx_word' id='word_1_75' title='bbox 137 1093 414 1200; x_wconf 64' lang='grc' dir='ltr'>Ακᾙέιιῃιιε</span> <span class='ocrx_word' id='word_1_76' title='bbox 432 1102 563 1154; x_wconf 88' lang='lat' dir='ltr'>igitur</span> <span class='ocrx_word' id='word_1_77' title='bbox 582 1107 625 1144; x_wconf 88' lang='lat' dir='ltr'>et</span> <span class='ocrx_word' id='word_1_78' title='bbox 645 1103 898 1145; x_wconf 81' lang='lat' dir='ltr'>sacerd6tes</span> <span class='ocrx_word' id='word_1_79' title='bbox 918 1108 961 1145; x_wconf 93' lang='lat' dir='ltr'>et</span> 
     </span>
    </p>

    <p class='ocr_par' dir='ltr' id='par_1_7' title="bbox 135 1157 962 2394">
     <span class='ocr_line' id='line_1_17' title="bbox 238 1157 960 1211; baseline 0.004 -13"><span class='ocrx_word' id='word_1_80' title='bbox 238 1157 413 1208; x_wconf 79' lang='lat' dir='ltr'>subditi,</span> <span class='ocrx_word' id='word_1_81' title='bbox 434 1159 551 1211; x_wconf 89' lang='lat' dir='ltr'>quali</span> <span class='ocrx_word' id='word_1_82' title='bbox 572 1172 672 1202; x_wconf 89' lang='lat' dir='ltr'>esca</span> <span class='ocrx_word' id='word_1_83' title='bbox 691 1160 793 1201; x_wconf 88' lang='lat' dir='ltr'>facti</span> <span class='ocrx_word' id='word_1_84' title='bbox 812 1173 960 1201; x_wconf 93' lang='lat' dir='ltr'>sumus</span> 
     </span>
     <span class='ocr_line' id='line_1_18' title="bbox 137 1211 960 1265; baseline 0.004 -11"><span class='ocrx_word' id='word_1_85' title='bbox 137 1211 269 1265; x_wconf 86' lang='lat' dir='ltr'>digni:</span> <span class='ocrx_word' id='word_1_86' title='bbox 322 1214 549 1257; x_wconf 89' lang='lat' dir='ltr'>audiamus</span> <span class='ocrx_word' id='word_1_87' title='bbox 601 1221 644 1258; x_wconf 91' lang='lat' dir='ltr'>et</span> <span class='ocrx_word' id='word_1_88' title='bbox 693 1215 960 1258; x_wconf 91' lang='lat' dir='ltr'>horreamus.</span> 
     </span>
     <span class='ocr_line' id='line_1_19' title="bbox 135 1269 961 1314; baseline 0.004 -3"><span class='ocrx_word' id='word_1_89' title='bbox 135 1269 305 1312; x_wconf 88' lang='lat' dir='ltr'>Sanctis</span> <span class='ocrx_word' id='word_1_90' title='bbox 323 1271 526 1313; x_wconf 91' lang='lat' dir='ltr'>carnibus</span> <span class='ocrx_word' id='word_1_91' title='bbox 545 1273 633 1314; x_wconf 91' lang='lat' dir='ltr'>suis</span> <span class='ocrx_word' id='word_1_92' title='bbox 652 1286 733 1314; x_wconf 94' lang='lat' dir='ltr'>nos</span> <span class='ocrx_word' id='word_1_93' title='bbox 751 1271 871 1314; x_wconf 86' lang='lat' dir='ltr'>dedit</span> <span class='ocrx_word' id='word_1_94' title='bbox 886 1273 961 1313; x_wconf 92' lang='lat' dir='ltr'>im-</span> 
     </span>
     <span class='ocr_line' id='line_1_20' title="bbox 135 1325 961 1382; baseline 0.005 -16"><span class='ocrx_word' id='word_1_95' title='bbox 135 1325 260 1378; x_wconf 80' lang='lat' dir='ltr'>pleri,</span> <span class='ocrx_word' id='word_1_96' title='bbox 285 1330 569 1380; x_wconf 90' lang='lat' dir='ltr'>semetipsum</span> <span class='ocrx_word' id='word_1_97' title='bbox 589 1329 795 1382; x_wconf 80' lang='lat' dir='ltr'>apposuit</span> <span class='ocrx_word' id='word_1_98' title='bbox 812 1329 961 1371; x_wconf 93' lang='lat' dir='ltr'>immo-</span> 
     </span>
     <span class='ocr_line' id='line_1_21' title="bbox 135 1381 961 1436; baseline 0.005 -14"><span class='ocrx_word' id='word_1_99' title='bbox 135 1381 282 1423; x_wconf 87' lang='lat' dir='ltr'>latum.</span> <span class='ocrx_word' id='word_1_100' title='bbox 323 1384 534 1434; x_wconf 89' lang='lat' dir='ltr'>Quaenam</span> <span class='ocrx_word' id='word_1_101' title='bbox 564 1385 694 1436; x_wconf 86' lang='lat' dir='ltr'>igitur</span> <span class='ocrx_word' id='word_1_102' title='bbox 726 1385 807 1427; x_wconf 88' lang='lat' dir='ltr'>erit</span> <span class='ocrx_word' id='word_1_103' title='bbox 833 1385 961 1426; x_wconf 90' lang='lat' dir='ltr'>nobis</span> 
     </span>
     <span class='ocr_line' id='line_1_22' title="bbox 138 1439 962 1495; baseline 0.005 -16"><span class='ocrx_word' id='word_1_104' title='bbox 138 1439 378 1490; x_wconf 81' lang='lat' dir='ltr'>excusatio,</span> <span class='ocrx_word' id='word_1_105' title='bbox 407 1453 505 1481; x_wconf 92' lang='lat' dir='ltr'>cum</span> <span class='ocrx_word' id='word_1_106' title='bbox 532 1441 691 1483; x_wconf 91' lang='lat' dir='ltr'>talibus</span> <span class='ocrx_word' id='word_1_107' title='bbox 717 1442 834 1495; x_wconf 87' lang='lat' dir='ltr'>pasti</span> <span class='ocrx_word' id='word_1_108' title='bbox 857 1441 962 1483; x_wconf 87' lang='lat' dir='ltr'>talia</span> 
     </span>
     <span class='ocr_line' id='line_1_23' title="bbox 137 1496 962 1550; baseline 0.004 -14"><span class='ocrx_word' id='word_1_109' title='bbox 137 1496 380 1547; x_wconf 81' lang='lat' dir='ltr'>peccemus,</span> <span class='ocrx_word' id='word_1_110' title='bbox 397 1509 497 1538; x_wconf 93' lang='lat' dir='ltr'>cum</span> <span class='ocrx_word' id='word_1_111' title='bbox 510 1497 603 1550; x_wconf 90' lang='lat' dir='ltr'>lupi</span> <span class='ocrx_word' id='word_1_112' title='bbox 617 1498 771 1539; x_wconf 93' lang='lat' dir='ltr'>fiamus</span> <span class='ocrx_word' id='word_1_113' title='bbox 787 1499 962 1549; x_wconf 88' lang='lat' dir='ltr'>Agnum</span> 
     </span>
     <span class='ocr_line' id='line_1_24' title="bbox 137 1551 961 1606; baseline 0.005 -14"><span class='ocrx_word' id='word_1_114' title='bbox 137 1551 433 1603; x_wconf 75' lang='lat' dir='ltr'>comedenteS‚</span> <span class='ocrx_word' id='word_1_115' title='bbox 470 1555 569 1594; x_wconf 90' lang='lat' dir='ltr'>cum</span> <span class='ocrx_word' id='word_1_116' title='bbox 599 1558 823 1606; x_wconf 83' lang='lat' dir='ltr'><strong>tamquam</strong></span> <span class='ocrx_word' id='word_1_117' title='bbox 856 1567 961 1596; x_wconf 88' lang='lat' dir='ltr'>oves</span> 
     </span>
     <span class='ocr_line' id='line_1_25' title="bbox 135 1607 961 1664; baseline 0.005 -16"><span class='ocrx_word' id='word_1_118' title='bbox 135 1607 252 1659; x_wconf 89' lang='lat' dir='ltr'>pasti</span> <span class='ocrx_word' id='word_1_119' title='bbox 293 1621 417 1650; x_wconf 86' lang='lat' dir='ltr'>more</span> <span class='ocrx_word' id='word_1_120' title='bbox 460 1609 637 1651; x_wconf 82' lang='lat' dir='ltr'>leonum</span> <span class='ocrx_word' id='word_1_121' title='bbox 682 1609 961 1664; x_wconf 81' lang='lat' dir='ltr'>diripiamus?</span> 
     </span>
     <span class='ocr_line' id='line_1_26' title="bbox 135 1663 962 1720; baseline 0.006 -16"><span class='ocrx_word' id='word_1_122' title='bbox 135 1663 235 1705; x_wconf 91' lang='lat' dir='ltr'>Hoc</span> <span class='ocrx_word' id='word_1_123' title='bbox 255 1665 370 1706; x_wconf 87' lang='lat' dir='ltr'>enim</span> <span class='ocrx_word' id='word_1_124' title='bbox 388 1666 643 1718; x_wconf 77' lang='lat' dir='ltr'>mysterium</span> <span class='ocrx_word' id='word_1_125' title='bbox 662 1679 750 1708; x_wconf 94' lang='lat' dir='ltr'>non</span> <span class='ocrx_word' id='word_1_126' title='bbox 769 1680 794 1708; x_wconf 88' lang='lat' dir='ltr'>a</span> <span class='ocrx_word' id='word_1_127' title='bbox 810 1670 962 1720; x_wconf 86' lang='lat' dir='ltr'>rapina</span> 
     </span>
     <span class='ocr_line' id='line_1_27' title="bbox 135 1722 961 1773; baseline 0.005 -12"><span class='ocrx_word' id='word_1_128' title='bbox 135 1723 320 1770; x_wconf 88' lang='lat' dir='ltr'>tantum,</span> <span class='ocrx_word' id='word_1_129' title='bbox 348 1734 500 1773; x_wconf 76' lang='lat' dir='ltr'>verum</span> <span class='ocrx_word' id='word_1_130' title='bbox 524 1726 568 1764; x_wconf 87' lang='lat' dir='ltr'>et</span> <span class='ocrx_word' id='word_1_131' title='bbox 592 1722 646 1765; x_wconf 91' lang='lat' dir='ltr'>ab</span> <span class='ocrx_word' id='word_1_132' title='bbox 674 1723 793 1764; x_wconf 90' lang='lat' dir='ltr'>omni</span> <span class='ocrx_word' id='word_1_133' title='bbox 811 1724 882 1765; x_wconf 86' lang='lat' dir='ltr'>vel</span> <span class='ocrx_word' id='word_1_134' title='bbox 901 1725 961 1765; x_wconf 82' lang='lat' dir='ltr'>te-</span> 
     </span>
     <span class='ocr_line' id='line_1_28' title="bbox 136 1776 961 1833; baseline 0.006 -17"><span class='ocrx_word' id='word_1_135' title='bbox 136 1776 211 1817; x_wconf 93' lang='lat' dir='ltr'>nui</span> <span class='ocrx_word' id='word_1_136' title='bbox 234 1776 461 1819; x_wconf 85' lang='lat' dir='ltr'>inimicitia</span> <span class='ocrx_word' id='word_1_137' title='bbox 484 1791 643 1831; x_wconf 91' lang='lat' dir='ltr'>purum</span> <span class='ocrx_word' id='word_1_138' title='bbox 667 1792 763 1821; x_wconf 91' lang='lat' dir='ltr'>esse</span> <span class='ocrx_word' id='word_1_139' title='bbox 787 1781 961 1833; x_wconf 81' lang='lat' dir='ltr'>penitus</span> 
     </span>
     <span class='ocr_line' id='line_1_29' title="bbox 137 1831 961 1889; baseline 0.006 -16"><span class='ocrx_word' id='word_1_140' title='bbox 137 1831 271 1883; x_wconf 90' lang='lat' dir='ltr'>jubet:</span> <span class='ocrx_word' id='word_1_141' title='bbox 304 1838 371 1875; x_wconf 92' lang='lat' dir='ltr'>est</span> <span class='ocrx_word' id='word_1_142' title='bbox 402 1835 516 1875; x_wconf 92' lang='lat' dir='ltr'>enim</span> <span class='ocrx_word' id='word_1_143' title='bbox 548 1836 669 1888; x_wconf 87' lang='lat' dir='ltr'>pacis</span> <span class='ocrx_word' id='word_1_144' title='bbox 695 1837 961 1889; x_wconf 75' lang='lat' dir='ltr'>mysterium.</span> 
     </span>
     <span class='ocr_line' id='line_1_30' title="bbox 136 1888 961 1945; baseline 0.007 -17"><span class='ocrx_word' id='word_1_145' title='bbox 136 1888 162 1928; x_wconf 88' lang='lat' dir='ltr'><strong>J</strong></span> <span class='ocrx_word' id='word_1_146' title='bbox 163 1888 300 1930; x_wconf 69' lang='lat' dir='ltr'>udaeis</span> <span class='ocrx_word' id='word_1_147' title='bbox 324 1890 502 1941; x_wconf 87' lang='lat' dir='ltr'>quidem</span> <span class='ocrx_word' id='word_1_148' title='bbox 523 1892 746 1933; x_wconf 75' lang='lat' dir='ltr'>annuatim</span> <span class='ocrx_word' id='word_1_149' title='bbox 763 1893 961 1945; x_wconf 82' lang='lat' dir='ltr'>proprio-</span> 
     </span>
     <span class='ocr_line' id='line_1_31' title="bbox 136 1948 962 1990; baseline 0.007 -6"><span class='ocrx_word' id='word_1_150' title='bbox 136 1956 234 1985; x_wconf 91' lang='lat' dir='ltr'>rum</span> <span class='ocrx_word' id='word_1_151' title='bbox 256 1949 537 1989; x_wconf 78' lang='lat' dir='ltr'>monumenta</span> <span class='ocrx_word' id='word_1_152' title='bbox 558 1948 872 1990; x_wconf 82' lang='lat' dir='ltr'>beneficiorum</span> <span class='ocrx_word' id='word_1_153' title='bbox 895 1961 962 1990; x_wconf 93' lang='lat' dir='ltr'>so-</span> 
     </span>
     <span class='ocr_line' id='line_1_32' title="bbox 136 1999 961 2055; baseline 0.007 -14"><span class='ocrx_word' id='word_1_154' title='bbox 136 1999 384 2044; x_wconf 88' lang='lat' dir='ltr'>lemnitates</span> <span class='ocrx_word' id='word_1_155' title='bbox 407 2003 529 2045; x_wconf 90' lang='lat' dir='ltr'>Deus</span> <span class='ocrx_word' id='word_1_156' title='bbox 553 2004 760 2055; x_wconf 89' lang='lat' dir='ltr'>alligavit:</span> <span class='ocrx_word' id='word_1_157' title='bbox 788 2005 868 2047; x_wconf 90' lang='lat' dir='ltr'>tibi</span> <span class='ocrx_word' id='word_1_158' title='bbox 892 2018 961 2046; x_wconf 90' lang='lat' dir='ltr'>ve-</span> 
     </span>
     <span class='ocr_line' id='line_1_33' title="bbox 136 2058 961 2114; baseline 0.008 -18"><span class='ocrx_word' id='word_1_159' title='bbox 136 2069 187 2098; x_wconf 93' lang='lat' dir='ltr'>ro</span> <span class='ocrx_word' id='word_1_160' title='bbox 212 2058 389 2109; x_wconf 90' lang='lat' dir='ltr'>singulis</span> <span class='ocrx_word' id='word_1_161' title='bbox 414 2059 568 2101; x_wconf 78' lang='lat' dir='ltr'>diebus</span> <span class='ocrx_word' id='word_1_162' title='bbox 591 2073 672 2112; x_wconf 93' lang='lat' dir='ltr'>per</span> <span class='ocrx_word' id='word_1_163' title='bbox 690 2060 785 2102; x_wconf 87' lang='lat' dir='ltr'>haec</span> <span class='ocrx_word' id='word_1_164' title='bbox 804 2063 961 2114; x_wconf 82' lang='lat' dir='ltr'>myste-</span> 
     </span>
     <span class='ocr_line' id='line_1_34' title="bbox 136 2112 962 2168; baseline 0.007 -16"><span class='ocrx_word' id='word_1_165' title='bbox 136 2112 211 2153; x_wconf 89' lang='lat' dir='ltr'>ria.</span> <span class='ocrx_word' id='word_1_166' title='bbox 237 2112 393 2156; x_wconf 91' lang='lat' dir='ltr'>Nullus</span> <span class='ocrx_word' id='word_1_167' title='bbox 407 2117 556 2168; x_wconf 90' lang='lat' dir='ltr'>itaque</span> <span class='ocrx_word' id='word_1_168' title='bbox 570 2116 595 2157; x_wconf 82' lang='lat' dir='ltr'><strong>J</strong></span> <span class='ocrx_word' id='word_1_169' title='bbox 596 2117 706 2158; x_wconf 89' lang='lat' dir='ltr'>udas</span> <span class='ocrx_word' id='word_1_170' title='bbox 721 2117 832 2158; x_wconf 87' lang='lat' dir='ltr'>hanc</span> <span class='ocrx_word' id='word_1_171' title='bbox 847 2130 962 2158; x_wconf 90' lang='lat' dir='ltr'>men-</span> 
     </span>
     <span class='ocr_line' id='line_1_35' title="bbox 137 2171 960 2221; baseline 0.007 -13"><span class='ocrx_word' id='word_1_172' title='bbox 137 2181 231 2209; x_wconf 88' lang='lat' dir='ltr'>sam</span> <span class='ocrx_word' id='word_1_173' title='bbox 248 2174 385 2221; x_wconf 87' lang='lat' dir='ltr'>petat,</span> <span class='ocrx_word' id='word_1_174' title='bbox 411 2171 555 2213; x_wconf 91' lang='lat' dir='ltr'>nullus</span> <span class='ocrx_word' id='word_1_175' title='bbox 575 2172 734 2214; x_wconf 90' lang='lat' dir='ltr'>Simon.</span> <span class='ocrx_word' id='word_1_176' title='bbox 767 2173 826 2214; x_wconf 93' lang='lat' dir='ltr'>Hi</span> <span class='ocrx_word' id='word_1_177' title='bbox 844 2186 960 2214; x_wconf 88' lang='lat' dir='ltr'>nam-</span> 
     </span>
     <span class='ocr_line' id='line_1_36' title="bbox 139 2225 960 2281; baseline 0.005 -15"><span class='ocrx_word' id='word_1_178' title='bbox 139 2237 223 2276; x_wconf 85' lang='lat' dir='ltr'>que</span> <span class='ocrx_word' id='word_1_179' title='bbox 263 2225 350 2268; x_wconf 93' lang='lat' dir='ltr'>duo</span> <span class='ocrx_word' id='word_1_180' title='bbox 386 2233 570 2281; x_wconf 88' lang='lat' dir='ltr'>propter</span> <span class='ocrx_word' id='word_1_181' title='bbox 609 2230 833 2271; x_wconf 89' lang='lat' dir='ltr'>avaritiam</span> <span class='ocrx_word' id='word_1_182' title='bbox 865 2242 960 2281; x_wconf 91' lang='lat' dir='ltr'>per-</span> 
     </span>
     <span class='ocr_line' id='line_1_37' title="bbox 136 2282 959 2335; baseline 0.006 -14"><span class='ocrx_word' id='word_1_183' title='bbox 136 2283 291 2322; x_wconf 86' lang='lat' dir='ltr'>ierunt:</span> <span class='ocrx_word' id='word_1_184' title='bbox 331 2282 417 2325; x_wconf 94' lang='lat' dir='ltr'>hoc</span> <span class='ocrx_word' id='word_1_185' title='bbox 451 2284 582 2335; x_wconf 88' lang='lat' dir='ltr'>igitur</span> <span class='ocrx_word' id='word_1_186' title='bbox 613 2285 867 2327; x_wconf 78' lang='lat' dir='ltr'>barathrum</span> <span class='ocrx_word' id='word_1_187' title='bbox 899 2286 959 2326; x_wconf 89' lang='lat' dir='ltr'>fu-</span> 
     </span>
     <span class='ocr_line' id='line_1_38' title="bbox 135 2337 928 2394; baseline 0.006 -17"><span class='ocrx_word' id='word_1_188' title='bbox 135 2337 314 2387; x_wconf 86' lang='lat' dir='ltr'>giamus.</span> <span class='ocrx_word' id='word_1_189' title='bbox 366 2337 418 2388; x_wconf 68' lang='lat' dir='ltr'>Rz.</span> <span class='ocrx_word' id='word_1_190' title='bbox 444 2341 539 2391; x_wconf 88' lang='lat' dir='ltr'>Ego</span> <span class='ocrx_word' id='word_1_191' title='bbox 564 2354 661 2382; x_wconf 90' lang='lat' dir='ltr'>sum</span> <span class='ocrx_word' id='word_1_192' title='bbox 679 2341 814 2394; x_wconf 91' lang='lat' dir='ltr'>panis.</span> <span class='ocrx_word' id='word_1_193' title='bbox 843 2342 928 2382; x_wconf 85' lang='lat'>152.</span> 
     </span>
    </p>
   </div>
   <div class='ocr_carea' id='block_1_6' title="bbox 354 2412 734 2452">
    <p class='ocr_par' dir='ltr' id='par_1_8' title="bbox 354 2412 734 2452">
     <span class='ocr_line' id='line_1_39' title="bbox 354 2412 734 2452; baseline 0 0"><span class='ocrx_word' id='word_1_194' title='bbox 354 2412 404 2452; x_wconf 91' lang='lat' dir='ltr'>In</span> <span class='ocrx_word' id='word_1_195' title='bbox 422 2412 493 2452; x_wconf 92' lang='grc' dir='ltr'><strong>ΙΙΙ.</strong></span> <span class='ocrx_word' id='word_1_196' title='bbox 513 2412 734 2452; x_wconf 84' lang='lat' dir='ltr'>Nocturno.</span> 
     </span>
    </p>
   </div>
   <div class='ocr_carea' id='block_1_7' title="bbox 135 2477 961 2765">
    <p class='ocr_par' dir='ltr' id='par_1_9' title="bbox 135 2477 961 2582">
     <span class='ocr_line' id='line_1_40' title="bbox 135 2477 961 2535; baseline 0.006 -16"><span class='ocrx_word' id='word_1_197' title='bbox 135 2477 286 2522; x_wconf 77' lang='lat' dir='ltr'>Lectio</span> <span class='ocrx_word' id='word_1_198' title='bbox 310 2483 449 2524; x_wconf 86' lang='lat' dir='ltr'>sancti</span> <span class='ocrx_word' id='word_1_199' title='bbox 469 2484 695 2535; x_wconf 78' lang='lat' dir='ltr'>Evangelii</span> <span class='ocrx_word' id='word_1_200' title='bbox 720 2483 961 2526; x_wconf 79' lang='lat' dir='ltr'>secundum</span> 
     </span>
     <span class='ocr_line' id='line_1_41' title="bbox 434 2540 658 2582; baseline 0.004 -2"><span class='ocrx_word' id='word_1_201' title='bbox 434 2540 459 2580; x_wconf 92' lang='lat' dir='ltr'><strong>J</strong></span> <span class='ocrx_word' id='word_1_202' title='bbox 461 2542 658 2582; x_wconf 92' lang='lat' dir='ltr'>oannem.</span> 
     </span>
    </p>

    <p class='ocr_par' dir='ltr' id='par_1_10' title="bbox 238 2589 856 2643">
     <span class='ocr_line' id='line_1_42' title="bbox 238 2589 856 2643; baseline -0.003 -11"><span class='ocrx_word' id='word_1_203' title='bbox 238 2591 389 2634; x_wconf 82' lang='lat' dir='ltr'>Lectio</span> <span class='ocrx_word' id='word_1_204' title='bbox 410 2592 478 2634; x_wconf 87' lang='lat' dir='ltr'>vii.</span> <span class='ocrx_word' id='word_1_205' title='bbox 661 2591 763 2643; x_wconf 88' lang='lat' dir='ltr'>Cap.</span> <span class='ocrx_word' id='word_1_206' title='bbox 779 2591 815 2630; x_wconf 90' lang='grc'>6.</span> <span class='ocrx_word' id='word_1_207' title='bbox 831 2589 856 2630; x_wconf 91' lang='lat' dir='ltr'>f.</span> 
     </span>
    </p>

    <p class='ocr_par' dir='ltr' id='par_1_11' title="bbox 183 2656 958 2712">
     <span class='ocr_line' id='line_1_43' title="bbox 183 2656 958 2712; baseline 0.006 -16"><span class='ocrx_word' id='word_1_208' title='bbox 183 2669 213 2696; x_wconf 94' lang='lat' dir='ltr'>n</span> <span class='ocrx_word' id='word_1_209' title='bbox 234 2656 308 2697; x_wconf 93' lang='lat' dir='ltr'>illo</span> <span class='ocrx_word' id='word_1_210' title='bbox 330 2660 545 2712; x_wconf 82' lang='lat' dir='ltr'>tempore:</span> <span class='ocrx_word' id='word_1_211' title='bbox 575 2660 697 2701; x_wconf 83' lang='lat' dir='ltr'>Dixit</span> <span class='ocrx_word' id='word_1_212' title='bbox 720 2660 745 2700; x_wconf 90' lang='lat' dir='ltr'><strong>J</strong></span> <span class='ocrx_word' id='word_1_213' title='bbox 748 2672 848 2700; x_wconf 86' lang='lat' dir='ltr'>esus</span> <span class='ocrx_word' id='word_1_214' title='bbox 872 2666 958 2701; x_wconf 88' lang='lat' dir='ltr'>tur-</span> 
     </span>
    </p>

    <p class='ocr_par' dir='ltr' id='par_1_12' title="bbox 199 2710 959 2765">
     <span class='ocr_line' id='line_1_44' title="bbox 199 2710 959 2765; baseline 0.007 -13"><span class='ocrx_word' id='word_1_215' title='bbox 199 2710 269 2761; x_wconf 86' lang='lat' dir='ltr'>bis</span> <span class='ocrx_word' id='word_1_216' title='bbox 285 2712 558 2761; x_wconf 63' lang='lat' dir='ltr'>Judaeorumz,</span> <span class='ocrx_word' id='word_1_217' title='bbox 581 2716 693 2757; x_wconf 90' lang='lat' dir='ltr'>Caro</span> <span class='ocrx_word' id='word_1_218' title='bbox 717 2728 830 2765; x_wconf 90' lang='lat' dir='ltr'>mea,</span> <span class='ocrx_word' id='word_1_219' title='bbox 856 2729 959 2758; x_wconf 87' lang='lat' dir='ltr'>vere</span> 
     </span>
    </p>
   </div>
   <div class='ocr_carea' id='block_1_8' title="bbox 1016 293 1840 404">
    <p class='ocr_par' dir='ltr' id='par_1_13' title="bbox 1016 293 1840 404">
     <span class='ocr_line' id='line_1_45' title="bbox 1018 293 1840 346; baseline 0.004 -12"><span class='ocrx_word' id='word_1_220' title='bbox 1018 298 1083 335; x_wconf 90' lang='lat' dir='ltr'>est</span> <span class='ocrx_word' id='word_1_221' title='bbox 1117 293 1254 335; x_wconf 89' lang='lat' dir='ltr'>cibus:</span> <span class='ocrx_word' id='word_1_222' title='bbox 1286 299 1330 335; x_wconf 94' lang='lat' dir='ltr'>et</span> <span class='ocrx_word' id='word_1_223' title='bbox 1362 296 1536 346; x_wconf 90' lang='lat' dir='ltr'>sanguis</span> <span class='ocrx_word' id='word_1_224' title='bbox 1566 309 1704 346; x_wconf 79' lang='lat' dir='ltr'>meus,</span> <span class='ocrx_word' id='word_1_225' title='bbox 1737 309 1840 337; x_wconf 89' lang='lat' dir='ltr'>vere</span> 
     </span>
     <span class='ocr_line' id='line_1_46' title="bbox 1016 351 1531 404; baseline 0.004 -14"><span class='ocrx_word' id='word_1_226' title='bbox 1016 354 1083 390; x_wconf 88' lang='lat' dir='ltr'>est</span> <span class='ocrx_word' id='word_1_227' title='bbox 1101 355 1244 402; x_wconf 91' lang='lat' dir='ltr'>potus.</span> <span class='ocrx_word' id='word_1_228' title='bbox 1278 351 1335 392; x_wconf 92' lang='lat' dir='ltr'>Et</span> <span class='ocrx_word' id='word_1_229' title='bbox 1353 351 1531 404; x_wconf 78' lang='lat' dir='ltr'>reliqua.</span> 
     </span>
    </p>
   </div>
   <div class='ocr_carea' id='block_1_9' title="bbox 1011 428 1840 2714">
    <p class='ocr_par' dir='ltr' id='par_1_14' title="bbox 1072 428 1783 538">
     <span class='ocr_line' id='line_1_47' title="bbox 1072 428 1783 481; baseline 0.004 -14"><span class='ocrx_word' id='word_1_230' title='bbox 1072 428 1139 469; x_wconf 91' lang='lat' dir='ltr'>De</span> <span class='ocrx_word' id='word_1_231' title='bbox 1165 428 1358 470; x_wconf 91' lang='lat' dir='ltr'>Homilia</span> <span class='ocrx_word' id='word_1_232' title='bbox 1386 429 1524 470; x_wconf 91' lang='lat' dir='ltr'>sancti</span> <span class='ocrx_word' id='word_1_233' title='bbox 1551 430 1783 481; x_wconf 81' lang='lat' dir='ltr'>Augustini</span> 
     </span>
     <span class='ocr_line' id='line_1_48' title="bbox 1315 486 1538 538; baseline 0.004 -12"><span class='ocrx_word' id='word_1_234' title='bbox 1315 486 1538 538; x_wconf 86' lang='lat' dir='ltr'>Episcopi.</span> 
     </span>
    </p>

    <p class='ocr_par' dir='ltr' id='par_1_15' title="bbox 1101 550 1758 594">
     <span class='ocr_line' id='line_1_49' title="bbox 1101 550 1758 594; baseline 0.002 -10"><span class='ocrx_word' id='word_1_235' title='bbox 1101 550 1225 585; x_wconf 81' lang='lat' dir='ltr'>Tract.</span> <span class='ocrx_word' id='word_1_236' title='bbox 1247 551 1299 585; x_wconf 73' lang='lat'>26.</span> <span class='ocrx_word' id='word_1_237' title='bbox 1325 551 1363 585; x_wconf 85' lang='lat' dir='ltr'>in</span> <span class='ocrx_word' id='word_1_238' title='bbox 1388 552 1525 586; x_wconf 81' lang='lat' dir='ltr'>Joann.</span> <span class='ocrx_word' id='word_1_239' title='bbox 1550 555 1639 594; x_wconf 90' lang='lat' dir='ltr'>post</span> <span class='ocrx_word' id='word_1_240' title='bbox 1663 552 1758 586; x_wconf 77' lang='lat' dir='ltr'>med.</span> 
     </span>
    </p>

    <p class='ocr_par' dir='ltr' id='par_1_16' title="bbox 1057 606 1838 661">
     <span class='ocr_line' id='line_1_50' title="bbox 1057 606 1838 661; baseline 0.005 -15"><span class='ocrx_word' id='word_1_241' title='bbox 1057 615 1101 661; x_wconf 55' lang='grc' dir='ltr'>(ξιξ</span> <span class='ocrx_word' id='word_1_242' title='bbox 1149 606 1189 647; x_wconf 93' lang='lat' dir='ltr'>ic</span> <span class='ocrx_word' id='word_1_243' title='bbox 1208 612 1274 648; x_wconf 91' lang='lat' dir='ltr'>est</span> <span class='ocrx_word' id='word_1_244' title='bbox 1292 606 1432 659; x_wconf 88' lang='lat' dir='ltr'>panis,</span> <span class='ocrx_word' id='word_1_245' title='bbox 1457 607 1530 658; x_wconf 91' lang='lat' dir='ltr'>qui</span> <span class='ocrx_word' id='word_1_246' title='bbox 1554 606 1609 649; x_wconf 88' lang='lat' dir='ltr'>de</span> <span class='ocrx_word' id='word_1_247' title='bbox 1634 608 1746 650; x_wconf 86' lang='lat' dir='ltr'>coelo</span> <span class='ocrx_word' id='word_1_248' title='bbox 1767 608 1838 650; x_wconf 91' lang='lat' dir='ltr'>de-</span> 
     </span>
    </p>

    <p class='ocr_par' dir='ltr' id='par_1_17' title="bbox 1058 663 1838 723">
     <span class='ocr_line' id='line_1_51' title="bbox 1058 663 1838 716; baseline 0.003 -12"><span class='ocrx_word' id='word_1_249' title='bbox 1058 683 1107 701; x_wconf 54' lang='lat'>»1</span> <span class='ocrx_word' id='word_1_250' title='bbox 1142 676 1144 679; x_wconf 75' lang='grc'>’</span> <span class='ocrx_word' id='word_1_251' title='bbox 1167 663 1345 705; x_wconf 77' lang='lat' dir='ltr'>scendit.</span> <span class='ocrx_word' id='word_1_252' title='bbox 1380 664 1510 705; x_wconf 91' lang='lat' dir='ltr'>Hunc</span> <span class='ocrx_word' id='word_1_253' title='bbox 1533 677 1690 716; x_wconf 88' lang='lat' dir='ltr'>panem</span> <span class='ocrx_word' id='word_1_254' title='bbox 1714 666 1838 716; x_wconf 90' lang='lat' dir='ltr'>signi-</span> 
     </span>
    </p>

    <p class='ocr_par' dir='ltr' id='par_1_18' title="bbox 1011 716 1840 2462">
     <span class='ocr_line' id='line_1_52' title="bbox 1123 719 1840 774; baseline 0.001 -12.917"><span class='ocrx_word' id='word_1_255' title='bbox 1123 740 1143 742; x_wconf 43' lang='grc'>’·</span> <span class='ocrx_word' id='word_1_256' title='bbox 1166 720 1314 762; x_wconf 86' lang='lat' dir='ltr'>ficavit</span> <span class='ocrx_word' id='word_1_257' title='bbox 1341 733 1512 770; x_wconf 85' lang='lat' dir='ltr'>manna,</span> <span class='ocrx_word' id='word_1_258' title='bbox 1544 720 1658 762; x_wconf 93' lang='lat' dir='ltr'>hunc</span> <span class='ocrx_word' id='word_1_259' title='bbox 1683 719 1840 774; x_wconf 89' lang='lat' dir='ltr'>panem</span> 
     </span>
     <span class='ocr_line' id='line_1_53' title="bbox 1015 776 1840 827; baseline 0.004 -11"><span class='ocrx_word' id='word_1_260' title='bbox 1015 776 1274 827; x_wconf 83' lang='lat' dir='ltr'>significavit</span> <span class='ocrx_word' id='word_1_261' title='bbox 1293 777 1429 818; x_wconf 85' lang='lat' dir='ltr'>altare</span> <span class='ocrx_word' id='word_1_262' title='bbox 1444 777 1536 818; x_wconf 87' lang='lat' dir='ltr'>Dei.</span> <span class='ocrx_word' id='word_1_263' title='bbox 1563 778 1840 820; x_wconf 81' lang='lat' dir='ltr'>Sacramenta</span> 
     </span>
     <span class='ocr_line' id='line_1_54' title="bbox 1013 833 1839 885; baseline 0.004 -12"><span class='ocrx_word' id='word_1_264' title='bbox 1013 833 1086 874; x_wconf 87' lang='lat' dir='ltr'>illa</span> <span class='ocrx_word' id='word_1_265' title='bbox 1105 834 1292 876; x_wconf 77' lang='lat' dir='ltr'>fuerunt:</span> <span class='ocrx_word' id='word_1_266' title='bbox 1314 834 1358 874; x_wconf 93' lang='lat' dir='ltr'>in</span> <span class='ocrx_word' id='word_1_267' title='bbox 1382 834 1514 885; x_wconf 90' lang='lat' dir='ltr'>signis</span> <span class='ocrx_word' id='word_1_268' title='bbox 1539 833 1711 877; x_wconf 78' lang='lat' dir='ltr'>diversa</span> <span class='ocrx_word' id='word_1_269' title='bbox 1730 840 1839 885; x_wconf 81' lang='lat' dir='ltr'>sunt,</span> 
     </span>
     <span class='ocr_line' id='line_1_55' title="bbox 1014 890 1840 944; baseline 0.001 -13"><span class='ocrx_word' id='word_1_270' title='bbox 1014 890 1093 932; x_wconf 94' lang='lat' dir='ltr'>sed</span> <span class='ocrx_word' id='word_1_271' title='bbox 1114 891 1158 931; x_wconf 89' lang='lat' dir='ltr'>in</span> <span class='ocrx_word' id='word_1_272' title='bbox 1181 904 1244 941; x_wconf 86' lang='lat' dir='ltr'>re,</span> <span class='ocrx_word' id='word_1_273' title='bbox 1279 903 1376 942; x_wconf 78' lang='lat' dir='ltr'>quae</span> <span class='ocrx_word' id='word_1_274' title='bbox 1403 890 1685 941; x_wconf 89' lang='lat' dir='ltr'>significatur,</span> <span class='ocrx_word' id='word_1_275' title='bbox 1717 891 1840 944; x_wconf 90' lang='lat' dir='ltr'>paria</span> 
     </span>
     <span class='ocr_line' id='line_1_56' title="bbox 1014 946 1839 1000; baseline 0.001 -13"><span class='ocrx_word' id='word_1_276' title='bbox 1014 952 1123 988; x_wconf 90' lang='lat' dir='ltr'>sunt.</span> <span class='ocrx_word' id='word_1_277' title='bbox 1159 947 1426 1000; x_wconf 80' lang='lat' dir='ltr'>Apostolum</span> <span class='ocrx_word' id='word_1_278' title='bbox 1446 946 1560 988; x_wconf 88' lang='lat' dir='ltr'>audi:</span> <span class='ocrx_word' id='word_1_279' title='bbox 1588 947 1705 988; x_wconf 91' lang='lat' dir='ltr'>Nolo</span> <span class='ocrx_word' id='word_1_280' title='bbox 1726 948 1839 988; x_wconf 92' lang='lat' dir='ltr'>enim</span> 
     </span>
     <span class='ocr_line' id='line_1_57' title="bbox 1013 1003 1839 1055; baseline 0 -11"><span class='ocrx_word' id='word_1_281' title='bbox 1013 1016 1108 1053; x_wconf 86' lang='lat' dir='ltr'>vos,</span> <span class='ocrx_word' id='word_1_282' title='bbox 1134 1003 1290 1055; x_wconf 82' lang='lat' dir='ltr'>inquit,</span> <span class='ocrx_word' id='word_1_283' title='bbox 1315 1003 1517 1054; x_wconf 90' lang='lat' dir='ltr'>ignorare</span> <span class='ocrx_word' id='word_1_284' title='bbox 1535 1003 1708 1054; x_wconf 89' lang='lat' dir='ltr'>fratres,</span> <span class='ocrx_word' id='word_1_285' title='bbox 1738 1004 1839 1055; x_wconf 91' lang='lat' dir='ltr'>quia</span> 
     </span>
     <span class='ocr_line' id='line_1_58' title="bbox 1012 1059 1836 1112; baseline 0.001 -12"><span class='ocrx_word' id='word_1_286' title='bbox 1012 1065 1161 1112; x_wconf 89' lang='lat' dir='ltr'>patres</span> <span class='ocrx_word' id='word_1_287' title='bbox 1183 1060 1322 1101; x_wconf 91' lang='lat' dir='ltr'>nostri</span> <span class='ocrx_word' id='word_1_288' title='bbox 1346 1073 1496 1101; x_wconf 90' lang='lat' dir='ltr'>omnes</span> <span class='ocrx_word' id='word_1_289' title='bbox 1516 1059 1596 1101; x_wconf 94' lang='lat' dir='ltr'>sub</span> <span class='ocrx_word' id='word_1_290' title='bbox 1615 1059 1729 1101; x_wconf 92' lang='lat' dir='ltr'>nube</span> <span class='ocrx_word' id='word_1_291' title='bbox 1748 1060 1836 1101; x_wconf 81' lang='lat' dir='ltr'>fue-</span> 
     </span>
     <span class='ocr_line' id='line_1_59' title="bbox 1012 1116 1838 1166; baseline 0.002 -10"><span class='ocrx_word' id='word_1_292' title='bbox 1012 1122 1122 1166; x_wconf 89' lang='lat' dir='ltr'>runt,</span> <span class='ocrx_word' id='word_1_293' title='bbox 1142 1122 1186 1158; x_wconf 91' lang='lat' dir='ltr'>et</span> <span class='ocrx_word' id='word_1_294' title='bbox 1206 1129 1356 1158; x_wconf 89' lang='lat' dir='ltr'>omnes</span> <span class='ocrx_word' id='word_1_295' title='bbox 1370 1130 1489 1158; x_wconf 91' lang='lat' dir='ltr'>mare</span> <span class='ocrx_word' id='word_1_296' title='bbox 1504 1116 1776 1166; x_wconf 79' lang='lat' dir='ltr'>transierunt,</span> <span class='ocrx_word' id='word_1_297' title='bbox 1796 1122 1838 1158; x_wconf 89' lang='lat' dir='ltr'>et</span> 
     </span>
     <span class='ocr_line' id='line_1_60' title="bbox 1014 1173 1839 1226; baseline 0 -13"><span class='ocrx_word' id='word_1_298' title='bbox 1014 1185 1164 1214; x_wconf 91' lang='lat' dir='ltr'>omnes</span> <span class='ocrx_word' id='word_1_299' title='bbox 1190 1185 1270 1226; x_wconf 91' lang='lat' dir='ltr'>per</span> <span class='ocrx_word' id='word_1_300' title='bbox 1295 1173 1478 1226; x_wconf 78' lang='lat' dir='ltr'>Moysen</span> <span class='ocrx_word' id='word_1_301' title='bbox 1503 1173 1715 1226; x_wconf 88' lang='lat' dir='ltr'>baptizati</span> <span class='ocrx_word' id='word_1_302' title='bbox 1740 1178 1839 1214; x_wconf 93' lang='lat' dir='ltr'>sunt</span> 
     </span>
     <span class='ocr_line' id='line_1_61' title="bbox 1012 1228 1837 1279; baseline 0.001 -10"><span class='ocrx_word' id='word_1_303' title='bbox 1012 1228 1055 1268; x_wconf 88' lang='lat' dir='ltr'>in</span> <span class='ocrx_word' id='word_1_304' title='bbox 1073 1228 1205 1279; x_wconf 92' lang='lat' dir='ltr'>nube,</span> <span class='ocrx_word' id='word_1_305' title='bbox 1226 1234 1269 1270; x_wconf 91' lang='lat' dir='ltr'>et</span> <span class='ocrx_word' id='word_1_306' title='bbox 1287 1229 1330 1269; x_wconf 92' lang='lat' dir='ltr'>in</span> <span class='ocrx_word' id='word_1_307' title='bbox 1348 1230 1471 1270; x_wconf 89' lang='lat' dir='ltr'>mari:</span> <span class='ocrx_word' id='word_1_308' title='bbox 1492 1235 1534 1271; x_wconf 93' lang='lat' dir='ltr'>et</span> <span class='ocrx_word' id='word_1_309' title='bbox 1555 1242 1705 1270; x_wconf 91' lang='lat' dir='ltr'>omnes</span> <span class='ocrx_word' id='word_1_310' title='bbox 1725 1231 1837 1270; x_wconf 90' lang='lat' dir='ltr'>eam-</span> 
     </span>
     <span class='ocr_line' id='line_1_62' title="bbox 1014 1284 1837 1338; baseline 0.001 -13"><span class='ocrx_word' id='word_1_311' title='bbox 1014 1284 1113 1326; x_wconf 89' lang='lat' dir='ltr'>dem</span> <span class='ocrx_word' id='word_1_312' title='bbox 1134 1298 1279 1326; x_wconf 90' lang='lat' dir='ltr'>escam</span> <span class='ocrx_word' id='word_1_313' title='bbox 1299 1285 1539 1338; x_wconf 89' lang='lat' dir='ltr'>spiritalem</span> <span class='ocrx_word' id='word_1_314' title='bbox 1552 1284 1837 1327; x_wconf 81' lang='lat' dir='ltr'>manducave-</span> 
     </span>
     <span class='ocr_line' id='line_1_63' title="bbox 1013 1341 1838 1394; baseline 0 -13"><span class='ocrx_word' id='word_1_315' title='bbox 1013 1347 1122 1383; x_wconf 89' lang='lat' dir='ltr'>runt.</span> <span class='ocrx_word' id='word_1_316' title='bbox 1163 1341 1412 1394; x_wconf 80' lang='lat' dir='ltr'>Spiritalem</span> <span class='ocrx_word' id='word_1_317' title='bbox 1443 1342 1594 1394; x_wconf 83' lang='lat' dir='ltr'>utique</span> <span class='ocrx_word' id='word_1_318' title='bbox 1623 1341 1838 1383; x_wconf 91' lang='lat' dir='ltr'>eamdem:</span> 
     </span>
     <span class='ocr_line' id='line_1_64' title="bbox 1012 1398 1839 1451; baseline 0 -13"><span class='ocrx_word' id='word_1_319' title='bbox 1012 1410 1113 1438; x_wconf 92' lang='lat' dir='ltr'>nam</span> <span class='ocrx_word' id='word_1_320' title='bbox 1132 1398 1408 1451; x_wconf 89' lang='lat' dir='ltr'>corporalem</span> <span class='ocrx_word' id='word_1_321' title='bbox 1432 1398 1626 1440; x_wconf 86' lang='lat' dir='ltr'>alteram:</span> <span class='ocrx_word' id='word_1_322' title='bbox 1654 1398 1753 1450; x_wconf 88' lang='lat' dir='ltr'>quia</span> <span class='ocrx_word' id='word_1_323' title='bbox 1777 1398 1839 1438; x_wconf 91' lang='lat' dir='ltr'>illi</span> 
     </span>
     <span class='ocr_line' id='line_1_65' title="bbox 1013 1454 1838 1507; baseline 0 -13"><span class='ocrx_word' id='word_1_324' title='bbox 1013 1467 1184 1504; x_wconf 79' lang='lat' dir='ltr'>manna,</span> <span class='ocrx_word' id='word_1_325' title='bbox 1206 1468 1288 1496; x_wconf 92' lang='lat' dir='ltr'>nos</span> <span class='ocrx_word' id='word_1_326' title='bbox 1309 1454 1439 1496; x_wconf 91' lang='lat' dir='ltr'>aliud:</span> <span class='ocrx_word' id='word_1_327' title='bbox 1464 1454 1704 1507; x_wconf 90' lang='lat' dir='ltr'>spiritalem</span> <span class='ocrx_word' id='word_1_328' title='bbox 1722 1466 1838 1503; x_wconf 87' lang='lat' dir='ltr'>vero,</span> 
     </span>
     <span class='ocr_line' id='line_1_66' title="bbox 1015 1510 1839 1563; baseline -0.001 -12"><span class='ocrx_word' id='word_1_329' title='bbox 1015 1522 1145 1561; x_wconf 85' lang='lat' dir='ltr'>quam</span> <span class='ocrx_word' id='word_1_330' title='bbox 1167 1523 1266 1560; x_wconf 91' lang='lat' dir='ltr'>nos,</span> <span class='ocrx_word' id='word_1_331' title='bbox 1295 1510 1374 1552; x_wconf 92' lang='lat' dir='ltr'>sed</span> <span class='ocrx_word' id='word_1_332' title='bbox 1396 1515 1544 1563; x_wconf 92' lang='lat' dir='ltr'>patres</span> <span class='ocrx_word' id='word_1_333' title='bbox 1569 1510 1724 1560; x_wconf 79' lang='lat' dir='ltr'>nostri,</span> <span class='ocrx_word' id='word_1_334' title='bbox 1752 1522 1839 1551; x_wconf 93' lang='lat' dir='ltr'>non</span> 
     </span>
     <span class='ocr_line' id='line_1_67' title="bbox 1013 1566 1839 1619; baseline -0.004 -10"><span class='ocrx_word' id='word_1_335' title='bbox 1013 1572 1161 1619; x_wconf 86' lang='lat' dir='ltr'>patres</span> <span class='ocrx_word' id='word_1_336' title='bbox 1180 1567 1370 1618; x_wconf 70' lang='lat' dir='ltr'>illarum,</span> <span class='ocrx_word' id='word_1_337' title='bbox 1397 1567 1553 1619; x_wconf 90' lang='lat' dir='ltr'>quibus</span> <span class='ocrx_word' id='word_1_338' title='bbox 1579 1580 1659 1608; x_wconf 91' lang='lat' dir='ltr'>nos</span> <span class='ocrx_word' id='word_1_339' title='bbox 1679 1566 1839 1607; x_wconf 92' lang='lat' dir='ltr'>similes</span> 
     </span>
     <span class='ocr_line' id='line_1_68' title="bbox 1014 1622 1838 1676; baseline 0 -13"><span class='ocrx_word' id='word_1_340' title='bbox 1014 1636 1180 1673; x_wconf 79' lang='lat' dir='ltr'>sumus,</span> <span class='ocrx_word' id='word_1_341' title='bbox 1212 1637 1299 1666; x_wconf 93' lang='lat' dir='ltr'>non</span> <span class='ocrx_word' id='word_1_342' title='bbox 1326 1624 1483 1676; x_wconf 89' lang='lat' dir='ltr'>quibus</span> <span class='ocrx_word' id='word_1_343' title='bbox 1508 1624 1569 1664; x_wconf 92' lang='lat' dir='ltr'>illi</span> <span class='ocrx_word' id='word_1_344' title='bbox 1593 1623 1754 1664; x_wconf 90' lang='lat' dir='ltr'>similes</span> <span class='ocrx_word' id='word_1_345' title='bbox 1777 1622 1838 1663; x_wconf 89' lang='lat' dir='ltr'>fu-</span> 
     </span>
     <span class='ocr_line' id='line_1_69' title="bbox 1014 1679 1838 1733; baseline -0.001 -13"><span class='ocrx_word' id='word_1_346' title='bbox 1014 1681 1149 1722; x_wconf 78' lang='lat' dir='ltr'>erunt.</span> <span class='ocrx_word' id='word_1_347' title='bbox 1176 1681 1233 1722; x_wconf 90' lang='lat' dir='ltr'>Et</span> <span class='ocrx_word' id='word_1_348' title='bbox 1250 1679 1459 1733; x_wconf 80' lang='lat' dir='ltr'>adjungit:</span> <span class='ocrx_word' id='word_1_349' title='bbox 1477 1681 1533 1722; x_wconf 91' lang='lat' dir='ltr'>Et</span> <span class='ocrx_word' id='word_1_350' title='bbox 1553 1692 1703 1722; x_wconf 91' lang='lat' dir='ltr'>omnes</span> <span class='ocrx_word' id='word_1_351' title='bbox 1724 1682 1838 1720; x_wconf 80' lang='lat' dir='ltr'>eum-</span> 
     </span>
     <span class='ocr_line' id='line_1_70' title="bbox 1015 1735 1839 1790; baseline -0.002 -13"><span class='ocrx_word' id='word_1_352' title='bbox 1015 1735 1115 1777; x_wconf 92' lang='lat' dir='ltr'>dem</span> <span class='ocrx_word' id='word_1_353' title='bbox 1155 1742 1310 1789; x_wconf 91' lang='lat' dir='ltr'>potum</span> <span class='ocrx_word' id='word_1_354' title='bbox 1351 1737 1590 1790; x_wconf 90' lang='lat' dir='ltr'>spiritalem</span> <span class='ocrx_word' id='word_1_355' title='bbox 1626 1735 1839 1777; x_wconf 80' lang='lat' dir='ltr'>biberunt.</span> 
     </span>
     <span class='ocr_line' id='line_1_71' title="bbox 1015 1792 1838 1845; baseline -0.002 -11"><span class='ocrx_word' id='word_1_356' title='bbox 1015 1793 1147 1835; x_wconf 92' lang='lat' dir='ltr'>Aliud</span> <span class='ocrx_word' id='word_1_357' title='bbox 1166 1794 1242 1844; x_wconf 87' lang='lat' dir='ltr'>illi,</span> <span class='ocrx_word' id='word_1_358' title='bbox 1263 1793 1381 1836; x_wconf 89' lang='lat' dir='ltr'>aliud</span> <span class='ocrx_word' id='word_1_359' title='bbox 1400 1807 1496 1844; x_wconf 79' lang='lat' dir='ltr'>nos,</span> <span class='ocrx_word' id='word_1_360' title='bbox 1516 1793 1595 1835; x_wconf 91' lang='lat' dir='ltr'>sed</span> <span class='ocrx_word' id='word_1_361' title='bbox 1615 1792 1761 1845; x_wconf 80' lang='lat' dir='ltr'>spe&#39;cie</span> <span class='ocrx_word' id='word_1_362' title='bbox 1780 1792 1838 1833; x_wconf 86' lang='lat' dir='ltr'>vi-</span> 
     </span>
     <span class='ocr_line' id='line_1_72' title="bbox 1014 1847 1838 1902; baseline -0.002 -13"><span class='ocrx_word' id='word_1_363' title='bbox 1014 1848 1127 1890; x_wconf 89' lang='lat' dir='ltr'>sibili</span> <span class='ocrx_word' id='word_1_364' title='bbox 1148 1849 1341 1902; x_wconf 89' lang='lat' dir='ltr'>quidem‚</span> <span class='ocrx_word' id='word_1_365' title='bbox 1368 1855 1514 1892; x_wconf 86' lang='lat' dir='ltr'>tamen</span> <span class='ocrx_word' id='word_1_366' title='bbox 1538 1849 1624 1890; x_wconf 92' lang='lat' dir='ltr'>hoc</span> <span class='ocrx_word' id='word_1_367' title='bbox 1645 1847 1763 1890; x_wconf 91' lang='lat' dir='ltr'>idem</span> <span class='ocrx_word' id='word_1_368' title='bbox 1786 1848 1838 1888; x_wconf 86' lang='lat' dir='ltr'>si-</span> 
     </span>
     <span class='ocr_line' id='line_1_73' title="bbox 1013 1904 1838 1959; baseline -0.002 -13"><span class='ocrx_word' id='word_1_369' title='bbox 1013 1906 1244 1956; x_wconf 89' lang='lat' dir='ltr'>gnificante</span> <span class='ocrx_word' id='word_1_370' title='bbox 1281 1906 1440 1948; x_wconf 83' lang='lat' dir='ltr'>virtute</span> <span class='ocrx_word' id='word_1_371' title='bbox 1478 1904 1671 1959; x_wconf 89' lang='lat' dir='ltr'>spiritali.</span> <span class='ocrx_word' id='word_1_372' title='bbox 1725 1904 1838 1954; x_wconf 81' lang='lat' dir='ltr'>Quo-</span> 
     </span>
     <span class='ocr_line' id='line_1_74' title="bbox 1012 1959 1837 2014; baseline -0.002 -12"><span class='ocrx_word' id='word_1_373' title='bbox 1012 1961 1146 2004; x_wconf 91' lang='lat' dir='ltr'>modo</span> <span class='ocrx_word' id='word_1_374' title='bbox 1180 1962 1294 2003; x_wconf 89' lang='lat' dir='ltr'>enim</span> <span class='ocrx_word' id='word_1_375' title='bbox 1322 1962 1525 2004; x_wconf 80' lang='lat' dir='ltr'>eumdem</span> <span class='ocrx_word' id='word_1_376' title='bbox 1551 1959 1728 2014; x_wconf 88' lang='lat' dir='ltr'>potum?</span> <span class='ocrx_word' id='word_1_377' title='bbox 1769 1960 1837 2001; x_wconf 91' lang='lat' dir='ltr'>Bi-</span> 
     </span>
     <span class='ocr_line' id='line_1_75' title="bbox 1012 2017 1838 2071; baseline -0.004 -11"><span class='ocrx_word' id='word_1_378' title='bbox 1012 2017 1184 2069; x_wconf 81' lang='lat' dir='ltr'>bebant,</span> <span class='ocrx_word' id='word_1_379' title='bbox 1203 2019 1353 2070; x_wconf 86' lang='lat' dir='ltr'>inquit,</span> <span class='ocrx_word' id='word_1_380' title='bbox 1374 2018 1428 2060; x_wconf 90' lang='lat' dir='ltr'>de</span> <span class='ocrx_word' id='word_1_381' title='bbox 1447 2017 1641 2071; x_wconf 83' lang='lat' dir='ltr'>spiritali,</span> <span class='ocrx_word' id='word_1_382' title='bbox 1658 2018 1838 2068; x_wconf 81' lang='lat' dir='ltr'>sequen-</span> 
     </span>
     <span class='ocr_line' id='line_1_76' title="bbox 1011 2072 1838 2128; baseline -0.004 -12"><span class='ocrx_word' id='word_1_383' title='bbox 1011 2079 1055 2116; x_wconf 93' lang='lat' dir='ltr'>te</span> <span class='ocrx_word' id='word_1_384' title='bbox 1070 2080 1209 2127; x_wconf 90' lang='lat' dir='ltr'>petra:</span> <span class='ocrx_word' id='word_1_385' title='bbox 1228 2080 1355 2128; x_wconf 91' lang='lat' dir='ltr'>petra</span> <span class='ocrx_word' id='word_1_386' title='bbox 1370 2080 1515 2117; x_wconf 91' lang='lat' dir='ltr'>autem</span> <span class='ocrx_word' id='word_1_387' title='bbox 1528 2079 1620 2115; x_wconf 86' lang='lat' dir='ltr'>erat</span> <span class='ocrx_word' id='word_1_388' title='bbox 1631 2072 1838 2115; x_wconf 90' lang='lat' dir='ltr'>Christus.</span> 
     </span>
     <span class='ocr_line' id='line_1_77' title="bbox 1012 2128 1837 2184; baseline -0.002 -14"><span class='ocrx_word' id='word_1_389' title='bbox 1012 2129 1119 2172; x_wconf 91' lang='lat' dir='ltr'>Inde</span> <span class='ocrx_word' id='word_1_390' title='bbox 1139 2131 1274 2184; x_wconf 81' lang='lat' dir='ltr'>panis,</span> <span class='ocrx_word' id='word_1_391' title='bbox 1293 2130 1394 2172; x_wconf 93' lang='lat' dir='ltr'>inde</span> <span class='ocrx_word' id='word_1_392' title='bbox 1409 2135 1555 2184; x_wconf 91' lang='lat' dir='ltr'>potus:</span> <span class='ocrx_word' id='word_1_393' title='bbox 1573 2130 1704 2171; x_wconf 92' lang='lat' dir='ltr'>Petra</span> <span class='ocrx_word' id='word_1_394' title='bbox 1720 2128 1837 2170; x_wconf 91' lang='lat' dir='ltr'>Chri-</span> 
     </span>
     <span class='ocr_line' id='line_1_78' title="bbox 1013 2184 1839 2238; baseline -0.005 -10"><span class='ocrx_word' id='word_1_395' title='bbox 1013 2192 1105 2228; x_wconf 92' lang='lat' dir='ltr'>stus</span> <span class='ocrx_word' id='word_1_396' title='bbox 1140 2188 1185 2228; x_wconf 93' lang='lat' dir='ltr'>in</span> <span class='ocrx_word' id='word_1_397' title='bbox 1221 2187 1363 2238; x_wconf 89' lang='lat' dir='ltr'>signo,</span> <span class='ocrx_word' id='word_1_398' title='bbox 1399 2200 1528 2229; x_wconf 89' lang='lat' dir='ltr'>verus</span> <span class='ocrx_word' id='word_1_399' title='bbox 1562 2185 1759 2228; x_wconf 82' lang='lat' dir='ltr'>Christus</span> <span class='ocrx_word' id='word_1_400' title='bbox 1795 2184 1839 2224; x_wconf 92' lang='lat' dir='ltr'>in</span> 
     </span>
     <span class='ocr_line' id='line_1_79' title="bbox 1012 2239 1837 2294; baseline -0.002 -11"><span class='ocrx_word' id='word_1_401' title='bbox 1012 2242 1163 2294; x_wconf 84' lang='lat' dir='ltr'>verbo,</span> <span class='ocrx_word' id='word_1_402' title='bbox 1199 2248 1242 2285; x_wconf 93' lang='lat' dir='ltr'>et</span> <span class='ocrx_word' id='word_1_403' title='bbox 1273 2243 1317 2283; x_wconf 89' lang='lat' dir='ltr'>in</span> <span class='ocrx_word' id='word_1_404' title='bbox 1349 2256 1489 2285; x_wconf 93' lang='lat' dir='ltr'>carne.</span> <span class='ocrx_word' id='word_1_405' title='bbox 1528 2243 1586 2284; x_wconf 89' lang='lat' dir='ltr'>Et</span> <span class='ocrx_word' id='word_1_406' title='bbox 1615 2239 1837 2293; x_wconf 80' lang='lat' dir='ltr'>quomodo</span> 
     </span>
     <span class='ocr_line' id='line_1_80' title="bbox 1012 2294 1838 2350; baseline -0.006 -10"><span class='ocrx_word' id='word_1_407' title='bbox 1012 2298 1238 2341; x_wconf 76' lang='lat' dir='ltr'>biberunt?</span> <span class='ocrx_word' id='word_1_408' title='bbox 1293 2299 1508 2341; x_wconf 81' lang='lat' dir='ltr'>Percussa</span> <span class='ocrx_word' id='word_1_409' title='bbox 1536 2303 1603 2340; x_wconf 90' lang='lat' dir='ltr'>est</span> <span class='ocrx_word' id='word_1_410' title='bbox 1630 2302 1755 2350; x_wconf 85' lang='lat' dir='ltr'>petra</span> <span class='ocrx_word' id='word_1_411' title='bbox 1783 2294 1838 2336; x_wconf 89' lang='lat' dir='ltr'>de</span> 
     </span>
     <span class='ocr_line' id='line_1_81' title="bbox 1011 2351 1836 2408; baseline -0.001 -14"><span class='ocrx_word' id='word_1_412' title='bbox 1011 2355 1133 2405; x_wconf 88' lang='lat' dir='ltr'>virga</span> <span class='ocrx_word' id='word_1_413' title='bbox 1156 2355 1234 2397; x_wconf 88' lang='lat' dir='ltr'>bis.</span> <span class='ocrx_word' id='word_1_414' title='bbox 1271 2355 1456 2397; x_wconf 76' lang='lat' dir='ltr'>Gemina</span> <span class='ocrx_word' id='word_1_415' title='bbox 1479 2354 1722 2408; x_wconf 81' lang='lat' dir='ltr'>percussio,</span> <span class='ocrx_word' id='word_1_416' title='bbox 1749 2351 1836 2394; x_wconf 93' lang='lat' dir='ltr'>duo</span> 
     </span>
     <span class='ocr_line' id='line_1_82' title="bbox 1011 2410 1529 2462; baseline 0.006 -12"><span class='ocrx_word' id='word_1_417' title='bbox 1011 2410 1126 2462; x_wconf 90' lang='lat' dir='ltr'>ligna</span> <span class='ocrx_word' id='word_1_418' title='bbox 1146 2411 1285 2453; x_wconf 89' lang='lat' dir='ltr'>crucis</span> <span class='ocrx_word' id='word_1_419' title='bbox 1305 2411 1529 2462; x_wconf 88' lang='lat' dir='ltr'>significat.</span> 
     </span>
    </p>

    <p class='ocr_par' dir='ltr' id='par_1_19' title="bbox 1065 2470 1594 2522">
     <span class='ocr_line' id='line_1_83' title="bbox 1065 2470 1594 2522; baseline -0.006 -8"><span class='ocrx_word' id='word_1_420' title='bbox 1065 2470 1117 2520; x_wconf 69' lang='grc' dir='ltr'>Βι-</span> <span class='ocrx_word' id='word_1_421' title='bbox 1141 2472 1224 2522; x_wconf 86' lang='lat' dir='ltr'>Qui</span> <span class='ocrx_word' id='word_1_422' title='bbox 1241 2471 1487 2514; x_wconf 78' lang='lat' dir='ltr'>manducat.</span> <span class='ocrx_word' id='word_1_423' title='bbox 1506 2472 1594 2512; x_wconf 86' lang='lat'>154.</span> 
     </span>
    </p>

    <p class='ocr_par' dir='ltr' id='par_1_20' title="bbox 1014 2535 1835 2714">
     <span class='ocr_line' id='line_1_84' title="bbox 1298 2535 1553 2577; baseline 0 -2"><span class='ocrx_word' id='word_1_424' title='bbox 1298 2535 1449 2577; x_wconf 88' lang='lat' dir='ltr'>Lectio</span> <span class='ocrx_word' id='word_1_425' title='bbox 1470 2535 1553 2576; x_wconf 87' lang='lat' dir='ltr'>viii.</span> 
     </span>
     <span class='ocr_line' id='line_1_85' title="bbox 1014 2590 1835 2697; baseline -0.01 -49"><span class='ocrx_word' id='word_1_426' title='bbox 1014 2590 1235 2697; x_wconf 89' lang='lat' dir='ltr'>Norunt</span> <span class='ocrx_word' id='word_1_427' title='bbox 1253 2605 1406 2648; x_wconf 79' lang='lat' dir='ltr'>fideles</span> <span class='ocrx_word' id='word_1_428' title='bbox 1426 2615 1586 2656; x_wconf 91' lang='lat' dir='ltr'>corpus</span> <span class='ocrx_word' id='word_1_429' title='bbox 1607 2600 1779 2650; x_wconf 88' lang='lat' dir='ltr'>Christi,</span> <span class='ocrx_word' id='word_1_430' title='bbox 1799 2600 1835 2640; x_wconf 94' lang='lat' dir='ltr'>si</span> 
     </span>
     <span class='ocr_line' id='line_1_86' title="bbox 1123 2656 1834 2714; baseline -0.011 -11"><span class='ocrx_word' id='word_1_431' title='bbox 1123 2674 1284 2714; x_wconf 93' lang='lat' dir='ltr'>corpus</span> <span class='ocrx_word' id='word_1_432' title='bbox 1314 2660 1474 2702; x_wconf 92' lang='lat' dir='ltr'>Christi</span> <span class='ocrx_word' id='word_1_433' title='bbox 1504 2671 1591 2700; x_wconf 92' lang='lat' dir='ltr'>non</span> <span class='ocrx_word' id='word_1_434' title='bbox 1617 2656 1834 2707; x_wconf 80' lang='lat' dir='ltr'>negligant</span> 
     </span>
    </p>
   </div>
   <div class='ocr_carea' id='block_1_10' title="bbox 78 139 1896 2816">
    <p class='ocr_par' dir='ltr' id='par_1_21' title="bbox 78 139 1896 2816">
     <span class='ocr_line' id='line_1_87' title="bbox 78 139 1896 2816; baseline 0 0"><span class='ocrx_word' id='word_1_435' title='bbox 78 139 1896 2816; x_wconf 95' lang='lat' dir='ltr'> </span> 
     </span>
    </p>
   </div>
   <div class='ocr_carea' id='block_1_11' title="bbox 1011 2711 1830 2769">
    <p class='ocr_par' dir='ltr' id='par_1_22' title="bbox 1011 2711 1830 2769">
     <span class='ocr_line' id='line_1_88' title="bbox 1011 2711 1830 2769; baseline -0.007 -12"><span class='ocrx_word' id='word_1_436' title='bbox 1011 2729 1118 2757; x_wconf 92' lang='lat' dir='ltr'>esse.</span> <span class='ocrx_word' id='word_1_437' title='bbox 1158 2718 1284 2759; x_wconf 88' lang='lat' dir='ltr'>Fiant</span> <span class='ocrx_word' id='word_1_438' title='bbox 1307 2729 1468 2769; x_wconf 91' lang='lat' dir='ltr'>corpus</span> <span class='ocrx_word' id='word_1_439' title='bbox 1492 2713 1666 2761; x_wconf 85' lang='lat' dir='ltr'>Christi,</span> <span class='ocrx_word' id='word_1_440' title='bbox 1698 2711 1734 2752; x_wconf 92' lang='lat' dir='ltr'>si</span> <span class='ocrx_word' id='word_1_441' title='bbox 1758 2724 1830 2752; x_wconf 90' lang='lat' dir='ltr'>vo-</span> 
     </span>
    </p>
   </div>
  </div>
 </body>
</html>
