2040 2976
830 207 891 240 Ad
918 202 1231 247 (nimplctorium.

238 308 529 361 Longinidine
596 306 765 347 dierum
831 300 1012 355 replebo

188 381 300 410 eum:
328 368 350 392 *
379 370 422 407 et
458 362 689 405 ostendam
726 361 786 402 illi
823 358 1012 400 salutare

186 436 339 465 meum.

448 473 645 513 Psalmus
668 474 750 511 133.

184 533 347 637 Ecce
366 545 481 574 nunc
499 529 744 572 benedicite
764 527 1012 573 Dominum,

279 591 302 616 *
325 602 476 631 omnes
497 587 610 629 servi
629 584 820 626 Domini:

238 647 322 696 Qui
345 646 470 687 statis
493 644 535 684 in
562 643 695 684 domo
715 639 907 687 Domini,
927 638 949 663 *
970 637 1012 677 in

187 704 307 744 atriis
327 701 484 743 domus
503 700 587 741 Dei
606 697 755 745 nostri,

238 760 288 799 In
306 757 509 799 noctibus
540 754 734 797 extollite
761 763 915 792 manus
943 760 1012 789 ve-

187 821 300 856 stras
320 815 362 855 in
382 818 543 861 sancta,
562 812 585 836 *
606 815 649 852 et
664 807 910 851 benedicite
925 805 1012 845 Do-

186 872 360 912 minum.

239 926 479 969 Benedicat
506 930 549 965 te
574 922 788 963 Dominus
819 932 873 961 ex
898 919 1013 966 Sion,

187 986 210 1010 *
231 984 304 1036 qui
324 983 425 1024 fecit
444 980 604 1022 coelum
625 983 667 1020 et
686 983 859 1018 terram.

244 1046 338 1083 Ant.
376 1042 584 1082 Miserere
607 1039 711 1079 mihi
734 1037 938 1083 Domine,
971 1038 1015 1075 et

189 1099 345 1141 exasidi
365 1098 607 1139 orationem
625 1108 779 1137 meam.

498 1166 702 1215 Hymnus.

266 1242 289 1270 e
308 1228 417 1269 lucis
436 1232 536 1268 ante
555 1226 797 1272 terminum,

290 1285 455 1325 Rerum
477 1283 658 1324 Creator
677 1280 911 1334 poscimus,

240 1341 297 1383 Ut
315 1353 397 1393 pro
417 1344 491 1380 tua
511 1338 740 1380 clementia

240 1397 307 1438 Sis
326 1395 489 1449 praesul
509 1399 553 1436 et
572 1393 783 1436 custodia.

195 1461 349 1508 l'rocul
370 1459 578 1502 recedant
597 1459 777 1506 somnia,

240 1518 296 1558 Et
317 1517 510 1558 noctium
528 1515 854 1567 phantasmata3

242 1574 516 1623 Hostemque
541 1576 739 1611 nostrum
765 1570 1017 1622 comprime,

240 1629 309 1670 Ne
328 1628 578 1681 polluantur
598 1629 797 1679 corpora.

192 1696 369 1742 Praesta,
387 1693 518 1733 Pater
536 1692 741 1744 piissime,

244 1750 451 1801 Patrique
471 1761 651 1800 compar
670 1748 818 1796 Unice,

249 1806 358 1846 Cum
377 1805 541 1857 Spiritu
559 1803 777 1844 Pareclito
842 1851 846 1855 ς

246 1862 452 1911 Regnans
471 1873 550 1912 per
570 1872 698 1901 omne
722 1859 941 1900 saeculum.

506 1917 659 1957 Amen.

248 1979 503 2029 Capitulum.
676 1978 830 2016 Jerem.
853 1978 908 2015 14.
930 1976 966 2015 b.

196 2036 303 2142 Tu
322 2046 466 2082 autem
484 2041 527 2080 in
546 2040 674 2081 nobis
693 2053 741 2081 es
758 2039 958 2088 Domine,
979 2044 1022 2080 et

293 2110 450 2138 nomen
481 2101 678 2137 sanctum
702 2101 826 2137 tuum
849 2096 1021 2136 invoca-

197 2158 289 2194 tum
309 2158 376 2194 est
395 2166 525 2205 super
544 2165 639 2201 nos,
667 2165 721 2193 ne
745 2151 1023 2203 derelinquas

198 2221 281 2250 nos
298 2209 485 2250 Domine
504 2209 625 2249 Deus
643 2213 804 2249 noster.

253 2268 300 2318 Rg.
331 2265 428 2306 Deo
448 2265 621 2315 gratias.

252 2328 299 2378 Rg.
325 2326 386 2366 br.
419 2325 470 2364 In
494 2337 647 2365 manus
670 2328 769 2364 tuas
794 2325 981 2366 Domine
999 2329 1021 2350 *

199 2379 470 2421 Commendo
513 2380 711 2432 spiritum
749 2393 905 2421 meum.
964 2382 1025 2421 In.

199 2434 248 2484 ΥΤ,
290 2435 530 2476 Redemisti
568 2448 649 2476 nos
683 2435 872 2477 Domine
904 2438 1025 2478 Deus

200 2492 406 2532 veritatis.
444 2491 725 2532 Commendo.
770 2492 920 2534 Gloria
947 2493 1025 2533 Pa-

200 2548 266 2588 tri.
294 2548 356 2587 In.

253 2597 302 2647 Y'-
341 2602 522 2644 Custodi
551 2616 632 2644 nos
659 2604 847 2645 Domine
875 2609 923 2644 ut
950 2617 1026 2656 pu-

202 2659 350 2712 pillam
366 2659 491 2700 oculi.
520 2659 565 2709 Rj-
588 2659 676 2700 Sub
692 2660 845 2701 umbra
861 2660 1026 2701 alarum

201 2717 374 2756 tuarum
395 2717 578 2767 protege
598 2727 689 2756 nos.

1115 298 1212 336 Ant.
1242 294 1373 336 Salva
1391 306 1485 335 nos.

1237 362 1463 402 Canticum
1493 359 1720 400 Simeonis.

1378 422 1468 456 Luc.
1492 422 1523 455 2.
1549 431 1579 455 e.
1665 446 1667 449 -

1162 490 1246 518 unc
1267 475 1448 518 dimittis
1473 487 1649 516 servum
1667 478 1791 515 tuum
1809 473 1898 514 Do-

1179 535 1305 581 mine,
1325 533 1348 558 *
1369 530 1610 574 secundum
1629 529 1813 572 verbum
1834 533 1898 570 tu-

1066 604 1139 632 um
1158 591 1201 631 in
1223 602 1349 642 pace:
1686 607 1691 611 ·

1119 647 1230 697 Quia
1258 645 1462 687 viderunt
1491 643 1606 685 oculi
1629 642 1716 684 mei
1739 642 1763 668 *
1789 641 1899 683 salu-

1066 705 1161 745 tare
1180 708 1314 744 tuum.

1120 758 1250 809 Quod
1283 758 1452 811 parasti
1478 758 1501 782 ¹⁸¹
1532 761 1632 798 ante
1664 755 1823 797 faciem
1856 756 1900 796 o-

1067 817 1231 857 mnium
1249 813 1532 868 populorum:

1118 873 1286 914 Lumen
1329 870 1385 912 ad
1427 869 1743 911 revelationem
1785 867 1900 908 Gen-

1067 930 1192 977 tium,
1237 929 1260 954 *
1307 933 1350 970 et
1395 926 1580 978 gloriam
1624 924 1768 978 plebis
1811 928 1900 965 tuae

1069 985 1217 1026 Israel.
1245 1008 1296 1012 ——-
1327 983 1479 1025 Gloria
1496 982 1629 1023 Patri.

1123 1041 1221 1080 Ant.
1250 1040 1381 1081 Salva
1404 1052 1486 1081 nos
1509 1038 1700 1080 Domine
1723 1036 1900 1088 vigilan-

1067 1103 1150 1147 tes,
1170 1096 1344 1139 custodi
1362 1109 1445 1137 nos
1468 1095 1751 1137 dormientes:
1775 1097 1824 1134 ut
1841 1092 1901 1134 vi-

1067 1154 1252 1205 gilemus
1272 1167 1372 1195 cum
1387 1152 1573 1201 Christo,
1594 1155 1638 1192 et
1655 1150 1901 1202 requiesca-

1068 1225 1165 1252 mus
1185 1211 1229 1251 in
1247 1222 1369 1263 pace.

1125 1286 1338 1328 Sequentes
1364 1283 1503 1317 Preces
1530 1291 1683 1324 semper
1714 1280 1904 1322 dicuntur,

1071 1338 1329 1377 prseterquam
1348 1332 1385 1365 in
1402 1330 1539 1365 Officio
1557 1328 1725 1372 Duplici,
1751 1333 1788 1363 ct
1804 1328 1905 1362 infra

1071 1382 1255 1416 Octavus:
1282 1391 1369 1423 quzc
1395 1379 1432 1413 in
1459 1377 1584 1413 feriali
1602 1376 1720 1419 Offic.‚
1745 1375 1902 1420 quando

1071 1430 1186 1464 dictae
1212 1434 1300 1463 sunt
1324 1428 1463 1462 Preces
1496 1427 1534 1460 in
1559 1426 1692 1470 Vesp.‚
1724 1425 1904 1459 dicuntur

1071 1478 1183 1511 flexis
1209 1477 1384 1519 genibus.

1070 1527 1263 1634 Kyrie
1291 1530 1468 1572 eleison.
1521 1528 1697 1570 Christe
1729 1527 1905 1569 eleison.

1194 1587 1325 1640 Kyrie
1345 1586 1522 1628 eleison.

1131 1650 1257 1690 Pater
1275 1652 1437 1689 noster.
1464 1653 1646 1689 secreto.

1124 1701 1177 1753 V.
1193 1705 1251 1746 Et
1269 1717 1324 1745 ne
1342 1716 1424 1745 nos
1442 1702 1626 1744 inducas
1644 1702 1688 1742 in
1703 1701 1905 1743 tentatio-

1072 1775 1184 1804 nem.
1213 1763 1262 1813 Κ.
1279 1759 1367 1802 Sed
1384 1759 1523 1801 libera
1542 1771 1624 1800 nos
1644 1771 1670 1799 a
1686 1757 1816 1798 malo.

1123 1817 1270 1860 Credo
1290 1818 1334 1858 in
1352 1817 1508 1858 Deum.
1530 1822 1712 1858 secreto.

1128 1871 1178 1922 Υ.
1195 1874 1348 1915 Carnis
1368 1872 1748 1914 resurrectionem.
1779 1872 1829 1923 R.
1840 1870 1908 1912 Vi·

1073 1936 1165 1973 tam
1179 1932 1402 1972 aeternam.
1439 1929 1593 1970 Amen.

1128 1985 1177 2035 V.
1204 1985 1472 2028 Benedictus
1498 1998 1545 2026 es
1569 1984 1759 2026 Domine
1783 1983 1906 2025 Deus

1074 2049 1251 2097 patrum
1268 2044 1533 2084 nostrorum.
1569 2044 1618 2094 R.
1637 2041 1695 2081 Et
1711 2038 1906 2081 laudabi-

1075 2101 1127 2142 lis
1147 2104 1191 2142 et
1208 2099 1428 2151 gloriosus
1446 2098 1492 2138 in
1511 2096 1684 2138 saecula.

1128 2151 1179 2203 Y).
1212 2154 1532 2197 Benedicamus
1563 2153 1741 2194 Patrem
1773 2155 1817 2193 et
1839 2150 1907 2191 Fi-

1075 2213 1181 2254 lium
1206 2225 1306 2254 cum
1331 2215 1484 2263 sancto
1507 2210 1682 2262 Spiritu.
1721 2210 1771 2261 Ru
1796 2208 1906 2248 Lau-

1077 2269 1246 2318 demus,
1271 2273 1315 2310 et
1339 2265 1717 2320 superexaltemus
1741 2277 1842 2306 eum
1864 2263 1908 2304 in

1079 2325 1250 2367 saecula.

1132 2377 1180 2427 Y'.
1223 2379 1489 2422 Benedictus
1538 2391 1584 2420 es
1628 2378 1818 2419 Domine
1864 2377 1908 2417 in

1078 2437 1352 2478 firmamento
1378 2435 1489 2477 coeli.
1519 2437 1568 2487 Rv.
1586 2435 1643 2475 Et
1666 2432 1908 2481 laudabilis,

1079 2498 1121 2534 et
1148 2493 1383 2544 gloriosus,
1413 2496 1456 2533 et
1484 2489 1836 2543 superexaltatus
1864 2488 1907 2528 in

1079 2549 1250 2590 saecula.

1133 2600 1181 2651 Y
1216 2604 1457 2647 Benedicat
1494 2609 1538 2645 et
1574 2602 1795 2644 custodiat
1826 2613 1909 2642 nos

1079 2664 1359 2714 omnipotens
1396 2666 1439 2702 et
1475 2659 1726 2701 misericors
1759 2658 1908 2699 Domi-

1079 2730 1171 2758 nus.
1214 2720 1263 2770 Rg.
1288 2718 1442 2759 Amen.
