2040 2976
417 206 485 238 Dic
514 206 561 239 16.
587 205 691 238 Julii.
739 204 945 237 Commem.
973 202 1014 236 B.
1039 202 1085 235 M.
1112 203 1153 235 V.
1181 203 1227 236 de
1254 203 1381 237 Monte
1408 204 1594 238 Carmclo.

150 314 202 343 ac
228 302 441 354 peculiari
468 301 662 354 quodam
693 301 854 344 affectu
879 301 979 344 bea-

150 358 366 399 tissimam
399 358 629 409 Virginem
673 359 810 410 (cujus
846 357 979 399 collo-

150 414 264 467 quiis
290 427 343 456 ac
367 414 661 457 familiaritate
685 414 871 456 feliciter
894 413 980 455 frui

149 472 349 524 potuere)
374 470 488 512 adeo
513 471 716 512 venerari
739 472 980 524 coeperunt,

149 531 198 568 ut
232 527 362 580 primi
399 528 594 569 omnium
633 529 678 568 in
721 540 774 569 eo
816 527 979 568 montis

151 583 340 625 Carmeli
353 584 466 634 loco,
485 584 561 625 ubi
574 583 694 625 Elias
710 583 816 625 olim
830 595 979 624 ascen-

151 638 329 682 dentem
372 639 592 690 nebulam,
633 640 828 691 Virginis
870 644 979 691 typo

149 696 379 747 insignem,
405 698 714 750 conspexerat,
739 695 885 737 eidem
903 708 980 748 pu-

150 753 336 794 rissimae
355 753 527 805 Virgini
546 753 756 795 sacellum
781 755 979 793 constru-

149 809 305 850 xerint.

199 866 251 918 Rt.
280 865 402 908 Sicut
425 865 584 908 cedrus
604 865 798 930 exaltata
816 877 914 906 sum
937 865 981 905 in

149 921 330 970 Libano,
342 928 387 964 et
402 923 515 964 sicut
530 924 766 975 cypressus
776 921 820 962 in
830 927 980 963 monte

149 978 268 1020 Sion:
293 979 419 1032 quasi
441 979 620 1032 myrrha
644 978 794 1028 electa,
817 980 839 1003 *
865 978 982 1020 Dedi

150 1035 412 1077 suavitatem
432 1036 594 1078 odoris.
611 1029 661 1080 V
685 1035 744 1077 Et
762 1035 875 1077 sicut
894 1036 980 1077 cin-

149 1093 401 1133 namomum
429 1097 474 1134 et
502 1092 749 1134 balsamum
778 1094 980 1133 aromati-

150 1160 265 1189 zans.
291 1147 418 1191 Dedi.

456 1197 609 1237 Lectio
633 1211 669 1236 v.

227 1264 256 1306 d
287 1277 450 1307 novum
483 1278 588 1317 ergo
622 1266 831 1307 sacellum
861 1278 981 1318 saepe

264 1321 463 1373 quotidie
483 1322 806 1372 convenientes,
826 1321 981 1363 ritibus

148 1377 246 1429 piis,
265 1377 594 1430 precationibus
614 1391 666 1419 ac
684 1376 889 1420 laudibus
907 1377 980 1419 be-

150 1434 391 1481 atissimam
414 1434 662 1485 Virginem,
689 1435 810 1476 velut
838 1435 981 1485 singu-

148 1488 287 1531 larem
323 1489 489 1532 ordinis
524 1491 728 1540 tutelam,
764 1490 981 1532 colebant.

149 1542 448 1595 Quamobrem
473 1546 630 1589 fratres
658 1547 802 1589 beatae
828 1547 981 1588 Mariae

151 1600 206 1643 de
218 1601 371 1644 Monte
383 1603 586 1645 Carmelo
601 1604 768 1656 passim
783 1603 837 1645 ab
855 1603 983 1645 omni-

148 1657 232 1700 bus
264 1659 479 1712 appellari
512 1662 760 1713 coeperunt,
792 1663 982 1713 eumque

148 1714 323 1756 titulum
341 1716 507 1758 Summi
525 1717 764 1758 Pontifices
783 1730 872 1758 non
890 1729 981 1758 mo-

150 1770 208 1812 do
234 1771 561 1823 confirmarunt,
585 1773 665 1815 sed
689 1778 734 1814 et
756 1773 981 1825 indulgen-

148 1827 233 1869 tias
251 1828 499 1880 peculiares
517 1830 581 1880 iis,
597 1830 672 1881 qui
691 1842 744 1871 eo
764 1829 892 1871 titulo
913 1829 983 1871 vel

151 1883 352 1926 ordinem
376 1885 448 1926 vel
472 1885 630 1927 fratres
655 1886 851 1937 singulos
875 1899 982 1926 nun-

151 1941 382 1993 cuparent,
423 1944 693 1984 concessere.
736 1941 833 1984 Nec
875 1955 982 1984 vero

150 1996 528 2039 nomenclaturam
576 2003 747 2040 tantum
786 1998 981 2050 magnifi-

151 2052 404 2094 centissima
413 2054 554 2105 Virgo
564 2054 717 2096 tribuit
727 2059 772 2096 et
785 2054 982 2105 tutelam3

150 2119 304 2149 verum
327 2114 372 2150 et
394 2110 565 2161 insigne
590 2111 703 2152 sacri
728 2110 982 2163 scapulariS,

153 2163 276 2216 quod
299 2163 433 2207 beato
461 2166 628 2208 Simoni
654 2166 843 2218 Anglico
870 2169 982 2218 prae-

151 2219 257 2269 buit,
275 2225 325 2262 ut
343 2221 515 2263 coelesti
532 2222 616 2264 hac
634 2227 759 2264 veste
779 2222 890 2265 ordo
909 2222 983 2263 ille

152 2288 278 2317 sacer
297 2275 641 2328 dignosceretur,
665 2283 709 2320 et
733 2292 759 2320 a
775 2278 903 2319 malis
922 2278 983 2319 in-

151 2332 409 2382 gruentibus
442 2336 762 2386 protegeretur.
809 2334 876 2375 Ac
909 2333 981 2375 de-

151 2402 286 2438 mum,
319 2401 419 2430 cum
452 2389 557 2430 olim
586 2390 629 2430 in
657 2390 839 2442 Europa
871 2389 982 2431 ordo

154 2450 270 2486 esset
288 2445 476 2495 ignotus,
491 2449 537 2486 et
555 2444 614 2486 ob
633 2444 679 2487 id
699 2444 819 2498 apud
832 2445 982 2486 Hono-

152 2502 267 2543 rium
290 2501 469 2542 tertium
491 2513 581 2542 non
603 2502 734 2553 pauci
757 2514 840 2554 pro
866 2500 982 2542 illius

153 2557 445 2599 exstinctione
471 2556 699 2606 instarent,
727 2556 865 2598 astitit
892 2557 982 2598 Ho-

152 2614 279 2655 norio
298 2617 434 2654 noctu
451 2612 651 2664 piissima
668 2611 809 2663 Virgo
832 2612 983 2661 Maria,

153 2668 374 2721 planeque
407 2668 547 2720 iussit,
578 2672 627 2709 ut
658 2667 908 2709 institutum
938 2673 983 2709 et

153 2723 354 2767 homines
372 2724 561 2774 benigne
582 2723 962 2775 complecteretur.

308 2862 373 2887 Pars
388 2862 497 2887 AEstiva.

1087 306 1137 356 Η.
1170 302 1280 351 Quae
1312 306 1379 343 est
1406 301 1490 343 ista
1518 314 1618 354 quae
1646 302 1865 355 processit

1033 358 1146 399 sicut
1166 357 1243 406 sol,
1269 362 1313 398 et
1338 357 1533 399 formosa
1551 363 1777 410 tamquam
1796 358 1821 398 J
1824 370 1864 399 e-

1032 413 1246 455 rusalem?
1260 421 1281 442 *
1292 413 1511 455 Viderunt
1525 427 1622 456 eam
1634 414 1738 455 filiae
1747 415 1864 463 Sion,

1033 475 1077 512 et
1095 469 1272 511 beatam
1292 469 1506 521 dixerunt,
1530 475 1574 511 et
1592 473 1756 521 reginae
1774 470 1864 512 lau-

1033 526 1249 567 daverunt
1281 538 1388 567 eam.
1445 523 1492 573 ,V
1535 526 1592 567 Et
1624 527 1738 568 sicut
1770 526 1865 568 dies

1033 582 1157 623 verni
1175 581 1509 623 circumdabant
1528 595 1626 624 eam
1646 583 1779 624 flores
1797 596 1864 624 ro-

1033 640 1182 679 sarum
1215 644 1258 680 et
1288 638 1378 679 lilia
1411 638 1689 679 convallium.
1731 639 1865 681 Vide-

1033 699 1145 736 runt.
1338 722 1490 762 Lectio
1512 722 1563 761 vi.

1034 772 1186 878 Non
1205 781 1250 822 in
1267 780 1354 822 hoc
1377 786 1548 823 tantum
1566 781 1730 822 saeculo
1752 780 1865 823 ordi-

1150 850 1251 879 nem
1266 837 1351 879 sibi
1364 843 1455 879 tam
1470 839 1702 889 acceptum
1716 838 1866 879 multis

1032 894 1341 946 praerogativis
1364 893 1621 935 beatissima
1638 894 1779 945 Virgo
1805 894 1865 934 in-

1034 950 1224 1002 signivit3
1238 963 1393 992 verum
1412 955 1456 992 et
1473 950 1518 990 in
1533 949 1620 991 alio
1640 951 1756 1001 (cum
1775 950 1866 992 ubi-

1034 1018 1120 1059 que
1164 1012 1208 1048 et
1244 1007 1444 1059 potentia
1480 1011 1524 1048 et
1565 1006 1867 1048 misericordia

1032 1063 1270 1116 plurimum
1290 1063 1449 1114 valeat)
1466 1063 1583 1104 filios
1604 1063 1648 1103 in
1668 1063 1866 1115 scapula-

1033 1121 1094 1161 ris
1123 1121 1382 1162 societatem
1410 1120 1593 1170 relatos,
1628 1119 1702 1172 qui
1735 1119 1866 1160 absti-

1034 1177 1229 1218 nentiam
1246 1176 1478 1226 modicam,
1496 1177 1743 1229 precesque
1762 1188 1867 1228 pau-

1034 1246 1109 1274 cas
1129 1233 1191 1274 eis
1214 1236 1500 1286 praescriptas
1523 1233 1867 1296 frequentarunt,

1034 1302 1086 1330 ac
1113 1302 1195 1342 pro
1226 1290 1293 1330 sui
1324 1295 1464 1331 status
1493 1289 1663 1330 ratione
1692 1288 1865 1329 castita-

1032 1350 1123 1387 tem
1139 1345 1380 1395 coluerunt,
1399 1346 1599 1387 materno
1615 1345 1746 1409 plane
1766 1344 1865 1385 affe-

1034 1406 1123 1451 ctu,
1154 1401 1259 1443 dum
1286 1402 1386 1453 igne
1413 1401 1659 1454 purgatorii
1689 1400 1865 1452 expian-

1033 1462 1114 1507 tur,
1135 1458 1281 1507 solari,
1297 1470 1348 1499 ac
1366 1458 1411 1498 in
1431 1457 1658 1499 coelestem
1670 1456 1867 1521 ’patriam

1034 1513 1220 1556 obtentu
1246 1527 1327 1555 suo
1349 1514 1610 1566 quantocius
1634 1513 1708 1565 pie
1729 1511 1867 1554 credi-

1033 1575 1105 1611 tur
1125 1570 1291 1612 efferre.
1318 1570 1407 1611 Tot
1427 1582 1533 1620 ergo
1553 1571 1775 1620 tantisque
1794 1568 1866 1610 be-

1033 1626 1201 1668 neficiis
1222 1625 1334 1668 ordo
1354 1626 1601 1667 cumulatus
1625 1625 1867 1666 solemnem

1033 1682 1304 1724 beatissimae
1323 1683 1520 1733 Virginis
1542 1682 1866 1723 Commemora-

1033 1738 1201 1780 tionem
1232 1738 1319 1780 ritu
1344 1740 1563 1791 perpetuo
1590 1737 1647 1779 ad
1672 1736 1868 1789 ejusdem

1033 1794 1230 1845 Virginis
1265 1794 1451 1845 gloriam
1485 1793 1720 1846 quotannis
1758 1792 1866 1833 cele-

1033 1849 1249 1891 brandam
1268 1850 1466 1891 instituit.

1087 1908 1138 1957 R.
1165 1906 1388 1947 Ornatam.
1417 1905 1515 1958 [141]

1087 1966 1131 1999 In
1148 1966 1212 1999 ΙΙΙ.
1229 1965 1340 1999 Noct.
1366 1964 1538 1998 Homilia
1556 1964 1594 1996 in
1613 1963 1759 2005 Evang.
1791 1962 1867 1999 Lo-

1035 2014 1175 2056 quente
1190 2013 1295 2048 Jesu.
1312 2018 1353 2047 ut
1371 2013 1409 2046 in
1427 2012 1553 2046 Festis
1572 2011 1613 2045 B.
1631 2011 1678 2044 M.
1697 2010 1740 2043 V.
1774 2012 1866 2055 [142]

1087 2066 1135 2105 In
1154 2066 1204 2116 R.
1226 2065 1293 2104 vii.
1315 2064 1473 2105 dicitur
1488 2069 1610 2106 tuam
1624 2063 1868 2105 solemnem

1036 2121 1523 2162 Commemorationem.

1299 2188 1378 2229 Ad
1397 2188 1607 2229 Laudes.

1086 2244 1158 2285 Ad
1181 2244 1344 2285 Bened.
1374 2245 1473 2285 Ant.
1509 2244 1658 2298 Caput
1676 2249 1800 2286 tuum
1820 2249 1867 2285 ut

1036 2301 1272 2350 Carmelus
1287 2307 1332 2342 et
1345 2313 1485 2342 comae
1501 2301 1658 2359 capitis
1673 2301 1737 2342 tui
1754 2300 1867 2340 sicut

1034 2360 1232 2410 purpura
1250 2356 1367 2407 regis
1386 2356 1533 2398 vincta
1553 2350 1789 2405 canalibus,
1808 2354 1865 2396 al-

1033 2412 1135 2465 leluj
1138 2425 1174 2453 a.

1240 2468 1302 2508 In
1323 2467 1385 2507 11.
1405 2466 1658 2517 vesperis.

1088 2528 1160 2569 Ad
1187 2528 1359 2579 Magnis.
1394 2529 1494 2569 Ant.
1529 2526 1681 2570 Gloria
1708 2525 1865 2567 Libani

1035 2584 1140 2626 data
1166 2590 1233 2627 est
1257 2585 1313 2634 ei,
1334 2584 1470 2626 decor
1495 2583 1700 2632 Carmeli,
1724 2586 1768 2623 et
1791 2581 1864 2622 Sa-

1033 2653 1126 2690 ron,
1154 2641 1338 2693 alleluja.

1088 2693 1135 2726 Et
1159 2693 1200 2727 fit
1224 2703 1421 2727 commem.
1447 2703 1553 2736 sequ.

1306 2749 1594 2771 ——0400—

1586 2846 1629 2879 28
