2040 2976
814 208 1022 239 Commune
1053 206 1271 238 Doctorum.

181 305 272 345 rius
296 304 467 354 frugem
493 302 598 344 boni
619 303 766 355 eperis
789 302 1014 343 reddimus

185 360 288 401 dum
318 371 400 412 per
431 371 569 400 sacrae
602 358 862 400 eruditienis
895 359 1014 399 flam-

183 429 299 456 mam
336 416 381 456 in
418 415 554 457 eorde
597 415 758 456 clarius
798 414 1014 456 ardemus.

181 473 388 524 Dumque
420 485 502 524 per
535 484 612 513 eos
645 471 801 513 diebus
832 470 1014 522 singulis

182 528 323 579 magis
351 530 580 580 magisque
609 528 791 569 scientia
819 527 1014 568 coelestis

184 584 448 634 ostenditur,
467 584 604 637 ,quasi
621 584 780 625 interni
799 583 928 625 nobis
953 582 1015 623 lu-

133 655 135 657 ·
183 641 313 682 minis
358 653 542 682 vernum
582 645 758 693 tempus
801 641 1016 692 aperitur:

183 702 232 739 ut
277 709 418 739 novus
466 697 535 739 sol
579 697 743 738 nostris
795 695 1015 737 mentibus

184 753 347 803 rutilet,
365 758 409 795 et
429 755 583 795 eorum
599 753 747 794 verbis
767 752 896 794 nobis
916 753 1015 802 cog-

183 810 301 852 nitus
322 812 470 863 seipso
488 809 685 862 quotidie
701 809 860 850 clarior
873 808 1016 849 micet.

184 866 380 918 Urgente
412 867 575 908 etenim
611 865 765 906 mundi
800 864 907 914 fine,
947 877 1015 904 su-

183 924 323 975 perna
350 922 534 964 scientia
559 922 753 974 proficit,
782 925 826 962 et
852 920 1016 971 largius

185 991 285 1020 cum
311 980 514 1031 tempore
542 977 768 1020 excrescit.

318 1051 399 1089 Pro
431 1051 622 1091 Doctore
654 1050 876 1100 Pontifice.

240 1111 287 1161 Ιζι.
314 1109 406 1150 1516
425 1112 503 1151 651.
531 1108 615 1161 [54]

265 1181 346 1219 l‘ro
379 1180 571 1221 Doctore
602 1193 686 1220 non
721 1179 942 1220 Pontifiee.

240 1242 287 1292 Rg.
313 1241 405 1282 Iste
423 1239 570 1282 homo.
598 1239 678 1292 [72]

402 1311 449 1349 In
478 1311 548 1349 ΙΙΙ.
578 1310 801 1349 Nocturno.

188 1370 340 1412 Lectio
364 1371 505 1412 sancti
522 1369 751 1422 Evangelii
775 1367 1019 1412 secundum

468 1427 738 1469 Matthaeum.

292 1483 441 1524 Lectio
463 1484 529 1523 vii.
704 1485 805 1535 Cap.
822 1484 857 1522 ἶ).
874 1483 912 1523 b.

186 1534 264 1640 In
283 1539 359 1581 1110
374 1541 589 1592 tempore:
607 1541 733 1582 Dixit
746 1541 771 1581 J
774 1553 875 1582 esus
891 1539 1018 1580 disci-

263 1595 379 1648 pulis
404 1596 509 1637 suis:
536 1596 632 1638 Vos
655 1597 761 1638 estis
789 1596 854 1638 sal
877 1600 1019 1637 terrae.

190 1651 322 1701 Quod
348 1652 385 1692 si
410 1652 475 1693 531
502 1654 744 1703 evanuerit,
773 1653 818 1694 in
842 1664 930 1704 quo
955 1664 1019 1692 sa-

188 1706 342 1749 lietur?
370 1708 427 1749 Et
445 1707 624 1760 reliqua.

190 1775 381 1817 Homilia
395 1777 536 1818 sancti
548 1776 784 1828 Augustini
797 1776 1020 1830 Episcopi.

243 1838 320 1870 Lib.
347 1838 372 1870 1.
392 1838 438 1870 de
458 1839 573 1871 Scrm.
596 1837 753 1871 Domini
772 1837 809 1870 in
827 1842 965 1871 monte.

440 1888 533 1929 Cup.
552 1888 581 1919 ⁴3.
606 1886 713 1919 Tom.
731 1887 759 1918 4.

196 1936 470 1999 J‘jxj'21stendlt
487 1937 719 1987 Dominus,
753 1937 900 1978 fatuos
925 1949 1022 1979 esse

196 2008 201 2051 ἰ
226 1991 300 2039 25„
323 1993 591 2045 judicandos,
619 1994 693 2046 qui
710 1993 1022 2046 temporalium

278 2055 287 2067 ³
323 2049 542 2091 bonorum
560 2050 631 2092 vel
655 2050 831 2102 copiam
853 2052 1021 2091 sectan-

191 2112 275 2156 tes,
303 2106 373 2147 vel
391 2106 586 2159 inopiam
607 2108 871 2156 metuenteS,
900 2108 1022 2148 amit-

192 2166 290 2204 tunt
310 2163 483 2212 aeterna,
506 2175 604 2214 quae
620 2175 702 2204 nec
720 2162 815 2204 dari
834 2167 1022 2215 possunt

192 2218 248 2260 ab
267 2218 528 2269 hominibus,
556 2232 638 2260 1166
658 2219 830 2260 auferri.
865 2220 1022 2271 Itaque

193 2275 231 2316 si
266 2274 332 2316 sal
363 2274 623 2316 infatuatum
658 2275 809 2326 fuerit,
850 2276 895 2316 in
933 2288 1021 2328 quo

193 2328 397 2372 salietur?
443 2330 496 2372 Id
516 2336 598 2381 est,
626 2332 664 2372 si
686 2344 783 2382 VOS,
810 2344 891 2385 per
911 2344 1022 2385 quos

193 2386 429 2429 condiendi
457 2392 558 2428 sunt
586 2387 916 2439 quodammodo
945 2390 1022 2442 po-

193 2443 297 2497 puli,
324 2448 446 2485 metu
473 2445 829 2496 persecutionum
853 2450 1022 2498 tempo-

194 2500 349 2542 ralium
375 2499 609 2541 amiseritis
638 2513 772 2551 regna
793 2501 1022 2552 coelorum3

195 2557 270 2609 qui
307 2561 435 2598 erunt
471 2555 690 2605 hemines,
732 2569 813 2608 per
850 2570 962 2610 quos
998 2570 1024 2598 a

197 2612 325 2655 vobis
362 2624 485 2654 error
522 2612 764 2670 auferatur,
807 2625 907 2654 cum
942 2626 1023 2655 vos

196 2670 378 2722 elegerit
404 2669 543 2719 Deus,
579 2681 660 2721 per
687 2681 798 2720 quos
828 2671 1024 2711 err6rem

195 2727 366 2768 auferat
394 2724 665 2768 ceterorum?

1201 300 1284 338 l'ro
1318 299 1510 337 Doctore
1541 294 1764 335 Pontifiee.

1123 356 1171 406 R„
1210 355 1390 396 Amavit
1433 367 1534 396 eum
1574 352 1811 401 Dominus,
1855 355 1899 392 et

1069 413 1240 454 ornavit
1259 425 1377 453 eum:
1405 410 1565 453 stolam
1583 409 1736 461 gloriae
1758 407 1900 449 induit
1966 430 1968 433 ·

1069 483 1179 519 eum,
1194 469 1215 493 *
1239 469 1296 510 Et
1315 468 1373 510 ad
1389 472 1544 521 portas
1563 465 1758 519 paradisi
1775 476 1899 506 coro-

1067 526 1188 567 navit
1208 538 1317 567 eum.
1340 523 1390 570 V.
1403 523 1552 565 Induit
1571 535 1671 564 eum
1683 521 1900 563 Deminus

1068 582 1250 624 loricam
1269 581 1384 632 fidei,
1413 586 1458 623 et
1475 579 1648 622 ornavit
1668 591 1780 620 eum.
1806 577 1874 619 Et.

1148 644 1229 682 Pro
1266 642 1455 681 Doctore
1486 652 1572 678 non
1601 636 1826 677 Pontifice.

1122 701 1171 751 Rv.
1199 699 1290 740 Iste
1319 703 1386 740 est
1417 698 1492 750 qui
1519 701 1621 738 ante
1641 697 1785 737 Deum
1812 706 1900 735 ma·
1957 733 1968 743 ,

1068 768 1175 806 gnas
1203 755 1390 797 virtutes
1419 755 1629 807 operatus
1658 756 1742 802 est,
1777 755 1822 792 et
1845 749 1902 792 de

1070 811 1188 853 omni
1228 811 1363 853 corde
1405 823 1486 852 suo
1522 809 1719 851 laudavit
1751 806 1900 848 Domi-

1069 881 1192 909 num:
1222 871 1244 893 *
1278 869 1380 920 Ipse
1412 865 1657 909 intercedat
1683 877 1766 918 pro
1800 875 1900 916 pec-

1071 925 1179 966 catis
1201 925 1394 966 emnium
1413 923 1691 977 populorum.
1717 917 1767 968 Y.
1783 920 1901 961 Ecce

1070 981 1203 1023 homo
1225 981 1319 1022 sine
1339 980 1529 1033 querela,
1557 991 1689 1021 verus
1708 977 1794 1019 Dei
1815 975 1901 1018 cul-

1069 1042 1155 1087 tor,
1193 1037 1419 1079 abstinens
1452 1049 1501 1079 se
1529 1036 1585 1078 ab
1614 1034 1734 1077 omni
1766 1035 1903 1086 opere

1069 1093 1203 1144 malo,
1231 1098 1276 1136 et
1300 1095 1565 1147 permanens
1589 1092 1634 1133 in
1652 1088 1904 1133 innocentia

1071 1163 1159 1192 sua.
1194 1151 1309 1204 Ipse.

1358 1198 1509 1239 Lectio
1532 1211 1615 1237 viii.

1156 1271 1236 1310 rgo
1265 1259 1323 1301 ad
1349 1258 1534 1299 nihilum
1560 1257 1679 1299 valet
1708 1255 1774 1298 sal
1798 1254 1904 1297 infa-

1174 1317 1361 1366 tuatum,
1389 1315 1474 1356 nisi
1490 1319 1539 1357 ut
1555 1314 1756 1355 mittatur
1774 1312 1904 1364 foras,

1072 1377 1115 1414 et
1135 1372 1328 1414 calcetur
1343 1371 1399 1414 ab
1417 1370 1681 1413 hominibus,
1707 1370 1812 1412 Non
1825 1371 1904 1411 ita-

1073 1441 1158 1481 que
1195 1428 1393 1470 calcatur
1429 1428 1484 1471 ab
1520 1426 1788 1477 hominibus,
1831 1425 1906 1478 qui

1070 1485 1238 1538 patitur
1278 1485 1652 1538 persecutionem:
1706 1481 1787 1524 sed
1831 1481 1907 1535 qui

1071 1542 1426 1594 persecuti6nem
1440 1539 1637 1582 timendo
1656 1538 1907 1580 infatuatur.

1074 1597 1245 1639 Calcari
1282 1598 1398 1639 enim
1430 1610 1519 1639 non
1551 1600 1703 1650 potest
1735 1595 1820 1636 nisi
1845 1594 1906 1635 in-

1073 1654 1224 1695 ferior:
1265 1653 1347 1695 sed
1377 1653 1558 1694 inferior
1584 1665 1674 1694 non
1702 1656 1789 1701 est,
1831 1649 1907 1703 qui

1074 1710 1275 1762 quamvis
1312 1712 1501 1763 corpore
1537 1709 1676 1751 multa
1711 1708 1756 1749 in
1787 1711 1907 1749 terra

1074 1769 1308 1818 sustineat,
1353 1766 1490 1809 corde
1525 1771 1675 1808 tamen
1710 1765 1825 1806 fixus
1860 1763 1907 1805 in

1074 1823 1190 1866 coelo
1220 1828 1298 1866 est.

1126 1885 1176 1935 Rg.
1212 1881 1265 1922 In
1300 1880 1448 1922 medio
1485 1879 1698 1922 Ecclesiae
1735 1877 1907 1932 aperuit

1076 1949 1126 1978 os
1155 1938 1256 1990 ejus,
1281 1940 1302 1963 *
1332 1938 1390 1979 Et
1415 1937 1614 1990 implevit
1639 1948 1740 1978 eum
1757 1934 1907 1977 Domi-

1074 2007 1155 2035 nus
1197 1993 1355 2057 spiritu
1395 1993 1623 2046 sapientiae
1661 1997 1706 2034 et
1741 1991 1907 2034 intelle-

1075 2054 1184 2092 ctus.
1217 2052 1266 2098 Y.
1298 2050 1323 2091 J
1325 2050 1628 2092 ueunditatem
1651 2053 1696 2091 et
1720 2048 1907 2090 exsulta-

1073 2107 1239 2149 ti6nem
1275 2106 1590 2148 thesaurizavit
1626 2118 1760 2158 super
1797 2117 1908 2147 eum.

1074 2164 1132 2205 Et
1154 2163 1363 2217 implevit.
1398 2162 1553 2204 (ileria
1577 2163 1709 2204 Patri.
1746 2162 1815 2204 Et.

1193 2258 1197 2262 .
1375 2219 1529 2260 Lectio
1548 2218 1602 2257 ix.

1167 2288 1218 2317 os
1238 2275 1344 2317 estis
1363 2275 1511 2317 lumen
1526 2274 1689 2317 mundi.
1717 2276 1908 2326 Quomo-

1174 2332 1232 2374 do
1253 2331 1362 2374 dixit
1379 2332 1580 2385 superius
1599 2331 1665 2373 sal
1680 2336 1823 2382 terrae,
1845 2331 1908 2373 sic

1074 2401 1190 2430 nunc
1209 2388 1316 2430 dicit
1335 2388 1482 2430 lumen
1503 2388 1666 2430 mundi.
1701 2388 1816 2429 Nam
1836 2401 1908 2429 ne·

1077 2458 1162 2498 que
1181 2445 1382 2497 superius
1406 2446 1491 2487 ista
1515 2450 1633 2487 terra
1652 2443 1909 2497 accipienda

1076 2507 1154 2552 est,
1174 2515 1306 2554 quam
1325 2501 1513 2555 pedibus
1528 2501 1756 2554 corpereis
1771 2500 1908 2542 63163-

1074 2572 1188 2600 mus:
1214 2558 1294 2600 sed
1318 2558 1518 2600 homines
1543 2559 1617 2611 qui
1635 2558 1679 2598 in
1698 2562 1817 2599 terra
1835 2555 1908 2597 ha-

1075 2614 1232 2665 bitant,
1258 2615 1329 2657 vel
1349 2615 1481 2656 etiam
1498 2616 1776 2668 peccatoreS,
1803 2625 1908 2665 quo-

1076 2684 1172 2711 rum
1205 2671 1463 2713 condiendis
1498 2676 1543 2712 et
1580 2668 1909 2721 exstinguendis

1075 2727 1308 2779 putoribus
1338 2727 1633 2780 apostolicum
1657 2726 1795 2768 salem
1820 2726 1908 2767 Do-
