2040 2976
678 214 749 247 Die
769 213 799 247 7.
821 213 919 256 Aug.
966 212 1001 247 S.
1027 211 1202 255 Cajetani
1228 211 1337 246 Conf.

153 324 284 364 quam
303 311 464 353 adduci
483 311 642 364 potuit,
667 316 715 352 ut
735 310 837 352 vitae
858 321 982 362 aspe-

152 369 327 410 ritatem
353 368 586 416 emolliret,
619 369 825 416 testatus,
856 366 901 407 in
927 367 982 407 ci-

152 437 255 467 nere
276 430 320 467 et
339 424 482 466 cilicio
502 424 616 466 velle
636 437 683 465 se
702 424 824 464 mori.
851 422 982 464 Deni-

153 493 238 533 que
285 494 339 523 ex
386 481 517 522 animi
563 480 718 522 dolore
764 481 981 532 concepto

152 537 326 586 morbo,
357 537 478 590 quod
506 537 669 579 offendi
697 536 841 590 plebis
871 535 981 577 sedj-

151 595 271 636 tione
308 595 452 635 Deum
487 594 672 644 videret,
717 593 887 635 coelesti
923 592 980 632 vi-

153 651 275 692 sione
301 653 540 700 recreatus,
567 650 758 703 Neapoli
780 649 982 701 migravit

153 708 196 748 in
229 707 406 749 coelum:
438 707 588 759 ibique
622 719 783 759 corpus
817 707 907 757 ejus
940 705 982 745 in

154 763 340 805 ecclesia
373 763 512 805 sancti
543 762 667 804 Pauli
699 775 857 814 magna
888 761 982 803 reli-

153 821 284 871 gione
310 820 480 862 colitur.
517 820 658 870 Quem
682 819 830 861 multis
855 819 980 859 mira-

154 876 261 918 culis
289 876 332 917 in
359 877 449 918 vita
477 881 521 918 et
547 880 868 930 postmortem
892 875 982 926 glo-

154 933 329 983 riosum,
350 933 552 975 Clemens
569 932 764 975 decimus
779 932 984 974 Pontifex

153 990 371 1031 Maximus
403 992 656 1032 sanctorum
691 993 876 1031 numero
911 989 982 1030 ad-

154 1047 341 1098 scripsit.

207 1105 259 1157 R.
281 1104 370 1145 Iste
391 1104 534 1145 homo.
555 1104 636 1156 [72]

370 1184 419 1223 In
445 1183 516 1223 ΙΙΙ.
545 1183 770 1223 Nocturno.

159 1243 312 1286 Lectio
335 1244 474 1286 sancti
497 1244 723 1294 Evangelii
742 1243 985 1285 secundum

436 1300 706 1342 Matthaeum.

259 1364 412 1405 Lectio
432 1364 501 1405 vii.
675 1363 777 1415 Cap.
794 1364 830 1403 6.
848 1376 881 1403 c.

154 1415 230 1523 In
249 1420 325 1463 illo
344 1423 559 1473 tempore:
578 1421 701 1463 Dixit
715 1422 740 1463 J
743 1434 843 1464 esus
859 1421 985 1464 disci-

219 1477 335 1530 pulis
355 1478 460 1519 suis:
481 1477 624 1519 Nemo
643 1483 793 1530 potest
813 1478 986 1521 duobus

156 1533 345 1576 dominis
365 1536 541 1576 servire.
569 1534 626 1577 Et
645 1535 824 1587 reliqua.

200 1604 391 1647 Homilia
410 1605 450 1646 S.
468 1605 701 1656 Augustini
719 1605 943 1658 Episcopi.

156 1668 239 1703 Lib.
255 1667 285 1702 2.
309 1667 356 1702 de
376 1667 493 1702 Serm.
510 1667 587 1701 Dfli
609 1667 648 1701 in
670 1671 810 1710 monte,
835 1678 916 1711 cap.
937 1667 985 1701 14.

165 1738 183 1762 ,Δ
216 1728 387 1771 (ῑῆὴεῐηο
415 1722 564 1770 potest
592 1717 764 1760 duobus
799 1719 987 1760 dominis

188 1753 283 1845 Ni
306 1776 486 1816 servire:
519 1774 575 1816 ad
607 1774 721 1817 hanc
752 1775 895 1828 ipsam
927 1776 986 1816 in-

162 1839 283 1852 ·‘fiss
305 1831 546 1873 tentionem
586 1832 864 1874 referendum
905 1838 988 1882 est,

158 1887 279 1941 quod
322 1891 643 1940 consequenter
680 1890 880 1941 exponit,
926 1889 986 1931 di-

159 1957 279 1986 cens:
306 1944 397 1986 Aut
425 1945 540 1986 enim
567 1959 702 1987 unum
727 1945 831 1987 odio
857 1946 987 1989 habe-

158 2001 233 2050 bit,
254 2005 297 2042 et
316 2001 503 2042 alterum
523 2001 689 2052 diliget:
710 2007 785 2044 aut
803 2003 990 2045 alterum

157 2057 363 2110 patietur,
417 2062 460 2099 et
502 2058 687 2100 alterum
728 2062 989 2102 contemnet.

160 2115 270 2165 Quae
294 2114 430 2155 verba
456 2114 686 2166 diligenter
711 2117 990 2158 consideran-

160 2171 216 2213 da
235 2176 350 2212 sunt:
374 2184 475 2212 nam
501 2172 575 2224 qui
599 2173 686 2214 sint
706 2173 794 2214 duo
815 2173 990 2223 domini,

161 2227 370 2280 deinceps
391 2228 600 2278 ostendit,
625 2242 725 2270 curn
744 2229 865 2272 dicit:
889 2231 991 2271 Non

158 2285 348 2337 potestis
375 2284 473 2326 Deo
502 2287 681 2336 servire,
711 2291 755 2328 et
782 2289 991 2328 mammo-

160 2353 240 2381 nae.
274 2340 525 2382 Mammona
549 2341 668 2393 apud
686 2342 905 2385 Hebraeos
929 2343 990 2384 di-

161 2398 279 2438 vitiae
300 2396 515 2449 appellari
534 2396 748 2440 dicuntur.
779 2399 992 2450 Congruit

160 2458 204 2495 et
237 2452 452 2494 Panicum
483 2466 658 2495 nomen:
689 2468 790 2496 nam
821 2456 991 2497 lucrum

159 2509 322 2551 Panice
341 2522 562 2551 mammon
580 2509 750 2553 dicitur.
770 2511 796 2560 ἓξ
813 2511 902 2554 Sed
918 2513 991 2564 qui

159 2567 294 2608 servit
321 2568 598 2615 mammonae,
633 2567 696 2608 illi
723 2568 876 2620 utique
904 2581 990 2609 ser-

160 2623 237 2673 vit,
264 2623 338 2674 qui
363 2622 495 2664 rebus
514 2623 610 2664 istis
628 2624 815 2665 terrenis
834 2625 990 2667 merito

161 2692 252 2720 suae
271 2679 575 2732 perversitatis
595 2681 881 2732 praepositus,
903 2694 989 2723 ma·

160 2736 370 2786 gistratus
403 2735 528 2787 hujus
561 2736 711 2777 saeculi
743 2749 768 2778 a
797 2738 988 2780 Domino

1038 307 1208 348 dicitur.
1250 306 1341 347 Aut
1367 304 1483 346 enim
1506 317 1640 344 unum
1667 303 1771 344 odio
1797 302 1869 343 ha-

1035 363 1159 405 bebit
1177 362 1328 411 homo,
1356 366 1400 403 et
1421 360 1608 402 alterum
1630 360 1799 410 diliget,
1825 358 1871 400 id

1038 424 1105 462 est
1124 420 1285 460 Deum:
1305 423 1380 459 aut
1400 417 1587 458 alterum
1605 416 1808 469 patietur,
1828 420 1872 458 et

1038 476 1225 518 alterum
1243 476 1506 516 contemnet.
1538 473 1736 514 Patietur
1756 472 1872 514 enim

1038 533 1196 574 durum
1228 536 1272 573 et
1303 530 1602 584 perniciosum
1635 528 1871 578 dominum,

1040 589 1238 642 quisquis
1283 587 1419 629 servit
1466 588 1747 627 mammonae:
1793 598 1872 626 sua

1039 646 1154 688 enim
1174 645 1416 697 cupiditate
1435 642 1702 696 implicatus,
1725 641 1870 684 subdi-

1037 708 1109 744 tur
1142 701 1341 750 diabolo,
1383 704 1427 741 et
1461 712 1549 740 non
1588 711 1687 740 eum
1721 698 1872 748 diligit.

1040 759 1147 809 Quis
1181 758 1295 799 enim
1328 762 1395 798 est
1428 756 1502 807 qui
1536 754 1688 805 diligat
1722 754 1871 796 diabo-

1039 815 1150 856 lum?
1171 814 1251 856 sed
1269 820 1416 856 tamen
1436 813 1612 866 patitur.

1090 873 1143 924 Rz.
1168 872 1258 912 Iste
1288 875 1355 912 est
1383 871 1458 922 qui
1486 874 1587 910 ante
1612 869 1757 909 Deum
1784 880 1871 908 ma-

1040 942 1147 980 gnas
1175 928 1361 969 virtates
1390 928 1601 980 operatus
1633 930 1716 974 est,
1746 929 1790 965 et
1819 924 1873 965 de

1041 985 1159 1026 omni
1171 984 1306 1026 corde
1321 996 1402 1025 suo
1414 982 1610 1024 laudavit
1621 979 1873 1022 Dominum:

1040 1046 1063 1070 *
1087 1043 1190 1094 Ipse
1219 1039 1464 1082 intercedat
1491 1052 1574 1092 pro
1603 1038 1800 1092 peccatis
1830 1039 1872 1078 o-

1038 1098 1203 1139 mnium
1218 1097 1497 1150 populorum.
1532 1093 1583 1145 W.
1602 1096 1718 1136 Ecce
1738 1094 1873 1134 homo

1040 1155 1132 1195 sine
1154 1153 1343 1206 querela,
1357 1165 1488 1194 verus
1505 1152 1589 1194 Dei
1609 1151 1762 1199 cultor,
1778 1150 1874 1191 abs-

1038 1211 1182 1253 tinens
1212 1223 1260 1251 se
1285 1209 1340 1251 ab
1369 1209 1487 1251 omni
1513 1211 1648 1262 opere
1668 1207 1802 1256 malo,
1830 1211 1874 1248 et

1039 1269 1303 1320 permanens
1323 1267 1366 1307 in
1381 1265 1630 1307 innocentia
1650 1277 1739 1305 sua.
1758 1264 1873 1316 Ipse.

1326 1327 1479 1368 Lectio
1501 1326 1584 1367 viii.
1923 1360 1925 1362 ,

1085 1379 1189 1435 deo,
1218 1379 1375 1431 inquit,
1400 1378 1502 1421 dico
1522 1378 1666 1427 vobis,
1694 1390 1783 1418 non
1802 1376 1874 1417 ha-

1105 1437 1209 1479 bere
1243 1434 1584 1478 sollicitudinem
1618 1435 1776 1475 animae
1804 1446 1874 1475 ve-

1043 1499 1149 1536 strae
1183 1493 1288 1546 quid
1322 1493 1481 1541 edatis,
1521 1504 1666 1543 neque
1699 1490 1877 1543 corpori

1040 1556 1188 1592 vestro
1237 1549 1342 1602 quid
1387 1548 1593 1590 induatis:
1645 1560 1699 1589 ne
1746 1548 1876 1596 forte,

1041 1607 1242 1659 quamvis
1275 1607 1361 1658 jam
1390 1605 1613 1658 superflua
1641 1617 1730 1646 non
1760 1617 1876 1656 quae-

1040 1666 1208 1713 rantur,
1254 1667 1440 1716 propter
1485 1662 1582 1715 ipsa
1627 1662 1877 1703 necessaria

1045 1734 1122 1762 cor
1142 1720 1406 1773 duplicetur,
1434 1724 1478 1761 et
1503 1718 1560 1761 ad
1581 1719 1679 1771 ipsa
1698 1718 1876 1770 conqui-

1045 1777 1181 1819 renda
1212 1782 1365 1818 nostra
1393 1777 1713 1828 detorqueatur
1740 1775 1877 1816 inten-

1043 1835 1123 1884 tio,
1152 1846 1253 1875 cum
1281 1832 1448 1886 aliquid
1478 1833 1603 1885 quasi
1630 1831 1875 1873 misericor-

1043 1889 1158 1932 diter
1191 1892 1443 1943 operamur:
1481 1889 1527 1930 id
1560 1890 1642 1938 est,
1678 1893 1742 1938 ut,
1776 1901 1876 1929 cum

1043 1946 1272 1989 consulere
1309 1946 1440 1988 alicui
1476 1945 1617 1987 videri
1655 1945 1876 1994 volumus,

1042 2008 1242 2045 nostrum
1268 2003 1613 2045 emolumentum
1635 2001 1697 2043 ibi
1715 2002 1877 2055 potius,

1045 2073 1177 2113 quam
1195 2059 1310 2101 illius
1330 2059 1567 2101 utilitatem
1583 2058 1877 2101 attendamus:

1044 2122 1088 2159 et
1114 2116 1215 2159 ideo
1244 2116 1373 2158 nobis
1402 2129 1491 2158 non
1520 2114 1751 2157 videamur
1777 2128 1877 2168 pec-

1044 2175 1164 2222 care,
1194 2173 1296 2225 quia
1321 2186 1410 2214 non
1436 2173 1674 2225 superflua,
1703 2172 1782 2214 sed
1806 2186 1877 2214 ne-

1044 2230 1236 2271 cessaria
1261 2234 1362 2271 sunt
1389 2242 1489 2282 quae
1519 2229 1732 2282 consequi
1756 2229 1876 2271 volu-

1043 2299 1150 2327 mus.

1096 2345 1148 2396 R.
1181 2343 1277 2385 Sint
1308 2342 1446 2385 lumbi
1473 2343 1621 2386 vestri
1639 2344 1877 2396 praecincti,

1045 2405 1088 2442 et
1123 2399 1314 2441 lucernae
1353 2400 1559 2442 ardentes
1595 2401 1639 2441 in
1675 2400 1877 2452 manibus

1043 2457 1216 2498 vestris:
1233 2459 1255 2483 *
1270 2457 1326 2498 Et
1344 2470 1425 2499 vos
1443 2457 1606 2500 similes
1627 2456 1877 2499 hominibus

1044 2513 1403 2566 exspectantibus
1459 2513 1687 2555 deminum
1740 2526 1877 2561 suum,

1045 2569 1220 2622 quando
1240 2573 1486 2613 revertatur
1506 2584 1531 2612 a
1550 2571 1728 2623 naptiis.
1746 2564 1796 2617 V.
1810 2569 1878 2610 Vi-

1043 2626 1177 2676 gilate
1197 2639 1319 2678 ergo,
1346 2628 1447 2680 quia
1465 2628 1644 2669 nescitis
1666 2639 1751 2679 qua
1769 2626 1877 2667 hora

1043 2683 1258 2724 Dominus
1286 2689 1434 2726 vester
1460 2687 1672 2725 ventarus
1698 2683 1765 2723 sit.
1811 2683 1877 2724 Et.

1045 2739 1197 2781 Gloria
1220 2741 1349 2782 Patri.
1384 2741 1450 2782 Et.
