2040 2976
462 227 533 261 Die
560 228 608 261 16.
634 227 750 261 Junii.
798 227 832 261 S.
858 227 1022 261 Joannis
1048 227 1245 261 Francisci
1270 227 1387 270 Regis
1413 228 1521 262 (jons.

1756 223 1850 267 [291]

136 324 240 366 lutis
257 323 425 372 studiis,
444 326 587 364 totum
607 333 654 362 se
673 319 966 373 procurandae

138 381 380 422 animarum
412 377 543 420 saluti
574 377 748 430 penitus
778 375 967 419 devovit.

138 438 338 490 Asperos
370 434 711 483 Vivariensium‚
748 433 967 475 Velauno-

137 507 234 535 rum
262 498 306 534 et
334 491 592 534 Forensium
619 494 808 540 montes,
837 494 880 531 et
907 490 968 530 in-

138 552 291 602 gentes
319 548 580 590 Helviorum
610 550 796 595 tractuS,
829 546 969 596 glacie

138 606 400 657 nivibasque
441 604 533 645 fere
569 603 795 655 perpetuis
831 602 967 643 horri-

140 663 239 713 dos,
282 665 522 713 eorumque
563 659 746 701 colonos
786 658 969 709 inscitia,

138 720 400 768 rusticitate,
433 717 637 759 barbarie
668 715 969 757 intractabiles

140 776 334 829 suscepit
360 773 642 824 excolendos,
671 785 724 814 eo
751 773 970 822 successu,

138 838 187 875 ut
205 830 543 873 innumerabiles
557 829 766 879 homines,
786 833 861 870 aut
877 829 970 870 Cal-

139 889 313 931 viniana
340 888 410 929 lue
439 887 645 937 infectos,
678 891 753 928 aut
786 885 969 938 perditis

139 945 336 987 moribus
357 947 606 997 corraptOS‚
632 942 688 984 ad
707 941 970 984 catholicam

141 1002 274 1044 fidem
299 1008 342 1044 et
369 1001 427 1043 ad
451 1000 731 1043 christianam
759 999 971 1052 pietatem

139 1059 396 1102 traduxerit.

192 1118 243 1170 R.
270 1116 518 1157 Honestum
543 1114 646 1156 fecit
672 1112 795 1154 illum
821 1113 970 1155 Domi-

142 1186 235 1223 nus,
259 1178 303 1215 et
322 1172 561 1214 custodivit
580 1184 681 1212 eum
700 1170 755 1211 ab
774 1170 972 1220 inimicis,

144 1234 187 1272 et
215 1243 240 1271 a
267 1228 575 1271 seductoribus
598 1227 758 1270 tutavit
782 1227 920 1268 illum:
946 1230 967 1253 *

143 1287 200 1328 Et
233 1285 355 1328 dedit
381 1286 444 1326 illi
475 1285 719 1327 claritatem
751 1286 973 1326 aeternam.

142 1339 192 1391 V.
226 1344 400 1385 Justum
433 1342 615 1384 deduxit
643 1342 860 1383 Dominus
891 1353 971 1394 per

144 1400 237 1441 vias
255 1405 410 1449 rectas,
436 1404 480 1441 et
498 1398 691 1441 ostendit
710 1398 771 1439 ini
791 1411 973 1449 regnum

144 1456 240 1498 Dei.
266 1456 324 1498 Et
343 1456 477 1498 dedit.

450 1515 602 1555 Lectio
623 1528 660 1555 v.

145 1568 518 1676 Campestribus
534 1568 817 1611 missionibus
832 1568 973 1610 hiber-

234 1639 292 1668 no
311 1629 510 1680 tempore
530 1626 798 1679 perfunctus,
818 1628 973 1667 aestivo

145 1683 448 1725 revertebatur
483 1684 703 1734 Anicium,
746 1682 895 1734 ibique
931 1682 975 1722 in

144 1740 413 1782 nosocomiis
450 1746 494 1782 et
530 1740 575 1781 in
611 1739 880 1789 carceribus,
930 1740 974 1780 in

144 1797 327 1850 privatis
364 1797 550 1848 aedibus,
595 1798 640 1838 in
681 1797 886 1850 compitis
923 1809 975 1838 ac

145 1854 320 1907 templis
348 1867 476 1896 omne
501 1854 727 1896 hominum
751 1867 905 1905 genus,
931 1855 974 1895 o-

145 1911 318 1952 mnibus
348 1912 493 1952 omnia
520 1911 676 1962 factus,
703 1910 974 1952 sublevabat.

145 1968 395 2020 Paaperum
413 1981 569 2019 greges
589 1968 834 2019 corrogatis
853 1968 974 2010 undi-

148 2037 233 2076 que
258 2024 479 2075 subsidiis,
503 2025 750 2078 praesertim
774 2037 874 2066 cum
897 2038 975 2066 sae-

149 2083 258 2122 viret
302 2081 455 2131 fames,
505 2081 797 2134 multiplicato
844 2082 975 2123 etiam

146 2150 234 2178 non
258 2138 393 2179 semel
410 2151 491 2197 per
509 2138 766 2180 miraculum
788 2138 974 2180 frumen-

146 2200 210 2244 to,
251 2195 543 2244 sustentabat,
582 2194 698 2237 unde
734 2195 797 2236 illi
832 2195 975 2237 Patris

146 2254 391 2304 pauperum
414 2254 659 2303 cognomen
679 2252 865 2294 inditum
884 2251 975 2292 fuit.

146 2308 198 2348 In
220 2308 448 2359 flagitiosis
473 2308 738 2358 hominibus,
768 2314 812 2350 et
830 2308 974 2361 perdi-

146 2364 202 2406 tis
225 2366 470 2417 praesertim
494 2365 778 2415 mulierculis,
807 2378 830 2407 e
850 2365 974 2406 vitio-

147 2434 243 2462 rum
275 2434 403 2463 coeno
436 2421 692 2473 educendis,
731 2423 804 2463 vix
837 2421 973 2464 credi-

148 2477 234 2519 bile
268 2484 334 2519 est
368 2484 476 2530 quot
502 2479 669 2532 probra
696 2478 974 2530 ludibriaque

147 2534 390 2586 pertulerit,
417 2537 563 2577 erecto
583 2548 758 2588 semper
778 2540 822 2577 et
842 2535 976 2576 alacri

148 2590 270 2633 vultu
302 2592 639 2644 imperterritus,
680 2592 783 2633 licet
818 2591 974 2642 gladiis

147 2647 293 2698 jugulo
331 2661 451 2701 saepe
488 2648 695 2697 admotis,
736 2647 876 2700 alapis
911 2647 976 2688 ori

147 2704 361 2757 impactis,
378 2710 421 2747 et
435 2705 622 2747 fustibus
637 2704 825 2756 corpori.
846 2704 975 2744 Gras—

149 2763 272 2802 sante
291 2767 428 2814 peste,
447 2762 646 2802 infirmos
666 2773 719 2802 eo
739 2759 896 2802 morbo
916 2759 973 2801 la-

1018 320 1229 362 borantes
1258 319 1412 361 sedulo
1442 320 1651 368 invisens,
1680 319 1852 361 ardenti

1019 377 1245 418 reficiebat
1261 376 1454 418 caritate.
1472 377 1590 427 Erga
1605 377 1716 418 alios
1730 376 1850 418 blan-

1022 432 1104 475 dus
1132 446 1183 475 ac
1208 432 1449 483 beneficus,
1478 433 1522 473 in
1551 435 1745 486 seipsum
1773 445 1850 474 sae-

1021 489 1169 531 viebat
1205 490 1430 539 acerrime,
1477 490 1647 541 asperis
1682 489 1852 539 ciliciis,

1021 546 1173 588 ferreis
1192 546 1367 595 eatenis,
1388 546 1577 587 cruentis
1597 546 1852 597 flagellatio-

1021 602 1165 653 nibus,
1200 615 1402 643 somnum
1433 602 1625 644 breviter
1657 603 1701 643 in
1736 602 1854 643 nuda

1022 659 1174 701 tabula
1200 663 1274 700 aut
1301 658 1421 699 humi
1446 671 1647 711 carpens,
1679 671 1853 711 semper

1023 716 1281 765 abstemius,
1334 715 1635 768 vilissimoque
1681 728 1855 768 semper

1023 773 1227 814 victitans
1257 771 1377 822 cibo,
1418 777 1461 813 et
1490 772 1602 814 adeo
1630 773 1769 822 tenui,
1807 776 1855 813 ut

1024 829 1227 871 arcendae
1254 829 1385 870 morti
1410 829 1576 881 potius,
1607 842 1738 881 quam
1764 842 1854 870 sus-

1024 885 1249 928 tentandae
1268 885 1371 927 vitae
1391 884 1623 926 sufficeret.

1074 947 1125 998 R.
1147 942 1326 984 Amavit
1350 955 1449 984 eum
1469 942 1696 992 Dominus,
1721 947 1764 983 et
1789 955 1855 983 or-

1026 1000 1146 1041 navit
1183 1012 1299 1041 eum:
1337 998 1496 1040 stolam
1532 998 1685 1049 gloriae
1717 998 1858 1040 induit

1028 1070 1138 1107 eum,
1154 1062 1176 1086 *
1200 1057 1257 1098 Et
1277 1056 1333 1098 ad
1351 1061 1504 1108 portas
1522 1054 1716 1108 paradisi
1733 1068 1856 1096 coro-

1026 1114 1147 1155 navit
1163 1126 1273 1155 eum.
1297 1110 1347 1162 Y.
1366 1112 1513 1154 Induit
1529 1125 1629 1153 eum
1643 1112 1857 1152 Dominus

1026 1170 1208 1212 loricam
1228 1169 1343 1220 fidei,
1365 1174 1409 1211 et
1428 1169 1600 1210 ornavit
1621 1181 1730 1210 eum.
1757 1168 1825 1210 Et.

1318 1231 1470 1271 Lectio
1492 1231 1543 1270 vi.

1026 1283 1231 1388 Divino
1259 1285 1408 1324 amore
1437 1283 1500 1324 sic
1526 1286 1619 1324 erat
1642 1281 1857 1330 incensus,
1904 1312 1905 1315 η

1123 1346 1171 1383 ut
1199 1340 1320 1382 illum
1348 1353 1482 1381 unum
1507 1339 1692 1391 spirare,
1719 1337 1856 1389 loqui,

1028 1398 1223 1449 cogitare
1254 1397 1489 1438 videretur.
1530 1395 1683 1436 Plures
1716 1394 1858 1435 noctis

1026 1455 1160 1496 horas
1194 1454 1381 1496 orationi
1415 1452 1566 1501 dabat,
1603 1450 1858 1493 coelestibus

1028 1512 1212 1553 affluens
1233 1511 1418 1560 deliciiS,
1446 1514 1490 1551 et
1515 1514 1639 1550 extra
1664 1520 1711 1552 se
1738 1520 1858 1560 saepe

1027 1574 1191 1621 raptus.
1226 1568 1339 1608 Rem
1360 1566 1553 1608 divinam
1573 1578 1625 1607 ea
1645 1565 1777 1605 animi
1798 1569 1857 1606 at-

1027 1625 1233 1674 tentione,
1254 1637 1307 1666 eo
1323 1623 1469 1665 vultus
1485 1621 1644 1663 ardore
1660 1620 1858 1670 faciebat,

1028 1688 1076 1724 ut
1084 1695 1266 1732 sacrum,
1276 1693 1363 1733 quo
1373 1678 1698 1727 effervescebat,
1705 1678 1859 1728 ignem,

1029 1739 1160 1781 etiam
1184 1739 1228 1779 in
1251 1740 1446 1779 astantes
1469 1734 1745 1778 diffunderet.
1782 1734 1858 1774 Mi-

1028 1795 1190 1837 raculis
1223 1794 1408 1846 aliisque
1442 1793 1569 1835 donis
1604 1795 1858 1844 supernatu-

1028 1852 1195 1894 ralibus
1221 1852 1329 1893 mire
1355 1850 1521 1892 claruit.
1559 1847 1759 1889 Tandem
1784 1860 1858 1888 vo-

1030 1912 1154 1951 catus
1170 1908 1225 1950 ad
1242 1908 1424 1961 praemia
1438 1906 1650 1955 laborum,
1669 1905 1713 1945 in
1728 1903 1858 1945 Vien-

1029 1966 1176 2007 nensis
1205 1964 1409 2006 dioecesis
1436 1975 1572 2016 pago,
1604 1962 1673 2002 cui
1699 1973 1859 2002 nomen

1031 2028 1098 2065 est
1128 2022 1410 2069 LalovescuS,
1445 2021 1676 2071 correptus
1708 2016 1859 2058 lethali

1029 2079 1185 2121 morbo
1237 2091 1291 2119 ex
1338 2076 1565 2118 laboribus
1611 2076 1859 2123 contracto,

1030 2150 1129 2179 cum
1167 2137 1343 2176 saeviret
1384 2133 1524 2174 hiems
1561 2130 1859 2182 frigidissima,

1030 2191 1283 2235 coelestibus
1311 2191 1537 2231 recreatus
1564 2187 1859 2230 illustrationi-

1029 2250 1128 2299 bus,
1163 2248 1220 2290 ad
1252 2249 1418 2288 aeterna
1449 2245 1610 2297 gaudia
1638 2244 1859 2292 invitatus,

1030 2306 1231 2359 spiritum
1276 2303 1463 2346 creatori
1509 2301 1701 2344 reddidit
1745 2312 1858 2341 anno

1028 2362 1260 2404 millesimo
1281 2360 1600 2402 sexcentesimo
1620 2356 1857 2411 quadrage-

1030 2420 1157 2468 simo,
1182 2417 1252 2459 die
1271 2417 1496 2468 trigesima
1515 2416 1657 2468 prima
1675 2415 1857 2456 Decem-

1028 2475 1130 2525 bris,
1149 2475 1252 2515 vitae
1273 2487 1364 2515 suae
1381 2472 1717 2526 quadragesimo
1735 2481 1859 2522 quar-

1028 2538 1087 2574 to.
1145 2532 1249 2583 Ejus
1297 2530 1579 2583 sepulchrum
1607 2525 1860 2581 ,incredibili

1028 2587 1297 2642 populorum
1329 2600 1409 2639 per
1442 2585 1706 2638 asperrimos
1738 2594 1858 2623 mon-

1029 2651 1098 2687 tes
1124 2643 1316 2696 undique
1343 2641 1654 2685 confluentium
1680 2641 1859 2680 concur-

1030 2716 1096 2751 su,
1125 2701 1182 2743 ob
1212 2700 1455 2742 sanctitatis
1484 2703 1527 2740 et
1550 2695 1859 2738 miraculorum

1030 2759 1200 2808 famam,
1217 2770 1316 2810 quae
1330 2756 1520 2798 maxime
1530 2752 1857 2807 percrebresce-
