2040 2976
644 195 922 229 pretiosissimi
948 195 1157 237 Sanguinis
1182 194 1226 228 D.
1252 195 1295 229 N.
1322 195 1354 229 J.
1382 196 1421 229 C.

226 295 470 338 Laetabitur
493 295 630 347 justus
655 294 700 335 in
723 293 932 342 Domino,
961 296 1005 333 et

176 352 372 406 sperabit
390 352 434 393 in
454 364 523 400 eo,
541 351 565 377 *
585 355 629 392 et
648 349 942 392 laudabuntur
961 361 1004 390 o-

175 422 300 452 mnes
319 409 427 451 recti
447 407 591 450 corde.

228 478 327 518 Ant.
370 479 426 518 Et
466 471 739 525 respondens
774 465 1018 512 universus

174 530 381 585 populus,
402 529 527 572 dixit:
553 528 738 580 Sanguis
763 529 853 580 ejus
872 539 1005 580 super

175 601 267 638 nos,
287 593 331 630 et
349 599 482 640 super
501 585 618 627 filios
636 590 824 626 nostros

228 648 279 700 V.
295 651 480 703 Sanguis
499 651 524 692 J
526 663 604 692 esu
621 649 783 691 Christi
797 648 896 690 Filii
910 648 1004 690 Dei.

176 711 227 750 R.
249 707 471 750 Emundat
490 720 572 749 nos
592 706 647 748 ab
668 706 787 748 omni
805 706 1004 758 peccato.

175 780 326 821 Sermo
342 777 482 820 sancti
492 777 517 818 J
520 776 674 818 oannis
691 775 1005 829 Chrysostomi.

228 846 398 880 Homilia
423 846 477 879 84.
504 845 540 878 in
567 845 768 885 (Ioannem,
794 855 875 887 cap.
904 846 953 879 19.

470 902 621 943 Lectio
642 902 695 942 iv.

185 974 284 1017 xjgx
310 965 433 1008 111118
474 965 696 1017 sanguinis
734 964 896 1006 Christi
933 977 1004 1005 au-

179 1020 326 1103 &KQ
348 1079 405 1121 ad
427 1080 518 1132 ejus
538 1079 802 1132 exemplum,
828 1083 871 1120 et
890 1078 1004 1131 prio-

173 1148 267 1178 rem
290 1141 444 1189 typum
467 1134 768 1185 recordemur,
798 1140 841 1177 et
860 1135 1004 1188 pristi-

174 1206 275 1235 nam
294 1193 567 1245 Scripturam
590 1194 827 1234 narremus.
861 1193 911 1232 In
931 1192 1005 1232 AE-

173 1252 322 1303 gtho,
341 1254 471 1290 nocte
481 1247 637 1299 media,
652 1249 874 1301 AEgyptiis
885 1249 1005 1290 Deus

173 1306 349 1359 plagam
393 1304 609 1348 decimam
649 1305 913 1355 minabatur,
958 1310 1006 1346 ut

175 1365 329 1405 eorum
385 1362 679 1416 primogenita
734 1362 1005 1415 deperirent,

175 1420 276 1472 quia
303 1419 644 1473 primogenitum
672 1419 762 1470 ejus
790 1418 1005 1471 po'pulum

175 1476 439 1519 detinebant.
491 1475 580 1518 Sed
614 1488 669 1517 ne
700 1477 847 1517 amata
878 1474 1005 1527 plebs

172 1534 197 1575 J
199 1532 430 1575 udaeorum
454 1546 540 1574 una
564 1546 663 1574 cum
682 1532 767 1573 illis
787 1532 1004 1585 periclita-

173 1591 310 1640 retur,
338 1590 441 1642 quia
466 1603 578 1631 unus
601 1589 726 1631 locus
750 1588 1006 1631 continebat

173 1646 421 1696 universos,
453 1645 695 1688 remedium
727 1644 1005 1688 discretionis

173 1703 399 1745 inventum
424 1707 503 1744 est.
538 1702 729 1745 Proinde
756 1702 1005 1755 exemplum

172 1758 392 1809 mirabile,
420 1764 468 1801 ut
487 1758 633 1801 discas
653 1760 697 1800 in
716 1759 902 1802 veritate
923 1760 1004 1801 vir-

172 1791 455 1859 11110111113
496 1815 655 1858 div-inae
693 1815 1005 1867 indignationis

174 1872 446 1926 sperabatur,
463 1877 507 1914 et
523 1871 681 1914 domos
697 1872 889 1923 singulas
899 1875 1006 1913 111ό1-

173 1929 273 1972 tifer
288 1928 510 1971 circuibat.
530 1929 645 1979 Quid
660 1929 792 1981 igitur
803 1927 1004 1981 Moyses?

175 1985 387 2035 Occidite,
405 1985 556 2038 inquit,
571 1999 731 2037 agnum
745 1985 1005 2034 anniculum,

174 2047 219 2084 et
237 2043 447 2093 sanguine
467 2043 556 2094 ejus
571 2042 693 2084 linite
708 2043 869 2093 januas.
890 2041 1005 2092 Quid

175 2099 255 2148 ais,
272 2097 472 2155 Moyses?
499 2099 685 2150 Sanguis
704 2098 800 2140 ovis
819 2099 1005 2140 rationa-

173 2130 260 2196 leni
287 2154 509 2198 heminem
535 2155 724 2198 liberare
753 2154 1004 2197 consuevit?

173 2210 334 2261 Valde,
365 2212 521 2264 inquit;
551 2225 640 2254 non
674 2225 727 2254 eo
760 2211 882 2264 quod
910 2225 1004 2253 8311-

172 2268 268 2320 guis
301 2274 384 2318 est,
418 2268 498 2311 sed
533 2269 635 2321 quia
661 2268 882 2310 Dominici
909 2270 1003 2310 san-

173 2325 313 2376 guinis
340 2338 420 2377 per
449 2338 549 2367 eum
577 2325 904 2367 demonstratur
932 2337 1003 2367 ex-

174 2381 378 2434 emplum.

228 2448 277 2499 R.
319 2447 370 2487 In
414 2446 572 2488 timore
609 2446 827 2488 incolatus
869 2446 1005 2487 vestri

174 2503 503 2553 conversamini,
519 2504 542 2527 *
557 2503 754 2545 Scientes
775 2502 895 2554 quod
914 2514 1004 2544 non

173 2558 533 2624 corruptibilibus
562 2572 685 2609 auro,
721 2559 793 2601 vel
820 2561 1002 2610 argento

174 2614 392 2683 redempti
425 2616 541 2657 estis.
598 2611 647 2661 V
686 2615 775 2657 Sed
805 2615 1003 2668 pretioso

175 2672 401 2723 sanguine,
443 2673 567 2724 quasi
604 2672 704 2724 agni
736 2671 1004 2713 immaculati

175 2727 345 2769 Christi.
372 2727 580 2770 Scientes.

349 1022 443 1064 dire
477 1022 714 1064 virtutem?
752 1021 1035 1063 Redeamus.

1367 305 1519 346 Lectio
1539 319 1576 345 v,

1057 369 1223 475 Nam
1260 374 1372 415 sicut
1407 373 1684 424 regnantium
1721 373 1890 419 statuae,

1167 443 1266 484 quae
1296 430 1389 471 sine
1418 442 1550 471 causa
1579 433 1698 478 sunt,
1730 432 1774 469 et
1801 439 1888 468 ser-

1056 490 1204 538 mone,
1232 489 1562 538 nonnumquam
1587 484 1644 527 ad
1668 498 1715 526 se
1741 484 1888 526 confu-

1056 543 1276 597 gientibus
1300 542 1551 585 hominibus
1576 542 1735 591 anima,
1764 545 1807 583 et
1825 553 1889 582 13-

1056 602 1176 643 tione
1196 600 1428 649 decoratis,
1454 599 1686 641 subvenire
1708 610 1888 640 consue-

1057 660 1229 707 verunt,
1257 670 1346 698 non
1377 656 1478 709 quia
1504 661 1604 698 sunt
1630 668 1717 697 aere
1745 654 1888 696 confe-

1058 720 1157 766 ctae,
1191 713 1271 756 sed
1304 714 1406 766 quia
1438 713 1627 755 retinent
1654 712 1889 762 imaginem

1056 770 1361 825 principalem:
1380 770 1441 812 ita
1461 774 1504 811 et
1519 769 1695 820 sanguis
1710 768 1794 817 ille,
1816 767 1889 820 qui

1056 827 1321 870 irrationalis
1350 827 1447 877 fuit,
1481 827 1647 868 animas
1675 825 1889 867 habentes

1056 885 1258 927 homines
1287 883 1507 926 liberavit:
1540 895 1630 924 non
1665 882 1767 935 quia
1795 895 1889 922 8311-

1057 942 1153 993 guis
1172 941 1269 991 fuit,
1295 940 1375 982 sed
1400 941 1502 993 quia
1521 940 1647 992 hujus
1667 938 1890 990 sanguinis

1058 997 1323 1040 ostendebat
1341 996 1590 1039 adventum.
1619 996 1676 1037 Et
1692 1001 1797 1038 tunc
1812 996 1891 1035 An-

1058 1055 1182 1106 gelus
1224 1054 1297 1096 ille
1338 1056 1555 1104 vastator,
1602 1066 1701 1094 cum
1740 1051 1889 1093 linitos

1056 1117 1228 1165 postes,
1272 1116 1406 1164 atque
1444 1110 1589 1152 aditus
1625 1109 1889 1162 pervideret,

1057 1169 1280 1220 transjecit
1294 1181 1484 1219 gressuS‚
1505 1171 1549 1209 et
1567 1179 1655 1208 non
1677 1171 1743 1208 est
1758 1179 1889 1207 ausus

1056 1226 1231 1267 intrare.
1271 1225 1400 1266 Nunc
1428 1236 1534 1276 ergo
1564 1223 1600 1264 si
1628 1222 1787 1265 viderit
1814 1223 1889 1263 ini-

1056 1284 1214 1332 micus,
1260 1294 1349 1323 non
1392 1280 1594 1334 postibus
1634 1279 1890 1332 impositum

1056 1339 1314 1390 sanguinem
1340 1338 1451 1391 typi,
1486 1335 1567 1379 sed
1589 1336 1785 1379 fidelium
1814 1349 1889 1378 ore

1056 1395 1274 1437 lucentem
1290 1395 1547 1446 sanguinem
1560 1394 1757 1436 veritatis
1771 1393 1888 1435 Chri-

1057 1452 1129 1502 sti,
1175 1451 1329 1504 templi
1373 1450 1577 1504 postibus
1619 1450 1889 1500 dedicatum,

1056 1508 1194 1551 multo
1213 1509 1351 1560 magis
1372 1521 1419 1550 se
1440 1507 1680 1550 subtrahet.
1707 1507 1753 1548 Si
1774 1507 1890 1549 enim
1935 1555 1937 1558 Α

1058 1566 1253 1616 Angelus
1290 1565 1423 1608 cessit
1460 1564 1682 1617 exemplo,
1723 1568 1887 1616 quanto

1055 1622 1194 1673 magis
1213 1622 1449 1664 terrebitur
1464 1622 1674 1671 inimicus,
1694 1621 1730 1662 si
1747 1621 1889 1673 ipsam

1056 1679 1334 1732 perspexerit
1345 1677 1600 1720 veritatem?
1612 1678 1693 1719 Vis
1706 1682 1749 1719 et
1760 1677 1888 1719 aliam

1055 1735 1180 1788 hujus
1204 1735 1427 1787 sanguinis
1452 1735 1639 1777 scrutari
1658 1733 1888 1777 virtutem?

1055 1792 1186 1834 Volo.
1226 1792 1353 1834 Unde
1386 1792 1576 1845 primum
1609 1791 1799 1833 cucurrit
1829 1791 1889 1832 in-

1057 1849 1235 1902 spicias,
1269 1854 1312 1891 et
1341 1849 1396 1891 de
1423 1861 1510 1901 quo
1537 1849 1656 1891 fonte
1683 1848 1889 1890 manavit.

1055 1906 1123 1948 De
1151 1906 1247 1958 ipsa
1275 1906 1464 1959 primum
1493 1918 1622 1948 cruce
1650 1905 1888 1958 processit:

1055 1962 1170 2004 latus
1187 1962 1296 2004 illud
1311 1963 1592 2004 Dominicum
1610 1962 1781 2004 initium
1798 1961 1888 2004 fuit.

1056 2019 1232 2061 Mortuo
1255 2020 1385 2070 enim,
1418 2020 1494 2069 ait,
1527 2020 1649 2069 Jesu,
1682 2024 1726 2061 et
1745 2018 1889 2060 adhuc

1056 2076 1100 2116 in
1145 2088 1275 2118 cruce
1321 2075 1561 2128 pendente,
1607 2076 1889 2130 appr6ximat

1054 2132 1200 2182 miles,
1237 2132 1352 2175 latus
1384 2132 1538 2175 lancea
1569 2133 1806 2187 permissit,
1845 2138 1889 2175 et

1056 2187 1214 2231 exinde
1259 2201 1375 2242 aqua
1420 2190 1561 2240 fluxit,
1612 2195 1656 2232 et
1701 2191 1887 2242 sanguis.

1055 2245 1201 2287 Unum
1210 2245 1488 2299 baptismatis
1500 2246 1759 2300 symbolum,
1770 2246 1887 2288 aliud

1056 2302 1330 2344 sacramenti.
1383 2302 1493 2346 Ideo
1530 2315 1619 2345 11011
1655 2303 1732 2345 ait:
1768 2303 1886 2345 Exiit

1055 2358 1232 2409 sanguis
1266 2364 1310 2400 et
1341 2371 1470 2412 aqua;
1511 2359 1592 2402 sed
1629 2360 1734 2402 exiit
1773 2372 1887 2412 aqua

1054 2415 1245 2468 primum
1271 2421 1315 2458 et
1341 2417 1536 2468 sanguis,
1566 2417 1669 2470 quia
1696 2417 1885 2471 primum

1054 2470 1320 2524 baptismate
1335 2471 1551 2524 diluimur,
1568 2479 1611 2516 et
1625 2475 1782 2527 postea
1796 2487 1884 2525 my-

1055 2529 1189 2571 sterio
1210 2527 1479 2572 dedicamur.

1111 2617 1160 2667 R.
1182 2617 1333 2670 Empti
1358 2618 1464 2660 estis
1488 2617 1632 2670 pretio
1660 2629 1835 2667 magno:
1863 2614 1883 2636 *

1055 2673 1330 2723 Glorificate‚
1368 2679 1411 2716 et
1446 2675 1623 2726 portate
1661 2674 1804 2714 Deum
1839 2672 1883 2713 in

1054 2732 1242 2783 corpore
1274 2735 1435 2772 vestm.
1484 2726 1532 2775 V.
1564 2729 1712 2771 Pretio
1745 2729 1882 2781 empti
