<?xml version="1.0" encoding="UTF-8"?>
<!DOCTYPE html PUBLIC "-//W3C//DTD XHTML 1.0 Transitional//EN"
    "http://www.w3.org/TR/xhtml1/DTD/xhtml1-transitional.dtd">
<html xmlns="http://www.w3.org/1999/xhtml" xml:lang="en" lang="en">
 <head>
  <title>
</title>
<meta http-equiv="Content-Type" content="text/html;charset=utf-8" />
  <meta name='ocr-system' content='tesseract 3.04.00' />
  <meta name='ocr-capabilities' content='ocr_page ocr_carea ocr_par ocr_line ocrx_word'/>
</head>
<body>
  <div class='ocr_page' id='page_1' title='image "./p3breviariumroma00cathuoft_0917.png"; bbox 0 0 2040 2976; ppageno 0'>
   <div class='ocr_carea' id='block_1_1' title="bbox 508 227 1497 262">
    <p class='ocr_par' dir='ltr' id='par_1_1' title="bbox 508 227 1497 262">
     <span class='ocr_line' id='line_1_1' title="bbox 508 227 1497 262; baseline -0.002 0"><span class='ocrx_word' id='word_1_1' title='bbox 508 228 580 262; x_wconf 92' lang='lat' dir='ltr'>Die</span> <span class='ocrx_word' id='word_1_2' title='bbox 603 228 634 262; x_wconf 89' lang='lat'>7.</span> <span class='ocrx_word' id='word_1_3' title='bbox 659 228 764 262; x_wconf 84' lang='lat' dir='ltr'>Julii.</span> <span class='ocrx_word' id='word_1_4' title='bbox 812 227 846 262; x_wconf 89' lang='lat' dir='ltr'>S.</span> <span class='ocrx_word' id='word_1_5' title='bbox 871 228 1070 262; x_wconf 90' lang='lat' dir='ltr'>Laurentii</span> <span class='ocrx_word' id='word_1_6' title='bbox 1095 239 1116 262; x_wconf 89' lang='lat' dir='ltr'>a</span> <span class='ocrx_word' id='word_1_7' title='bbox 1141 227 1362 262; x_wconf 87' lang='lat' dir='ltr'>Brundusio</span> <span class='ocrx_word' id='word_1_8' title='bbox 1389 227 1497 261; x_wconf 75' lang='lat' dir='ltr'>Conf.</span> 
     </span>
    </p>
   </div>
   <div class='ocr_carea' id='block_1_2' title="bbox 153 322 984 1624">
    <p class='ocr_par' dir='ltr' id='par_1_2' title="bbox 153 322 984 1624">
     <span class='ocr_line' id='line_1_2' title="bbox 153 322 980 378; baseline -0.004 -12"><span class='ocrx_word' id='word_1_9' title='bbox 153 325 405 378; x_wconf 85' lang='lat' dir='ltr'>Philippum</span> <span class='ocrx_word' id='word_1_10' title='bbox 422 324 612 373; x_wconf 88' lang='lat' dir='ltr'>tertium,</span> <span class='ocrx_word' id='word_1_11' title='bbox 632 323 706 375; x_wconf 92' lang='lat' dir='ltr'>qui</span> <span class='ocrx_word' id='word_1_12' title='bbox 721 328 826 365; x_wconf 92' lang='lat' dir='ltr'>tunc</span> <span class='ocrx_word' id='word_1_13' title='bbox 840 323 885 363; x_wconf 92' lang='lat' dir='ltr'>in</span> <span class='ocrx_word' id='word_1_14' title='bbox 899 322 980 363; x_wconf 93' lang='lat' dir='ltr'>Lu-</span> 
     </span>
     <span class='ocr_line' id='line_1_3' title="bbox 154 378 979 430; baseline -0.005 -7"><span class='ocrx_word' id='word_1_15' title='bbox 154 382 311 424; x_wconf 89' lang='lat' dir='ltr'>sitania</span> <span class='ocrx_word' id='word_1_16' title='bbox 336 380 604 430; x_wconf 87' lang='lat' dir='ltr'>morabatur,</span> <span class='ocrx_word' id='word_1_17' title='bbox 637 380 814 430; x_wconf 90' lang='lat' dir='ltr'>missus,</span> <span class='ocrx_word' id='word_1_18' title='bbox 842 379 886 420; x_wconf 92' lang='lat' dir='ltr'>in</span> <span class='ocrx_word' id='word_1_19' title='bbox 905 378 979 420; x_wconf 94' lang='lat' dir='ltr'>ob-</span> 
     </span>
     <span class='ocr_line' id='line_1_4' title="bbox 155 435 981 489; baseline -0.005 -9"><span class='ocrx_word' id='word_1_20' title='bbox 155 438 297 480; x_wconf 82' lang='lat' dir='ltr'>eunda</span> <span class='ocrx_word' id='word_1_21' title='bbox 312 437 531 489; x_wconf 70' lang='lat' dir='ltr'>legatione</span> <span class='ocrx_word' id='word_1_22' title='bbox 551 438 725 478; x_wconf 89' lang='lat' dir='ltr'>attritus</span> <span class='ocrx_word' id='word_1_23' title='bbox 745 435 981 485; x_wconf 87' lang='lat' dir='ltr'>laboribus,</span> 
     </span>
     <span class='ocr_line' id='line_1_5' title="bbox 154 492 980 541; baseline -0.005 -5"><span class='ocrx_word' id='word_1_24' title='bbox 154 495 198 536; x_wconf 89' lang='lat' dir='ltr'>in</span> <span class='ocrx_word' id='word_1_25' title='bbox 216 494 419 536; x_wconf 91' lang='lat' dir='ltr'><strong>morbum</strong></span> <span class='ocrx_word' id='word_1_26' title='bbox 436 493 606 541; x_wconf 81' lang='lat' dir='ltr'>incidit,</span> <span class='ocrx_word' id='word_1_27' title='bbox 633 505 687 533; x_wconf 83' lang='lat' dir='ltr'>ex</span> <span class='ocrx_word' id='word_1_28' title='bbox 706 492 860 534; x_wconf 89' lang='lat' dir='ltr'>itinere</span> <span class='ocrx_word' id='word_1_29' title='bbox 881 504 980 534; x_wconf 90' lang='lat' dir='ltr'>con-</span> 
     </span>
     <span class='ocr_line' id='line_1_6' title="bbox 153 548 980 603; baseline -0.006 -9"><span class='ocrx_word' id='word_1_30' title='bbox 153 554 356 594; x_wconf 90' lang='lat' dir='ltr'>tractum:</span> <span class='ocrx_word' id='word_1_31' title='bbox 397 563 485 603; x_wconf 91' lang='lat' dir='ltr'>quo</span> <span class='ocrx_word' id='word_1_32' title='bbox 522 549 840 603; x_wconf 82' lang='lat' dir='ltr'><strong>patientissime</strong></span> <span class='ocrx_word' id='word_1_33' title='bbox 874 548 980 590; x_wconf 92' lang='lat' dir='ltr'>tole-</span> 
     </span>
     <span class='ocr_line' id='line_1_7' title="bbox 153 605 981 658; baseline -0.006 -8"><span class='ocrx_word' id='word_1_34' title='bbox 153 610 264 658; x_wconf 86' lang='lat' dir='ltr'>rato,</span> <span class='ocrx_word' id='word_1_35' title='bbox 286 606 571 649; x_wconf 83' lang='lat' dir='ltr'>sacramentis</span> <span class='ocrx_word' id='word_1_36' title='bbox 591 605 792 647; x_wconf 90' lang='lat' dir='ltr'>omnibus</span> <span class='ocrx_word' id='word_1_37' title='bbox 813 618 981 646; x_wconf 88' lang='lat' dir='ltr'>summa</span> 
     </span>
     <span class='ocr_line' id='line_1_8' title="bbox 155 661 980 715; baseline -0.007 -8"><span class='ocrx_word' id='word_1_38' title='bbox 155 664 390 707; x_wconf 89' lang='lat' dir='ltr'>devotione</span> <span class='ocrx_word' id='word_1_39' title='bbox 419 662 656 715; x_wconf 89' lang='lat' dir='ltr'>susceptis,</span> <span class='ocrx_word' id='word_1_40' title='bbox 684 661 980 714; x_wconf 80' lang='lat' dir='ltr'>praenuntiato</span> 
     </span>
     <span class='ocr_line' id='line_1_9' title="bbox 153 717 982 771; baseline -0.006 -8"><span class='ocrx_word' id='word_1_41' title='bbox 153 721 307 763; x_wconf 89' lang='lat' dir='ltr'>mortis</span> <span class='ocrx_word' id='word_1_42' title='bbox 344 720 432 770; x_wconf 91' lang='lat' dir='ltr'>die,</span> <span class='ocrx_word' id='word_1_43' title='bbox 477 719 659 771; x_wconf 79' lang='lat' dir='ltr'>cupiens</span> <span class='ocrx_word' id='word_1_44' title='bbox 696 717 894 767; x_wconf 90' lang='lat' dir='ltr'>dissolvi,</span> <span class='ocrx_word' id='word_1_45' title='bbox 939 723 982 759; x_wconf 90' lang='lat' dir='ltr'>et</span> 
     </span>
     <span class='ocr_line' id='line_1_10' title="bbox 154 773 980 827; baseline -0.007 -7"><span class='ocrx_word' id='word_1_46' title='bbox 154 790 252 820; x_wconf 89' lang='lat' dir='ltr'>esse</span> <span class='ocrx_word' id='word_1_47' title='bbox 279 790 379 819; x_wconf 93' lang='lat' dir='ltr'>cum</span> <span class='ocrx_word' id='word_1_48' title='bbox 398 777 590 826; x_wconf 89' lang='lat' dir='ltr'>Christo,</span> <span class='ocrx_word' id='word_1_49' title='bbox 611 774 877 827; x_wconf 90' lang='lat' dir='ltr'>Ulyssipone</span> <span class='ocrx_word' id='word_1_50' title='bbox 896 773 980 815; x_wconf 88' lang='lat' dir='ltr'>dis-</span> 
     </span>
     <span class='ocr_line' id='line_1_11' title="bbox 155 831 980 883; baseline -0.007 -7"><span class='ocrx_word' id='word_1_51' title='bbox 155 834 286 876; x_wconf 89' lang='lat' dir='ltr'>cessit</span> <span class='ocrx_word' id='word_1_52' title='bbox 311 846 335 875; x_wconf 92' lang='lat' dir='ltr'>e</span> <span class='ocrx_word' id='word_1_53' title='bbox 360 834 468 883; x_wconf 88' lang='lat' dir='ltr'>vita,</span> <span class='ocrx_word' id='word_1_54' title='bbox 497 832 568 874; x_wconf 92' lang='lat' dir='ltr'>die</span> <span class='ocrx_word' id='word_1_55' title='bbox 594 831 805 882; x_wconf 90' lang='lat' dir='ltr'>vigesima</span> <span class='ocrx_word' id='word_1_56' title='bbox 830 834 980 872; x_wconf 81' lang='lat' dir='ltr'>secun-</span> 
     </span>
     <span class='ocr_line' id='line_1_12' title="bbox 154 889 981 941; baseline -0.006 -8"><span class='ocrx_word' id='word_1_57' title='bbox 154 890 211 933; x_wconf 92' lang='lat' dir='ltr'>da</span> <span class='ocrx_word' id='word_1_58' title='bbox 228 891 253 932; x_wconf 85' lang='lat' dir='ltr'><strong>J</strong></span> <span class='ocrx_word' id='word_1_59' title='bbox 255 890 348 941; x_wconf 79' lang='lat' dir='ltr'>ulii,</span> <span class='ocrx_word' id='word_1_60' title='bbox 373 903 486 932; x_wconf 89' lang='lat' dir='ltr'>anno</span> <span class='ocrx_word' id='word_1_61' title='bbox 506 889 738 931; x_wconf 83' lang='lat' dir='ltr'>millesimo</span> <span class='ocrx_word' id='word_1_62' title='bbox 760 890 981 929; x_wconf 84' lang='lat' dir='ltr'>sexcente-</span> 
     </span>
     <span class='ocr_line' id='line_1_13' title="bbox 154 945 982 997; baseline -0.006 -8"><span class='ocrx_word' id='word_1_63' title='bbox 154 948 263 989; x_wconf 91' lang='lat' dir='ltr'>simo</span> <span class='ocrx_word' id='word_1_64' title='bbox 284 947 454 989; x_wconf 90' lang='lat' dir='ltr'>decimo</span> <span class='ocrx_word' id='word_1_65' title='bbox 475 958 602 987; x_wconf 88' lang='lat' dir='ltr'>nono.</span> <span class='ocrx_word' id='word_1_66' title='bbox 631 946 772 996; x_wconf 92' lang='lat' dir='ltr'>Quam</span> <span class='ocrx_word' id='word_1_67' title='bbox 787 945 982 997; x_wconf 89' lang='lat' dir='ltr'>pretiosa</span> 
     </span>
     <span class='ocr_line' id='line_1_14' title="bbox 155 1002 982 1055; baseline -0.004 -11"><span class='ocrx_word' id='word_1_68' title='bbox 155 1004 286 1046; x_wconf 79' lang='lat' dir='ltr'>fuerit</span> <span class='ocrx_word' id='word_1_69' title='bbox 323 1004 367 1044; x_wconf 90' lang='lat' dir='ltr'>in</span> <span class='ocrx_word' id='word_1_70' title='bbox 405 1004 647 1055; x_wconf 91' lang='lat' dir='ltr'>conspectu</span> <span class='ocrx_word' id='word_1_71' title='bbox 677 1002 858 1043; x_wconf 90' lang='lat' dir='ltr'>Domini</span> <span class='ocrx_word' id='word_1_72' title='bbox 891 1002 982 1052; x_wconf 82' lang='lat' dir='ltr'>ejus</span> 
     </span>
     <span class='ocr_line' id='line_1_15' title="bbox 154 1058 982 1113; baseline -0.005 -11"><span class='ocrx_word' id='word_1_73' title='bbox 154 1073 291 1110; x_wconf 88' lang='lat' dir='ltr'>mors,</span> <span class='ocrx_word' id='word_1_74' title='bbox 319 1061 495 1113; x_wconf 89' lang='lat' dir='ltr'>patrata</span> <span class='ocrx_word' id='word_1_75' title='bbox 520 1071 609 1100; x_wconf 92' lang='lat' dir='ltr'>non</span> <span class='ocrx_word' id='word_1_76' title='bbox 627 1058 766 1100; x_wconf 94' lang='lat' dir='ltr'>multo</span> <span class='ocrx_word' id='word_1_77' title='bbox 785 1063 890 1111; x_wconf 92' lang='lat' dir='ltr'>post</span> <span class='ocrx_word' id='word_1_78' title='bbox 907 1058 982 1098; x_wconf 91' lang='lat' dir='ltr'>mi-</span> 
     </span>
     <span class='ocr_line' id='line_1_16' title="bbox 154 1114 982 1166; baseline -0.004 -8"><span class='ocrx_word' id='word_1_79' title='bbox 154 1116 303 1158; x_wconf 89' lang='lat' dir='ltr'>racula</span> <span class='ocrx_word' id='word_1_80' title='bbox 341 1116 631 1158; x_wconf 89' lang='lat' dir='ltr'>declararunt.</span> <span class='ocrx_word' id='word_1_81' title='bbox 695 1114 863 1166; x_wconf 82' lang='lat' dir='ltr'>Quibus</span> <span class='ocrx_word' id='word_1_82' title='bbox 900 1115 982 1156; x_wconf 91' lang='lat' dir='ltr'>rite</span> 
     </span>
     <span class='ocr_line' id='line_1_17' title="bbox 154 1172 981 1226; baseline -0.001 -11"><span class='ocrx_word' id='word_1_83' title='bbox 154 1172 364 1226; x_wconf 90' lang='lat' dir='ltr'>probatis,</span> <span class='ocrx_word' id='word_1_84' title='bbox 382 1173 486 1214; x_wconf 92' lang='lat' dir='ltr'>Pius</span> <span class='ocrx_word' id='word_1_85' title='bbox 505 1177 655 1214; x_wconf 81' lang='lat' dir='ltr'>sextus</span> <span class='ocrx_word' id='word_1_86' title='bbox 674 1172 878 1213; x_wconf 81' lang='lat' dir='ltr'>Pontifex</span> <span class='ocrx_word' id='word_1_87' title='bbox 892 1172 981 1214; x_wconf 84' lang='lat' dir='ltr'>Ma-</span> 
     </span>
     <span class='ocr_line' id='line_1_18' title="bbox 155 1227 982 1272; baseline -0.004 -1"><span class='ocrx_word' id='word_1_88' title='bbox 155 1230 297 1271; x_wconf 81' lang='lat' dir='ltr'>ximus</span> <span class='ocrx_word' id='word_1_89' title='bbox 331 1229 562 1272; x_wconf 91' lang='lat' dir='ltr'>beatorum</span> <span class='ocrx_word' id='word_1_90' title='bbox 596 1232 779 1271; x_wconf 83' lang='lat' dir='ltr'>numero</span> <span class='ocrx_word' id='word_1_91' title='bbox 810 1234 853 1270; x_wconf 95' lang='lat' dir='ltr'>et</span> <span class='ocrx_word' id='word_1_92' title='bbox 883 1227 982 1269; x_wconf 92' lang='lat' dir='ltr'>dein</span> 
     </span>
     <span class='ocr_line' id='line_1_19' title="bbox 156 1284 983 1328; baseline -0.004 0"><span class='ocrx_word' id='word_1_93' title='bbox 156 1286 247 1328; x_wconf 93' lang='lat' dir='ltr'>Leo</span> <span class='ocrx_word' id='word_1_94' title='bbox 287 1285 482 1328; x_wconf 89' lang='lat' dir='ltr'>decimus</span> <span class='ocrx_word' id='word_1_95' title='bbox 518 1286 675 1328; x_wconf 91' lang='lat' dir='ltr'>tertius</span> <span class='ocrx_word' id='word_1_96' title='bbox 717 1284 787 1327; x_wconf 93' lang='lat' dir='ltr'>die</span> <span class='ocrx_word' id='word_1_97' title='bbox 825 1287 983 1327; x_wconf 90' lang='lat' dir='ltr'>octavo</span> 
     </span>
     <span class='ocr_line' id='line_1_20' title="bbox 155 1342 984 1385; baseline -0.004 0"><span class='ocrx_word' id='word_1_98' title='bbox 155 1342 415 1385; x_wconf 89' lang='lat' dir='ltr'>Decembris</span> <span class='ocrx_word' id='word_1_99' title='bbox 455 1343 556 1384; x_wconf 90' lang='lat' dir='ltr'>anni</span> <span class='ocrx_word' id='word_1_100' title='bbox 594 1342 813 1384; x_wconf 90' lang='lat' dir='ltr'>millesimi</span> <span class='ocrx_word' id='word_1_101' title='bbox 850 1342 984 1384; x_wconf 90' lang='lat' dir='ltr'>octin-</span> 
     </span>
     <span class='ocr_line' id='line_1_21' title="bbox 155 1399 982 1452; baseline -0.002 -11"><span class='ocrx_word' id='word_1_102' title='bbox 155 1400 386 1451; x_wconf 90' lang='lat' dir='ltr'>gentesimi</span> <span class='ocrx_word' id='word_1_103' title='bbox 429 1399 688 1451; x_wconf 68' lang='lat' dir='ltr'>octogesimi</span> <span class='ocrx_word' id='word_1_104' title='bbox 722 1399 852 1452; x_wconf 91' lang='lat' dir='ltr'>primi</span> <span class='ocrx_word' id='word_1_105' title='bbox 889 1412 982 1440; x_wconf 88' lang='lat' dir='ltr'>san-</span> 
     </span>
     <span class='ocr_line' id='line_1_22' title="bbox 157 1455 984 1498; baseline -0.001 0"><span class='ocrx_word' id='word_1_106' title='bbox 157 1458 327 1498; x_wconf 87' lang='lat' dir='ltr'>ctorum</span> <span class='ocrx_word' id='word_1_107' title='bbox 362 1456 462 1498; x_wconf 92' lang='lat' dir='ltr'>albo</span> <span class='ocrx_word' id='word_1_108' title='bbox 498 1469 598 1498; x_wconf 93' lang='lat' dir='ltr'>eum</span> <span class='ocrx_word' id='word_1_109' title='bbox 630 1456 884 1498; x_wconf 90' lang='lat' dir='ltr'>solemniter</span> <span class='ocrx_word' id='word_1_110' title='bbox 911 1455 984 1497; x_wconf 90' lang='lat' dir='ltr'>ad-</span> 
     </span>
     <span class='ocr_line' id='line_1_23' title="bbox 156 1513 545 1567; baseline -0.005 -13"><span class='ocrx_word' id='word_1_111' title='bbox 156 1513 343 1566; x_wconf 83' lang='lat' dir='ltr'>scripsit.</span> <span class='ocrx_word' id='word_1_112' title='bbox 542 1564 545 1567; x_wconf 13' lang='grc' dir='ltr'><em>Α</em></span> 
     </span>
     <span class='ocr_line' id='line_1_24' title="bbox 208 1569 630 1624; baseline -0.005 -11"><span class='ocrx_word' id='word_1_113' title='bbox 208 1573 260 1624; x_wconf 73' lang='lat' dir='ltr'>R.</span> <span class='ocrx_word' id='word_1_114' title='bbox 277 1570 367 1611; x_wconf 89' lang='lat' dir='ltr'>Iste</span> <span class='ocrx_word' id='word_1_115' title='bbox 386 1569 530 1611; x_wconf 91' lang='lat' dir='ltr'>homo.</span> <span class='ocrx_word' id='word_1_116' title='bbox 550 1569 630 1622; x_wconf 86' lang='lat'>[72]</span> 
     </span>
    </p>
   </div>
   <div class='ocr_carea' id='block_1_3' title="bbox 371 1646 769 1687">
    <p class='ocr_par' dir='ltr' id='par_1_3' title="bbox 371 1646 769 1687">
     <span class='ocr_line' id='line_1_25' title="bbox 371 1646 769 1687; baseline 0 -1"><span class='ocrx_word' id='word_1_117' title='bbox 371 1647 420 1686; x_wconf 89' lang='lat' dir='ltr'>In</span> <span class='ocrx_word' id='word_1_118' title='bbox 447 1646 518 1686; x_wconf 89' lang='grc' dir='ltr'><strong>ΙΙΙ.</strong></span> <span class='ocrx_word' id='word_1_119' title='bbox 546 1646 769 1687; x_wconf 79' lang='lat' dir='ltr'>Nocturno,</span> 
     </span>
    </p>
   </div>
   <div class='ocr_carea' id='block_1_4' title="bbox 156 1708 985 1877">
    <p class='ocr_par' dir='ltr' id='par_1_4' title="bbox 156 1708 985 1877">
     <span class='ocr_line' id='line_1_26' title="bbox 156 1708 985 1761; baseline -0.004 -10"><span class='ocrx_word' id='word_1_120' title='bbox 156 1709 309 1751; x_wconf 88' lang='lat' dir='ltr'>Lectio</span> <span class='ocrx_word' id='word_1_121' title='bbox 334 1710 473 1752; x_wconf 89' lang='lat' dir='ltr'>sancti</span> <span class='ocrx_word' id='word_1_122' title='bbox 493 1709 720 1761; x_wconf 83' lang='lat' dir='ltr'>Evangelii</span> <span class='ocrx_word' id='word_1_123' title='bbox 743 1708 985 1750; x_wconf 80' lang='lat' dir='ltr'>secundum</span> 
     </span>
     <span class='ocr_line' id='line_1_27' title="bbox 213 1766 657 1817; baseline -0.005 -9"><span class='ocrx_word' id='word_1_124' title='bbox 213 1814 217 1817; x_wconf 23' lang='lat'><strong>¹</strong></span> <span class='ocrx_word' id='word_1_125' title='bbox 481 1766 657 1808; x_wconf 89' lang='lat' dir='ltr'>Lucam.</span> 
     </span>
     <span class='ocr_line' id='line_1_28' title="bbox 233 1824 905 1877; baseline -0.003 -11"><span class='ocrx_word' id='word_1_126' title='bbox 233 1824 386 1866; x_wconf 84' lang='lat' dir='ltr'>Lectio</span> <span class='ocrx_word' id='word_1_127' title='bbox 406 1825 476 1866; x_wconf 89' lang='lat' dir='ltr'>vii.</span> <span class='ocrx_word' id='word_1_128' title='bbox 749 1826 853 1877; x_wconf 90' lang='lat' dir='ltr'>Cap.</span> <span class='ocrx_word' id='word_1_129' title='bbox 869 1826 905 1865; x_wconf 86' lang='lat'>9.</span> 
     </span>
    </p>
   </div>
   <div class='ocr_carea' id='block_1_5' title="bbox 157 1888 984 2170">
    <p class='ocr_par' dir='ltr' id='par_1_5' title="bbox 203 1888 984 1942">
     <span class='ocr_line' id='line_1_29' title="bbox 203 1888 984 1942; baseline -0.001 -12"><span class='ocrx_word' id='word_1_130' title='bbox 203 1902 232 1930; x_wconf 91' lang='lat' dir='ltr'>n</span> <span class='ocrx_word' id='word_1_131' title='bbox 246 1888 322 1931; x_wconf 87' lang='lat' dir='ltr'>illo</span> <span class='ocrx_word' id='word_1_132' title='bbox 337 1891 555 1942; x_wconf 89' lang='lat' dir='ltr'>tempore:</span> <span class='ocrx_word' id='word_1_133' title='bbox 575 1889 841 1931; x_wconf 90' lang='lat' dir='ltr'>Convocatis</span> <span class='ocrx_word' id='word_1_134' title='bbox 856 1889 880 1930; x_wconf 91' lang='lat' dir='ltr'><strong>J</strong></span> <span class='ocrx_word' id='word_1_135' title='bbox 883 1901 984 1930; x_wconf 91' lang='lat' dir='ltr'>esus</span> 
     </span>
    </p>

    <p class='ocr_par' dir='ltr' id='par_1_6' title="bbox 157 1944 984 2170">
     <span class='ocr_line' id='line_1_30' title="bbox 221 1944 984 1999; baseline -0.003 -12"><span class='ocrx_word' id='word_1_136' title='bbox 221 1945 457 1988; x_wconf 82' lang='lat' dir='ltr'>duodecim</span> <span class='ocrx_word' id='word_1_137' title='bbox 475 1946 721 1999; x_wconf 91' lang='lat' dir='ltr'>Apostolis,</span> <span class='ocrx_word' id='word_1_138' title='bbox 752 1945 874 1987; x_wconf 88' lang='lat' dir='ltr'>dedit</span> <span class='ocrx_word' id='word_1_139' title='bbox 898 1944 984 1986; x_wconf 91' lang='lat' dir='ltr'>illis</span> 
     </span>
     <span class='ocr_line' id='line_1_31' title="bbox 157 2001 983 2056; baseline -0.001 -13"><span class='ocrx_word' id='word_1_140' title='bbox 157 2001 364 2044; x_wconf 78' lang='lat' dir='ltr'>virtutem</span> <span class='ocrx_word' id='word_1_141' title='bbox 396 2007 441 2045; x_wconf 92' lang='lat' dir='ltr'>et</span> <span class='ocrx_word' id='word_1_142' title='bbox 472 2005 741 2056; x_wconf 86' lang='lat' dir='ltr'>potestatem</span> <span class='ocrx_word' id='word_1_143' title='bbox 775 2014 908 2054; x_wconf 90' lang='lat' dir='ltr'>super</span> <span class='ocrx_word' id='word_1_144' title='bbox 941 2003 983 2042; x_wconf 94' lang='lat' dir='ltr'>o-</span> 
     </span>
     <span class='ocr_line' id='line_1_32' title="bbox 157 2058 984 2110; baseline -0.001 -11"><span class='ocrx_word' id='word_1_145' title='bbox 157 2058 273 2100; x_wconf 91' lang='lat' dir='ltr'>mnia</span> <span class='ocrx_word' id='word_1_146' title='bbox 311 2058 545 2110; x_wconf 87' lang='lat' dir='ltr'>daemonia,</span> <span class='ocrx_word' id='word_1_147' title='bbox 585 2064 630 2102; x_wconf 91' lang='lat' dir='ltr'>et</span> <span class='ocrx_word' id='word_1_148' title='bbox 666 2065 715 2101; x_wconf 93' lang='lat' dir='ltr'>ut</span> <span class='ocrx_word' id='word_1_149' title='bbox 750 2059 984 2109; x_wconf 84' lang='lat' dir='ltr'>languores</span> 
     </span>
     <span class='ocr_line' id='line_1_33' title="bbox 157 2116 656 2170; baseline 0.004 -14"><span class='ocrx_word' id='word_1_150' title='bbox 157 2117 371 2157; x_wconf 86' lang='lat' dir='ltr'>curarent.</span> <span class='ocrx_word' id='word_1_151' title='bbox 398 2117 456 2158; x_wconf 92' lang='lat' dir='ltr'>Et</span> <span class='ocrx_word' id='word_1_152' title='bbox 477 2116 656 2170; x_wconf 89' lang='lat' dir='ltr'>reliqua.</span> 
     </span>
    </p>
   </div>
   <div class='ocr_carea' id='block_1_6' title="bbox 164 2188 983 2416">
    <p class='ocr_par' dir='ltr' id='par_1_7' title="bbox 164 2188 983 2416">
     <span class='ocr_line' id='line_1_34' title="bbox 216 2188 927 2232; baseline 0.001 -3"><span class='ocrx_word' id='word_1_153' title='bbox 216 2188 407 2230; x_wconf 89' lang='lat' dir='ltr'>Homilia</span> <span class='ocrx_word' id='word_1_154' title='bbox 434 2190 574 2232; x_wconf 87' lang='lat' dir='ltr'>sancti</span> <span class='ocrx_word' id='word_1_155' title='bbox 601 2190 927 2232; x_wconf 83' lang='lat' dir='ltr'>Bonaventurae</span> 
     </span>
     <span class='ocr_line' id='line_1_35' title="bbox 459 2246 683 2299; baseline 0 -12"><span class='ocrx_word' id='word_1_156' title='bbox 459 2246 683 2299; x_wconf 90' lang='lat' dir='ltr'>Episcopi.</span> 
     </span>
     <span class='ocr_line' id='line_1_36' title="bbox 309 2307 836 2351; baseline -0.002 -10"><span class='ocrx_word' id='word_1_157' title='bbox 309 2307 485 2351; x_wconf 86' lang='lat' dir='ltr'>Exposit.</span> <span class='ocrx_word' id='word_1_158' title='bbox 511 2308 550 2341; x_wconf 94' lang='lat' dir='ltr'>in</span> <span class='ocrx_word' id='word_1_159' title='bbox 575 2307 667 2351; x_wconf 87' lang='lat' dir='ltr'>Cap.</span> <span class='ocrx_word' id='word_1_160' title='bbox 693 2308 724 2342; x_wconf 81' lang='lat'>9.</span> <span class='ocrx_word' id='word_1_161' title='bbox 748 2307 836 2341; x_wconf 93' lang='lat' dir='ltr'>Luc.</span> 
     </span>
     <span class='ocr_line' id='line_1_37' title="bbox 164 2359 983 2416; baseline -0.004 -14"><span class='ocrx_word' id='word_1_162' title='bbox 164 2365 225 2413; x_wconf 48' lang='lat' dir='ltr'>§L</span> <span class='ocrx_word' id='word_1_163' title='bbox 245 2371 292 2416; x_wconf 98' lang='lat'>3</span> <span class='ocrx_word' id='word_1_164' title='bbox 309 2359 472 2412; x_wconf 88' lang='lat' dir='ltr'>postoli</span> <span class='ocrx_word' id='word_1_165' title='bbox 498 2359 600 2402; x_wconf 92' lang='lat' dir='ltr'>ideo</span> <span class='ocrx_word' id='word_1_166' title='bbox 630 2359 841 2401; x_wconf 87' lang='lat' dir='ltr'>nominati</span> <span class='ocrx_word' id='word_1_167' title='bbox 870 2363 983 2408; x_wconf 92' lang='lat' dir='ltr'>sunt,</span> 
     </span>
    </p>
   </div>
   <div class='ocr_carea' id='block_1_7' title="bbox 168 2410 984 2459">
    <p class='ocr_par' dir='ltr' id='par_1_8' title="bbox 168 2410 984 2476">
     <span class='ocr_line' id='line_1_38' title="bbox 168 2410 984 2459; baseline -0.006 1"><span class='ocrx_word' id='word_1_168' title='bbox 168 2410 295 2438; x_wconf 60' lang='lat' dir='ltr'>&#39;s</span> <span class='ocrx_word' id='word_1_169' title='bbox 324 2421 372 2458; x_wconf 90' lang='lat' dir='ltr'>ut</span> <span class='ocrx_word' id='word_1_170' title='bbox 415 2418 567 2458; x_wconf 88' lang='lat' dir='ltr'>eorum</span> <span class='ocrx_word' id='word_1_171' title='bbox 603 2414 984 2459; x_wconf 81' lang='lat' dir='ltr'>commendaretur</span> 
     </span>
    </p>
   </div>
   <div class='ocr_carea' id='block_1_8' title="bbox 156 2471 984 2808">
    <p class='ocr_par' dir='ltr' id='par_1_9' title="bbox 156 2470 984 2808">
     <span class='ocr_line' id='line_1_39' title="bbox 325 2471 984 2525; baseline -0.004 -11.529"><span class='ocrx_word' id='word_1_172' title='bbox 325 2474 575 2514; x_wconf 84' lang='lat' dir='ltr'>auctoritas.</span> <span class='ocrx_word' id='word_1_173' title='bbox 603 2471 849 2525; x_wconf 83' lang='lat' dir='ltr'>Apostolus</span> <span class='ocrx_word' id='word_1_174' title='bbox 869 2471 984 2512; x_wconf 89' lang='lat' dir='ltr'>enim</span> 
     </span>
     <span class='ocr_line' id='line_1_40' title="bbox 156 2527 983 2582; baseline -0.001 -13"><span class='ocrx_word' id='word_1_175' title='bbox 156 2528 315 2570; x_wconf 88' lang='lat' dir='ltr'>missus</span> <span class='ocrx_word' id='word_1_176' title='bbox 337 2529 664 2582; x_wconf 83' lang='lat' dir='ltr'>interpretatur3</span> <span class='ocrx_word' id='word_1_177' title='bbox 690 2527 812 2569; x_wconf 90' lang='lat' dir='ltr'>missi</span> <span class='ocrx_word' id='word_1_178' title='bbox 837 2532 983 2568; x_wconf 92' lang='lat' dir='ltr'>autem</span> 
     </span>
     <span class='ocr_line' id='line_1_41' title="bbox 157 2583 983 2638; baseline 0 -14"><span class='ocrx_word' id='word_1_179' title='bbox 157 2584 330 2627; x_wconf 74' lang='lat' dir='ltr'>fuerant</span> <span class='ocrx_word' id='word_1_180' title='bbox 364 2584 421 2627; x_wconf 90' lang='lat' dir='ltr'>ad</span> <span class='ocrx_word' id='word_1_181' title='bbox 453 2583 800 2638; x_wconf 82' lang='lat' dir='ltr'>praedicandum,</span> <span class='ocrx_word' id='word_1_182' title='bbox 833 2587 983 2625; x_wconf 84' lang='lat' dir='ltr'>secun-</span> 
     </span>
     <span class='ocr_line' id='line_1_42' title="bbox 158 2639 983 2683; baseline -0.002 -1"><span class='ocrx_word' id='word_1_183' title='bbox 158 2639 263 2682; x_wconf 92' lang='lat' dir='ltr'>dum</span> <span class='ocrx_word' id='word_1_184' title='bbox 280 2640 403 2683; x_wconf 92' lang='lat' dir='ltr'>illud:</span> <span class='ocrx_word' id='word_1_185' title='bbox 430 2642 532 2683; x_wconf 91' lang='lat' dir='ltr'>Non</span> <span class='ocrx_word' id='word_1_186' title='bbox 554 2641 673 2682; x_wconf 91' lang='lat' dir='ltr'>misit</span> <span class='ocrx_word' id='word_1_187' title='bbox 695 2653 765 2682; x_wconf 89' lang='lat' dir='ltr'>me</span> <span class='ocrx_word' id='word_1_188' title='bbox 786 2639 983 2681; x_wconf 92' lang='lat' dir='ltr'>Christus</span> 
     </span>
     <span class='ocr_line' id='line_1_43' title="bbox 158 2696 983 2750; baseline -0.001 -12"><span class='ocrx_word' id='word_1_189' title='bbox 158 2697 400 2750; x_wconf 89' lang='lat' dir='ltr'>baptizare,</span> <span class='ocrx_word' id='word_1_190' title='bbox 433 2698 512 2740; x_wconf 92' lang='lat' dir='ltr'>sed</span> <span class='ocrx_word' id='word_1_191' title='bbox 545 2697 855 2748; x_wconf 86' lang='lat' dir='ltr'>evangelizare.</span> <span class='ocrx_word' id='word_1_192' title='bbox 902 2696 983 2737; x_wconf 86' lang='lat' dir='ltr'>Fu-</span> 
     </span>
     <span class='ocr_line' id='line_1_44' title="bbox 159 2753 984 2808; baseline -0.002 -12"><span class='ocrx_word' id='word_1_193' title='bbox 159 2755 285 2796; x_wconf 87' lang='lat' dir='ltr'>erunt</span> <span class='ocrx_word' id='word_1_194' title='bbox 303 2754 360 2796; x_wconf 92' lang='lat' dir='ltr'>ad</span> <span class='ocrx_word' id='word_1_195' title='bbox 382 2753 715 2808; x_wconf 85' lang='lat' dir='ltr'>praedicandum</span> <span class='ocrx_word' id='word_1_196' title='bbox 734 2753 872 2803; x_wconf 89' lang='lat' dir='ltr'>missi,</span> <span class='ocrx_word' id='word_1_197' title='bbox 895 2765 984 2794; x_wconf 92' lang='lat' dir='ltr'>non</span> 
     </span>
    </p>
   </div>
   <div class='ocr_carea' id='block_1_9' title="bbox 1767 222 1858 267">
    <p class='ocr_par' dir='ltr' id='par_1_10' title="bbox 1767 222 1858 267">
     <span class='ocr_line' id='line_1_45' title="bbox 1767 222 1858 267; baseline -0.011 0"><span class='ocrx_word' id='word_1_198' title='bbox 1767 222 1858 267; x_wconf 85' lang='lat'>[327]</span> 
     </span>
    </p>
   </div>
   <div class='ocr_carea' id='block_1_10' title="bbox 1032 319 1899 2794">
    <p class='ocr_par' dir='ltr' id='par_1_11' title="bbox 1032 319 1899 2794">
     <span class='ocr_line' id='line_1_46' title="bbox 1032 319 1860 374; baseline -0.004 -11"><span class='ocrx_word' id='word_1_199' title='bbox 1032 335 1125 363; x_wconf 92' lang='lat' dir='ltr'>rem</span> <span class='ocrx_word' id='word_1_200' title='bbox 1143 334 1340 374; x_wconf 84' lang='lat' dir='ltr'>parvam,</span> <span class='ocrx_word' id='word_1_201' title='bbox 1359 319 1439 362; x_wconf 93' lang='lat' dir='ltr'>sed</span> <span class='ocrx_word' id='word_1_202' title='bbox 1456 333 1672 370; x_wconf 89' lang='lat' dir='ltr'>magnam,</span> <span class='ocrx_word' id='word_1_203' title='bbox 1693 319 1860 361; x_wconf 90' lang='lat' dir='ltr'>scilicet</span> 
     </span>
     <span class='ocr_line' id='line_1_47' title="bbox 1033 375 1858 429; baseline -0.004 -10"><span class='ocrx_word' id='word_1_204' title='bbox 1033 391 1214 429; x_wconf 88' lang='lat' dir='ltr'>regnum</span> <span class='ocrx_word' id='word_1_205' title='bbox 1240 377 1339 427; x_wconf 93' lang='lat' dir='ltr'>Dei,</span> <span class='ocrx_word' id='word_1_206' title='bbox 1366 389 1446 429; x_wconf 92' lang='lat' dir='ltr'>per</span> <span class='ocrx_word' id='word_1_207' title='bbox 1475 375 1595 428; x_wconf 90' lang='lat' dir='ltr'>quod</span> <span class='ocrx_word' id='word_1_208' title='bbox 1622 380 1772 428; x_wconf 91' lang='lat' dir='ltr'>potest</span> <span class='ocrx_word' id='word_1_209' title='bbox 1799 376 1858 416; x_wconf 93' lang='lat' dir='ltr'>in-</span> 
     </span>
     <span class='ocr_line' id='line_1_48' title="bbox 1032 431 1859 485; baseline -0.002 -10"><span class='ocrx_word' id='word_1_210' title='bbox 1032 434 1170 485; x_wconf 89' lang='lat' dir='ltr'>telligi</span> <span class='ocrx_word' id='word_1_211' title='bbox 1197 433 1398 475; x_wconf 90' lang='lat' dir='ltr'>doctrina</span> <span class='ocrx_word' id='word_1_212' title='bbox 1425 433 1639 483; x_wconf 89' lang='lat' dir='ltr'>veritatis,</span> <span class='ocrx_word' id='word_1_213' title='bbox 1667 433 1786 484; x_wconf 83' lang='lat' dir='ltr'>juxta</span> <span class='ocrx_word' id='word_1_214' title='bbox 1812 431 1859 472; x_wconf 88' lang='lat' dir='ltr'>il-</span> 
     </span>
     <span class='ocr_line' id='line_1_49' title="bbox 1033 488 1860 540; baseline -0.004 -8"><span class='ocrx_word' id='word_1_215' title='bbox 1033 490 1124 532; x_wconf 93' lang='lat' dir='ltr'>lud:</span> <span class='ocrx_word' id='word_1_216' title='bbox 1141 490 1375 532; x_wconf 85' lang='lat' dir='ltr'>Auferetur</span> <span class='ocrx_word' id='word_1_217' title='bbox 1389 503 1413 530; x_wconf 92' lang='lat' dir='ltr'>a</span> <span class='ocrx_word' id='word_1_218' title='bbox 1428 488 1554 531; x_wconf 90' lang='lat' dir='ltr'>vobis</span> <span class='ocrx_word' id='word_1_219' title='bbox 1568 502 1751 540; x_wconf 90' lang='lat' dir='ltr'>regnum</span> <span class='ocrx_word' id='word_1_220' title='bbox 1764 488 1860 538; x_wconf 89' lang='lat' dir='ltr'>Dei,</span> 
     </span>
     <span class='ocr_line' id='line_1_50' title="bbox 1034 545 1887 597; baseline -0.004 -8"><span class='ocrx_word' id='word_1_221' title='bbox 1034 552 1078 589; x_wconf 90' lang='lat' dir='ltr'>et</span> <span class='ocrx_word' id='word_1_222' title='bbox 1116 546 1288 588; x_wconf 92' lang='lat' dir='ltr'>dabitur</span> <span class='ocrx_word' id='word_1_223' title='bbox 1325 546 1444 597; x_wconf 91' lang='lat' dir='ltr'>genti</span> <span class='ocrx_word' id='word_1_224' title='bbox 1480 546 1656 587; x_wconf 88' lang='lat' dir='ltr'>facienti</span> <span class='ocrx_word' id='word_1_225' title='bbox 1691 545 1860 587; x_wconf 90' lang='lat' dir='ltr'>fructus</span> <span class='ocrx_word' id='word_1_226' title='bbox 1876 548 1887 558; x_wconf 44' lang='lat'><strong>³</strong></span> 
     </span>
     <span class='ocr_line' id='line_1_51' title="bbox 1034 602 1859 655; baseline -0.002 -11"><span class='ocrx_word' id='word_1_227' title='bbox 1034 604 1135 655; x_wconf 88' lang='lat' dir='ltr'>ejus.</span> <span class='ocrx_word' id='word_1_228' title='bbox 1171 603 1325 644; x_wconf 91' lang='lat' dir='ltr'>Potest</span> <span class='ocrx_word' id='word_1_229' title='bbox 1349 603 1479 644; x_wconf 91' lang='lat' dir='ltr'>etiam</span> <span class='ocrx_word' id='word_1_230' title='bbox 1503 602 1589 644; x_wconf 90' lang='lat' dir='ltr'>dici</span> <span class='ocrx_word' id='word_1_231' title='bbox 1608 602 1747 652; x_wconf 89' lang='lat' dir='ltr'>gratia</span> <span class='ocrx_word' id='word_1_232' title='bbox 1768 602 1859 654; x_wconf 89' lang='lat' dir='ltr'>Spi-</span> 
     </span>
     <span class='ocr_line' id='line_1_52' title="bbox 1033 658 1861 707; baseline -0.004 -6"><span class='ocrx_word' id='word_1_233' title='bbox 1033 660 1142 701; x_wconf 91' lang='lat' dir='ltr'>ritus</span> <span class='ocrx_word' id='word_1_234' title='bbox 1163 659 1319 707; x_wconf 91' lang='lat' dir='ltr'>sancti,</span> <span class='ocrx_word' id='word_1_235' title='bbox 1351 658 1592 700; x_wconf 78' lang='lat' dir='ltr'>secundum</span> <span class='ocrx_word' id='word_1_236' title='bbox 1610 658 1732 699; x_wconf 91' lang='lat' dir='ltr'>illud:</span> <span class='ocrx_word' id='word_1_237' title='bbox 1759 658 1861 700; x_wconf 93' lang='lat' dir='ltr'>Non</span> 
     </span>
     <span class='ocr_line' id='line_1_53' title="bbox 1035 714 1861 767; baseline -0.002 -10"><span class='ocrx_word' id='word_1_238' title='bbox 1035 721 1102 757; x_wconf 90' lang='lat' dir='ltr'>est</span> <span class='ocrx_word' id='word_1_239' title='bbox 1119 727 1303 766; x_wconf 89' lang='lat' dir='ltr'>regnum</span> <span class='ocrx_word' id='word_1_240' title='bbox 1321 714 1405 756; x_wconf 92' lang='lat' dir='ltr'>Dei</span> <span class='ocrx_word' id='word_1_241' title='bbox 1425 727 1525 756; x_wconf 90' lang='lat' dir='ltr'>esca</span> <span class='ocrx_word' id='word_1_242' title='bbox 1545 719 1589 756; x_wconf 93' lang='lat' dir='ltr'>et</span> <span class='ocrx_word' id='word_1_243' title='bbox 1609 719 1757 767; x_wconf 91' lang='lat' dir='ltr'>potus,</span> <span class='ocrx_word' id='word_1_244' title='bbox 1781 714 1861 755; x_wconf 91' lang='lat' dir='ltr'>sed</span> 
     </span>
     <span class='ocr_line' id='line_1_54' title="bbox 1034 770 1860 824; baseline -0.004 -11"><span class='ocrx_word' id='word_1_245' title='bbox 1034 773 1212 824; x_wconf 90' lang='lat' dir='ltr'>justitia,</span> <span class='ocrx_word' id='word_1_246' title='bbox 1233 776 1275 813; x_wconf 93' lang='lat' dir='ltr'>et</span> <span class='ocrx_word' id='word_1_247' title='bbox 1294 784 1396 823; x_wconf 83' lang='lat' dir='ltr'>pax,</span> <span class='ocrx_word' id='word_1_248' title='bbox 1417 776 1460 812; x_wconf 91' lang='lat' dir='ltr'>et</span> <span class='ocrx_word' id='word_1_249' title='bbox 1479 770 1687 821; x_wconf 79' lang='lat' dir='ltr'>gaudium</span> <span class='ocrx_word' id='word_1_250' title='bbox 1704 770 1748 810; x_wconf 92' lang='lat' dir='ltr'>in</span> <span class='ocrx_word' id='word_1_251' title='bbox 1767 771 1860 823; x_wconf 88' lang='lat' dir='ltr'>Spi-</span> 
     </span>
     <span class='ocr_line' id='line_1_55' title="bbox 1033 827 1862 878; baseline -0.004 -8"><span class='ocrx_word' id='word_1_252' title='bbox 1033 829 1120 870; x_wconf 90' lang='lat' dir='ltr'>ritu</span> <span class='ocrx_word' id='word_1_253' title='bbox 1140 834 1310 878; x_wconf 84' lang='lat' dir='ltr'>sancto;</span> <span class='ocrx_word' id='word_1_254' title='bbox 1335 833 1378 869; x_wconf 93' lang='lat' dir='ltr'>et</span> <span class='ocrx_word' id='word_1_255' title='bbox 1397 827 1523 868; x_wconf 90' lang='lat' dir='ltr'>infra:</span> <span class='ocrx_word' id='word_1_256' title='bbox 1546 828 1660 868; x_wconf 88' lang='lat' dir='ltr'>Ecce</span> <span class='ocrx_word' id='word_1_257' title='bbox 1680 839 1862 877; x_wconf 90' lang='lat' dir='ltr'>regnum</span> 
     </span>
     <span class='ocr_line' id='line_1_56' title="bbox 1034 883 1862 927; baseline -0.005 0"><span class='ocrx_word' id='word_1_258' title='bbox 1034 886 1118 927; x_wconf 92' lang='lat' dir='ltr'>Dei</span> <span class='ocrx_word' id='word_1_259' title='bbox 1148 886 1261 926; x_wconf 92' lang='lat' dir='ltr'>intra</span> <span class='ocrx_word' id='word_1_260' title='bbox 1292 897 1372 926; x_wconf 87' lang='lat' dir='ltr'>vos</span> <span class='ocrx_word' id='word_1_261' title='bbox 1405 889 1482 925; x_wconf 88' lang='lat' dir='ltr'>est.</span> <span class='ocrx_word' id='word_1_262' title='bbox 1543 884 1698 925; x_wconf 89' lang='lat' dir='ltr'>Potest</span> <span class='ocrx_word' id='word_1_263' title='bbox 1732 883 1862 925; x_wconf 89' lang='lat' dir='ltr'>etiam</span> 
     </span>
     <span class='ocr_line' id='line_1_57' title="bbox 1036 939 1861 994; baseline -0.004 -11"><span class='ocrx_word' id='word_1_264' title='bbox 1036 942 1121 984; x_wconf 91' lang='lat' dir='ltr'>dici</span> <span class='ocrx_word' id='word_1_265' title='bbox 1165 942 1307 994; x_wconf 87' lang='lat' dir='ltr'>gloria</span> <span class='ocrx_word' id='word_1_266' title='bbox 1353 943 1533 990; x_wconf 83' lang='lat' dir='ltr'>aeterna,</span> <span class='ocrx_word' id='word_1_267' title='bbox 1577 942 1695 992; x_wconf 79' lang='lat' dir='ltr'>juxta</span> <span class='ocrx_word' id='word_1_268' title='bbox 1738 939 1861 981; x_wconf 88' lang='lat' dir='ltr'>illud:</span> 
     </span>
     <span class='ocr_line' id='line_1_58' title="bbox 1034 997 1861 1049; baseline -0.005 -8"><span class='ocrx_word' id='word_1_269' title='bbox 1034 1000 1176 1041; x_wconf 90' lang='lat' dir='ltr'>Amen</span> <span class='ocrx_word' id='word_1_270' title='bbox 1194 997 1294 1040; x_wconf 92' lang='lat' dir='ltr'>dico</span> <span class='ocrx_word' id='word_1_271' title='bbox 1310 998 1447 1047; x_wconf 87' lang='lat' dir='ltr'>vobis,</span> <span class='ocrx_word' id='word_1_272' title='bbox 1465 997 1549 1038; x_wconf 89' lang='lat' dir='ltr'>nisi</span> <span class='ocrx_word' id='word_1_273' title='bbox 1568 997 1665 1049; x_wconf 89' lang='lat' dir='ltr'>quis</span> <span class='ocrx_word' id='word_1_274' title='bbox 1684 998 1861 1037; x_wconf 89' lang='lat' dir='ltr'>renatus</span> 
     </span>
     <span class='ocr_line' id='line_1_59' title="bbox 1035 1052 1862 1107; baseline -0.004 -11"><span class='ocrx_word' id='word_1_275' title='bbox 1035 1056 1166 1097; x_wconf 85' lang='lat' dir='ltr'>fuerit</span> <span class='ocrx_word' id='word_1_276' title='bbox 1200 1068 1254 1096; x_wconf 79' lang='lat' dir='ltr'>ex</span> <span class='ocrx_word' id='word_1_277' title='bbox 1286 1067 1402 1107; x_wconf 92' lang='lat' dir='ltr'>aqua</span> <span class='ocrx_word' id='word_1_278' title='bbox 1430 1059 1472 1095; x_wconf 93' lang='lat' dir='ltr'>et</span> <span class='ocrx_word' id='word_1_279' title='bbox 1500 1052 1664 1106; x_wconf 86' lang='lat' dir='ltr'>Spiritu</span> <span class='ocrx_word' id='word_1_280' title='bbox 1693 1057 1862 1101; x_wconf 90' lang='lat' dir='ltr'>sancto,</span> 
     </span>
     <span class='ocr_line' id='line_1_60' title="bbox 1035 1108 1862 1164; baseline -0.006 -11"><span class='ocrx_word' id='word_1_281' title='bbox 1035 1125 1123 1153; x_wconf 91' lang='lat' dir='ltr'>non</span> <span class='ocrx_word' id='word_1_282' title='bbox 1142 1116 1292 1164; x_wconf 94' lang='lat' dir='ltr'>potest</span> <span class='ocrx_word' id='word_1_283' title='bbox 1311 1111 1490 1152; x_wconf 90' lang='lat' dir='ltr'>introire</span> <span class='ocrx_word' id='word_1_284' title='bbox 1509 1110 1553 1150; x_wconf 91' lang='lat' dir='ltr'>in</span> <span class='ocrx_word' id='word_1_285' title='bbox 1571 1122 1754 1159; x_wconf 90' lang='lat' dir='ltr'>regnum</span> <span class='ocrx_word' id='word_1_286' title='bbox 1769 1108 1862 1149; x_wconf 92' lang='lat' dir='ltr'>Dei.</span> 
     </span>
     <span class='ocr_line' id='line_1_61' title="bbox 1089 1170 1863 1224; baseline -0.004 -11"><span class='ocrx_word' id='word_1_287' title='bbox 1089 1174 1139 1224; x_wconf 68' lang='lat' dir='ltr'>R.</span> <span class='ocrx_word' id='word_1_288' title='bbox 1169 1174 1259 1214; x_wconf 90' lang='lat' dir='ltr'>Iste</span> <span class='ocrx_word' id='word_1_289' title='bbox 1286 1177 1353 1214; x_wconf 90' lang='lat' dir='ltr'>est</span> <span class='ocrx_word' id='word_1_290' title='bbox 1380 1172 1454 1223; x_wconf 93' lang='lat' dir='ltr'>qui</span> <span class='ocrx_word' id='word_1_291' title='bbox 1479 1175 1579 1212; x_wconf 91' lang='lat' dir='ltr'>ante</span> <span class='ocrx_word' id='word_1_292' title='bbox 1607 1170 1751 1211; x_wconf 90' lang='lat' dir='ltr'>Deum</span> <span class='ocrx_word' id='word_1_293' title='bbox 1776 1182 1863 1210; x_wconf 90' lang='lat' dir='ltr'>ma-</span> 
     </span>
     <span class='ocr_line' id='line_1_62' title="bbox 1035 1225 1864 1280; baseline -0.002 -11"><span class='ocrx_word' id='word_1_294' title='bbox 1035 1242 1143 1280; x_wconf 87' lang='lat' dir='ltr'>gnas</span> <span class='ocrx_word' id='word_1_295' title='bbox 1168 1230 1351 1271; x_wconf 83' lang='lat' dir='ltr'>virtutes</span> <span class='ocrx_word' id='word_1_296' title='bbox 1382 1229 1591 1280; x_wconf 90' lang='lat' dir='ltr'>operatus</span> <span class='ocrx_word' id='word_1_297' title='bbox 1620 1231 1703 1276; x_wconf 87' lang='lat' dir='ltr'>est,</span> <span class='ocrx_word' id='word_1_298' title='bbox 1737 1230 1781 1267; x_wconf 94' lang='lat' dir='ltr'>et</span> <span class='ocrx_word' id='word_1_299' title='bbox 1809 1225 1864 1267; x_wconf 92' lang='lat' dir='ltr'>de</span> 
     </span>
     <span class='ocr_line' id='line_1_63' title="bbox 1037 1282 1863 1327; baseline -0.006 0"><span class='ocrx_word' id='word_1_300' title='bbox 1037 1286 1153 1327; x_wconf 91' lang='lat' dir='ltr'>omni</span> <span class='ocrx_word' id='word_1_301' title='bbox 1192 1284 1326 1327; x_wconf 90' lang='lat' dir='ltr'>corde</span> <span class='ocrx_word' id='word_1_302' title='bbox 1366 1297 1446 1326; x_wconf 92' lang='lat' dir='ltr'>suo</span> <span class='ocrx_word' id='word_1_303' title='bbox 1483 1283 1682 1325; x_wconf 83' lang='lat' dir='ltr'>laudavit</span> <span class='ocrx_word' id='word_1_304' title='bbox 1715 1282 1863 1323; x_wconf 88' lang='lat' dir='ltr'>Domi-</span> 
     </span>
     <span class='ocr_line' id='line_1_64' title="bbox 1037 1340 1862 1394; baseline -0.005 -10"><span class='ocrx_word' id='word_1_305' title='bbox 1037 1356 1156 1384; x_wconf 91' lang='lat' dir='ltr'>num:</span> <span class='ocrx_word' id='word_1_306' title='bbox 1177 1344 1197 1367; x_wconf 89' lang='lat'>*</span> <span class='ocrx_word' id='word_1_307' title='bbox 1213 1343 1315 1394; x_wconf 88' lang='lat' dir='ltr'>Ipse</span> <span class='ocrx_word' id='word_1_308' title='bbox 1339 1340 1582 1383; x_wconf 88' lang='lat' dir='ltr'>intercedat</span> <span class='ocrx_word' id='word_1_309' title='bbox 1608 1352 1690 1392; x_wconf 91' lang='lat' dir='ltr'>pro</span> <span class='ocrx_word' id='word_1_310' title='bbox 1709 1341 1862 1392; x_wconf 92' lang='lat' dir='ltr'>pecca-</span> 
     </span>
     <span class='ocr_line' id='line_1_65' title="bbox 1036 1390 1863 1450; baseline -0.004 -10"><span class='ocrx_word' id='word_1_311' title='bbox 1036 1399 1094 1441; x_wconf 89' lang='lat' dir='ltr'>tis</span> <span class='ocrx_word' id='word_1_312' title='bbox 1118 1399 1317 1448; x_wconf 49' lang='lat' dir='ltr'>¹omnium</span> <span class='ocrx_word' id='word_1_313' title='bbox 1343 1397 1619 1450; x_wconf 92' lang='lat' dir='ltr'>populorum.</span> <span class='ocrx_word' id='word_1_314' title='bbox 1660 1390 1708 1441; x_wconf 64' lang='lat' dir='ltr'>V.</span> <span class='ocrx_word' id='word_1_315' title='bbox 1746 1395 1863 1437; x_wconf 88' lang='lat' dir='ltr'>Ecce</span> 
     </span>
     <span class='ocr_line' id='line_1_66' title="bbox 1035 1452 1862 1506; baseline -0.006 -9"><span class='ocrx_word' id='word_1_316' title='bbox 1035 1455 1168 1497; x_wconf 92' lang='lat' dir='ltr'>homo</span> <span class='ocrx_word' id='word_1_317' title='bbox 1192 1456 1284 1496; x_wconf 92' lang='lat' dir='ltr'>sine</span> <span class='ocrx_word' id='word_1_318' title='bbox 1309 1454 1501 1506; x_wconf 89' lang='lat' dir='ltr'>querela,</span> <span class='ocrx_word' id='word_1_319' title='bbox 1526 1466 1656 1495; x_wconf 89' lang='lat' dir='ltr'>verus</span> <span class='ocrx_word' id='word_1_320' title='bbox 1674 1453 1758 1493; x_wconf 91' lang='lat' dir='ltr'>Dei</span> <span class='ocrx_word' id='word_1_321' title='bbox 1777 1452 1862 1493; x_wconf 92' lang='lat' dir='ltr'>cul-</span> 
     </span>
     <span class='ocr_line' id='line_1_67' title="bbox 1036 1509 1863 1562; baseline -0.005 -9"><span class='ocrx_word' id='word_1_322' title='bbox 1036 1518 1122 1562; x_wconf 85' lang='lat' dir='ltr'>tor,</span> <span class='ocrx_word' id='word_1_323' title='bbox 1158 1511 1382 1553; x_wconf 76' lang='lat' dir='ltr'>abstinens</span> <span class='ocrx_word' id='word_1_324' title='bbox 1416 1523 1462 1552; x_wconf 92' lang='lat' dir='ltr'>se</span> <span class='ocrx_word' id='word_1_325' title='bbox 1493 1510 1548 1552; x_wconf 90' lang='lat' dir='ltr'>ab</span> <span class='ocrx_word' id='word_1_326' title='bbox 1582 1509 1700 1550; x_wconf 89' lang='lat' dir='ltr'>omni</span> <span class='ocrx_word' id='word_1_327' title='bbox 1729 1510 1863 1560; x_wconf 92' lang='lat' dir='ltr'>opere</span> 
     </span>
     <span class='ocr_line' id='line_1_68' title="bbox 1036 1564 1863 1620; baseline -0.005 -11"><span class='ocrx_word' id='word_1_328' title='bbox 1036 1569 1171 1619; x_wconf 91' lang='lat' dir='ltr'>malo,</span> <span class='ocrx_word' id='word_1_329' title='bbox 1200 1573 1243 1610; x_wconf 92' lang='lat' dir='ltr'>et</span> <span class='ocrx_word' id='word_1_330' title='bbox 1265 1570 1525 1620; x_wconf 89' lang='lat' dir='ltr'>permanens</span> <span class='ocrx_word' id='word_1_331' title='bbox 1548 1566 1591 1607; x_wconf 91' lang='lat' dir='ltr'>in</span> <span class='ocrx_word' id='word_1_332' title='bbox 1615 1564 1863 1606; x_wconf 90' lang='lat' dir='ltr'>innocentia</span> 
     </span>
     <span class='ocr_line' id='line_1_69' title="bbox 1038 1626 1274 1678; baseline -0.008 -11"><span class='ocrx_word' id='word_1_333' title='bbox 1038 1638 1126 1667; x_wconf 89' lang='lat' dir='ltr'>sua.</span> <span class='ocrx_word' id='word_1_334' title='bbox 1160 1626 1274 1678; x_wconf 90' lang='lat' dir='ltr'>Ipse.</span> 
     </span>
     <span class='ocr_line' id='line_1_70' title="bbox 1326 1675 1580 1717; baseline -0.016 0"><span class='ocrx_word' id='word_1_335' title='bbox 1326 1676 1475 1717; x_wconf 88' lang='lat' dir='ltr'>Lectio</span> <span class='ocrx_word' id='word_1_336' title='bbox 1498 1675 1580 1714; x_wconf 82' lang='lat' dir='ltr'>viii.</span> 
     </span>
     <span class='ocr_line' id='line_1_71' title="bbox 1121 1730 1864 1783; baseline -0.005 -8"><span class='ocrx_word' id='word_1_337' title='bbox 1121 1734 1295 1776; x_wconf 92' lang='lat' dir='ltr'>mnibus</span> <span class='ocrx_word' id='word_1_338' title='bbox 1346 1733 1415 1774; x_wconf 92' lang='lat' dir='ltr'>his</span> <span class='ocrx_word' id='word_1_339' title='bbox 1463 1730 1607 1774; x_wconf 91' lang='lat' dir='ltr'>modis</span> <span class='ocrx_word' id='word_1_340' title='bbox 1657 1730 1864 1783; x_wconf 91' lang='lat' dir='ltr'>Apostoli</span> 
     </span>
     <span class='ocr_line' id='line_1_72' title="bbox 1141 1788 1864 1842; baseline -0.007 -10"><span class='ocrx_word' id='word_1_341' title='bbox 1141 1796 1242 1832; x_wconf 94' lang='lat' dir='ltr'>sunt</span> <span class='ocrx_word' id='word_1_342' title='bbox 1266 1790 1388 1831; x_wconf 92' lang='lat' dir='ltr'>missi</span> <span class='ocrx_word' id='word_1_343' title='bbox 1413 1788 1657 1842; x_wconf 83' lang='lat' dir='ltr'>praedicare</span> <span class='ocrx_word' id='word_1_344' title='bbox 1683 1800 1864 1838; x_wconf 89' lang='lat' dir='ltr'>regnum</span> 
     </span>
     <span class='ocr_line' id='line_1_73' title="bbox 1037 1843 1863 1897; baseline -0.007 -8"><span class='ocrx_word' id='word_1_345' title='bbox 1037 1848 1137 1897; x_wconf 86' lang='lat' dir='ltr'>Dei,</span> <span class='ocrx_word' id='word_1_346' title='bbox 1164 1847 1330 1889; x_wconf 90' lang='lat' dir='ltr'>scilicet</span> <span class='ocrx_word' id='word_1_347' title='bbox 1350 1859 1500 1888; x_wconf 88' lang='lat' dir='ltr'>veram</span> <span class='ocrx_word' id='word_1_348' title='bbox 1519 1844 1778 1891; x_wconf 89' lang='lat' dir='ltr'>doctrinam,</span> <span class='ocrx_word' id='word_1_349' title='bbox 1804 1843 1863 1885; x_wconf 94' lang='lat' dir='ltr'>di-</span> 
     </span>
     <span class='ocr_line' id='line_1_74' title="bbox 1038 1899 1862 1955; baseline -0.005 -11"><span class='ocrx_word' id='word_1_350' title='bbox 1038 1907 1184 1945; x_wconf 88' lang='lat' dir='ltr'>vinam</span> <span class='ocrx_word' id='word_1_351' title='bbox 1208 1904 1410 1955; x_wconf 80' lang='lat' dir='ltr'>gratiam,</span> <span class='ocrx_word' id='word_1_352' title='bbox 1436 1907 1479 1944; x_wconf 93' lang='lat' dir='ltr'>et</span> <span class='ocrx_word' id='word_1_353' title='bbox 1505 1903 1713 1943; x_wconf 83' lang='lat' dir='ltr'>aeternam</span> <span class='ocrx_word' id='word_1_354' title='bbox 1737 1899 1862 1951; x_wconf 90' lang='lat' dir='ltr'>glori-</span> 
     </span>
     <span class='ocr_line' id='line_1_75' title="bbox 1038 1956 1862 2013; baseline -0.006 -11"><span class='ocrx_word' id='word_1_355' title='bbox 1038 1974 1118 2002; x_wconf 92' lang='lat' dir='ltr'>am.</span> <span class='ocrx_word' id='word_1_356' title='bbox 1150 1962 1207 2003; x_wconf 90' lang='lat' dir='ltr'>Et</span> <span class='ocrx_word' id='word_1_357' title='bbox 1232 1960 1332 2012; x_wconf 91' lang='lat' dir='ltr'>quia</span> <span class='ocrx_word' id='word_1_358' title='bbox 1355 1963 1539 2013; x_wconf 91' lang='lat' dir='ltr'>propter</span> <span class='ocrx_word' id='word_1_359' title='bbox 1559 1956 1862 1999; x_wconf 89' lang='lat' dir='ltr'>auctoritatem</span> 
     </span>
     <span class='ocr_line' id='line_1_76' title="bbox 1037 2016 1862 2070; baseline -0.005 -13"><span class='ocrx_word' id='word_1_360' title='bbox 1037 2017 1365 2070; x_wconf 80' lang='lat' dir='ltr'>praedicationis</span> <span class='ocrx_word' id='word_1_361' title='bbox 1415 2016 1695 2057; x_wconf 87' lang='lat' dir='ltr'>concesserat</span> <span class='ocrx_word' id='word_1_362' title='bbox 1739 2019 1862 2065; x_wconf 92' lang='lat' dir='ltr'>pote-</span> 
     </span>
     <span class='ocr_line' id='line_1_77' title="bbox 1038 2068 1899 2125; baseline -0.005 -11"><span class='ocrx_word' id='word_1_363' title='bbox 1038 2076 1198 2116; x_wconf 82' lang='lat' dir='ltr'>statem</span> <span class='ocrx_word' id='word_1_364' title='bbox 1217 2072 1470 2121; x_wconf 88' lang='lat' dir='ltr'>curationis,</span> <span class='ocrx_word' id='word_1_365' title='bbox 1496 2070 1596 2112; x_wconf 88' lang='lat' dir='ltr'>ideo</span> <span class='ocrx_word' id='word_1_366' title='bbox 1616 2068 1780 2111; x_wconf 91' lang='lat' dir='ltr'>subdit:</span> <span class='ocrx_word' id='word_1_367' title='bbox 1805 2069 1863 2110; x_wconf 91' lang='lat' dir='ltr'>Et</span> <span class='ocrx_word' id='word_1_368' title='bbox 1885 2107 1899 2125; x_wconf 69' lang='lat'>,</span> 
     </span>
     <span class='ocr_line' id='line_1_78' title="bbox 1037 2127 1863 2179; baseline -0.004 -8"><span class='ocrx_word' id='word_1_369' title='bbox 1037 2132 1192 2172; x_wconf 89' lang='lat' dir='ltr'>sanare</span> <span class='ocrx_word' id='word_1_370' title='bbox 1220 2129 1434 2179; x_wconf 83' lang='lat' dir='ltr'>infirmos3</span> <span class='ocrx_word' id='word_1_371' title='bbox 1464 2128 1631 2170; x_wconf 89' lang='lat' dir='ltr'>scilicet</span> <span class='ocrx_word' id='word_1_372' title='bbox 1661 2127 1779 2169; x_wconf 85' lang='lat' dir='ltr'>misit</span> <span class='ocrx_word' id='word_1_373' title='bbox 1807 2127 1863 2168; x_wconf 93' lang='lat' dir='ltr'>ad</span> 
     </span>
     <span class='ocr_line' id='line_1_79' title="bbox 1038 2183 1861 2236; baseline -0.005 -9"><span class='ocrx_word' id='word_1_374' title='bbox 1038 2186 1415 2228; x_wconf 88' lang='lat' dir='ltr'>confirmationem</span> <span class='ocrx_word' id='word_1_375' title='bbox 1456 2184 1656 2226; x_wconf 86' lang='lat' dir='ltr'>veritatis</span> <span class='ocrx_word' id='word_1_376' title='bbox 1704 2183 1861 2236; x_wconf 89' lang='lat' dir='ltr'>praedi-</span> 
     </span>
     <span class='ocr_line' id='line_1_80' title="bbox 1038 2239 1862 2285; baseline -0.006 0"><span class='ocrx_word' id='word_1_377' title='bbox 1038 2245 1139 2285; x_wconf 90' lang='lat' dir='ltr'>care</span> <span class='ocrx_word' id='word_1_378' title='bbox 1171 2241 1411 2284; x_wconf 79' lang='lat' dir='ltr'>secundum</span> <span class='ocrx_word' id='word_1_379' title='bbox 1443 2239 1566 2282; x_wconf 88' lang='lat' dir='ltr'>illud:</span> <span class='ocrx_word' id='word_1_380' title='bbox 1610 2239 1680 2281; x_wconf 88' lang='lat' dir='ltr'>Illi</span> <span class='ocrx_word' id='word_1_381' title='bbox 1717 2244 1862 2281; x_wconf 86' lang='lat' dir='ltr'>autem</span> 
     </span>
     <span class='ocr_line' id='line_1_81' title="bbox 1037 2297 1862 2353; baseline -0.006 -11"><span class='ocrx_word' id='word_1_382' title='bbox 1037 2300 1242 2353; x_wconf 89' lang='lat' dir='ltr'>profecti,</span> <span class='ocrx_word' id='word_1_383' title='bbox 1287 2298 1640 2352; x_wconf 85' lang='lat' dir='ltr'>praedicaverunt</span> <span class='ocrx_word' id='word_1_384' title='bbox 1683 2297 1862 2348; x_wconf 89' lang='lat' dir='ltr'>ubique,</span> 
     </span>
     <span class='ocr_line' id='line_1_82' title="bbox 1036 2355 1861 2408; baseline -0.006 -10"><span class='ocrx_word' id='word_1_385' title='bbox 1036 2357 1227 2398; x_wconf 91' lang='lat' dir='ltr'>Domino</span> <span class='ocrx_word' id='word_1_386' title='bbox 1247 2357 1529 2408; x_wconf 87' lang='lat' dir='ltr'>cooperante,</span> <span class='ocrx_word' id='word_1_387' title='bbox 1554 2359 1597 2396; x_wconf 92' lang='lat' dir='ltr'>et</span> <span class='ocrx_word' id='word_1_388' title='bbox 1617 2355 1861 2395; x_wconf 83' lang='lat' dir='ltr'>sermonem</span> 
     </span>
     <span class='ocr_line' id='line_1_83' title="bbox 1037 2409 1860 2464; baseline -0.009 -9"><span class='ocrx_word' id='word_1_389' title='bbox 1037 2413 1323 2455; x_wconf 91' lang='lat' dir='ltr'>confirmante</span> <span class='ocrx_word' id='word_1_390' title='bbox 1377 2411 1662 2464; x_wconf 88' lang='lat' dir='ltr'>sequentibus</span> <span class='ocrx_word' id='word_1_391' title='bbox 1716 2409 1860 2460; x_wconf 89' lang='lat' dir='ltr'>signis.</span> 
     </span>
     <span class='ocr_line' id='line_1_84' title="bbox 1037 2465 1860 2520; baseline -0.007 -9"><span class='ocrx_word' id='word_1_392' title='bbox 1037 2469 1163 2512; x_wconf 91' lang='lat' dir='ltr'>Unde</span> <span class='ocrx_word' id='word_1_393' title='bbox 1187 2470 1359 2520; x_wconf 89' lang='lat' dir='ltr'>signum</span> <span class='ocrx_word' id='word_1_394' title='bbox 1383 2467 1604 2509; x_wconf 90' lang='lat' dir='ltr'>missionis</span> <span class='ocrx_word' id='word_1_395' title='bbox 1624 2465 1860 2518; x_wconf 90' lang='lat' dir='ltr'>spiritualis</span> 
     </span>
     <span class='ocr_line' id='line_1_85' title="bbox 1036 2522 1860 2579; baseline -0.007 -12"><span class='ocrx_word' id='word_1_396' title='bbox 1036 2526 1094 2568; x_wconf 88' lang='lat' dir='ltr'>ad</span> <span class='ocrx_word' id='word_1_397' title='bbox 1123 2525 1456 2579; x_wconf 87' lang='lat' dir='ltr'>praedicandum</span> <span class='ocrx_word' id='word_1_398' title='bbox 1492 2528 1558 2565; x_wconf 90' lang='lat' dir='ltr'>est</span> <span class='ocrx_word' id='word_1_399' title='bbox 1588 2522 1756 2563; x_wconf 88' lang='lat' dir='ltr'>sanatio</span> <span class='ocrx_word' id='word_1_400' title='bbox 1789 2533 1860 2562; x_wconf 91' lang='lat' dir='ltr'>au-</span> 
     </span>
     <span class='ocr_line' id='line_1_86' title="bbox 1037 2579 1707 2624; baseline -0.01 0"><span class='ocrx_word' id='word_1_401' title='bbox 1037 2582 1247 2624; x_wconf 92' lang='lat' dir='ltr'>dientium</span> <span class='ocrx_word' id='word_1_402' title='bbox 1266 2595 1290 2623; x_wconf 89' lang='lat' dir='ltr'>a</span> <span class='ocrx_word' id='word_1_403' title='bbox 1308 2580 1474 2623; x_wconf 90' lang='lat' dir='ltr'>morbis</span> <span class='ocrx_word' id='word_1_404' title='bbox 1493 2579 1707 2620; x_wconf 90' lang='lat' dir='ltr'>vitiorum.</span> 
     </span>
     <span class='ocr_line' id='line_1_87' title="bbox 1091 2633 1860 2693; baseline -0.01 -12"><span class='ocrx_word' id='word_1_405' title='bbox 1091 2643 1143 2693; x_wconf 71' lang='lat' dir='ltr'>R.</span> <span class='ocrx_word' id='word_1_406' title='bbox 1157 2639 1251 2681; x_wconf 90' lang='lat' dir='ltr'>Sint</span> <span class='ocrx_word' id='word_1_407' title='bbox 1265 2637 1402 2680; x_wconf 92' lang='lat' dir='ltr'>lumbi</span> <span class='ocrx_word' id='word_1_408' title='bbox 1415 2636 1549 2678; x_wconf 89' lang='lat' dir='ltr'>vestri</span> <span class='ocrx_word' id='word_1_409' title='bbox 1563 2633 1798 2688; x_wconf 80' lang='lat' dir='ltr'>praecincti,</span> <span class='ocrx_word' id='word_1_410' title='bbox 1817 2638 1860 2674; x_wconf 92' lang='lat' dir='ltr'>et</span> 
     </span>
     <span class='ocr_line' id='line_1_88' title="bbox 1035 2690 1859 2737; baseline -0.008 0"><span class='ocrx_word' id='word_1_411' title='bbox 1035 2696 1226 2737; x_wconf 80' lang='lat' dir='ltr'>lucernae</span> <span class='ocrx_word' id='word_1_412' title='bbox 1254 2694 1457 2736; x_wconf 89' lang='lat' dir='ltr'>ardentes</span> <span class='ocrx_word' id='word_1_413' title='bbox 1491 2693 1534 2733; x_wconf 92' lang='lat' dir='ltr'>in</span> <span class='ocrx_word' id='word_1_414' title='bbox 1562 2690 1762 2732; x_wconf 89' lang='lat' dir='ltr'>manibus</span> <span class='ocrx_word' id='word_1_415' title='bbox 1790 2702 1859 2731; x_wconf 89' lang='lat' dir='ltr'>ve-</span> 
     </span>
     <span class='ocr_line' id='line_1_89' title="bbox 1037 2746 1859 2794; baseline -0.01 0"><span class='ocrx_word' id='word_1_416' title='bbox 1037 2752 1152 2794; x_wconf 92' lang='lat' dir='ltr'>stris:</span> <span class='ocrx_word' id='word_1_417' title='bbox 1168 2748 1252 2793; x_wconf 86' lang='lat' dir='ltr'>*Et</span> <span class='ocrx_word' id='word_1_418' title='bbox 1266 2764 1346 2792; x_wconf 89' lang='lat' dir='ltr'>vos</span> <span class='ocrx_word' id='word_1_419' title='bbox 1357 2749 1519 2791; x_wconf 88' lang='lat' dir='ltr'>similes</span> <span class='ocrx_word' id='word_1_420' title='bbox 1529 2746 1776 2789; x_wconf 91' lang='lat' dir='ltr'>hominibus</span> <span class='ocrx_word' id='word_1_421' title='bbox 1790 2758 1859 2787; x_wconf 81' lang='lat' dir='ltr'>ex-</span> 
     </span>
    </p>
   </div>
   <div class='ocr_carea' id='block_1_11' title="bbox 89 168 1927 2853">
    <p class='ocr_par' dir='ltr' id='par_1_12' title="bbox 89 168 1927 2853">
     <span class='ocr_line' id='line_1_90' title="bbox 89 168 1927 2853; baseline 0 0"><span class='ocrx_word' id='word_1_422' title='bbox 89 168 1927 2853; x_wconf 95' lang='lat' dir='ltr'> </span> 
     </span>
    </p>
   </div>
  </div>
 </body>
</html>
