2040 2976
785 226 992 260 Commune
1020 225 1228 267 Virginum.

390 326 437 364 In
457 326 506 364 11.
532 325 751 364 Nocturno.

215 395 312 434 Ant.
344 393 499 445 Specie
526 397 601 434 tua
627 393 651 418 *
679 397 722 434 et
748 390 983 444 pulchritu-

164 447 263 490 dine
286 453 361 490 tua
383 449 574 499 intende,
602 452 814 503 prospere
833 449 984 501 proce-

163 504 229 554 de,
249 510 292 547 et
310 519 453 557 regna.

427 589 622 629 Psalmus
643 591 707 628 44.

168 676 180 712 ’ς
198 667 266 728 Τκ
278 661 463 702 ructavit
503 672 579 701 cor
617 671 762 700 meum
802 658 983 700 verbum

167 721 180 772 g}
197 697 268 790 μ’]
293 717 473 813 bonurfi:
513 717 536 742 *
578 715 675 757 dico
722 728 804 767 ego
849 717 983 767 opera

293 786 389 815 mea
460 785 538 824 egi.

211 830 378 881 Lingua
407 842 505 871 mea
538 828 729 870 calamus
762 827 931 877 scribae,
959 828 982 853 *

160 886 370 928 velociter
394 885 633 927 scribentis.

211 943 446 995 Speciosus
466 942 604 983 forma
618 954 711 994 prae
729 940 827 981 filiis
846 940 982 986 homi-

159 1012 274 1049 num,
288 998 445 1040 diffusa
461 1003 528 1040 est
541 998 680 1050 gratia
693 998 737 1038 in
747 996 873 1038 labiis
884 997 983 1037 tuis:

159 1056 182 1082 *
210 1057 444 1108 propterea
468 1054 692 1096 benedixit
723 1058 767 1095 te
793 1054 914 1094 Deus
940 1053 982 1093 in

163 1114 383 1153 aeternum.
818 1161 821 1163 ‚

213 1168 455 1219 Accingere
482 1167 628 1220 gladio
660 1171 737 1208 tuo
767 1179 899 1219 super
926 1167 982 1208 fe-

160 1238 255 1266 mur
273 1229 406 1274 tuum,
426 1225 449 1250 *
469 1224 785 1277 potentissime,

210 1282 364 1334 Specie
390 1286 465 1323 tua
494 1285 536 1322 et
560 1279 884 1333 pulchritudine
908 1285 983 1321 tua

158 1338 182 1363 *
217 1337 409 1388 intende,
444 1339 657 1390 prospere
693 1336 900 1390 procede,
940 1342 983 1379 et

159 1407 303 1445 regna.

208 1451 396 1503 Propter
414 1450 654 1500 veritatem,
674 1454 718 1491 et
735 1452 981 1491 mansuetu-

159 1506 320 1557 dinem,
355 1511 398 1549 et
423 1507 644 1559 justitiam:
671 1507 694 1532 *
722 1512 766 1548 et
794 1505 983 1548 deducet

160 1568 204 1604 te
222 1563 476 1605 mirabiliter
495 1563 674 1605 dextera
692 1568 778 1605 tua.

209 1619 388 1670 Sagittae
415 1625 503 1661 tuae
531 1623 687 1669 acutae,
720 1619 874 1672 populi
901 1619 981 1661 sub

157 1679 201 1772 ’ἓξ
229 1675 395 1740 cadent,
424 1677 447 1702 *
478 1676 521 1716 in
549 1675 683 1718 corda
711 1676 982 1717 inimicorum

203 1745 346 1830 {lc-{des
369 1792 443 1829 tua
462 1789 583 1830 Deus
605 1789 649 1829 in
673 1788 881 1830 saeculum
904 1791 981 1829 sae-

159 1844 257 1886 culi:
279 1845 303 1871 *
330 1845 451 1897 virga
483 1845 733 1887 directionis
763 1846 885 1896 virga
918 1858 980 1887 re-

157 1901 229 1952 gni
251 1902 325 1942 tui.

209 1957 413 2000 Dilexisti
435 1959 656 2010 justitiam,
684 1963 727 1999 et
752 1954 883 1999 odisti
907 1958 981 1998 ini-

160 2013 387 2065 quitatem:
423 2015 447 2040 *
491 2016 728 2067 propterea
771 2014 895 2055 unxit
938 2019 981 2055 te

158 2070 293 2119 Deus,
321 2071 441 2112 Deus
465 2075 565 2112 tuus
586 2071 683 2112 oleo
707 2070 870 2112 laetitiae
889 2083 981 2124 prae

158 2127 435 2168 consortibus
454 2128 551 2169 tuis.

208 2182 401 2234 Myrrha,
429 2188 472 2225 et
491 2188 630 2235 gutta,
659 2188 702 2225 et
727 2184 844 2225 casia
868 2197 893 2225 a
912 2197 981 2226 ve-

159 2239 370 2281 stimentis
384 2241 481 2290 tuis,
501 2253 526 2281 a
545 2239 749 2282 domibus
765 2240 982 2282 eburneis:

157 2295 181 2320 *
201 2307 255 2336 ex
281 2295 438 2348 quibus
463 2296 790 2338 delectaverunt
812 2301 856 2338 te
880 2297 982 2339 filiae

159 2363 309 2402 regum
325 2352 369 2393 in
387 2351 554 2394 honore
573 2358 661 2394 tuo.

209 2407 361 2449 Astitit
394 2411 542 2459 regina
575 2422 600 2449 a
633 2409 798 2451 dextris
825 2409 911 2450 tuis
939 2409 982 2449 in

158 2465 318 2504 vestitu
337 2463 562 2506 deaurato:
581 2466 605 2491 *
626 2465 894 2507 circumdata
912 2478 982 2507 va-

158 2519 323 2560 rietate.

209 2575 326 2617 Audi
344 2576 448 2626 filia,
472 2580 515 2618 et
534 2576 647 2626 vide,
672 2581 715 2618 et
734 2577 892 2618 inclina
911 2590 981 2618 au-

159 2644 251 2672 rem
277 2636 412 2672 tuam:
435 2632 459 2658 *
487 2637 530 2673 et
558 2632 815 2674 obliviscere
844 2636 981 2686 popu-

157 2687 247 2728 lum
266 2693 399 2738 tuum,
417 2693 460 2729 et
478 2688 657 2730 domum
675 2690 812 2742 patris
832 2690 905 2730 tui.

208 2745 266 2786 Et
286 2747 569 2798 concupiscet
583 2745 680 2786 Rex
695 2745 900 2788 decorem
918 2751 980 2788 tu-

1036 332 1125 360 um:
1148 318 1171 343 *
1198 318 1404 370 quoniam
1431 318 1526 370 ipse
1555 322 1621 358 est
1648 317 1862 358 Dominus

1036 375 1157 418 Deus
1176 379 1287 423 tuus,
1308 379 1351 416 et
1370 373 1616 415 adorabunt
1634 386 1743 414 eum.

1088 432 1144 472 Et
1163 431 1265 472 filiae
1281 431 1388 483 Tyri
1405 431 1449 471 in
1468 429 1720 471 muneribus
1734 430 1758 456 *
1773 430 1861 471 vul-

1035 493 1129 529 tum
1159 492 1281 529 tuum
1313 486 1678 540 deprecabuntur:
1711 499 1862 528 omnes

1037 544 1194 586 divites
1214 543 1367 596 plebis.

1089 601 1240 642 Omnis
1262 600 1401 652 gloria
1421 601 1510 651 ejus
1529 599 1631 640 ffliae
1650 600 1786 651 Regis
1807 600 1861 641 ab

1035 658 1168 707 intus,
1188 658 1274 697 *in
1301 656 1484 697 fimbriis
1512 657 1655 697 aureis
1684 657 1861 698 circum-

1037 716 1194 756 amicta
1212 713 1507 754 varietatibus.

1089 770 1376 812 Adducentur
1404 770 1516 820 Regi
1543 770 1732 820 virgines
1761 775 1863 822 post

1037 840 1151 869 eam:
1187 828 1210 853 *
1247 827 1460 879 proximae
1502 827 1592 877 ejus
1629 826 1864 868 afferentur

1035 884 1125 926 tibi.

1088 940 1338 982 Afferentur
1361 940 1404 980 in
1428 939 1581 981 laetitia
1607 944 1649 980 et
1678 939 1862 980 exsulta-

1035 999 1170 1042 tione:
1200 998 1223 1023 *
1260 996 1532 1038 adducentur
1570 996 1612 1036 in
1651 996 1862 1048 templum

1036 1055 1180 1106 Regis.

1087 1112 1172 1152 Pro
1200 1110 1398 1163 patribus
1427 1110 1513 1150 tuis
1540 1108 1631 1149 nati
1657 1113 1757 1150 sunt
1784 1108 1862 1150 tibi

1035 1168 1126 1209 filii:
1145 1169 1169 1194 *
1189 1169 1429 1208 constitues
1454 1178 1530 1207 eos
1554 1166 1774 1218 principes
1794 1179 1861 1206 su—

1036 1237 1115 1277 per
1135 1237 1309 1266 omnem
1327 1228 1500 1264 terram.

1086 1282 1303 1322 Memores
1325 1284 1450 1321 erunt
1469 1278 1655 1320 nominis
1680 1279 1757 1319 tui:
1777 1279 1800 1303 *
1820 1278 1862 1318 in

1037 1338 1154 1379 omni
1168 1336 1449 1388 generatione
1467 1340 1510 1377 et
1526 1336 1863 1386 generationem.

1086 1395 1328 1447 Propterea
1354 1392 1508 1445 populi
1540 1391 1863 1434 confitebuntur

1035 1451 1114 1493 tibi
1141 1451 1184 1491 in
1212 1452 1437 1492 aeternum:
1462 1450 1485 1474 *
1512 1454 1554 1490 et
1582 1449 1624 1489 in
1654 1448 1863 1490 saeculum

1036 1507 1195 1549 saeculi.

1084 1564 1180 1605 Ant.
1208 1564 1363 1616 Specie
1382 1569 1457 1605 tua
1476 1567 1519 1604 et
1538 1561 1863 1615 pulchrit1'1dine

1035 1625 1109 1661 tua
1128 1620 1319 1670 intende,
1348 1623 1562 1673 prospere
1584 1618 1792 1671 procede,
1822 1623 1863 1659 et

1035 1690 1179 1728 regna.

1081 1734 1178 1773 Ant.
1212 1733 1444 1785 Adjuvabit
1461 1733 1591 1774 eam*
1602 1733 1723 1774 Deus
1738 1732 1861 1774 vultu

1035 1803 1130 1832 suo:
1149 1791 1270 1832 Deus
1288 1791 1331 1831 in
1350 1790 1495 1832 medio
1518 1791 1618 1842 ejus,
1637 1803 1726 1831 non
1746 1803 1860 1831 com-

1033 1848 1290 1890 movebitur.

1296 1902 1493 1942 Psalmus
1523 1904 1587 1941 45.

1029 1952 1198 2058 Deus
1222 1964 1371 2002 noster
1390 1959 1618 2009 refugium,
1645 1964 1688 2000 et
1707 1958 1861 2000 virtus:

1141 2017 1164 2042 *
1201 2016 1374 2068 adjutor
1410 2016 1452 2056 in
1492 2015 1861 2065 tribulationibus,
1901 2069 1902 2072 Ἴ

1036 2086 1134 2125 quae
1154 2073 1412 2114 invenerunt
1429 2085 1512 2113 nos
1530 2072 1669 2113 nimis.

1085 2130 1326 2182 Propterea
1356 2141 1444 2170 non
1476 2128 1725 2170 timebimus
1758 2129 1862 2170 dum

1034 2185 1281 2227 turbabitur
1308 2190 1440 2227 terra:
1467 2186 1491 2211 *
1521 2190 1565 2226 et
1600 2186 1860 2227 transferen-

1033 2247 1104 2283 tur
1122 2246 1294 2283 montes
1314 2242 1358 2282 in
1378 2254 1454 2283 cor
1473 2242 1616 2283 maris.

1086 2299 1343 2348 Sonuerunt,
1358 2303 1402 2340 et
1416 2298 1604 2340 turbatae
1621 2303 1721 2340 sunt
1735 2311 1861 2351 aquae

1036 2357 1202 2395 eorum:
1231 2355 1255 2380 *
1283 2354 1531 2397 conturbati
1561 2356 1662 2396 sun't
1687 2360 1859 2396 montes

1034 2411 1077 2451 in
1096 2410 1351 2452 fortitudine
1372 2412 1472 2462 ejus.

1085 2466 1295 2508 Fluminis
1322 2470 1511 2520 impetus
1539 2468 1733 2509 laetificat
1761 2467 1859 2508 civi-

1034 2525 1171 2564 tatem
1191 2524 1287 2565 Dei:
1307 2524 1330 2549 *
1352 2524 1637 2566 sanctificavit
1661 2523 1859 2565 taberna-

1035 2579 1179 2620 culum
1199 2593 1325 2621 suum
1344 2580 1604 2622 Altissimus.

1084 2636 1204 2677 Deus
1224 2636 1267 2676 in
1285 2636 1431 2678 medio
1447 2637 1548 2688 ejus,
1565 2649 1652 2678 non
1670 2648 1859 2677 commo-

1033 2691 1218 2733 vebitur:
1237 2692 1260 2718 *
1281 2692 1503 2744 adjuvabit
1522 2705 1618 2734 eam
1632 2693 1753 2733 Deus
1772 2704 1859 2733 ma-

1032 2761 1087 2790 ne
1106 2747 1308 2790 diluculo.
