2040 2976
740 240 781 273 In
807 237 1058 272 Dedicatione
1084 237 1278 270 Ecclesioe.

207 334 421 376 Dominus
454 331 647 373 narrabit
677 331 721 372 in
753 330 979 383 scripturis

156 390 432 444 populorum,
453 393 495 431 et
509 388 768 442 principum:
778 387 802 412 *
811 386 978 436 horum,

159 448 233 500 qui
251 447 424 488 fuerunt
444 446 487 486 in
507 458 568 487 ea.

208 504 327 546 Sicut
345 502 587 544 laetantium
609 500 803 542 omnium
820 500 844 527 *
863 498 979 541 habi-

157 560 266 602 tatio
287 564 353 601 est
371 560 415 600 in
433 564 488 601 te.

214 617 314 656 Ant.
342 615 462 657 Vidit
488 614 625 657 Jacob
659 613 831 662 scalam,
866 614 978 652 sum-

157 673 288 714 mitas
313 673 402 725 ejus
427 672 565 714 coelos
586 670 809 722 tangebat,
837 672 881 710 et
909 667 979 709 de-

159 729 416 771 scendentes
434 728 639 780 Angelos,
660 732 704 769 et
723 726 844 768 dixit:
863 724 981 766 Vere

157 786 281 828 locus
299 786 382 826 iste
401 790 576 826 sanctus
596 789 672 826 est.

214 843 311 882 Ant.
333 842 487 883 Erexit
510 841 646 883 Jacob
671 841 694 866 *
720 839 910 892 lapidem
937 840 981 880 in

159 899 342 948 titulum,
363 898 547 940 fundens
568 897 712 939 oleum
731 896 930 949 desuper.

430 956 628 996 Psalmus
657 956 719 995 87.

250 1012 394 1053 omine
420 1012 541 1053 Deus
569 1011 722 1053 salutis
745 1023 871 1052 meae:
892 1011 916 1037 *
938 1009 982 1049 in

264 1067 335 1110 die
349 1067 543 1118 clamavi,
556 1073 600 1109 et
618 1072 748 1109 nocte
763 1079 911 1108 coram
926 1070 981 1107 te.

212 1125 352 1166 Intret
387 1125 432 1165 in
459 1126 699 1178 conspectu
729 1129 806 1165 tuo
840 1122 981 1164 oratio

161 1194 273 1223 mea:
291 1183 315 1208 *
333 1181 492 1223 inclina
509 1194 658 1223 aurem
675 1186 796 1222 tuam
815 1179 872 1221 ad
887 1191 982 1232 pre-

163 1251 257 1280 cem
283 1251 440 1279 meam:

213 1295 324 1345 Quia
367 1294 535 1347 repleta
571 1298 638 1335 est
674 1293 800 1334 malis
842 1292 985 1333 anima

163 1364 274 1393 mea:
299 1352 323 1378 *
346 1356 390 1393 et
412 1351 502 1392 vita
525 1363 622 1392 mea
639 1350 807 1391 inferno
827 1361 983 1402 appro-

162 1408 402 1460 pinquavit.

213 1464 475 1505 AEstimatus
495 1477 590 1505 sum
606 1477 704 1505 cum
722 1462 984 1505 descenden-

163 1520 281 1562 tibus
307 1521 352 1561 in
378 1520 537 1562 lacum:
563 1521 587 1547 *
614 1520 755 1561 factus
784 1533 880 1560 sum
906 1519 985 1560 sic-

163 1582 212 1619 ut
228 1577 359 1619 homo
379 1578 472 1619 sine
491 1577 720 1630 adjutorio,
741 1577 854 1617 inter
872 1577 984 1616 mor-

164 1638 265 1675 tuos
291 1633 413 1676 liber.

215 1690 335 1732 Sicut
349 1690 565 1733 vulnerati
580 1690 847 1732 dormientes
862 1689 907 1730 in
922 1702 985 1730 se-

164 1746 376 1799 pulchris,
409 1759 594 1799 quorum
625 1759 712 1788 non
746 1760 792 1789 es
819 1758 986 1788 memor

92 1805 94 1808 â€™
166 1803 367 1856 amplius:
398 1804 422 1830 *
458 1808 502 1845 et
535 1803 619 1856 ipsi
657 1803 711 1845 de
747 1816 879 1845 manu
910 1807 987 1844 tua

165 1859 330 1912 repulsi
355 1864 466 1902 sunt.

215 1915 461 1957 Posuerunt
485 1929 555 1957 me
583 1916 628 1956 in
652 1916 750 1958 lacu
777 1915 986 1957 inferi6ri:

165 1972 189 1998 *
233 1971 278 2012 in
326 1970 591 2022 tenebresis,
647 1977 690 2013 et
739 1972 784 2012 in
832 1971 988 2013 umbra

165 2028 331 2069 mortis.

217 2084 356 2137 Super
375 2097 445 2126 me
471 2084 753 2127 confirmatus
776 2088 842 2126 est
866 2083 986 2124 furor

166 2145 282 2182 tuus:
314 2142 338 2167 *
367 2146 410 2183 et
438 2153 589 2183 omnes
617 2142 775 2183 fluctus
799 2145 899 2182 tuos
926 2139 986 2180 in-

166 2196 330 2238 duxisti
356 2210 487 2250 super
512 2211 592 2240 me.

218 2253 369 2306 Longe
384 2254 525 2296 fecisti
539 2260 671 2297 notos
685 2267 807 2296 meos
823 2267 848 2295 a
866 2266 950 2294 me:
965 2254 989 2280 *

166 2311 407 2361 posuerunt
419 2323 490 2352 me
504 2310 875 2352 abominationem
894 2309 988 2351 sibi.

218 2366 425 2408 Traditus
453 2380 565 2417 sum,
591 2372 643 2409 >et
673 2380 763 2409 non
796 2365 987 2418 egredie-

167 2421 262 2462 bar:
289 2424 313 2449 *
341 2422 457 2463 oculi
489 2424 575 2464 mei
608 2424 867 2475 languerunt
894 2434 987 2474 prae

167 2478 325 2530 mepia.

220 2534 413 2575 Clamavi
427 2535 484 2576 ad
497 2539 541 2576 te
554 2536 742 2577 Demine
756 2541 853 2577 tota
868 2536 954 2578 die:
965 2539 989 2564 *

169 2591 358 2643 expandi
385 2591 442 2632 ad
469 2596 513 2632 te
539 2605 692 2633 manus
719 2605 849 2634 meas.

219 2647 444 2699 Numquid
462 2648 646 2689 mortuis
665 2648 798 2690 facies
817 2648 989 2690 mirabi-

168 2702 242 2744 lia:
276 2705 299 2731 *
332 2709 406 2745 aut
433 2703 592 2745 medici
620 2704 908 2755 suscitabunt,
945 2710 989 2747 et

170 2760 493 2802 confitebuntur
519 2760 623 2802 tibi?

322 2901 384 2926 Pars
401 2902 506 2927 AEstiva.

1080 328 1306 380 Numquid
1326 329 1521 371 narrabit
1540 329 1698 382 aliquis
1721 329 1765 370 in
1789 342 1852 370 se-

1029 385 1214 438 pulchro
1241 385 1588 427 misericerdiam
1608 391 1739 436 tuam,
1762 387 1786 413 *
1811 390 1854 427 et

1031 442 1260 483 veritatem
1286 446 1406 483 tuam
1434 442 1478 483 in
1501 442 1776 495 perditione?

1081 498 1307 550 Numquid
1331 501 1648 550 cognoscentur
1669 499 1714 539 in
1737 500 1854 540 tene-

1035 555 1122 596 bris
1140 554 1356 596 mirabilia
1374 560 1467 596 tua:
1487 557 1511 583 *
1535 560 1579 597 et
1597 556 1760 608 justitia
1778 560 1855 596 tua

1031 611 1076 652 in
1101 616 1219 652 terra
1247 610 1503 652 oblivi6nis?

1084 668 1142 709 Et
1162 680 1243 719 ego
1270 667 1327 709 ad
1343 673 1388 709 te
1406 668 1594 710 Demine
1615 668 1813 710 clamavi:
1832 669 1855 695 *

1037 729 1080 766 et
1097 737 1224 766 mane
1250 724 1391 766 oratio
1417 737 1515 766 mea
1538 725 1779 777 praeveniet
1800 729 1855 766 te.

1084 781 1144 823 Ut
1171 780 1278 833 quid
1303 781 1492 823 Domine
1520 782 1696 834 repellis
1728 781 1856 822 orati-

1035 839 1164 879 onem
1176 850 1334 879 meam:
1349 840 1373 864 *
1389 838 1551 880 avertis
1565 838 1721 880 faciem
1735 843 1856 879 tuam

1034 907 1060 935 a
1085 893 1182 936 me?

1084 952 1257 1004 Pauper
1284 965 1380 992 sum
1409 964 1509 1003 ego,
1545 956 1588 993 et
1623 952 1667 992 in
1700 951 1857 992 laberi-

1033 1007 1116 1049 bus
1145 1021 1170 1049 a
1197 1009 1421 1061 juventute
1449 1021 1560 1050 mea:
1588 1010 1611 1035 *
1640 1008 1858 1050 exaltatus

1035 1069 1191 1114 autem,
1214 1064 1466 1106 humiliatus
1491 1078 1587 1106 sum
1613 1070 1657 1106 et
1685 1069 1858 1106 contur-

1033 1120 1173 1162 batus.

1086 1178 1138 1218 In
1160 1190 1231 1219 me
1254 1178 1519 1219 transierunt
1543 1178 1620 1219 irae
1644 1183 1748 1219 tuae:
1773 1179 1797 1204 *
1817 1182 1860 1219 et

1034 1236 1228 1275 terrores
1256 1235 1320 1275 tui
1348 1234 1721 1276 conturbaverunt
1748 1247 1828 1276 me.

1089 1291 1480 1333 Circumdederunt
1506 1304 1577 1333 me
1605 1292 1717 1333 sicut
1746 1304 1860 1343 aqua

1036 1352 1130 1389 tota
1167 1347 1256 1389 die:
1300 1350 1324 1375 *
1365 1347 1746 1390 circumdederunt
1790 1360 1860 1388 me

1037 1404 1176 1445 simul.

1087 1461 1314 1513 Elongasti
1338 1475 1363 1502 a
1387 1475 1457 1503 me
1482 1464 1669 1503 amicum
1694 1467 1737 1502 et
1762 1462 1861 1514 pro'Î‡

1037 1517 1218 1558 ximum:
1237 1519 1261 1545 *
1281 1523 1324 1559 et
1338 1522 1469 1560 notos
1487 1531 1611 1560 meos
1630 1531 1655 1559 a
1675 1518 1861 1559 miseria.

1038 1620 1044 1628 ,
1090 1579 1189 1619 Ant.
1212 1580 1364 1621 Erexit
1382 1579 1519 1621 Jacob
1539 1579 1731 1632 lapidem
1751 1579 1795 1620 in
1813 1580 1862 1620 ti-

1037 1635 1186 1685 tulum,
1204 1635 1389 1677 fundens
1409 1636 1553 1678 eleum
1574 1636 1772 1688 desuper.

1093 1686 1143 1738 Y'.
1166 1692 1336 1734 Domus
1361 1705 1469 1734 mea.
1506 1694 1554 1743 Rg.
1575 1693 1746 1734 Domus
1769 1705 1863 1734 ora-

1037 1748 1168 1789 tionis
1187 1749 1427 1791 vocabitur.

1096 1805 1221 1847 Pater
1240 1811 1401 1848 noster.

1095 1866 1340 1906 Absolutio.
1370 1867 1509 1920 Ipsius
1527 1869 1679 1918 pietas.

1094 1918 1144 1969 Y
1169 1922 1282 1964 Jube
1307 1923 1478 1964 domne.

1094 1983 1255 2024 Bened.
1284 1984 1403 2026 Deus
1424 1984 1556 2025 Pater
1579 1985 1864 2036 omnipotens.

1042 2060 1192 2102 Sermo
1221 2062 1359 2103 sancti
1385 2062 1617 2113 Augustini
1645 2062 1865 2115 Episcopi.

1199 2130 1315 2165 Serm.
1339 2131 1412 2164 252.
1438 2131 1484 2164 de
1509 2131 1708 2174 Tempore.

1339 2191 1491 2231 Lectio
1511 2192 1565 2231 iv.

1048 2255 1684 2353 fflfflssiesffflffsseifiageiÎ‡
1699 2256 1864 2353 {35â¸}

1043 2377 1122 2392 á¾³
1141 2352 1161 2392 á½Ÿ
1177 2325 1314 2410 á¿’á¾±á¿–á¼’Î¹á¿—Î¹
1333 2325 1529 2418 á¼“á½¹á¿–á¿‘Ï‰Î¹á¿—Îµ,
1554 2325 1590 2409 Â§i
1607 2325 1864 2410 fifflfiteffi:

1042 2424 1271 2475 diligenter
1290 2424 1563 2474 attendimus,
1584 2430 1627 2466 et
1646 2429 1795 2465 sancte
1813 2436 1864 2465 ac

1041 2481 1151 2533 juste
1170 2481 1368 2532 vivimus,
1395 2480 1608 2534 quidquid
1625 2481 1669 2521 in
1690 2479 1864 2532 templis

1041 2537 1298 2579 manufactis
1324 2538 1478 2590 agitur,
1505 2542 1647 2579 totum
1670 2537 1713 2577 in
1738 2535 1864 2577 nobis

1042 2593 1227 2646 spiritali
1271 2594 1562 2636 aedificatione
1609 2591 1864 2644 completur.

1040 2650 1142 2691 Non
1161 2651 1275 2691 enim
1292 2653 1500 2692 mentitus
1520 2654 1586 2691 est
1604 2649 1691 2698 ine,
1712 2648 1785 2700 qui
1804 2647 1864 2688 di-

1040 2707 1116 2748 xit:
1154 2707 1387 2759 Templum
1415 2706 1528 2748 enim
1555 2705 1639 2746 Dei
1666 2708 1864 2744 sanctum

1042 2767 1118 2813 est,
1139 2762 1259 2815 quod
1278 2763 1383 2804 estis
1402 2775 1495 2812 vosÍ¾
1522 2766 1565 2803 et
1583 2763 1754 2802 iterum:
1779 2758 1863 2800 Ne-

1606 2891 1657 2924 HÎ‡
