2040 2976
395 195 466 228 Die
493 195 548 229 10.
573 194 678 228 Julii.
726 194 782 228 Ss.
807 194 962 236 Septem
986 193 1106 227 Fratr.
1132 203 1176 227 ac
1203 193 1349 227 Rufinae
1374 199 1410 228 et
1434 193 1514 229 Sec.
1540 195 1625 228 Mm.

434 295 502 332 Ad
525 295 712 332 Sextam.

209 352 307 392 Ant.
342 352 500 391 Potens
518 348 563 388 in
582 349 728 400 opere.

208 407 468 459 Capitulum.
675 407 801 447 Prov.
817 408 875 447 31.
891 406 930 447 d.

156 460 393 567 Manum
422 478 546 507 suam
574 463 745 517 aperuit
772 461 910 514 inopi,
941 465 984 502 et

280 523 448 575 palmas
469 535 570 563 suas
590 519 787 562 extendit
807 517 863 560 ad
879 520 984 570 pau-

156 592 318 631 perem.
354 580 457 621 Non
479 577 650 620 timebit
675 575 825 617 domui
848 586 940 615 suae
961 586 986 614 a

157 635 393 686 frigoribus
412 635 535 677 nivis.

208 697 260 747 R
294 693 355 734 br.
400 689 639 742 Adiuvabit
676 700 773 730 eam
800 693 822 716 *
864 687 986 728 Deus

157 738 281 790 vultu
296 762 387 791 suo.
411 747 649 799 Adiuvabit
664 758 771 787 eam.
796 742 847 792 W.
864 743 985 784 Deus

157 805 201 846 in
219 805 365 846 medio
386 806 491 856 ejus,
518 816 606 845 non
626 800 986 844 commovebitur.

158 862 289 903 Deus.
310 861 460 902 Gloria
474 860 605 902 Patri.
625 857 864 910 Adiuvabit
880 869 986 898 eam.

207 916 258 968 V.
287 918 432 970 Elegit
455 930 552 959 eam
576 917 714 965 Deus,
742 919 785 956 et
807 913 987 967 praeele-

158 974 222 1025 git
242 987 348 1015 eam.
370 977 422 1028 R.
442 975 494 1015 In
513 971 798 1015 tabernaculo
819 983 898 1011 suo
914 970 986 1010 ha-

158 1030 300 1072 bitare
319 1031 422 1073 facit
442 1043 549 1072 eam.

436 1099 504 1136 Ad
526 1099 711 1135 Nonam.

207 1154 306 1195 Ant.
336 1152 471 1204 Quasi
490 1151 617 1193 stella
634 1153 857 1192 matutina.

208 1210 467 1262 Capitulum.
679 1211 805 1251 Prov.
821 1211 878 1250 31.
894 1210 933 1251 d.

157 1262 366 1369 Multae
395 1269 497 1310 filiae
523 1269 902 1319 congregaverunt
928 1267 987 1308 di-

279 1326 421 1368 vitias:
448 1330 497 1368 tu
521 1327 807 1378 supergressa
833 1337 879 1365 es
898 1324 987 1365 uni-

162 1386 323 1426 versas.
359 1381 513 1423 Fallax
537 1382 693 1433 gratia,
721 1386 764 1422 et
788 1393 900 1421 vana
925 1386 990 1422 est

162 1438 460 1504 pulchritudo:
484 1438 641 1479 maliet
663 1437 821 1478 timens
840 1437 988 1478 Domi-

163 1510 267 1538 num
284 1496 382 1549 ipsa
399 1494 662 1536 laudabitur.

208 1552 260 1604 Rz
293 1551 355 1592 br.
405 1551 550 1602 Elegit
583 1563 680 1592 eam
711 1551 850 1599 Deus,
876 1551 899 1575 *
935 1550 992 1591 Et

161 1608 388 1662 praeelegit
417 1620 525 1649 eam.
565 1606 720 1658 Elegit.
757 1602 808 1654 V.
847 1607 897 1646 In
929 1610 990 1647 ta-

158 1665 397 1707 bernaculo
423 1677 503 1706 suo
528 1664 728 1706 habitare
754 1663 858 1704 facit
883 1675 990 1704 eam.

160 1722 228 1763 Et.
259 1721 411 1763 Gloria
428 1721 560 1762 Patri.
588 1720 741 1771 Elegit.

210 1771 262 1824 V.
300 1777 473 1819 Diffiisa
510 1782 578 1819 est
611 1776 753 1827 gratia
786 1775 830 1816 in
862 1774 990 1816 labiis

160 1835 257 1877 tuis.
312 1835 363 1887 R.
405 1834 649 1886 Propterea
685 1831 912 1874 benedixit
946 1837 991 1873 te

161 1891 282 1932 Deus
300 1891 344 1931 in
365 1892 587 1932 aeternum.

363 1963 425 2004 In
451 1962 513 2003 11.
538 1961 792 2011 vesperis.

212 2023 349 2058 Omnia
374 2027 414 2057 ut
438 2023 477 2057 in
501 2023 527 2056 I.
552 2023 668 2066 Vesp.
693 2022 775 2058 410.

209 2071 261 2123 V.
305 2075 394 2116 Ora
426 2088 509 2128 pro
541 2074 670 2116 nobis
697 2074 829 2115 beata
855 2073 990 2114 Elisa-

163 2131 281 2173 beth.
315 2132 366 2184 Rz.
394 2131 454 2173 Ut
481 2130 601 2181 digni
626 2130 866 2172 efficiamur
892 2142 991 2182 pro-

163 2187 443 2229 missionibus
464 2187 635 2229 Christi.
734 2216 737 2219 -

214 2244 285 2286 Ad
302 2244 475 2295 Magnis.
502 2244 602 2285 Ant.
627 2242 857 2285 Elisabeth
875 2243 899 2268 *
918 2255 992 2294 pa-

165 2300 227 2341 cis
247 2305 291 2342 et
309 2300 465 2352 patriae
483 2305 634 2350 mater,
651 2300 695 2341 in
713 2299 827 2341 coelo
844 2299 992 2341 trium-

165 2356 317 2410 phans,
340 2356 456 2398 dona
474 2356 602 2398 nobis
620 2369 786 2409 pacem.

431 2451 516 2493 Die
534 2453 598 2492 10.
618 2451 728 2492 Julii.

167 2517 235 2557 Ss.
257 2515 458 2566 Septem
477 2515 717 2556 Fratrum
733 2514 989 2563 Martyrum,

165 2583 215 2612 ac
226 2573 418 2614 Rufinae
434 2576 476 2611 et
493 2571 731 2613 Secundae
740 2571 821 2620 Vg.
837 2574 880 2610 et
890 2568 989 2612 Mm.

449 2627 708 2670 Semiduplex.

219 2679 356 2714 Omnia
388 2680 435 2714 de
466 2679 669 2714 Communi
699 2679 850 2722 plurim.
882 2679 988 2714 Mart.

169 2728 238 2773 [35]
261 2732 402 2771 praeter
427 2728 637 2771 sequentia.

1376 291 1539 332 Oratio.

1121 356 1253 392 raesta
1295 353 1547 403 quaesumus
1588 353 1866 403 omnipotens

1131 407 1267 448 Deus:
1293 413 1342 450 ut
1367 409 1441 460 qui
1466 408 1686 459 gloriosos
1706 407 1866 459 Marty-

1037 476 1108 505 res
1133 463 1270 505 fortes
1295 464 1339 504 in
1364 477 1442 505 sua
1466 465 1742 506 confessione
1767 476 1866 514 cog-

1036 520 1254 569 novimus,
1286 520 1386 572 pios
1420 519 1540 574 apud
1571 525 1615 562 te
1644 521 1688 560 in
1715 524 1867 561 nostra

1037 576 1352 618 intercessione
1381 577 1629 618 sentiamus.
1667 576 1752 618 Per
1780 576 1867 616 Do-

1037 633 1203 674 minum
1220 638 1431 674 nostrum.

1091 698 1134 732 In
1166 698 1191 732 Ι.
1222 699 1422 732 Nocturno
1453 698 1656 734 Lectiones
1691 701 1737 735 de
1770 701 1868 736 Scri-

1040 752 1153 790 ptura
1179 751 1414 781 occurrente.

1268 817 1317 855 In
1340 817 1391 855 II.
1416 817 1639 856 Nocturno.

1341 881 1493 923 Lectio
1513 882 1566 922 iv,

1051 954 1055 959 ·
1072 948 1128 998 2J
1147 946 1293 994 eptem
1315 942 1485 990 fratres,
1510 941 1588 982 filii
1609 945 1772 982 sanctae
1791 941 1869 981 Fe-

1162 998 1357 1047 licitatis,

1065 1039 1076 1053 ⁷.
1395 998 1551 1038 Romae
1587 998 1631 1038 in
1668 1009 1870 1049 persecu-

1123 1065 1138 1082 >'
1163 1056 1282 1097 tione
1305 1055 1441 1096 Marci
1468 1054 1635 1095 Aurelii
1659 1053 1870 1095 Antonini

1042 1125 1067 1152 a
1084 1111 1241 1153 Pablio
1265 1111 1477 1164 praefecto
1497 1111 1686 1163 primum
1705 1108 1870 1151 blandi-

1041 1169 1130 1218 tiis,
1159 1167 1319 1209 deinde
1347 1167 1591 1208 terroribus
1619 1166 1796 1214 tentati,
1823 1171 1872 1207 ut

1044 1225 1218 1266 Christo
1239 1224 1550 1273 renuntiantes,
1571 1223 1679 1264 deos
1696 1235 1871 1264 venera-

1043 1283 1204 1322 rentur:
1244 1286 1287 1322 et
1323 1293 1402 1321 sua
1433 1280 1610 1328 virtute,
1650 1284 1693 1320 et
1731 1284 1871 1320 matre

1042 1338 1263 1383 hortante,
1292 1337 1335 1377 in
1355 1335 1459 1378 fidei
1479 1336 1755 1377 confessione
1775 1347 1870 1387 per-

1043 1396 1314 1444 severantes,
1342 1393 1463 1434 varie
1488 1392 1632 1434 necati
1657 1397 1768 1433 sunt.
1805 1391 1871 1432 Ja-

1043 1451 1221 1492 nuarius
1244 1450 1482 1503 plumbatis
1506 1462 1662 1490 caesus:
1686 1448 1810 1490 Felix
1830 1453 1873 1489 et

1043 1507 1272 1560 Philippus
1302 1506 1490 1548 fastibus
1520 1506 1706 1547 contasi:
1739 1505 1872 1546 Silva-

1043 1577 1124 1605 nus
1149 1576 1203 1605 ex
1226 1563 1438 1604 altissimo
1457 1563 1558 1604 loco
1578 1574 1781 1615 praeceps
1802 1560 1872 1603 de-

1044 1622 1183 1672 jectus
1213 1625 1293 1662 est:
1327 1619 1596 1668 Alexander,
1623 1618 1802 1667 Vitalis,
1831 1623 1874 1659 et

1043 1677 1258 1718 Martialis
1279 1676 1424 1728 capite
1442 1675 1706 1728 plectuntur.
1734 1675 1875 1716 Mater

1045 1736 1197 1775 eorum
1218 1739 1374 1785 quarto
1389 1738 1495 1786 post
1510 1745 1659 1773 mense
1675 1730 1875 1772 eamdem

1044 1790 1241 1843 martyrii
1283 1789 1476 1843 palmam
1517 1791 1755 1830 consecuta
1793 1792 1875 1829 est:

1043 1847 1105 1887 illi
1138 1852 1263 1888 sexto
1292 1845 1399 1887 Idus
1426 1846 1450 1886 J
1453 1845 1530 1886 ulii
1557 1844 1759 1897 spiritum
1786 1844 1874 1884 Do-

1044 1903 1163 1945 mino
1182 1902 1480 1944 reddiderunt.

1095 1967 1147 2018 Rz.
1184 1964 1331 2006 Sancti
1364 1963 1427 2004 tui
1454 1962 1643 2004 Domine
1675 1960 1874 2003 mirabile

1046 2020 1271 2064 consecuti
1286 2025 1386 2061 sunt
1399 2020 1492 2069 iter,
1509 2019 1750 2060 servientes
1764 2031 1874 2071 prae-

1046 2078 1187 2131 ceptis
1215 2077 1318 2126 tuis,
1346 2081 1395 2118 ut
1421 2075 1720 2117 invenirentur
1749 2074 1875 2115 illaesi

1046 2136 1090 2176 in
1115 2134 1240 2186 aquis
1266 2131 1439 2174 validis:
1459 2135 1482 2159 *
1505 2132 1645 2173 Terra
1671 2131 1875 2184 apparuit

1047 2191 1185 2240 arida,
1219 2195 1262 2232 et
1292 2191 1337 2231 in
1369 2189 1480 2230 Mari
1511 2188 1646 2230 rubro
1679 2188 1751 2229 via
1782 2187 1874 2228 sine

1046 2222 1373 2300 impedimento.
1391 2240 1440 2292 V.
1461 2245 1679 2295 Quoniam
1696 2256 1872 2297 percus-

1047 2305 1104 2346 sit
1126 2309 1313 2356 petram,
1348 2307 1392 2343 et
1415 2302 1636 2343 fluxerunt
1661 2313 1803 2353 aquae,
1831 2303 1875 2340 et

1046 2362 1264 2403 torrentes
1283 2357 1615 2400 inundaverunt.
1642 2357 1792 2398 Terra.

1354 2425 1507 2467 Lectio
1527 2440 1564 2466 v.

1045 2481 1252 2588 Rufina
1271 2494 1315 2531 et
1341 2488 1560 2538 Secunda,
1589 2489 1765 2529 sorores
1791 2489 1873 2528 vir-

1150 2547 1271 2598 gines
1288 2547 1514 2594 Romanae,
1533 2545 1694 2597 rejecto
1715 2545 1873 2584 conmi-

1046 2604 1120 2647 bio
1140 2603 1408 2645 Armentarii
1427 2607 1471 2644 et
1487 2600 1651 2650 Verini‚
1672 2598 1830 2651 quibus
1849 2610 1875 2638 a

1046 2660 1304 2714 parentibus
1315 2659 1551 2711 desponsae
1561 2657 1742 2704 fuerant,
1754 2654 1875 2706 quod

1046 2718 1071 2758 J
1074 2730 1152 2758 esu
1188 2716 1362 2757 Christo
1400 2714 1695 2765 virginitatem
1729 2711 1873 2752 vovis-
