<?xml version="1.0" encoding="UTF-8"?>
<!DOCTYPE html PUBLIC "-//W3C//DTD XHTML 1.0 Transitional//EN"
    "http://www.w3.org/TR/xhtml1/DTD/xhtml1-transitional.dtd">
<html xmlns="http://www.w3.org/1999/xhtml" xml:lang="en" lang="en">
 <head>
  <title>
</title>
<meta http-equiv="Content-Type" content="text/html;charset=utf-8" />
  <meta name='ocr-system' content='tesseract 3.04.00' />
  <meta name='ocr-capabilities' content='ocr_page ocr_carea ocr_par ocr_line ocrx_word'/>
</head>
<body>
  <div class='ocr_page' id='page_1' title='image "./p3breviariumroma00cathuoft_0146.png"; bbox 0 0 2040 2976; ppageno 0'>
   <div class='ocr_carea' id='block_1_1' title="bbox 192 215 254 250">
    <p class='ocr_par' dir='ltr' id='par_1_1' title="bbox 192 215 254 250">
     <span class='ocr_line' id='line_1_1' title="bbox 192 215 254 250; baseline 0 0"><span class='ocrx_word' id='word_1_1' title='bbox 192 215 254 250; x_wconf 89' lang='grc'><strong>116</strong></span> 
     </span>
    </p>
   </div>
   <div class='ocr_carea' id='block_1_2' title="bbox 187 307 1016 1694">
    <p class='ocr_par' dir='ltr' id='par_1_2' title="bbox 191 307 1016 519">
     <span class='ocr_line' id='line_1_2' title="bbox 242 307 1016 352; baseline -0.006 0"><span class='ocrx_word' id='word_1_2' title='bbox 242 311 265 351; x_wconf 91' lang='lat' dir='ltr'>J</span> <span class='ocrx_word' id='word_1_3' title='bbox 268 311 407 352; x_wconf 81' lang='lat' dir='ltr'><strong>uravit</strong></span> <span class='ocrx_word' id='word_1_4' title='bbox 442 309 655 350; x_wconf 91' lang='lat' dir='ltr'><strong>Dominus</strong></span> <span class='ocrx_word' id='word_1_5' title='bbox 682 307 826 348; x_wconf 88' lang='lat' dir='ltr'><strong>David</strong></span> <span class='ocrx_word' id='word_1_6' title='bbox 861 307 1016 348; x_wconf 80' lang='lat' dir='ltr'><strong>verita-</strong></span> 
     </span>
     <span class='ocr_line' id='line_1_3' title="bbox 191 362 1015 417; baseline -0.006 -9"><span class='ocrx_word' id='word_1_7' title='bbox 191 373 292 417; x_wconf 75' lang='lat' dir='ltr'><strong>tem,</strong></span> <span class='ocrx_word' id='word_1_8' title='bbox 320 371 363 407; x_wconf 94' lang='lat' dir='ltr'><strong>et</strong></span> <span class='ocrx_word' id='word_1_9' title='bbox 386 378 472 406; x_wconf 90' lang='lat' dir='ltr'><strong>non</strong></span> <span class='ocrx_word' id='word_1_10' title='bbox 492 364 768 406; x_wconf 67' lang='lat' dir='ltr'><strong>frustrabitur</strong></span> <span class='ocrx_word' id='word_1_11' title='bbox 788 376 898 404; x_wconf 92' lang='lat' dir='ltr'><strong>eam:</strong></span> <span class='ocrx_word' id='word_1_12' title='bbox 917 364 940 388; x_wconf 88' lang='lat'>*</span> <span class='ocrx_word' id='word_1_13' title='bbox 961 362 1015 403; x_wconf 95' lang='lat' dir='ltr'><strong>de</strong></span> 
     </span>
     <span class='ocr_line' id='line_1_4' title="bbox 192 421 1015 472; baseline -0.005 -9"><span class='ocrx_word' id='word_1_14' title='bbox 192 423 332 463; x_wconf 87' lang='lat' dir='ltr'><strong>fructu</strong></span> <span class='ocrx_word' id='word_1_15' title='bbox 352 421 515 462; x_wconf 86' lang='lat' dir='ltr'><strong>ventris</strong></span> <span class='ocrx_word' id='word_1_16' title='bbox 535 421 597 461; x_wconf 91' lang='lat' dir='ltr'><strong>tui</strong></span> <span class='ocrx_word' id='word_1_17' title='bbox 618 433 779 472; x_wconf 90' lang='lat' dir='ltr'><strong>ponam</strong></span> <span class='ocrx_word' id='word_1_18' title='bbox 801 432 931 471; x_wconf 89' lang='lat' dir='ltr'><strong>super</strong></span> <span class='ocrx_word' id='word_1_19' title='bbox 952 431 1015 459; x_wconf 92' lang='lat' dir='ltr'><strong>se-</strong></span> 
     </span>
     <span class='ocr_line' id='line_1_5' title="bbox 191 478 438 519; baseline -0.008 0"><span class='ocrx_word' id='word_1_20' title='bbox 191 478 289 519; x_wconf 92' lang='lat' dir='ltr'><strong>dem</strong></span> <span class='ocrx_word' id='word_1_21' title='bbox 308 484 438 519; x_wconf 90' lang='lat' dir='ltr'><strong>tuam.</strong></span> 
     </span>
    </p>

    <p class='ocr_par' dir='ltr' id='par_1_3' title="bbox 190 531 1014 698">
     <span class='ocr_line' id='line_1_6' title="bbox 241 531 1014 575; baseline -0.008 0"><span class='ocrx_word' id='word_1_22' title='bbox 241 534 284 575; x_wconf 90' lang='lat' dir='ltr'><strong>Si</strong></span> <span class='ocrx_word' id='word_1_23' title='bbox 303 533 589 574; x_wconf 84' lang='lat' dir='ltr'><strong>custodierint</strong></span> <span class='ocrx_word' id='word_1_24' title='bbox 608 532 683 572; x_wconf 90' lang='lat' dir='ltr'><strong>filii</strong></span> <span class='ocrx_word' id='word_1_25' title='bbox 703 532 765 572; x_wconf 87' lang='lat' dir='ltr'><strong>tui</strong></span> <span class='ocrx_word' id='word_1_26' title='bbox 785 531 1014 572; x_wconf 80' lang='lat' dir='ltr'><strong>testamen-</strong></span> 
     </span>
     <span class='ocr_line' id='line_1_7' title="bbox 190 587 1014 638; baseline -0.006 -7"><span class='ocrx_word' id='word_1_27' title='bbox 190 596 280 631; x_wconf 91' lang='lat' dir='ltr'><strong>tum</strong></span> <span class='ocrx_word' id='word_1_28' title='bbox 312 603 473 638; x_wconf 90' lang='lat' dir='ltr'><strong>meum,</strong></span> <span class='ocrx_word' id='word_1_29' title='bbox 506 590 528 614; x_wconf 90' lang='lat'>*</span> <span class='ocrx_word' id='word_1_30' title='bbox 561 593 604 629; x_wconf 92' lang='lat' dir='ltr'><strong>et</strong></span> <span class='ocrx_word' id='word_1_31' title='bbox 637 587 885 628; x_wconf 87' lang='lat' dir='ltr'><strong>testimonia</strong></span> <span class='ocrx_word' id='word_1_32' title='bbox 917 599 1014 626; x_wconf 92' lang='lat' dir='ltr'><strong>mea</strong></span> 
     </span>
     <span class='ocr_line' id='line_1_8' title="bbox 190 644 718 698; baseline -0.006 -12"><span class='ocrx_word' id='word_1_33' title='bbox 190 646 295 694; x_wconf 86' lang='lat' dir='ltr'><strong>haec,</strong></span> <span class='ocrx_word' id='word_1_34' title='bbox 317 659 414 698; x_wconf 89' lang='lat' dir='ltr'><strong>quae</strong></span> <span class='ocrx_word' id='word_1_35' title='bbox 435 644 606 686; x_wconf 80' lang='lat' dir='ltr'><strong>docebo</strong></span> <span class='ocrx_word' id='word_1_36' title='bbox 627 656 718 684; x_wconf 89' lang='lat' dir='ltr'><strong>eos:</strong></span> 
     </span>
    </p>

    <p class='ocr_par' dir='ltr' id='par_1_4' title="bbox 189 698 1014 808">
     <span class='ocr_line' id='line_1_9' title="bbox 242 698 1014 751; baseline -0.005 -9"><span class='ocrx_word' id='word_1_37' title='bbox 242 702 296 743; x_wconf 89' lang='lat' dir='ltr'><strong>Et</strong></span> <span class='ocrx_word' id='word_1_38' title='bbox 317 702 394 742; x_wconf 90' lang='lat' dir='ltr'><strong>filii</strong></span> <span class='ocrx_word' id='word_1_39' title='bbox 413 704 564 742; x_wconf 88' lang='lat' dir='ltr'><strong>eorum</strong></span> <span class='ocrx_word' id='word_1_40' title='bbox 584 712 722 751; x_wconf 93' lang='lat' dir='ltr'><strong>usque</strong></span> <span class='ocrx_word' id='word_1_41' title='bbox 737 699 779 739; x_wconf 93' lang='lat' dir='ltr'><strong>in</strong></span> <span class='ocrx_word' id='word_1_42' title='bbox 796 698 1014 747; x_wconf 75' lang='lat' dir='ltr'><strong>saeculum,</strong></span> 
     </span>
     <span class='ocr_line' id='line_1_10' title="bbox 189 755 917 808; baseline -0.007 -9"><span class='ocrx_word' id='word_1_43' title='bbox 189 759 212 783; x_wconf 87' lang='lat'>*</span> <span class='ocrx_word' id='word_1_44' title='bbox 233 757 448 799; x_wconf 87' lang='lat' dir='ltr'><strong>sedebunt</strong></span> <span class='ocrx_word' id='word_1_45' title='bbox 470 769 601 808; x_wconf 90' lang='lat' dir='ltr'><strong>super</strong></span> <span class='ocrx_word' id='word_1_46' title='bbox 620 755 770 797; x_wconf 88' lang='lat' dir='ltr'><strong>sedem</strong></span> <span class='ocrx_word' id='word_1_47' title='bbox 788 760 917 796; x_wconf 85' lang='lat' dir='ltr'><strong>tuam.</strong></span> 
     </span>
    </p>

    <p class='ocr_par' dir='ltr' id='par_1_5' title="bbox 190 811 1014 920">
     <span class='ocr_line' id='line_1_11' title="bbox 242 811 1014 864; baseline -0.006 -9"><span class='ocrx_word' id='word_1_48' title='bbox 242 814 457 864; x_wconf 91' lang='lat' dir='ltr'><strong>Quoniam</strong></span> <span class='ocrx_word' id='word_1_49' title='bbox 478 813 607 862; x_wconf 82' lang='lat' dir='ltr'><strong>elegit</strong></span> <span class='ocrx_word' id='word_1_50' title='bbox 627 812 840 852; x_wconf 92' lang='lat' dir='ltr'><strong>Dominus</strong></span> <span class='ocrx_word' id='word_1_51' title='bbox 859 811 976 851; x_wconf 91' lang='lat' dir='ltr'>Sion:</span> <span class='ocrx_word' id='word_1_52' title='bbox 991 811 1014 835; x_wconf 90' lang='lat'>*</span> 
     </span>
     <span class='ocr_line' id='line_1_12' title="bbox 190 866 940 920; baseline -0.005 -9"><span class='ocrx_word' id='word_1_53' title='bbox 190 870 320 920; x_wconf 82' lang='lat' dir='ltr'><strong>elegit</strong></span> <span class='ocrx_word' id='word_1_54' title='bbox 337 883 433 911; x_wconf 91' lang='lat' dir='ltr'><strong>eam</strong></span> <span class='ocrx_word' id='word_1_55' title='bbox 452 870 495 909; x_wconf 94' lang='lat' dir='ltr'><strong>in</strong></span> <span class='ocrx_word' id='word_1_56' title='bbox 515 868 827 909; x_wconf 68' lang='lat' dir='ltr'><strong>habitationem</strong></span> <span class='ocrx_word' id='word_1_57' title='bbox 849 866 940 908; x_wconf 89' lang='lat' dir='ltr'><strong>sibi.</strong></span> 
     </span>
    </p>

    <p class='ocr_par' dir='ltr' id='par_1_6' title="bbox 190 922 1015 1089">
     <span class='ocr_line' id='line_1_13' title="bbox 242 922 1014 977; baseline -0.005 -10"><span class='ocrx_word' id='word_1_58' title='bbox 242 927 351 967; x_wconf 89' lang='lat' dir='ltr'><strong>Haec</strong></span> <span class='ocrx_word' id='word_1_59' title='bbox 388 925 560 977; x_wconf 86' lang='lat' dir='ltr'><strong>requies</strong></span> <span class='ocrx_word' id='word_1_60' title='bbox 596 937 693 965; x_wconf 91' lang='lat' dir='ltr'><strong>mea</strong></span> <span class='ocrx_word' id='word_1_61' title='bbox 730 924 772 963; x_wconf 91' lang='lat' dir='ltr'><strong>in</strong></span> <span class='ocrx_word' id='word_1_62' title='bbox 806 922 1014 964; x_wconf 80' lang='lat' dir='ltr'><strong>saeculum</strong></span> 
     </span>
     <span class='ocr_line' id='line_1_14' title="bbox 190 979 1015 1031; baseline -0.005 -8"><span class='ocrx_word' id='word_1_63' title='bbox 190 982 359 1023; x_wconf 75' lang='lat' dir='ltr'><strong>saeculi:</strong></span> <span class='ocrx_word' id='word_1_64' title='bbox 395 982 417 1006; x_wconf 87' lang='lat'>*</span> <span class='ocrx_word' id='word_1_65' title='bbox 457 981 526 1021; x_wconf 93' lang='lat' dir='ltr'><strong>hic</strong></span> <span class='ocrx_word' id='word_1_66' title='bbox 564 979 769 1021; x_wconf 80' lang='lat' dir='ltr'><strong>habitabo</strong></span> <span class='ocrx_word' id='word_1_67' title='bbox 809 980 1015 1031; x_wconf 90' lang='lat' dir='ltr'><strong>quoniam</strong></span> 
     </span>
     <span class='ocr_line' id='line_1_15' title="bbox 190 1038 425 1089; baseline -0.004 -10"><span class='ocrx_word' id='word_1_68' title='bbox 190 1038 299 1089; x_wconf 80' lang='lat' dir='ltr'><strong>elegi</strong></span> <span class='ocrx_word' id='word_1_69' title='bbox 319 1051 425 1079; x_wconf 89' lang='lat' dir='ltr'><strong>eam.</strong></span> 
     </span>
    </p>

    <p class='ocr_par' dir='ltr' id='par_1_7' title="bbox 189 1091 1013 1258">
     <span class='ocr_line' id='line_1_16' title="bbox 241 1091 1013 1145; baseline -0.004 -10"><span class='ocrx_word' id='word_1_70' title='bbox 241 1094 431 1135; x_wconf 85' lang='lat' dir='ltr'><strong>Viduam</strong></span> <span class='ocrx_word' id='word_1_71' title='bbox 469 1094 559 1145; x_wconf 90' lang='lat' dir='ltr'><strong>ejus</strong></span> <span class='ocrx_word' id='word_1_72' title='bbox 590 1092 854 1134; x_wconf 88' lang='lat' dir='ltr'><strong>benedicens</strong></span> <span class='ocrx_word' id='word_1_73' title='bbox 886 1091 1013 1132; x_wconf 90' lang='lat' dir='ltr'><strong>bene-</strong></span> 
     </span>
     <span class='ocr_line' id='line_1_17' title="bbox 190 1147 1013 1202; baseline -0.004 -11"><span class='ocrx_word' id='word_1_74' title='bbox 190 1149 348 1191; x_wconf 83' lang='lat' dir='ltr'><strong>dicam:</strong></span> <span class='ocrx_word' id='word_1_75' title='bbox 376 1151 398 1175; x_wconf 90' lang='lat'>*</span> <span class='ocrx_word' id='word_1_76' title='bbox 428 1152 646 1202; x_wconf 90' lang='lat' dir='ltr'><strong>pauperes</strong></span> <span class='ocrx_word' id='word_1_77' title='bbox 679 1149 769 1200; x_wconf 89' lang='lat' dir='ltr'><strong>ejus</strong></span> <span class='ocrx_word' id='word_1_78' title='bbox 805 1147 1013 1189; x_wconf 80' lang='lat' dir='ltr'><strong>saturabo</strong></span> 
     </span>
     <span class='ocr_line' id='line_1_18' title="bbox 189 1206 386 1258; baseline 0.005 -12"><span class='ocrx_word' id='word_1_79' title='bbox 189 1206 386 1258; x_wconf 80' lang='lat' dir='ltr'><strong>panibus.</strong></span> 
     </span>
    </p>

    <p class='ocr_par' dir='ltr' id='par_1_8' title="bbox 187 1260 1014 1415">
     <span class='ocr_line' id='line_1_19' title="bbox 241 1260 1014 1312; baseline -0.003 -9"><span class='ocrx_word' id='word_1_80' title='bbox 241 1262 502 1303; x_wconf 86' lang='lat' dir='ltr'><strong>Sacerdotes</strong></span> <span class='ocrx_word' id='word_1_81' title='bbox 522 1263 612 1312; x_wconf 87' lang='lat' dir='ltr'><strong>ejus</strong></span> <span class='ocrx_word' id='word_1_82' title='bbox 628 1261 803 1302; x_wconf 93' lang='lat' dir='ltr'><strong>induam</strong></span> <span class='ocrx_word' id='word_1_83' title='bbox 822 1260 1014 1301; x_wconf 79' lang='lat' dir='ltr'><strong>salutari:</strong></span> 
     </span>
     <span class='ocr_line' id='line_1_20' title="bbox 188 1317 1013 1369; baseline -0.002 -10"><span class='ocrx_word' id='word_1_84' title='bbox 188 1319 211 1343; x_wconf 86' lang='grc'><em>*</em></span> <span class='ocrx_word' id='word_1_85' title='bbox 232 1323 275 1359; x_wconf 91' lang='lat' dir='ltr'><strong>et</strong></span> <span class='ocrx_word' id='word_1_86' title='bbox 294 1319 431 1359; x_wconf 89' lang='lat' dir='ltr'><strong>sancti</strong></span> <span class='ocrx_word' id='word_1_87' title='bbox 452 1318 541 1369; x_wconf 90' lang='lat' dir='ltr'><strong>ejus</strong></span> <span class='ocrx_word' id='word_1_88' title='bbox 561 1317 851 1358; x_wconf 83' lang='lat' dir='ltr'><strong>exsultatione</strong></span> <span class='ocrx_word' id='word_1_89' title='bbox 874 1317 1013 1358; x_wconf 84' lang='lat' dir='ltr'><strong>exsul-</strong></span> 
     </span>
     <span class='ocr_line' id='line_1_21' title="bbox 187 1374 350 1415; baseline 0 -1"><span class='ocrx_word' id='word_1_90' title='bbox 187 1374 350 1415; x_wconf 80' lang='lat' dir='ltr'><strong>tabunt.</strong></span> 
     </span>
    </p>

    <p class='ocr_par' dir='ltr' id='par_1_9' title="bbox 187 1428 1013 1538">
     <span class='ocr_line' id='line_1_22' title="bbox 238 1428 1013 1482; baseline -0.001 -12"><span class='ocrx_word' id='word_1_91' title='bbox 238 1430 347 1471; x_wconf 93' lang='lat' dir='ltr'><strong>Illuc</strong></span> <span class='ocrx_word' id='word_1_92' title='bbox 376 1429 618 1482; x_wconf 82' lang='lat' dir='ltr'><strong>producam</strong></span> <span class='ocrx_word' id='word_1_93' title='bbox 644 1443 781 1470; x_wconf 92' lang='lat' dir='ltr'><strong>cornu</strong></span> <span class='ocrx_word' id='word_1_94' title='bbox 805 1428 966 1477; x_wconf 85' lang='lat' dir='ltr'><strong>David,</strong></span> <span class='ocrx_word' id='word_1_95' title='bbox 990 1429 1013 1454; x_wconf 88' lang='lat'>*</span> 
     </span>
     <span class='ocr_line' id='line_1_23' title="bbox 187 1485 902 1538; baseline 0 -12"><span class='ocrx_word' id='word_1_96' title='bbox 187 1487 339 1538; x_wconf 79' lang='lat' dir='ltr'><strong>paravi</strong></span> <span class='ocrx_word' id='word_1_97' title='bbox 357 1486 578 1526; x_wconf 82' lang='lat' dir='ltr'><strong>lucernam</strong></span> <span class='ocrx_word' id='word_1_98' title='bbox 599 1485 771 1526; x_wconf 89' lang='lat' dir='ltr'><strong>Christo</strong></span> <span class='ocrx_word' id='word_1_99' title='bbox 791 1498 902 1526; x_wconf 93' lang='lat' dir='ltr'><strong>meo.</strong></span> 
     </span>
    </p>

    <p class='ocr_par' dir='ltr' id='par_1_10' title="bbox 187 1541 1014 1694">
     <span class='ocr_line' id='line_1_24' title="bbox 239 1541 1014 1592; baseline 0 -10"><span class='ocrx_word' id='word_1_100' title='bbox 239 1542 444 1582; x_wconf 89' lang='lat' dir='ltr'><strong>Inimicos</strong></span> <span class='ocrx_word' id='word_1_101' title='bbox 456 1542 545 1592; x_wconf 88' lang='lat' dir='ltr'><strong>ejus</strong></span> <span class='ocrx_word' id='word_1_102' title='bbox 557 1541 733 1582; x_wconf 85' lang='lat' dir='ltr'><strong>induam</strong></span> <span class='ocrx_word' id='word_1_103' title='bbox 745 1541 1014 1582; x_wconf 89' lang='lat' dir='ltr'><strong>confusione:</strong></span> 
     </span>
     <span class='ocr_line' id='line_1_25' title="bbox 187 1597 1013 1649; baseline 0 -11"><span class='ocrx_word' id='word_1_104' title='bbox 187 1598 211 1622; x_wconf 82' lang='grc'>*</span> <span class='ocrx_word' id='word_1_105' title='bbox 223 1610 355 1649; x_wconf 93' lang='lat' dir='ltr'><strong>super</strong></span> <span class='ocrx_word' id='word_1_106' title='bbox 369 1598 513 1649; x_wconf 93' lang='lat' dir='ltr'><strong>ipsum</strong></span> <span class='ocrx_word' id='word_1_107' title='bbox 529 1602 674 1638; x_wconf 87' lang='lat' dir='ltr'><strong>autem</strong></span> <span class='ocrx_word' id='word_1_108' title='bbox 690 1597 907 1638; x_wconf 78' lang='lat' dir='ltr'><strong>efflorebit</strong></span> <span class='ocrx_word' id='word_1_109' title='bbox 920 1611 1013 1638; x_wconf 91' lang='lat' dir='ltr'><strong>san-</strong></span> 
     </span>
     <span class='ocr_line' id='line_1_26' title="bbox 191 1653 523 1694; baseline 0 0"><span class='ocrx_word' id='word_1_110' title='bbox 191 1653 395 1694; x_wconf 80' lang='lat' dir='ltr'><strong>ctificatio</strong></span> <span class='ocrx_word' id='word_1_111' title='bbox 415 1666 523 1694; x_wconf 90' lang='lat' dir='ltr'><strong>mea.</strong></span> 
     </span>
    </p>
   </div>
   <div class='ocr_carea' id='block_1_3' title="bbox 186 1718 1015 2468">
    <p class='ocr_par' dir='ltr' id='par_1_11' title="bbox 240 1718 1014 1770">
     <span class='ocr_line' id='line_1_27' title="bbox 240 1718 1014 1770; baseline 0.003 -12.043"><span class='ocrx_word' id='word_1_112' title='bbox 240 1720 337 1759; x_wconf 86' lang='lat' dir='ltr'><strong>Ant</strong></span> <span class='ocrx_word' id='word_1_113' title='bbox 350 1720 385 1759; x_wconf 84' lang='lat' dir='ltr'>E</span> <span class='ocrx_word' id='word_1_114' title='bbox 389 1718 904 1760; x_wconf 89' lang='lat' dir='ltr'><strong>tomnismansuetudinis</strong></span> <span class='ocrx_word' id='word_1_115' title='bbox 913 1719 1014 1770; x_wconf 86' lang='lat' dir='ltr'><strong>ejus.</strong></span> 
     </span>
    </p>

    <p class='ocr_par' dir='ltr' id='par_1_12' title="bbox 240 1784 486 1823">
     <span class='ocr_line' id='line_1_28' title="bbox 240 1784 486 1823; baseline 0.004 -1"><span class='ocrx_word' id='word_1_116' title='bbox 240 1784 338 1823; x_wconf 83' lang='lat' dir='ltr'><strong>Ant.</strong></span> <span class='ocrx_word' id='word_1_117' title='bbox 360 1784 486 1823; x_wconf 81' lang='lat' dir='ltr'><strong>Ecce.</strong></span> 
     </span>
    </p>

    <p class='ocr_par' dir='ltr' id='par_1_13' title="bbox 186 1858 1014 2067">
     <span class='ocr_line' id='line_1_29' title="bbox 452 1858 751 1898; baseline 0.01 -3"><span class='ocrx_word' id='word_1_118' title='bbox 452 1858 647 1897; x_wconf 85' lang='lat' dir='ltr'><strong>I&#39;salmus</strong></span> <span class='ocrx_word' id='word_1_119' title='bbox 671 1860 751 1898; x_wconf 79' lang='lat'>132.</span> 
     </span>
     <span class='ocr_line' id='line_1_30' title="bbox 186 1909 1013 2014; baseline 0.002 -58"><span class='ocrx_word' id='word_1_120' title='bbox 186 1909 348 2014; x_wconf 85' lang='lat' dir='ltr'><strong>Ecce</strong></span> <span class='ocrx_word' id='word_1_121' title='bbox 374 1929 503 1967; x_wconf 88' lang='lat' dir='ltr'><strong>quam</strong></span> <span class='ocrx_word' id='word_1_122' title='bbox 529 1915 708 1965; x_wconf 89' lang='lat' dir='ltr'><strong>bonum,</strong></span> <span class='ocrx_word' id='word_1_123' title='bbox 736 1922 779 1958; x_wconf 92' lang='lat' dir='ltr'><strong>et</strong></span> <span class='ocrx_word' id='word_1_124' title='bbox 805 1930 935 1970; x_wconf 92' lang='lat' dir='ltr'><strong>quam</strong></span> <span class='ocrx_word' id='word_1_125' title='bbox 957 1918 1013 1968; x_wconf 92' lang='lat' dir='ltr'><strong>ju-</strong></span> 
     </span>
     <span class='ocr_line' id='line_1_31' title="bbox 293 1971 1014 2015; baseline 0.006 -4"><span class='ocrx_word' id='word_1_126' title='bbox 293 1971 481 2012; x_wconf 92' lang='lat' dir='ltr'><strong>cundum</strong></span> <span class='ocrx_word' id='word_1_127' title='bbox 509 1973 532 1998; x_wconf 83' lang='lat'>*</span> <span class='ocrx_word' id='word_1_128' title='bbox 560 1973 756 2015; x_wconf 77' lang='lat' dir='ltr'><strong>habitare</strong></span> <span class='ocrx_word' id='word_1_129' title='bbox 785 1974 942 2015; x_wconf 88' lang='lat' dir='ltr'><strong>fratres</strong></span> <span class='ocrx_word' id='word_1_130' title='bbox 971 1975 1014 2014; x_wconf 93' lang='lat' dir='ltr'><strong>in</strong></span> 
     </span>
     <span class='ocr_line' id='line_1_32' title="bbox 188 2040 335 2067; baseline 0 0"><span class='ocrx_word' id='word_1_131' title='bbox 188 2040 335 2067; x_wconf 90' lang='lat' dir='ltr'><strong>unum:</strong></span> 
     </span>
    </p>

    <p class='ocr_par' dir='ltr' id='par_1_14' title="bbox 189 2083 1015 2234">
     <span class='ocr_line' id='line_1_33' title="bbox 240 2083 1015 2148; baseline 0.006 -25"><span class='ocrx_word' id='word_1_132' title='bbox 240 2083 359 2124; x_wconf 87' lang='lat' dir='ltr'><strong>Sicut</strong></span> <span class='ocrx_word' id='word_1_133' title='bbox 370 2085 654 2148; x_wconf 81' lang='lat' dir='ltr'><strong>unguentum</strong></span> <span class='ocrx_word' id='word_1_134' title='bbox 643 2099 686 2125; x_wconf 94' lang='lat' dir='ltr'><strong>1n</strong></span> <span class='ocrx_word' id='word_1_135' title='bbox 697 2086 882 2138; x_wconf 80' lang='lat' dir='ltr'><strong>capite‚*</strong></span> <span class='ocrx_word' id='word_1_136' title='bbox 895 2086 1015 2138; x_wconf 92' lang='lat' dir='ltr'><strong>quod</strong></span> 
     </span>
     <span class='ocr_line' id='line_1_34' title="bbox 189 2137 1014 2190; baseline 0.006 -12"><span class='ocrx_word' id='word_1_137' title='bbox 189 2137 444 2180; x_wconf 85' lang='lat' dir='ltr'><strong>descendit</strong></span> <span class='ocrx_word' id='word_1_138' title='bbox 434 2153 476 2179; x_wconf 81' lang='lat' dir='ltr'><strong>in</strong></span> <span class='ocrx_word' id='word_1_139' title='bbox 496 2140 695 2190; x_wconf 88' lang='lat' dir='ltr'><strong>barbam,</strong></span> <span class='ocrx_word' id='word_1_140' title='bbox 727 2141 912 2183; x_wconf 87' lang='lat' dir='ltr'><strong>barbam</strong></span> <span class='ocrx_word' id='word_1_141' title='bbox 930 2142 1014 2183; x_wconf 88' lang='lat' dir='ltr'><strong>Aa·</strong></span> 
     </span>
     <span class='ocr_line' id='line_1_35' title="bbox 189 2207 280 2243; baseline 0 -9"><span class='ocrx_word' id='word_1_142' title='bbox 189 2207 280 2243; x_wconf 89' lang='lat' dir='ltr'><strong>ron,</strong></span> 
     </span>
    </p>

    <p class='ocr_par' dir='ltr' id='par_1_15' title="bbox 188 2250 1015 2407">
     <span class='ocr_line' id='line_1_36' title="bbox 242 2250 1015 2300; baseline 0.007 -9"><span class='ocrx_word' id='word_1_143' title='bbox 242 2250 370 2300; x_wconf 94' lang='lat' dir='ltr'><strong>Quod</strong></span> <span class='ocrx_word' id='word_1_144' title='bbox 405 2251 630 2294; x_wconf 84' lang='lat' dir='ltr'><strong>descendit</strong></span> <span class='ocrx_word' id='word_1_145' title='bbox 663 2254 706 2294; x_wconf 91' lang='lat' dir='ltr'><strong>in</strong></span> <span class='ocrx_word' id='word_1_146' title='bbox 739 2267 861 2295; x_wconf 88' lang='lat' dir='ltr'><strong>oram</strong></span> <span class='ocrx_word' id='word_1_147' title='bbox 887 2256 1015 2296; x_wconf 86' lang='lat' dir='ltr'><strong>vesti-</strong></span> 
     </span>
     <span class='ocr_line' id='line_1_37' title="bbox 188 2307 1015 2363; baseline 0.007 -17"><span class='ocrx_word' id='word_1_148' title='bbox 188 2307 321 2347; x_wconf 79' lang='lat' dir='ltr'><strong>menti</strong></span> <span class='ocrx_word' id='word_1_149' title='bbox 337 2308 440 2358; x_wconf 91' lang='lat' dir='ltr'><strong>ejus:</strong></span> <span class='ocrx_word' id='word_1_150' title='bbox 455 2308 605 2350; x_wconf 82' lang='lat' dir='ltr'><strong>*sicut</strong></span> <span class='ocrx_word' id='word_1_151' title='bbox 624 2323 696 2351; x_wconf 92' lang='lat' dir='ltr'><strong>ros</strong></span> <span class='ocrx_word' id='word_1_152' title='bbox 712 2311 921 2360; x_wconf 87' lang='lat' dir='ltr'><strong>Hermon,</strong></span> <span class='ocrx_word' id='word_1_153' title='bbox 942 2312 1015 2363; x_wconf 92' lang='lat' dir='ltr'><strong>qui</strong></span> 
     </span>
     <span class='ocr_line' id='line_1_38' title="bbox 189 2361 822 2407; baseline 0.008 -5"><span class='ocrx_word' id='word_1_154' title='bbox 189 2361 443 2404; x_wconf 83' lang='lat' dir='ltr'><strong>descendit&#39;</strong></span> <span class='ocrx_word' id='word_1_155' title='bbox 433 2377 475 2404; x_wconf 92' lang='lat' dir='ltr'><strong>1n</strong></span> <span class='ocrx_word' id='word_1_156' title='bbox 494 2370 688 2406; x_wconf 92' lang='lat' dir='ltr'><strong>montem</strong></span> <span class='ocrx_word' id='word_1_157' title='bbox 707 2367 822 2407; x_wconf 90' lang='lat' dir='ltr'><strong>Sion.</strong></span> 
     </span>
    </p>

    <p class='ocr_par' dir='ltr' id='par_1_16' title="bbox 242 2419 1014 2468">
     <span class='ocr_line' id='line_1_39' title="bbox 242 2419 1014 2468; baseline 0.006 -10"><span class='ocrx_word' id='word_1_158' title='bbox 242 2419 455 2468; x_wconf 90' lang='lat' dir='ltr'><strong>Quoniam</strong></span> <span class='ocrx_word' id='word_1_159' title='bbox 489 2420 576 2462; x_wconf 94' lang='lat' dir='ltr'><strong>illic</strong></span> <span class='ocrx_word' id='word_1_160' title='bbox 610 2422 832 2463; x_wconf 75' lang='lat' dir='ltr'><strong>mandavit</strong></span> <span class='ocrx_word' id='word_1_161' title='bbox 867 2423 1014 2463; x_wconf 91' lang='lat' dir='ltr'><strong>Domi-</strong></span> 
     </span>
    </p>
   </div>
   <div class='ocr_carea' id='block_1_4' title="bbox 188 2474 1014 2581">
    <p class='ocr_par' dir='ltr' id='par_1_17' title="bbox 188 2474 1014 2581">
     <span class='ocr_line' id='line_1_40' title="bbox 188 2474 1014 2527; baseline 0.005 -12"><span class='ocrx_word' id='word_1_162' title='bbox 188 2487 269 2515; x_wconf 92' lang='lat' dir='ltr'><strong>nus</strong></span> <span class='ocrx_word' id='word_1_163' title='bbox 293 2474 657 2527; x_wconf 81' lang='lat' dir='ltr'><strong>benedictionem,</strong></span> <span class='ocrx_word' id='word_1_164' title='bbox 677 2479 700 2504; x_wconf 87' lang='lat'>*</span> <span class='ocrx_word' id='word_1_165' title='bbox 721 2484 764 2519; x_wconf 92' lang='lat' dir='ltr'><strong>et</strong></span> <span class='ocrx_word' id='word_1_166' title='bbox 788 2479 921 2519; x_wconf 86' lang='lat' dir='ltr'><strong>vitam</strong></span> <span class='ocrx_word' id='word_1_167' title='bbox 947 2493 1014 2519; x_wconf 93' lang='lat' dir='ltr'><strong>us-</strong></span> 
     </span>
     <span class='ocr_line' id='line_1_41' title="bbox 190 2531 574 2581; baseline 0.008 -11"><span class='ocrx_word' id='word_1_168' title='bbox 190 2543 274 2581; x_wconf 90' lang='lat' dir='ltr'><strong>que</strong></span> <span class='ocrx_word' id='word_1_169' title='bbox 294 2531 335 2571; x_wconf 92' lang='lat' dir='ltr'><strong>in</strong></span> <span class='ocrx_word' id='word_1_170' title='bbox 356 2532 574 2574; x_wconf 79' lang='lat' dir='ltr'><strong>saeculum.</strong></span> 
     </span>
    </p>
   </div>
   <div class='ocr_carea' id='block_1_5' title="bbox 189 2596 1016 2701">
    <p class='ocr_par' dir='ltr' id='par_1_18' title="bbox 189 2596 1016 2701">
     <span class='ocr_line' id='line_1_42' title="bbox 240 2596 1015 2650; baseline 0.004 -13"><span class='ocrx_word' id='word_1_171' title='bbox 240 2600 335 2638; x_wconf 79' lang='lat' dir='ltr'><strong>Ant.</strong></span> <span class='ocrx_word' id='word_1_172' title='bbox 352 2599 387 2638; x_wconf 83' lang='lat' dir='ltr'>E</span> <span class='ocrx_word' id='word_1_173' title='bbox 396 2609 472 2637; x_wconf 92' lang='lat' dir='ltr'><strong>cce</strong></span> <span class='ocrx_word' id='word_1_174' title='bbox 489 2610 620 2648; x_wconf 92' lang='lat' dir='ltr'><strong>quam</strong></span> <span class='ocrx_word' id='word_1_175' title='bbox 634 2596 810 2647; x_wconf 91' lang='lat' dir='ltr'><strong>bonum,</strong></span> <span class='ocrx_word' id='word_1_176' title='bbox 829 2603 872 2639; x_wconf 94' lang='lat' dir='ltr'><strong>et</strong></span> <span class='ocrx_word' id='word_1_177' title='bbox 886 2613 1015 2650; x_wconf 89' lang='lat' dir='ltr'><strong>quam</strong></span> 
     </span>
     <span class='ocr_line' id='line_1_43' title="bbox 189 2651 1016 2701; baseline 0.006 -10"><span class='ocrx_word' id='word_1_178' title='bbox 189 2651 422 2701; x_wconf 86' lang='lat' dir='ltr'><strong>jucundum</strong></span> <span class='ocrx_word' id='word_1_179' title='bbox 439 2651 636 2693; x_wconf 78' lang='lat' dir='ltr'><strong>habitare</strong></span> <span class='ocrx_word' id='word_1_180' title='bbox 652 2653 807 2694; x_wconf 88' lang='lat' dir='ltr'><strong>fratres</strong></span> <span class='ocrx_word' id='word_1_181' title='bbox 818 2654 860 2694; x_wconf 93' lang='lat' dir='ltr'><strong>in</strong></span> <span class='ocrx_word' id='word_1_182' title='bbox 871 2668 1016 2696; x_wconf 92' lang='lat' dir='ltr'><strong>unum.</strong></span> 
     </span>
    </p>
   </div>
   <div class='ocr_carea' id='block_1_6' title="bbox 238 2717 526 2757">
    <p class='ocr_par' dir='ltr' id='par_1_19' title="bbox 238 2717 526 2757">
     <span class='ocr_line' id='line_1_44' title="bbox 238 2717 526 2757; baseline 0.007 -3"><span class='ocrx_word' id='word_1_183' title='bbox 238 2717 333 2756; x_wconf 82' lang='lat' dir='ltr'><strong>Ant.</strong></span> <span class='ocrx_word' id='word_1_184' title='bbox 356 2717 526 2757; x_wconf 86' lang='lat' dir='ltr'><strong>Omnia.</strong></span> 
     </span>
    </p>
   </div>
   <div class='ocr_carea' id='block_1_7' title="bbox 770 217 1331 260">
    <p class='ocr_par' dir='ltr' id='par_1_20' title="bbox 770 217 1331 260">
     <span class='ocr_line' id='line_1_45' title="bbox 770 217 1331 260; baseline -0.004 -9"><span class='ocrx_word' id='word_1_185' title='bbox 770 218 877 251; x_wconf 69' lang='lat' dir='ltr'><strong>1⁴‘c1‘ia</strong></span> <span class='ocrx_word' id='word_1_186' title='bbox 904 219 1034 260; x_wconf 73' lang='lat' dir='ltr'><strong>quinta</strong></span> <span class='ocrx_word' id='word_1_187' title='bbox 1062 218 1108 250; x_wconf 74' lang='lat' dir='ltr'><strong>ud</strong></span> <span class='ocrx_word' id='word_1_188' title='bbox 1128 217 1331 259; x_wconf 61' lang='lat' dir='ltr'><strong>vesperas.</strong></span> 
     </span>
    </p>
   </div>
   <div class='ocr_carea' id='block_1_8' title="bbox 1067 309 1932 1372">
    <p class='ocr_par' dir='ltr' id='par_1_21' title="bbox 1074 309 1932 467">
     <span class='ocr_line' id='line_1_46' title="bbox 1338 309 1643 348; baseline -0.007 0"><span class='ocrx_word' id='word_1_189' title='bbox 1338 309 1537 348; x_wconf 88' lang='lat' dir='ltr'><strong>Psalmus</strong></span> <span class='ocrx_word' id='word_1_190' title='bbox 1559 309 1643 348; x_wconf 82' lang='lat'>134.</span> 
     </span>
     <span class='ocr_line' id='line_1_47' title="bbox 1074 360 1932 467; baseline -0.001 -64"><span class='ocrx_word' id='word_1_191' title='bbox 1074 362 1292 467; x_wconf 48' lang='lat' dir='ltr'><strong>[audate</strong></span> <span class='ocrx_word' id='word_1_192' title='bbox 1308 375 1468 403; x_wconf 91' lang='lat' dir='ltr'><strong>nomen</strong></span> <span class='ocrx_word' id='word_1_193' title='bbox 1481 361 1670 410; x_wconf 88' lang='lat' dir='ltr'><strong>Domini,</strong></span> <span class='ocrx_word' id='word_1_194' title='bbox 1685 362 1708 386; x_wconf 90' lang='lat'>*</span> <span class='ocrx_word' id='word_1_195' title='bbox 1724 360 1901 402; x_wconf 74' lang='lat' dir='ltr'><strong>laudate</strong></span> <span class='ocrx_word' id='word_1_196' title='bbox 1929 406 1932 408; x_wconf 52' lang='grc'>,</span> 
     </span>
     <span class='ocr_line' id='line_1_48' title="bbox 1164 419 1545 459; baseline -0.003 0"><span class='ocrx_word' id='word_1_197' title='bbox 1164 419 1279 459; x_wconf 90' lang='lat' dir='ltr'><strong>servi</strong></span> <span class='ocrx_word' id='word_1_198' title='bbox 1297 419 1545 459; x_wconf 88' lang='lat' dir='ltr'><strong>Dominum.</strong></span> 
     </span>
    </p>

    <p class='ocr_par' dir='ltr' id='par_1_22' title="bbox 1068 473 1901 572">
     <span class='ocr_line' id='line_1_49' title="bbox 1121 473 1901 524; baseline -0.003 -9"><span class='ocrx_word' id='word_1_199' title='bbox 1121 475 1205 524; x_wconf 94' lang='lat' dir='ltr'><strong>Qui</strong></span> <span class='ocrx_word' id='word_1_200' title='bbox 1231 475 1355 515; x_wconf 90' lang='lat' dir='ltr'><strong>statis</strong></span> <span class='ocrx_word' id='word_1_201' title='bbox 1380 475 1423 514; x_wconf 94' lang='lat' dir='ltr'><strong>in</strong></span> <span class='ocrx_word' id='word_1_202' title='bbox 1448 473 1581 515; x_wconf 91' lang='lat' dir='ltr'><strong>domo</strong></span> <span class='ocrx_word' id='word_1_203' title='bbox 1603 473 1795 523; x_wconf 83' lang='lat' dir='ltr'><strong>Domini,</strong></span> <span class='ocrx_word' id='word_1_204' title='bbox 1815 473 1839 498; x_wconf 91' lang='lat'>*</span> <span class='ocrx_word' id='word_1_205' title='bbox 1857 473 1901 514; x_wconf 91' lang='lat' dir='ltr'><strong>in</strong></span> 
     </span>
     <span class='ocr_line' id='line_1_50' title="bbox 1068 530 1641 572; baseline -0.002 -1"><span class='ocrx_word' id='word_1_206' title='bbox 1068 531 1188 571; x_wconf 81' lang='lat' dir='ltr'><strong>atriis</strong></span> <span class='ocrx_word' id='word_1_207' title='bbox 1211 530 1368 572; x_wconf 93' lang='lat' dir='ltr'><strong>domus</strong></span> <span class='ocrx_word' id='word_1_208' title='bbox 1389 531 1471 571; x_wconf 92' lang='lat' dir='ltr'><strong>Dei</strong></span> <span class='ocrx_word' id='word_1_209' title='bbox 1491 530 1641 571; x_wconf 86' lang='lat' dir='ltr'><strong>nostri.</strong></span> 
     </span>
    </p>

    <p class='ocr_par' dir='ltr' id='par_1_23' title="bbox 1069 585 1900 751">
     <span class='ocr_line' id='line_1_51' title="bbox 1121 585 1900 638; baseline 0 -11"><span class='ocrx_word' id='word_1_210' title='bbox 1121 586 1317 628; x_wconf 74' lang='lat' dir='ltr'><strong>Laudate</strong></span> <span class='ocrx_word' id='word_1_211' title='bbox 1343 587 1596 635; x_wconf 85' lang='lat' dir='ltr'><strong>Dominum,</strong></span> <span class='ocrx_word' id='word_1_212' title='bbox 1632 586 1734 638; x_wconf 87' lang='lat' dir='ltr'><strong>quia</strong></span> <span class='ocrx_word' id='word_1_213' title='bbox 1757 585 1900 628; x_wconf 92' lang='lat' dir='ltr'><strong>bonus</strong></span> 
     </span>
     <span class='ocr_line' id='line_1_52' title="bbox 1069 642 1900 696; baseline 0.001 -13"><span class='ocrx_word' id='word_1_214' title='bbox 1069 644 1300 684; x_wconf 90' lang='lat' dir='ltr'><strong>Dominus:</strong></span> <span class='ocrx_word' id='word_1_215' title='bbox 1333 644 1356 669; x_wconf 85' lang='lat'>*</span> <span class='ocrx_word' id='word_1_216' title='bbox 1388 643 1562 696; x_wconf 78' lang='lat' dir='ltr'><strong>psallite</strong></span> <span class='ocrx_word' id='word_1_217' title='bbox 1599 642 1765 683; x_wconf 91' lang='lat' dir='ltr'><strong>nomini</strong></span> <span class='ocrx_word' id='word_1_218' title='bbox 1799 643 1900 694; x_wconf 86' lang='lat' dir='ltr'><strong>ejus,</strong></span> 
     </span>
     <span class='ocr_line' id='line_1_53' title="bbox 1069 700 1441 751; baseline 0 -11"><span class='ocrx_word' id='word_1_219' title='bbox 1069 700 1275 751; x_wconf 92' lang='lat' dir='ltr'><strong>quoniam</strong></span> <span class='ocrx_word' id='word_1_220' title='bbox 1296 702 1441 740; x_wconf 79' lang='lat' dir='ltr'><strong>suave.</strong></span> 
     </span>
    </p>

    <p class='ocr_par' dir='ltr' id='par_1_24' title="bbox 1067 754 1901 909">
     <span class='ocr_line' id='line_1_54' title="bbox 1121 754 1901 806; baseline 0 -10"><span class='ocrx_word' id='word_1_221' title='bbox 1121 756 1337 805; x_wconf 90' lang='lat' dir='ltr'><strong>Quoniam</strong></span> <span class='ocrx_word' id='word_1_222' title='bbox 1364 755 1502 797; x_wconf 92' lang='lat' dir='ltr'><strong>Jacob</strong></span> <span class='ocrx_word' id='word_1_223' title='bbox 1537 755 1668 806; x_wconf 81' lang='lat' dir='ltr'><strong>elegit</strong></span> <span class='ocrx_word' id='word_1_224' title='bbox 1703 754 1786 796; x_wconf 91' lang='lat' dir='ltr'><strong>sibi</strong></span> <span class='ocrx_word' id='word_1_225' title='bbox 1812 755 1901 796; x_wconf 95' lang='lat' dir='ltr'><strong>Do-</strong></span> 
     </span>
     <span class='ocr_line' id='line_1_55' title="bbox 1067 811 1901 864; baseline 0 -12"><span class='ocrx_word' id='word_1_226' title='bbox 1067 812 1226 861; x_wconf 88' lang='lat' dir='ltr'><strong>minus,</strong></span> <span class='ocrx_word' id='word_1_227' title='bbox 1259 813 1282 837; x_wconf 87' lang='lat'>*</span> <span class='ocrx_word' id='word_1_228' title='bbox 1315 812 1452 853; x_wconf 75' lang='lat' dir='ltr'><strong>Israel</strong></span> <span class='ocrx_word' id='word_1_229' title='bbox 1494 812 1537 852; x_wconf 92' lang='lat' dir='ltr'><strong>in</strong></span> <span class='ocrx_word' id='word_1_230' title='bbox 1573 811 1901 864; x_wconf 90' lang='lat' dir='ltr'><strong>possessionem</strong></span> 
     </span>
     <span class='ocr_line' id='line_1_56' title="bbox 1069 868 1162 909; baseline 0 -1"><span class='ocrx_word' id='word_1_231' title='bbox 1069 868 1162 909; x_wconf 90' lang='lat' dir='ltr'><strong>sibi.</strong></span> 
     </span>
    </p>

    <p class='ocr_par' dir='ltr' id='par_1_25' title="bbox 1069 923 1900 1079">
     <span class='ocr_line' id='line_1_57' title="bbox 1121 923 1900 976; baseline -0.001 -10"><span class='ocrx_word' id='word_1_232' title='bbox 1121 925 1232 974; x_wconf 90' lang='lat' dir='ltr'><strong>Quia</strong></span> <span class='ocrx_word' id='word_1_233' title='bbox 1257 937 1339 976; x_wconf 88' lang='lat' dir='ltr'><strong>ego</strong></span> <span class='ocrx_word' id='word_1_234' title='bbox 1364 924 1553 976; x_wconf 85' lang='lat' dir='ltr'><strong>cognovi</strong></span> <span class='ocrx_word' id='word_1_235' title='bbox 1578 923 1699 976; x_wconf 92' lang='lat' dir='ltr'><strong>quod</strong></span> <span class='ocrx_word' id='word_1_236' title='bbox 1716 936 1900 976; x_wconf 87' lang='lat' dir='ltr'><strong>magnus</strong></span> 
     </span>
     <span class='ocr_line' id='line_1_58' title="bbox 1069 981 1900 1033; baseline -0.002 -11"><span class='ocrx_word' id='word_1_237' title='bbox 1069 986 1135 1022; x_wconf 94' lang='lat' dir='ltr'><strong>est</strong></span> <span class='ocrx_word' id='word_1_238' title='bbox 1150 981 1377 1030; x_wconf 90' lang='lat' dir='ltr'><strong>Dominus,</strong></span> <span class='ocrx_word' id='word_1_239' title='bbox 1396 981 1419 1006; x_wconf 91' lang='lat'>*</span> <span class='ocrx_word' id='word_1_240' title='bbox 1440 985 1484 1022; x_wconf 90' lang='lat' dir='ltr'><strong>et</strong></span> <span class='ocrx_word' id='word_1_241' title='bbox 1497 981 1620 1022; x_wconf 86' lang='lat' dir='ltr'><strong>Deus</strong></span> <span class='ocrx_word' id='word_1_242' title='bbox 1638 985 1790 1022; x_wconf 89' lang='lat' dir='ltr'><strong>noster</strong></span> <span class='ocrx_word' id='word_1_243' title='bbox 1807 993 1900 1033; x_wconf 87' lang='lat' dir='ltr'><strong>prae</strong></span> 
     </span>
     <span class='ocr_line' id='line_1_59' title="bbox 1069 1037 1384 1079; baseline 0 -1"><span class='ocrx_word' id='word_1_244' title='bbox 1069 1037 1272 1079; x_wconf 92' lang='lat' dir='ltr'><strong>omnibus</strong></span> <span class='ocrx_word' id='word_1_245' title='bbox 1290 1037 1384 1079; x_wconf 89' lang='lat' dir='ltr'><strong>diis.</strong></span> 
     </span>
    </p>

    <p class='ocr_par' dir='ltr' id='par_1_26' title="bbox 1067 1092 1900 1258">
     <span class='ocr_line' id='line_1_60' title="bbox 1121 1092 1900 1146; baseline -0.001 -12"><span class='ocrx_word' id='word_1_246' title='bbox 1121 1094 1278 1135; x_wconf 90' lang='lat' dir='ltr'><strong>Omnia</strong></span> <span class='ocrx_word' id='word_1_247' title='bbox 1310 1097 1600 1146; x_wconf 84' lang='lat' dir='ltr'><strong>quaecumque</strong></span> <span class='ocrx_word' id='word_1_248' title='bbox 1630 1092 1785 1142; x_wconf 86' lang='lat' dir='ltr'><strong>voluit,</strong></span> <span class='ocrx_word' id='word_1_249' title='bbox 1811 1093 1900 1134; x_wconf 91' lang='lat' dir='ltr'><strong>Do—</strong></span> 
     </span>
     <span class='ocr_line' id='line_1_61' title="bbox 1067 1149 1900 1200; baseline -0.001 -10"><span class='ocrx_word' id='word_1_250' title='bbox 1067 1150 1210 1191; x_wconf 90' lang='lat' dir='ltr'><strong>minus</strong></span> <span class='ocrx_word' id='word_1_251' title='bbox 1233 1150 1336 1191; x_wconf 89' lang='lat' dir='ltr'><strong>fecit</strong></span> <span class='ocrx_word' id='word_1_252' title='bbox 1360 1151 1404 1191; x_wconf 93' lang='lat' dir='ltr'><strong>in</strong></span> <span class='ocrx_word' id='word_1_253' title='bbox 1430 1150 1561 1200; x_wconf 84' lang='lat' dir='ltr'><strong>coelo,</strong></span> <span class='ocrx_word' id='word_1_254' title='bbox 1588 1153 1632 1190; x_wconf 93' lang='lat' dir='ltr'><strong>et</strong></span> <span class='ocrx_word' id='word_1_255' title='bbox 1656 1149 1700 1190; x_wconf 93' lang='lat' dir='ltr'><strong>in</strong></span> <span class='ocrx_word' id='word_1_256' title='bbox 1725 1153 1859 1199; x_wconf 91' lang='lat' dir='ltr'><strong>terra,</strong></span> <span class='ocrx_word' id='word_1_257' title='bbox 1876 1149 1900 1175; x_wconf 86' lang='lat'>*</span> 
     </span>
     <span class='ocr_line' id='line_1_62' title="bbox 1067 1205 1797 1258; baseline 0 -12"><span class='ocrx_word' id='word_1_258' title='bbox 1067 1207 1111 1247; x_wconf 92' lang='lat' dir='ltr'><strong>in</strong></span> <span class='ocrx_word' id='word_1_259' title='bbox 1129 1207 1250 1257; x_wconf 83' lang='lat' dir='ltr'><strong>mari,</strong></span> <span class='ocrx_word' id='word_1_260' title='bbox 1268 1211 1311 1248; x_wconf 89' lang='lat' dir='ltr'><strong>et</strong></span> <span class='ocrx_word' id='word_1_261' title='bbox 1328 1207 1371 1247; x_wconf 89' lang='lat' dir='ltr'><strong>in</strong></span> <span class='ocrx_word' id='word_1_262' title='bbox 1392 1206 1595 1248; x_wconf 91' lang='lat' dir='ltr'><strong>omnibus</strong></span> <span class='ocrx_word' id='word_1_263' title='bbox 1614 1205 1797 1258; x_wconf 70' lang='lat' dir='ltr'><strong>abyssis.</strong></span> 
     </span>
    </p>

    <p class='ocr_par' dir='ltr' id='par_1_27' title="bbox 1068 1262 1901 1372">
     <span class='ocr_line' id='line_1_63' title="bbox 1119 1262 1901 1304; baseline -0.001 -1"><span class='ocrx_word' id='word_1_264' title='bbox 1119 1262 1325 1304; x_wconf 89' lang='lat' dir='ltr'><strong>Educens</strong></span> <span class='ocrx_word' id='word_1_265' title='bbox 1351 1263 1492 1304; x_wconf 90' lang='lat' dir='ltr'><strong>nubes</strong></span> <span class='ocrx_word' id='word_1_266' title='bbox 1518 1262 1573 1304; x_wconf 91' lang='lat' dir='ltr'><strong>ab</strong></span> <span class='ocrx_word' id='word_1_267' title='bbox 1599 1262 1796 1303; x_wconf 82' lang='lat' dir='ltr'><strong>extremo</strong></span> <span class='ocrx_word' id='word_1_268' title='bbox 1817 1266 1901 1302; x_wconf 92' lang='lat' dir='ltr'><strong>ter-</strong></span> 
     </span>
     <span class='ocr_line' id='line_1_64' title="bbox 1068 1318 1788 1372; baseline 0 -14"><span class='ocrx_word' id='word_1_269' title='bbox 1068 1331 1143 1359; x_wconf 90' lang='lat' dir='ltr'><strong>rae:</strong></span> <span class='ocrx_word' id='word_1_270' title='bbox 1163 1319 1186 1344; x_wconf 89' lang='lat'>*</span> <span class='ocrx_word' id='word_1_271' title='bbox 1207 1319 1380 1371; x_wconf 77' lang='lat' dir='ltr'><strong>fulgura</strong></span> <span class='ocrx_word' id='word_1_272' title='bbox 1399 1320 1442 1359; x_wconf 94' lang='lat' dir='ltr'><strong>in</strong></span> <span class='ocrx_word' id='word_1_273' title='bbox 1461 1319 1657 1372; x_wconf 81' lang='lat' dir='ltr'><strong>pluviam</strong></span> <span class='ocrx_word' id='word_1_274' title='bbox 1675 1318 1788 1359; x_wconf 89' lang='lat' dir='ltr'><strong>fecit.</strong></span> 
     </span>
    </p>
   </div>
   <div class='ocr_carea' id='block_1_9' title="bbox 1051 1373 1900 1428">
    <p class='ocr_par' dir='ltr' id='par_1_28' title="bbox 1051 1373 1900 1428">
     <span class='ocr_line' id='line_1_65' title="bbox 1051 1373 1900 1428; baseline -0.006 -9"><span class='ocrx_word' id='word_1_275' title='bbox 1051 1418 1053 1420; x_wconf 85' lang='grc'><strong>,</strong></span> <span class='ocrx_word' id='word_1_276' title='bbox 1121 1375 1205 1425; x_wconf 91' lang='lat' dir='ltr'><strong>Qui</strong></span> <span class='ocrx_word' id='word_1_277' title='bbox 1230 1375 1438 1428; x_wconf 91' lang='lat' dir='ltr'><strong>producit</strong></span> <span class='ocrx_word' id='word_1_278' title='bbox 1463 1380 1620 1416; x_wconf 90' lang='lat' dir='ltr'><strong>ventos</strong></span> <span class='ocrx_word' id='word_1_279' title='bbox 1645 1373 1701 1416; x_wconf 86' lang='lat' dir='ltr'><strong>de</strong></span> <span class='ocrx_word' id='word_1_280' title='bbox 1726 1373 1900 1415; x_wconf 89' lang='lat' dir='ltr'><strong>thesau-</strong></span> 
     </span>
    </p>
   </div>
   <div class='ocr_carea' id='block_1_10' title="bbox 1066 1431 1902 2775">
    <p class='ocr_par' dir='ltr' id='par_1_29' title="bbox 1067 1431 1901 1596">
     <span class='ocr_line' id='line_1_66' title="bbox 1067 1431 1901 1485; baseline 0 -14"><span class='ocrx_word' id='word_1_281' title='bbox 1067 1431 1126 1472; x_wconf 90' lang='lat' dir='ltr'><strong>ris</strong></span> <span class='ocrx_word' id='word_1_282' title='bbox 1155 1432 1259 1473; x_wconf 91' lang='lat' dir='ltr'><strong>suis:</strong></span> <span class='ocrx_word' id='word_1_283' title='bbox 1286 1432 1310 1458; x_wconf 91' lang='lat'>*</span> <span class='ocrx_word' id='word_1_284' title='bbox 1342 1433 1416 1484; x_wconf 93' lang='lat' dir='ltr'><strong>qui</strong></span> <span class='ocrx_word' id='word_1_285' title='bbox 1443 1431 1662 1485; x_wconf 89' lang='lat' dir='ltr'><strong>percussit</strong></span> <span class='ocrx_word' id='word_1_286' title='bbox 1685 1431 1901 1484; x_wconf 80' lang='lat' dir='ltr'><strong>primoge-</strong></span> 
     </span>
     <span class='ocr_line' id='line_1_67' title="bbox 1067 1485 1901 1541; baseline -0.001 -12"><span class='ocrx_word' id='word_1_287' title='bbox 1067 1488 1158 1529; x_wconf 91' lang='lat' dir='ltr'><strong>nita</strong></span> <span class='ocrx_word' id='word_1_288' title='bbox 1182 1489 1365 1541; x_wconf 71' lang='lat' dir='ltr'><strong>AEgypti</strong></span> <span class='ocrx_word' id='word_1_289' title='bbox 1394 1488 1448 1529; x_wconf 93' lang='lat' dir='ltr'><strong>ab</strong></span> <span class='ocrx_word' id='word_1_290' title='bbox 1473 1488 1650 1529; x_wconf 90' lang='lat' dir='ltr'><strong>homine</strong></span> <span class='ocrx_word' id='word_1_291' title='bbox 1678 1499 1819 1539; x_wconf 89' lang='lat' dir='ltr'><strong>usque</strong></span> <span class='ocrx_word' id='word_1_292' title='bbox 1845 1485 1901 1528; x_wconf 87' lang='lat' dir='ltr'><strong>ad</strong></span> 
     </span>
     <span class='ocr_line' id='line_1_68' title="bbox 1068 1557 1215 1596; baseline 0 -11"><span class='ocrx_word' id='word_1_293' title='bbox 1068 1557 1215 1596; x_wconf 91' lang='lat' dir='ltr'><strong>pecus.</strong></span> 
     </span>
    </p>

    <p class='ocr_par' dir='ltr' id='par_1_30' title="bbox 1068 1599 1901 1765">
     <span class='ocr_line' id='line_1_69' title="bbox 1119 1599 1900 1653; baseline -0.001 -12"><span class='ocrx_word' id='word_1_294' title='bbox 1119 1601 1177 1642; x_wconf 90' lang='lat' dir='ltr'><strong>Et</strong></span> <span class='ocrx_word' id='word_1_295' title='bbox 1194 1601 1312 1642; x_wconf 91' lang='lat' dir='ltr'><strong>misit</strong></span> <span class='ocrx_word' id='word_1_296' title='bbox 1327 1601 1461 1652; x_wconf 88' lang='lat' dir='ltr'><strong>signa,</strong></span> <span class='ocrx_word' id='word_1_297' title='bbox 1481 1605 1525 1642; x_wconf 93' lang='lat' dir='ltr'><strong>et</strong></span> <span class='ocrx_word' id='word_1_298' title='bbox 1538 1599 1742 1653; x_wconf 89' lang='lat' dir='ltr'><strong>prodigia</strong></span> <span class='ocrx_word' id='word_1_299' title='bbox 1755 1599 1800 1640; x_wconf 92' lang='lat' dir='ltr'><strong>in</strong></span> <span class='ocrx_word' id='word_1_300' title='bbox 1813 1601 1900 1640; x_wconf 80' lang='lat' dir='ltr'><strong>me-</strong></span> 
     </span>
     <span class='ocr_line' id='line_1_70' title="bbox 1068 1655 1901 1710; baseline -0.001 -13"><span class='ocrx_word' id='word_1_301' title='bbox 1068 1656 1141 1698; x_wconf 90' lang='lat' dir='ltr'><strong>dio</strong></span> <span class='ocrx_word' id='word_1_302' title='bbox 1171 1658 1235 1698; x_wconf 84' lang='lat' dir='ltr'><strong>tui</strong></span> <span class='ocrx_word' id='word_1_303' title='bbox 1258 1658 1468 1710; x_wconf 70' lang='lat' dir='ltr'><strong>AEgypte:</strong></span> <span class='ocrx_word' id='word_1_304' title='bbox 1491 1658 1515 1683; x_wconf 85' lang='grc'><em>*</em></span> <span class='ocrx_word' id='word_1_305' title='bbox 1540 1657 1584 1697; x_wconf 90' lang='lat' dir='ltr'><strong>in</strong></span> <span class='ocrx_word' id='word_1_306' title='bbox 1613 1655 1901 1706; x_wconf 88' lang='lat' dir='ltr'><strong>Pharaonem,</strong></span> 
     </span>
     <span class='ocr_line' id='line_1_71' title="bbox 1068 1713 1646 1765; baseline 0 -11"><span class='ocrx_word' id='word_1_307' title='bbox 1068 1717 1112 1754; x_wconf 93' lang='lat' dir='ltr'><strong>et</strong></span> <span class='ocrx_word' id='word_1_308' title='bbox 1131 1713 1174 1754; x_wconf 91' lang='lat' dir='ltr'><strong>in</strong></span> <span class='ocrx_word' id='word_1_309' title='bbox 1195 1726 1348 1755; x_wconf 92' lang='lat' dir='ltr'><strong>omnes</strong></span> <span class='ocrx_word' id='word_1_310' title='bbox 1368 1726 1523 1755; x_wconf 85' lang='lat' dir='ltr'><strong>servos</strong></span> <span class='ocrx_word' id='word_1_311' title='bbox 1543 1714 1646 1765; x_wconf 89' lang='lat' dir='ltr'><strong>ejus.</strong></span> 
     </span>
    </p>

    <p class='ocr_par' dir='ltr' id='par_1_31' title="bbox 1068 1768 1902 1878">
     <span class='ocr_line' id='line_1_72' title="bbox 1120 1768 1902 1822; baseline -0.001 -11"><span class='ocrx_word' id='word_1_312' title='bbox 1120 1770 1205 1819; x_wconf 93' lang='lat' dir='ltr'><strong>Qui</strong></span> <span class='ocrx_word' id='word_1_313' title='bbox 1224 1771 1444 1822; x_wconf 88' lang='lat' dir='ltr'><strong>percussit</strong></span> <span class='ocrx_word' id='word_1_314' title='bbox 1462 1774 1616 1821; x_wconf 86' lang='lat' dir='ltr'><strong>gentes</strong></span> <span class='ocrx_word' id='word_1_315' title='bbox 1635 1768 1844 1810; x_wconf 76' lang='lat' dir='ltr'><strong>multasz*</strong></span> <span class='ocrx_word' id='word_1_316' title='bbox 1858 1773 1902 1811; x_wconf 90' lang='lat' dir='ltr'><strong>et</strong></span> 
     </span>
     <span class='ocr_line' id='line_1_73' title="bbox 1068 1825 1550 1878; baseline 0 -12"><span class='ocrx_word' id='word_1_317' title='bbox 1068 1825 1231 1867; x_wconf 90' lang='lat' dir='ltr'><strong>occidit</strong></span> <span class='ocrx_word' id='word_1_318' title='bbox 1249 1839 1376 1878; x_wconf 87' lang='lat' dir='ltr'><strong>reges</strong></span> <span class='ocrx_word' id='word_1_319' title='bbox 1397 1827 1550 1868; x_wconf 86' lang='lat' dir='ltr'><strong>fortes:</strong></span> 
     </span>
    </p>

    <p class='ocr_par' dir='ltr' id='par_1_32' title="bbox 1068 1881 1902 2036">
     <span class='ocr_line' id='line_1_74' title="bbox 1119 1881 1902 1935; baseline -0.001 -12"><span class='ocrx_word' id='word_1_320' title='bbox 1119 1882 1267 1924; x_wconf 91' lang='lat' dir='ltr'><strong>Sehon</strong></span> <span class='ocrx_word' id='word_1_321' title='bbox 1287 1896 1437 1935; x_wconf 87' lang='lat' dir='ltr'><strong>regem</strong></span> <span class='ocrx_word' id='word_1_322' title='bbox 1456 1881 1836 1931; x_wconf 82' lang='lat' dir='ltr'><strong>Amorrhaeorum,</strong></span> <span class='ocrx_word' id='word_1_323' title='bbox 1857 1885 1902 1922; x_wconf 92' lang='lat' dir='ltr'><strong>et</strong></span> 
     </span>
     <span class='ocr_line' id='line_1_75' title="bbox 1068 1938 1902 1990; baseline -0.001 -11"><span class='ocrx_word' id='word_1_324' title='bbox 1068 1938 1137 1989; x_wconf 90' lang='lat' dir='ltr'><strong>Og</strong></span> <span class='ocrx_word' id='word_1_325' title='bbox 1156 1951 1306 1990; x_wconf 88' lang='lat' dir='ltr'><strong>regem</strong></span> <span class='ocrx_word' id='word_1_326' title='bbox 1320 1940 1478 1989; x_wconf 92' lang='lat' dir='ltr'><strong>Basan,</strong></span> <span class='ocrx_word' id='word_1_327' title='bbox 1495 1939 1519 1965; x_wconf 85' lang='lat'>*</span> <span class='ocrx_word' id='word_1_328' title='bbox 1540 1943 1584 1980; x_wconf 93' lang='lat' dir='ltr'><strong>et</strong></span> <span class='ocrx_word' id='word_1_329' title='bbox 1604 1938 1750 1979; x_wconf 93' lang='lat' dir='ltr'><strong>omnia</strong></span> <span class='ocrx_word' id='word_1_330' title='bbox 1768 1950 1902 1989; x_wconf 87' lang='lat' dir='ltr'><strong>regna</strong></span> 
     </span>
     <span class='ocr_line' id='line_1_76' title="bbox 1068 1994 1284 2036; baseline 0.005 -1"><span class='ocrx_word' id='word_1_331' title='bbox 1068 1994 1284 2036; x_wconf 80' lang='lat' dir='ltr'><strong>Chanaan.</strong></span> 
     </span>
    </p>

    <p class='ocr_par' dir='ltr' id='par_1_33' title="bbox 1066 2050 1900 2205">
     <span class='ocr_line' id='line_1_77' title="bbox 1118 2050 1900 2093; baseline -0.003 0"><span class='ocrx_word' id='word_1_332' title='bbox 1118 2052 1177 2092; x_wconf 91' lang='lat' dir='ltr'><strong>Et</strong></span> <span class='ocrx_word' id='word_1_333' title='bbox 1202 2051 1324 2093; x_wconf 91' lang='lat' dir='ltr'><strong>dedit</strong></span> <span class='ocrx_word' id='word_1_334' title='bbox 1347 2056 1511 2093; x_wconf 90' lang='lat' dir='ltr'><strong>terram</strong></span> <span class='ocrx_word' id='word_1_335' title='bbox 1537 2052 1690 2092; x_wconf 91' lang='lat' dir='ltr'><strong>eorum</strong></span> <span class='ocrx_word' id='word_1_336' title='bbox 1717 2050 1900 2092; x_wconf 82' lang='lat' dir='ltr'><strong>haeredi-</strong></span> 
     </span>
     <span class='ocr_line' id='line_1_78' title="bbox 1066 2106 1900 2159; baseline -0.001 -11"><span class='ocrx_word' id='word_1_337' title='bbox 1066 2109 1213 2157; x_wconf 73' lang='lat' dir='ltr'><strong>tatem,</strong></span> <span class='ocrx_word' id='word_1_338' title='bbox 1229 2108 1253 2133; x_wconf 83' lang='lat'>*</span> <span class='ocrx_word' id='word_1_339' title='bbox 1268 2106 1573 2149; x_wconf 80' lang='lat' dir='ltr'><strong>haereditatem</strong></span> <span class='ocrx_word' id='word_1_340' title='bbox 1583 2106 1722 2148; x_wconf 71' lang='lat' dir='ltr'><strong>Israel</strong></span> <span class='ocrx_word' id='word_1_341' title='bbox 1732 2106 1900 2159; x_wconf 91' lang='lat' dir='ltr'><strong>populo</strong></span> 
     </span>
     <span class='ocr_line' id='line_1_79' title="bbox 1067 2176 1160 2205; baseline 0.011 -1"><span class='ocrx_word' id='word_1_342' title='bbox 1067 2176 1160 2205; x_wconf 89' lang='lat' dir='ltr'><strong>suo.</strong></span> 
     </span>
    </p>

    <p class='ocr_par' dir='ltr' id='par_1_34' title="bbox 1067 2220 1900 2384">
     <span class='ocr_line' id='line_1_80' title="bbox 1120 2220 1900 2262; baseline 0 -2"><span class='ocrx_word' id='word_1_343' title='bbox 1120 2221 1309 2262; x_wconf 91' lang='lat' dir='ltr'><strong>Domine</strong></span> <span class='ocrx_word' id='word_1_344' title='bbox 1344 2233 1505 2262; x_wconf 92' lang='lat' dir='ltr'><strong>nomen</strong></span> <span class='ocrx_word' id='word_1_345' title='bbox 1541 2225 1664 2262; x_wconf 92' lang='lat' dir='ltr'><strong>tuum</strong></span> <span class='ocrx_word' id='word_1_346' title='bbox 1700 2220 1743 2261; x_wconf 94' lang='lat' dir='ltr'><strong>in</strong></span> <span class='ocrx_word' id='word_1_347' title='bbox 1777 2221 1900 2261; x_wconf 80' lang='lat' dir='ltr'><strong>aeter-</strong></span> 
     </span>
     <span class='ocr_line' id='line_1_81' title="bbox 1067 2276 1899 2318; baseline 0 -2"><span class='ocrx_word' id='word_1_348' title='bbox 1067 2290 1186 2317; x_wconf 89' lang='lat' dir='ltr'><strong>num:</strong></span> <span class='ocrx_word' id='word_1_349' title='bbox 1201 2277 1224 2302; x_wconf 91' lang='lat'>*</span> <span class='ocrx_word' id='word_1_350' title='bbox 1240 2277 1428 2318; x_wconf 91' lang='lat' dir='ltr'><strong>Domine</strong></span> <span class='ocrx_word' id='word_1_351' title='bbox 1444 2276 1698 2318; x_wconf 79' lang='lat' dir='ltr'><strong>memoriale</strong></span> <span class='ocrx_word' id='word_1_352' title='bbox 1719 2282 1843 2318; x_wconf 93' lang='lat' dir='ltr'><strong>tuum</strong></span> <span class='ocrx_word' id='word_1_353' title='bbox 1856 2276 1899 2316; x_wconf 96' lang='lat' dir='ltr'><strong>in</strong></span> 
     </span>
     <span class='ocr_line' id='line_1_82' title="bbox 1067 2333 1814 2384; baseline 0 -11"><span class='ocrx_word' id='word_1_354' title='bbox 1067 2333 1394 2383; x_wconf 85' lang='lat' dir='ltr'><strong>generationem</strong></span> <span class='ocrx_word' id='word_1_355' title='bbox 1414 2338 1458 2374; x_wconf 92' lang='lat' dir='ltr'><strong>et</strong></span> <span class='ocrx_word' id='word_1_356' title='bbox 1475 2333 1814 2384; x_wconf 87' lang='lat' dir='ltr'><strong>generationem.</strong></span> 
     </span>
    </p>

    <p class='ocr_par' dir='ltr' id='par_1_35' title="bbox 1067 2388 1900 2540">
     <span class='ocr_line' id='line_1_83' title="bbox 1120 2388 1900 2442; baseline 0 -12"><span class='ocrx_word' id='word_1_357' title='bbox 1120 2389 1230 2438; x_wconf 90' lang='lat' dir='ltr'><strong>Quia</strong></span> <span class='ocrx_word' id='word_1_358' title='bbox 1241 2388 1450 2441; x_wconf 63' lang='lat' dir='ltr'><strong>judiciibit</strong></span> <span class='ocrx_word' id='word_1_359' title='bbox 1459 2389 1675 2430; x_wconf 92' lang='lat' dir='ltr'><strong>Dominus</strong></span> <span class='ocrx_word' id='word_1_360' title='bbox 1686 2388 1900 2442; x_wconf 90' lang='lat' dir='ltr'><strong>populum</strong></span> 
     </span>
     <span class='ocr_line' id='line_1_84' title="bbox 1067 2444 1899 2540; baseline 0.001 -55"><span class='ocrx_word' id='word_1_361' title='bbox 1067 2457 1210 2540; x_wconf 51' lang='lat' dir='ltr'><strong>lSDuum:</strong></span> <span class='ocrx_word' id='word_1_362' title='bbox 1230 2446 1253 2470; x_wconf 87' lang='lat'>*</span> <span class='ocrx_word' id='word_1_363' title='bbox 1276 2450 1320 2486; x_wconf 92' lang='lat' dir='ltr'><strong>et</strong></span> <span class='ocrx_word' id='word_1_364' title='bbox 1343 2445 1387 2486; x_wconf 93' lang='lat' dir='ltr'><strong>in</strong></span> <span class='ocrx_word' id='word_1_365' title='bbox 1412 2446 1550 2486; x_wconf 91' lang='lat' dir='ltr'><strong>servis</strong></span> <span class='ocrx_word' id='word_1_366' title='bbox 1578 2446 1667 2486; x_wconf 92' lang='lat' dir='ltr'><strong>suis</strong></span> <span class='ocrx_word' id='word_1_367' title='bbox 1692 2444 1899 2498; x_wconf 73' lang='lat' dir='ltr'><strong>depreca-</strong></span> 
     </span>
    </p>

    <p class='ocr_par' dir='ltr' id='par_1_36' title="bbox 1098 2500 1194 2541">
     <span class='ocr_line' id='line_1_85' title="bbox 1098 2500 1194 2541; baseline 0.01 -1"><span class='ocrx_word' id='word_1_368' title='bbox 1098 2500 1194 2541; x_wconf 85' lang='lat' dir='ltr'><strong>itur.</strong></span> 
     </span>
    </p>

    <p class='ocr_par' dir='ltr' id='par_1_37' title="bbox 1068 2557 1900 2666">
     <span class='ocr_line' id='line_1_86' title="bbox 1120 2557 1900 2608; baseline 0.001 -11"><span class='ocrx_word' id='word_1_369' title='bbox 1120 2557 1359 2598; x_wconf 78' lang='lat' dir='ltr'><strong>Simulacra</strong></span> <span class='ocrx_word' id='word_1_370' title='bbox 1375 2557 1581 2599; x_wconf 82' lang='lat' dir='ltr'><strong>Gentium</strong></span> <span class='ocrx_word' id='word_1_371' title='bbox 1598 2558 1836 2608; x_wconf 82' lang='lat' dir='ltr'><strong>argentum,</strong></span> <span class='ocrx_word' id='word_1_372' title='bbox 1857 2562 1900 2598; x_wconf 91' lang='lat' dir='ltr'><strong>et</strong></span> 
     </span>
     <span class='ocr_line' id='line_1_87' title="bbox 1068 2613 1900 2666; baseline 0.004 -15"><span class='ocrx_word' id='word_1_373' title='bbox 1068 2624 1232 2662; x_wconf 86' lang='lat' dir='ltr'><strong>aurum,</strong></span> <span class='ocrx_word' id='word_1_374' title='bbox 1248 2614 1271 2638; x_wconf 88' lang='lat'>*</span> <span class='ocrx_word' id='word_1_375' title='bbox 1291 2615 1425 2666; x_wconf 87' lang='lat' dir='ltr'><strong>opera</strong></span> <span class='ocrx_word' id='word_1_376' title='bbox 1439 2616 1645 2655; x_wconf 81' lang='lat' dir='ltr'><strong>manuum</strong></span> <span class='ocrx_word' id='word_1_377' title='bbox 1665 2613 1900 2654; x_wconf 91' lang='lat' dir='ltr'><strong>hominum.</strong></span> 
     </span>
    </p>

    <p class='ocr_par' dir='ltr' id='par_1_38' title="bbox 1069 2667 1898 2775">
     <span class='ocr_line' id='line_1_88' title="bbox 1121 2667 1898 2721; baseline 0.003 -13"><span class='ocrx_word' id='word_1_378' title='bbox 1121 2667 1183 2708; x_wconf 93' lang='lat' dir='ltr'><strong>Os</strong></span> <span class='ocrx_word' id='word_1_379' title='bbox 1207 2669 1386 2718; x_wconf 90' lang='lat' dir='ltr'><strong>habent,</strong></span> <span class='ocrx_word' id='word_1_380' title='bbox 1416 2674 1459 2711; x_wconf 90' lang='lat' dir='ltr'><strong>et</strong></span> <span class='ocrx_word' id='word_1_381' title='bbox 1487 2682 1574 2710; x_wconf 93' lang='lat' dir='ltr'><strong>non</strong></span> <span class='ocrx_word' id='word_1_382' title='bbox 1600 2669 1851 2721; x_wconf 82' lang='lat' dir='ltr'><strong>loquentur:</strong></span> <span class='ocrx_word' id='word_1_383' title='bbox 1875 2670 1898 2695; x_wconf 89' lang='lat'>*</span> 
     </span>
     <span class='ocr_line' id='line_1_89' title="bbox 1069 2723 1824 2775; baseline 0.004 -12"><span class='ocrx_word' id='word_1_384' title='bbox 1069 2723 1222 2765; x_wconf 90' lang='lat' dir='ltr'><strong>oculos</strong></span> <span class='ocrx_word' id='word_1_385' title='bbox 1241 2725 1414 2775; x_wconf 90' lang='lat' dir='ltr'><strong>habent,</strong></span> <span class='ocrx_word' id='word_1_386' title='bbox 1434 2730 1478 2767; x_wconf 91' lang='lat' dir='ltr'><strong>et</strong></span> <span class='ocrx_word' id='word_1_387' title='bbox 1495 2737 1584 2766; x_wconf 90' lang='lat' dir='ltr'><strong>non</strong></span> <span class='ocrx_word' id='word_1_388' title='bbox 1603 2724 1824 2766; x_wconf 77' lang='lat' dir='ltr'><strong>videbunt.</strong></span> 
     </span>
    </p>
   </div>
  </div>
 </body>
</html>
