2040 2976
729 199 934 232 Dominica
960 198 1254 232 Ss.T1·iuitatis.

192 300 352 340 Parcet
392 297 577 351 pauperi
619 303 662 339 et
697 297 834 349 inopi:
871 298 894 323 *
932 301 975 338 et

142 356 309 397 animas
335 358 581 407 pauperum
609 353 753 395 salvas
781 353 923 394 faciet.

192 412 261 452 Ex
287 411 431 453 usuris
460 415 503 452 et
530 410 760 462 iniquitate
787 408 974 450 redimet

143 468 309 509 animas
330 470 497 509 eorum:
516 468 540 494 *
560 470 603 508 et
621 465 880 507 honorabile
897 478 971 506 no-

140 537 241 566 men
269 526 422 566 eorum
450 536 600 565 coram
626 522 713 564 illo.

192 582 250 622 Et
274 581 406 631 vivet,
436 585 480 622 et
509 579 685 621 dabitur
714 579 754 620 ei
782 578 837 619 de
865 591 972 619 auro

141 637 331 687 Arabiae,
351 642 395 679 et
413 635 662 678 adorabunt
679 635 734 676 de
748 635 848 687 ipso
863 647 972 675 sem—

139 707 236 747 per:
263 694 287 720 *
314 698 409 736 tota
436 692 507 735 die
534 691 800 734 benedicent
827 691 876 732 ei.

193 751 250 792 Et
278 750 360 792 erit
386 750 712 791 firmamentum
731 748 776 789 in
793 752 912 789 terra
929 748 973 788 in

141 807 320 848 summis
346 807 574 856 mentium,
604 803 974 858 superextolletur

141 875 274 916 super
299 863 515 905 Libanum
549 862 716 903 fructus
745 862 850 913 ejus:
878 862 902 887 *
930 865 974 902 et

140 919 360 962 florebunt
387 919 443 962 de
471 919 648 961 civitate
671 918 784 959 sicut
807 917 974 959 foenum

139 981 282 1018 terrae.

191 1033 257 1075 Sit
289 1045 450 1075 nomen
487 1032 578 1084 ejus
612 1031 894 1074 benedictum
929 1031 973 1071 in

139 1089 316 1131 saecula:
356 1089 380 1115 *
421 1093 523 1130 ante
565 1088 705 1130 solem
745 1089 974 1141 permanet

139 1159 300 1188 nomen
328 1147 430 1198 ejus.

191 1203 248 1244 Et
274 1202 591 1244 benedicentur
621 1202 666 1242 in
693 1201 791 1253 ipso
820 1213 973 1242 omnes

138 1259 280 1301 tribus
307 1264 454 1301 terrae:
474 1259 498 1285 *
518 1269 671 1300 omnes
691 1258 858 1299 Gentes
885 1270 972 1298 ma-

139 1315 409 1367 gnificabunt
437 1328 547 1357 eum.

192 1371 460 1414 Benedictus
497 1371 713 1412 Dominus
748 1371 870 1411 Deus
912 1370 972 1410 Is-

139 1428 241 1479 rael,
268 1429 292 1454 *
322 1428 396 1481 qui
423 1428 527 1469 facit
553 1427 768 1469 mirabilia
795 1426 925 1468 solus:

191 1485 248 1527 Et
274 1484 556 1526 benedictum
582 1496 744 1525 nomen
774 1483 972 1534 majesta-

139 1541 196 1583 tis
225 1541 316 1593 ejus
343 1541 388 1582 in
416 1542 644 1582 aeternum:
666 1541 691 1567 *
716 1544 760 1581 et
787 1538 971 1592 replebi-

138 1602 211 1639 tur
251 1598 478 1650 majestate
521 1597 611 1648 ejus
653 1596 794 1638 omnis
838 1600 971 1637 terra:

140 1654 228 1705 fiat,
256 1655 343 1696 fiat.

191 1721 292 1762 Ant.
323 1719 488 1761 Libera
515 1732 611 1768 nOS‚
640 1718 762 1760 salva
789 1730 886 1767 nos,
914 1717 972 1758 vi-

138 1776 267 1818 vifica
293 1789 387 1827 nos,
416 1789 443 1818 o
470 1775 603 1818 beata
631 1775 834 1816 Trinitas.
952 1774 957 1779 ’

191 1836 243 1889 V.
266 1840 534 1883 Benedictus
559 1853 607 1882 es
625 1839 814 1881 Demine
839 1839 884 1879 in
902 1837 971 1878 fir-

139 1899 361 1939 mamento
385 1897 496 1939 coeli.
530 1900 581 1951 Rz.
603 1897 660 1937 Et
678 1895 912 1937 laudabilis
930 1899 973 1936 et

140 1954 358 2006 gloriosus
387 1954 431 1995 in
455 1953 626 1995 saecula.

140 2032 210 2072 Ex
232 2030 345 2074 libro
371 2032 411 2073 S.
429 2031 649 2082 Fulgentii
666 2030 892 2083 Episcopi,
918 2029 973 2071 de

361 2087 450 2130 fide
478 2087 535 2130 ad
562 2089 752 2130 Petrum.

220 2152 324 2187 Inter
348 2153 475 2197 Opera
498 2152 720 2196 Augustini,
744 2155 834 2185 tom.
858 2150 888 2183 3.

443 2210 596 2251 Lectio
616 2210 669 2250 iv.

151 2276 239 2335 εἶτ
251 2268 368 2338 ides,
398 2282 529 2322 quam
548 2269 688 2310 sancti
705 2267 974 2309 Patriarchae

148 2332 157 2371 ί,
178 2353 251 2380 f,
281 2330 414 2378 atque
440 2325 677 2378 Prophetae
710 2329 810 2366 ante
838 2325 974 2366 incar-

148 2395 149 2399 *
178 2375 250 2401 '⁸²³‘
280 2382 503 2423 nationem
530 2381 629 2422 Filii
655 2381 740 2422 Dei
769 2380 974 2422 divinitus

146 2278 149 2290 l

147 2292 148 2300 i

147 2301 148 2311 π

147 2319 148 2326 η

143 2440 426 2491 acceperunt,
482 2450 612 2490 quam
660 2438 791 2479 etiam
837 2437 976 2478 sancti

143 2494 351 2547 Apostoli
378 2493 433 2535 ab
452 2494 550 2546 ipso
569 2494 761 2535 Domino
782 2493 825 2534 in
845 2506 975 2535 carne

142 2551 289 2603 posito
310 2550 550 2600 audierunt,
570 2555 614 2591 et
629 2550 816 2603 Spiritus
835 2550 975 2591 sancti

143 2607 396 2659 magisterio
415 2606 615 2648 instructi
634 2619 722 2648 non
740 2605 883 2647 solum
897 2618 978 2647 ser-

143 2665 273 2705 mene
291 2663 655 2715 praedicaverunt,
674 2675 827 2704 verum
846 2663 976 2704 etiam

145 2719 202 2761 ad
254 2720 587 2761 instructionem
646 2718 978 2760 saluberrimam

1027 299 1311 348 posterorum
1344 299 1518 351 scriptis
1554 299 1643 339 suis
1676 298 1859 340 inditam

1027 352 1312 405 reliquerunt,
1331 368 1465 395 unum
1482 355 1626 396 Deum
1644 355 1860 407 praedicat

1028 409 1304 460 Trinitatem,
1332 410 1378 452 id
1401 416 1481 460 est,
1508 411 1699 461 Patrem,
1729 416 1773 453 et
1791 413 1857 453 Fi-

1027 465 1149 516 lium,
1187 471 1231 508 et
1262 467 1471 519 Spiritum
1510 472 1717 509 sanctum.
1770 468 1858 510 Sed

1027 522 1219 564 Trinitas
1255 536 1360 564 vera
1396 536 1484 564 non
1521 528 1654 573 esset,
1701 524 1737 565 si
1772 538 1858 566 una

1028 578 1270 631 eademque
1287 582 1479 632 persona
1495 579 1712 621 diceretur
1727 581 1858 623 Pater

1028 640 1071 676 et
1098 635 1234 676 Filius
1264 641 1307 677 et
1335 636 1522 688 Spiritus
1551 642 1739 681 sanctus,

1082 694 1131 744 Rg.
1149 692 1257 742 Quis
1271 693 1394 733 Deus
1410 705 1594 743 magnus
1610 693 1722 735 sicut
1735 693 1857 734 Deus

1026 747 1198 789 noster?
1227 750 1249 773 *
1280 749 1349 790 Tu
1387 762 1434 790 es
1467 749 1606 798 Deus,
1645 750 1718 801 qui
1752 750 1857 791 facis

1026 804 1250 846 mirabilia.
1288 803 1335 852 V.
1360 805 1525 847 Notam
1552 806 1695 846 fecisti
1719 806 1763 846 in
1781 808 1857 858 po—

1025 861 1140 913 pulis
1168 861 1376 903 virtutem
1402 867 1539 911 tuam,
1566 861 1792 903 redemisti
1814 863 1858 902 in

1026 917 1207 959 brachio
1227 923 1304 960 tuo
1324 918 1538 970 populum
1556 922 1690 959 tuum.
1722 919 1790 960 Tu
1811 932 1858 960 es

1026 974 1158 1015 Deus.

1340 1031 1491 1071 Lectio
1514 1045 1548 1069 v.

1099 1088 1113 1128 i
1141 1088 1271 1138 enim,
1300 1088 1412 1129 sicut
1441 1093 1507 1130 est
1532 1089 1691 1139 Patris,
1720 1094 1763 1130 et
1790 1089 1856 1129 Fi-

1104 1144 1164 1194 lii,
1194 1149 1238 1186 et
1260 1145 1448 1197 Spiritus
1477 1146 1616 1187 sancti
1644 1158 1731 1186 una
1759 1145 1856 1186 sub·
1904 1160 1908 1165 ’

1026 1202 1197 1251 stantia,
1226 1201 1288 1243 sic
1317 1207 1433 1243 esset
1457 1214 1542 1243 una
1565 1204 1770 1254 persona:
1797 1202 1857 1242 ni-

1025 1258 1086 1298 hil
1102 1260 1285 1299 omnino
1311 1263 1443 1308 esset,
1470 1259 1514 1298 in
1535 1271 1622 1310 quo
1642 1258 1858 1300 veraciter
1912 1294 1918 1298 .

1026 1315 1218 1355 Trinitas
1238 1314 1468 1355 diceretur.
1493 1315 1664 1355 Rursus
1681 1314 1857 1367 quidem

1025 1371 1217 1412 Trinitas
1238 1376 1356 1412 esset
1376 1384 1491 1421 vera,
1511 1371 1591 1412 sed
1608 1384 1720 1412 unus
1735 1372 1857 1412 Deus

1026 1427 1218 1469 Trinitas
1246 1427 1343 1479 ipsa
1368 1440 1457 1469 non
1486 1432 1620 1477 esset,
1649 1428 1686 1468 si
1711 1440 1856 1479 quem-

1027 1483 1266 1525 admodum
1292 1484 1434 1533 Pater,
1463 1489 1507 1525 et
1526 1483 1672 1534 Filius,
1702 1489 1745 1525 et
1765 1484 1857 1536 Spi-

1025 1541 1134 1582 ritus
1163 1545 1339 1582 sanctus
1366 1542 1658 1593 personarum
1681 1545 1781 1581 sunt
1802 1540 1857 1581 ab

1026 1597 1213 1638 invicem
1243 1597 1516 1649 proprietate
1549 1596 1759 1646 distincti,
1796 1597 1858 1637 sic

1026 1653 1210 1694 fuissent
1236 1655 1491 1694 naturarum
1521 1665 1697 1705 quoque
1719 1652 1857 1694 diver-

1027 1709 1156 1751 sitate
1191 1709 1381 1751 discreti.
1440 1709 1527 1751 Sed
1565 1709 1666 1761 quia
1702 1709 1745 1749 in
1781 1709 1856 1750 illo

1026 1779 1114 1807 uno
1142 1778 1249 1807 vero
1277 1766 1375 1807 Deo
1404 1766 1636 1815 Trinitate,
1673 1778 1762 1806 non
1790 1778 1856 1806 so-

1026 1822 1117 1863 lum
1162 1821 1283 1874 quod
1320 1834 1439 1863 unus
1479 1822 1601 1863 Deus
1644 1826 1727 1872 est,
1779 1821 1858 1863 sed

1027 1879 1159 1920 etiam
1188 1877 1308 1930 quod
1329 1878 1521 1920 Trinitas
1551 1883 1628 1927 est,
1655 1877 1858 1919 naturali-

1025 1939 1093 1976 ter
1121 1947 1274 1976 verum
1302 1939 1382 1976 est:
1410 1936 1648 1987 propterea
1669 1934 1764 1987 ipse
1789 1947 1858 1976 ve-

1026 2004 1101 2032 rus
1119 1991 1242 2032 Deus
1271 1991 1316 2031 in
1343 1991 1544 2043 personis
1564 1991 1756 2033 Trinitas
1781 1996 1857 2040 est,

1028 2052 1072 2089 et
1098 2047 1142 2088 in
1169 2061 1256 2089 una
1282 2050 1439 2088 natura
1465 2060 1576 2088 unus
1605 2052 1682 2089 est.

1080 2104 1130 2155 R.
1148 2103 1249 2145 Tibi
1267 2103 1373 2153 laus,
1393 2103 1474 2145 tibi
1491 2103 1641 2154 gloria,
1663 2102 1743 2145 tibi
1764 2115 1858 2154 gra-

1027 2160 1188 2202 tiarum
1207 2160 1323 2201 actio
1342 2160 1386 2200 in
1406 2160 1569 2201 saecula
1584 2160 1859 2212 sempiterna,

1027 2218 1050 2242 *
1071 2216 1108 2257 O
1129 2216 1261 2258 beata
1279 2216 1482 2258 Trinitas.
1519 2209 1570 2261 V.
1599 2217 1656 2258 Et
1682 2215 1857 2258 benedi-

1028 2277 1147 2314 ctum
1174 2285 1334 2314 nomen
1361 2272 1514 2323 gloriae
1545 2278 1633 2314 tuae
1662 2277 1859 2313 sanctum

1029 2334 1073 2371 et
1091 2328 1326 2379 laudabile,
1356 2334 1399 2370 et
1424 2328 1798 2382 superexaltatum
1815 2327 1859 2367 in

1029 2385 1201 2427 saecula.
1237 2385 1275 2427 O
1304 2385 1446 2427 beata.

1331 2438 1484 2479 Lectio
1502 2438 1554 2478 vi.

1115 2507 1161 2535 er
1177 2493 1289 2535 hanc
1307 2494 1520 2536 unitatem
1534 2492 1777 2535 naturalem
1795 2497 1858 2533 to-

1129 2555 1199 2591 tus
1224 2550 1356 2592 Pater
1388 2550 1432 2591 in
1460 2550 1590 2600 Filio,
1624 2554 1668 2591 et
1696 2548 1858 2601 Spiritu

1031 2611 1184 2648 sancto
1218 2612 1300 2657 est,
1333 2611 1454 2648 totus
1481 2606 1615 2647 Filius
1647 2605 1690 2645 in
1717 2605 1857 2652 Patre,

1031 2667 1075 2704 et
1102 2663 1268 2715 Spiritu
1300 2668 1452 2704 sancto
1487 2667 1569 2712 est,
1605 2666 1724 2703 totus
1753 2671 1856 2710 quo-

1032 2731 1117 2770 que
1144 2718 1331 2771 Spiritus
1359 2723 1535 2760 sanctus
1562 2717 1606 2758 in
1633 2717 1780 2764 Patre,
1814 2719 1858 2756 et
