2040 2976
174 208 250 252 [40]

175 304 362 344 animam
382 315 521 352 suam,
546 315 627 343 nec
651 301 808 353 juravit
831 301 874 341 in
899 300 1002 342 dolo

173 360 375 412 proximo
397 371 489 400 suo.

224 416 309 457 Hic
349 416 537 468 accipiet
580 413 934 456 benedictionem
979 425 1003 452 a

172 472 379 513 Domino:
393 472 417 498 *
433 477 478 513 et
495 470 842 513 misericordiam
861 482 886 510 a
905 469 1002 510 Deo

174 528 355 570 salutari
375 541 466 569 suo.

224 585 335 626 Haec
363 590 431 626 est
458 584 684 635 generatio
715 582 1004 635 quaerentium

173 654 288 690 eum,
325 642 349 666 *
388 641 677 693 quaerentium
727 639 884 680 faciem
920 637 1004 679 Dei

172 697 322 739 Jacob.

224 754 430 796 Attollite
475 758 629 806 portas
674 752 896 805 principes
934 763 1004 791 ve—

174 815 304 859 straS,
334 815 378 851 et
403 810 633 851 elevamini
658 813 801 861 portae
822 808 1004 848 aeterna-

173 867 252 908 les:
270 867 294 892 *
314 871 358 908 et
376 866 575 907 introibit
594 867 691 906 Rex
710 864 873 915 gloriae.

226 924 333 973 Quis
359 928 426 964 est
447 923 530 963 iste
549 923 644 963 Rex
665 918 841 971 gloriae?
866 921 889 945 *
915 920 1004 960 Do-

173 980 315 1020 minus
347 979 474 1020 fortis
507 983 551 1019 et
582 983 756 1030 potens:
788 976 1004 1017 Dominus

173 1041 333 1088 potens
352 1036 395 1076 in
412 1035 579 1088 praelio.

226 1092 430 1133 Attollite
475 1096 629 1143 portas
675 1089 897 1142 principes
934 1101 1004 1129 ve-

174 1154 303 1198 stras,
333 1153 377 1189 et
401 1147 631 1189 elevamini
654 1151 797 1199 portae
822 1146 1005 1186 aeterna-

173 1205 252 1246 les:
270 1206 294 1231 *
314 1209 358 1246 et
376 1203 575 1245 introibit
594 1204 691 1245 Rex
710 1202 873 1253 gloriae.

226 1261 333 1311 Quis
359 1265 426 1302 est
450 1260 533 1301 iste
552 1260 652 1301 Rex
678 1256 853 1310 gloriae?
874 1259 897 1283 *
916 1259 1005 1299 Do-

172 1318 314 1358 minus
326 1317 538 1358 virtutum
548 1317 643 1368 ipse
655 1320 722 1357 est
733 1316 831 1356 Rex
839 1315 1003 1365 gloriae.

226 1381 325 1419 Ant.
360 1378 508 1419 Sancti
537 1377 611 1428 qui
640 1381 820 1429 sperant
846 1376 890 1416 in
917 1375 1005 1416 Do-

173 1435 307 1483 mino,
341 1433 565 1474 habebunt
593 1431 911 1481 fortititdinem,
940 1444 1005 1472 as-

175 1494 347 1532 sument
383 1503 551 1542 pennas
584 1494 632 1530 ut
667 1488 845 1541 aquilae,
887 1487 1005 1528 vola-

173 1547 293 1596 bunt,
322 1551 365 1588 et
384 1559 471 1587 non
491 1545 706 1587 deficient.

229 1601 278 1652 Y.
303 1606 537 1647 Exsultent
561 1606 662 1657 justi
690 1606 733 1646 in
763 1606 1006 1657 conspectu

175 1663 270 1704 Dei.
300 1664 349 1715 R.
366 1663 424 1703 Et
443 1662 715 1703 delectentur
735 1662 779 1702 in
798 1661 962 1703 laetitia.

230 1725 356 1764 Pater
377 1727 538 1763 noster.

229 1784 474 1824 Absolutis).
504 1784 646 1834 Ipsius
666 1784 820 1835 pietas.

231 1841 279 1891 Y.
304 1843 416 1884 Jube
445 1842 616 1884 domne.

204 1901 363 1942 Bened.
393 1902 513 1941 Deus
532 1900 663 1940 Pater
684 1902 975 1952 omnipotens.

177 1983 329 2022 Sermo
358 1982 496 2023 sancti
524 1981 758 2032 Augustini
786 1981 1008 2034 Episcopi.

373 2048 489 2081 Scrm.
508 2047 557 2081 47.
581 2047 626 2080 dc
645 2046 806 2080 Sanctis

481 2104 631 2143 Lectio
654 2104 705 2142 iv.

177 2165 187 2168 *⁷
243 2163 651 2227 Quotiescumque,
688 2163 846 2205 fratres
879 2165 1008 2204 caris-

276 2229 299 2282 )
319 2219 431 2269 simi,
474 2222 726 2262 sanctorum
764 2220 1009 2271 Martyrum

244 2291 260 2299 ἶ
321 2275 532 2317 solemnia
551 2276 836 2326 celebramuS,
857 2277 928 2325 ita,
947 2276 1009 2328 ip-

179 2331 238 2372 sis
257 2331 637 2381 intercedentibus,
659 2334 964 2385 exspectemus
985 2346 1009 2373 a

179 2388 372 2429 Domino
401 2389 611 2440 consequi
643 2388 906 2441 temporalia
937 2388 1009 2430 be-

180 2444 346 2493 neficia,
361 2449 409 2485 ut
428 2444 549 2496 ipsos
565 2444 781 2496 Martyres
796 2443 1009 2486 imitando

180 2502 382 2552 accipere
422 2503 668 2541 mereamur
710 2502 885 2541 aeterna.
939 2500 1010 2542 Ab

179 2557 287 2609 ipsis
303 2557 418 2598 enim
438 2558 690 2597 sanctorum
706 2556 949 2608 Martyrum
967 2557 1011 2596 in

181 2613 364 2654 veritate
394 2612 679 2654 festivitatum
709 2611 870 2662 gaudia
903 2612 1011 2654 cele-

180 2669 378 2719 brantur,
424 2669 497 2721 qui
534 2668 733 2720 ipsorum
769 2668 1013 2719 Martyrum

183 2725 384 2778 exempla
412 2727 663 2777 sequuntur.
704 2724 1014 2766 Solemnitates

664 208 873 240 Commune
901 207 1153 249 plurimorum
1180 206 1398 249 Martyrum.

1056 299 1171 340 enim
1183 299 1427 351 Martyrum
1443 298 1773 341 exhortationes
1789 305 1891 342 sunt

1055 356 1382 407 martyriorum:
1422 360 1471 396 ut
1507 355 1670 396 imitari
1707 368 1796 398 non
1826 358 1890 410 pi-

1055 417 1166 463 geat,
1199 411 1318 464 quod
1338 411 1563 453 celebrare
1585 411 1786 454 delectat.

1112 475 1162 526 R,
1199 468 1347 510 Sancti
1378 468 1440 509 tui
1470 467 1660 510 Domine
1690 467 1891 510 mirabile

1057 525 1281 568 consecuti
1297 529 1397 566 sunt
1412 525 1504 575 iter,
1523 525 1764 567 servientes
1779 538 1890 577 prae-

1057 583 1195 635 ceptis
1221 581 1326 630 tuis,
1364 586 1412 622 ut
1439 581 1738 622 invenirentur
1764 581 1892 622 illaesi

1056 640 1099 680 in
1124 638 1248 690 aquis
1269 637 1441 678 validis:
1471 642 1494 664 *
1521 637 1662 678 Terra
1686 637 1892 690 apparuit

1057 695 1198 736 arida:
1236 699 1281 735 et
1312 694 1357 734 in
1384 694 1496 735 Mari
1528 693 1662 735 rubro
1695 694 1767 735 via
1799 693 1891 735 sine

1056 751 1382 804 impedimento.
1409 748 1459 800 Y.
1476 750 1693 800 Quoniam
1713 750 1891 803 percuis-

1057 808 1114 850 sit
1140 812 1327 860 petram,
1358 811 1402 848 et
1430 807 1650 848 fluxerunt
1677 819 1820 858 aquae‚
1849 812 1892 849 et

1058 866 1278 906 torrentes
1297 862 1629 904 inundaverunt.
1657 863 1808 904 Terra.

1112 924 1273 965 Bened.
1299 919 1499 963 Christus
1523 921 1762 972 perpetuae.

1131 997 1135 1000 ·
1369 980 1522 1021 Lectio
1546 994 1580 1019 ν.

1061 1032 1186 1139 Sed
1219 1049 1301 1077 nos
1332 1035 1535 1077 volumus
1567 1035 1760 1086 gaudere
1794 1047 1893 1076 cum

1146 1093 1324 1134 sanctis:
1342 1097 1385 1134 et
1399 1091 1727 1134 tribulationem
1742 1091 1895 1133 mundi

1057 1148 1260 1190 nolumus
1287 1149 1502 1190 sustinere
1527 1161 1626 1190 cum
1650 1148 1768 1201 ipsis
1810 1148 1894 1198 Qui

1060 1205 1174 1247 enim
1201 1210 1379 1247 sanctos
1406 1205 1643 1257 Martyres,
1687 1205 1732 1245 in
1761 1217 1894 1257 quan-

1059 1267 1152 1303 tum
1172 1261 1384 1314 potuerit,
1412 1261 1575 1303 imitari
1594 1261 1803 1311 noluerit3
1837 1260 1895 1302 ad

1059 1320 1212 1366 eorum
1250 1317 1569 1360 beatitudinem
1605 1330 1694 1359 non
1729 1317 1895 1370 poterit

1059 1377 1301 1427 pervenire.
1343 1374 1431 1416 Sed
1455 1379 1499 1416 et
1518 1373 1682 1415 Paulus
1702 1373 1895 1426 Aposto-

1058 1431 1126 1472 lus
1154 1431 1380 1483 praedicat,
1410 1430 1577 1472 dicens:
1614 1430 1660 1471 Si
1686 1430 1895 1472 fuerimus

1059 1488 1167 1528 socii
1190 1488 1460 1540 passionum,
1496 1487 1657 1528 erimus
1678 1491 1722 1528 et
1742 1499 1896 1528 conso-

1059 1544 1281 1585 lationum.
1330 1544 1387 1585 Et
1422 1543 1638 1585 Dominus
1674 1543 1719 1584 in
1755 1543 1895 1585 Evan-

1058 1600 1189 1651 gelio:
1225 1600 1269 1642 Si
1288 1599 1478 1641 mundus
1498 1612 1579 1641 vos
1599 1599 1708 1648 odit,
1738 1600 1896 1641 scitote

1062 1657 1163 1708 quia
1195 1669 1266 1697 me
1298 1656 1493 1708 priorem
1524 1655 1651 1697 vobis
1685 1655 1789 1697 odio
1822 1655 1896 1697 ha-

1059 1712 1165 1754 buit.
1202 1713 1397 1754 Recusat
1417 1725 1514 1753 esse
1533 1712 1577 1752 in
1597 1713 1796 1764 corpore,
1822 1712 1897 1764 qui

1061 1768 1212 1809 odium
1235 1781 1324 1809 non
1343 1768 1437 1810 vult
1460 1768 1676 1810 sustinere
1701 1781 1801 1810 cum
1827 1770 1896 1809 ca-

1060 1825 1162 1877 pite.

1116 1886 1166 1938 R.
1205 1880 1406 1922 Verbera
1440 1880 1694 1922 carnificum
1725 1893 1814 1922 non
1846 1880 1896 1922 ti-

1060 1939 1264 1978 muerunt
1283 1938 1424 1978 sancti
1441 1937 1537 1987 Dei,
1555 1937 1793 1978 morientes
1813 1949 1896 1989 pro

1063 1993 1225 2035 Christi
1251 1994 1446 2035 nomine:
1476 1998 1500 2021 *
1534 1993 1593 2035 Ut
1620 1992 1822 2035 haeredes
1850 1993 1896 2034 fi-

1063 2055 1185 2092 erent
1209 2050 1254 2091 in
1280 2050 1415 2092 domo
1441 2050 1631 2091 Domini.
1665 2049 1715 2098 Ys.
1744 2049 1897 2092 Tradi-

1063 2106 1222 2148 derunt
1241 2109 1430 2159 corpora
1450 2119 1529 2148 sua
1548 2111 1734 2159 propter
1753 2106 1898 2148 Deum

1063 2163 1119 2204 ad
1141 2163 1366 2216 supplicia.
1395 2163 1465 2205 Ut.

1116 2221 1278 2263 Bened.
1307 2221 1460 2270 Ignem
1480 2219 1547 2260 sui
1567 2219 1742 2260 amoris.

1363 2277 1515 2317 Lectio
1538 2277 1590 2316 vi.

1135 2332 1191 2374 ed
1211 2331 1318 2374 dicit
1338 2332 1509 2385 aliquis:
1544 2333 1601 2373 Et
1620 2332 1718 2384 quis
1738 2336 1805 2373 est
1826 2331 1899 2384 qui

1151 2389 1294 2441 possit
1314 2388 1547 2430 beatorum
1566 2389 1809 2440 Martyrum
1828 2400 1899 2429 ve-

1065 2445 1193 2496 stigia
1213 2443 1362 2497 sequi?
1397 2445 1513 2486 Huic
1534 2457 1616 2496 ego
1636 2444 1898 2497 respondeo,

1067 2501 1167 2553 quia
1182 2514 1270 2542 non
1283 2501 1426 2543 solum
1437 2501 1665 2553 Martyres,
1678 2500 1757 2542 sed
1769 2500 1899 2542 etiam

1066 2558 1210 2610 ipsum
1234 2558 1475 2599 Dominum
1498 2571 1597 2599 cum
1619 2558 1758 2610 ipsius
1782 2556 1898 2608 adju-

1065 2614 1197 2664 torio,
1231 2615 1268 2655 si
1298 2614 1517 2664 volumus,
1544 2616 1780 2666 possumus
1807 2612 1899 2653 imi-

1066 2671 1160 2710 tari.
1197 2671 1316 2712 Audi
1336 2684 1425 2712 non
1443 2683 1524 2720 me,
1549 2669 1629 2711 sed
1648 2670 1792 2722 ipsum
1810 2668 1898 2725 Do·-

1067 2727 1231 2768 minum
1249 2727 1399 2778 generi
1413 2726 1605 2768 humano
1622 2725 1898 2767 clamantem:
