2040 2976
424 167 495 201 Die
523 167 571 200 14.
596 166 713 200 Junii.
761 166 796 200 S.
820 166 958 200 Basilii
982 166 1113 209 Magni
1137 167 1265 210 Episc.
1292 168 1399 201 Comi.
1427 174 1461 202 ct
1487 169 1595 202 Doct.

163 262 229 305 dit
254 263 559 304 atramentum:
588 265 632 303 et
657 273 757 303 cum
780 259 995 301 nihilemi-

161 331 244 359 nus
261 318 307 359 in
325 317 560 371 proposito
577 316 828 359 scribendi
812 316 996 369 1mpium

162 373 389 416 decretum
402 375 671 438 persisteret,
689 374 828 426 ipsius
846 371 994 414 dexte-

161 442 226 479 ra,
255 429 483 472 dissolutis
510 430 673 480 nervis,
701 435 796 472 tota
825 429 993 470 contre-

160 486 280 528 muit.
313 486 395 527 His
420 488 668 528 commotus
687 485 853 528 Valens
873 484 993 526 char-

160 546 251 583 tam
282 544 477 598 utraque
498 554 630 583 manu
658 541 884 584 conscidit.
929 540 994 581 Ea

162 603 309 640 autem
341 603 488 648 nocte,
527 611 626 650 quae
659 598 716 640 ad
750 597 992 639 deliberan-

161 654 266 696 dum
302 654 469 696 Basilio
511 655 616 696 data
656 660 741 704 est,
791 653 993 696 Valentis

160 723 272 752 uxor
307 711 471 752 intimis
505 715 573 752 est
605 711 799 752 cruciata
833 709 992 751 dolori-

159 766 254 817 bus,
271 772 315 808 et
329 767 483 808 unicus
498 766 638 808 filius
626 780 671 807 111
684 779 864 817 gravem
878 779 991 807 mor—

159 822 265 864 bum
288 823 451 865 incidit.
489 823 658 873 Quibus
684 823 758 864 ille
786 823 991 875 perterri-

158 883 249 930 tus,
292 879 568 931 iniquitatem
613 893 738 921 suam
779 882 989 930 recogno-

159 947 302 985 scens,
322 935 534 977 Basilium
553 937 752 978 accersit:
773 949 860 988 quo
880 949 990 988 prae-

158 993 281 1033 sente
297 1005 408 1044 puer
423 992 559 1044 coepit
574 992 900 1034 convalescere:
919 1005 989 1034 ve-

157 1060 272 1098 rum,
299 1048 470 1089 vocatis
496 1061 523 1089 a
548 1048 737 1090 Valente
766 1049 823 1090 ad
850 1049 989 1091 visen·
1053 1052 1057 1083 ἰ

158 1102 263 1144 dum
282 1107 468 1156 puerum
485 1104 715 1154 haereticis,
733 1105 866 1158 paulo
886 1111 991 1158 post
1049 1126 1057 1165 [-

156 1160 355 1202 meritur.

207 1230 259 1281 Rz.
290 1226 426 1268 Pesui
457 1225 720 1277 adjutorium
753 1239 884 1279 super
911 1239 987 1280 po-

156 1283 338 1332 tentem,
385 1287 429 1323 et
470 1282 662 1324 exaltavi
703 1282 893 1324 electum
933 1283 988 1325 de

156 1337 287 1390 plebe
328 1351 442 1380 mea:
473 1340 496 1364 *
534 1339 690 1380 Manus
734 1339 849 1380 enim
891 1352 989 1382 mea

157 1394 436 1437 auxiliabitur
472 1395 522 1437 ei.
565 1391 615 1443 V.
655 1396 807 1437 Inveni
843 1397 988 1439 David

157 1463 331 1492 servum
362 1464 525 1502 meum,
562 1452 661 1494 oleo
698 1457 851 1494 sancto
887 1466 987 1496 meo

155 1507 260 1547 unxi
280 1519 390 1548 eum.
417 1508 585 1549 Manus.

455 1591 609 1633 Lectio
630 1593 684 1633 vi.
744 1612 747 1615 ·

232 1658 470 1701 bstinentia
512 1665 556 1702 et
597 1661 865 1703 continentia
906 1662 988 1704 fuit

271 1715 536 1758 admirabili:
577 1731 664 1759 una
699 1718 849 1760 tanica
885 1731 986 1760 con-

154 1773 302 1813 tentus
338 1777 447 1814 erat:
490 1772 535 1814 in
572 1774 729 1825 jejunio
766 1774 985 1817 servando

156 1827 531 1879 diligentissimus,
571 1830 616 1871 in
649 1830 850 1872 oratione
882 1833 985 1872 assi-

155 1883 284 1935 duus,
311 1884 356 1925 in
384 1897 471 1937 qua
499 1898 619 1939 saepe
644 1890 786 1928 totam
808 1892 985 1929 noctem

155 1940 454 1984 consumebat.
492 1942 803 1993 Virginitatem
829 1946 985 1996 perpe-

154 2000 232 2038 tuo
256 1996 403 2041 celuit.
434 1998 714 2040 Monasteriis
739 2000 985 2050 exstructis,

153 2052 215 2093 ita
246 2054 565 2096 monacherum
596 2055 843 2097 institutum
877 2061 984 2098 tem-

153 2109 339 2161 peravit,
367 2115 417 2152 ut
444 2111 653 2153 solitariae
679 2117 812 2165 atque
837 2115 984 2154 aetuo-

153 2178 216 2206 sae
243 2165 347 2208 vitae
374 2167 587 2210 utilitates
614 2169 829 2221 praeclare
855 2169 985 2211 simul

147 2221 448 2273 conjungeret.
461 2224 600 2266 Multa
611 2225 781 2266 erudite
791 2225 984 2278 scripsit3

154 2290 205 2319 ac
232 2290 378 2328 nemo,
411 2283 526 2321 teste
555 2280 772 2332 Gregorio
798 2281 983 2322 Nazian-

153 2335 280 2383 zeno,
312 2347 451 2376 sacrae
479 2336 719 2389 Scripturae
748 2337 885 2379 libros
913 2339 982 2379 ve-

152 2389 242 2430 rius
271 2396 347 2432 aut
371 2390 548 2432 uberius
578 2393 826 2445 explicavit.
863 2393 984 2435 Obiit

151 2445 365 2488 Kalendis
409 2447 435 2487 J
437 2448 619 2498 anuarii,
670 2462 770 2490 cum
814 2454 985 2491 tantum

152 2502 308 2554 spiritu
326 2503 494 2553 vivens,
516 2511 681 2556 praeter
705 2517 808 2546 ossa
831 2510 875 2548 et
893 2505 982 2558 pel-

151 2558 249 2610 lem,
269 2559 388 2601 nulla
406 2562 623 2613 praeterea
642 2562 843 2614 corporis
857 2567 983 2615 parte

152 2618 358 2657 constare
378 2616 611 2658 videretur.

203 2681 253 2732 R.
280 2681 371 2723 Iste
391 2686 458 2724 est
478 2682 563 2735 qui.
580 2682 665 2735 [54]

1262 264 1311 302 In
1339 264 1409 302 III.
1438 265 1662 304 Nocturno

1045 321 1202 362 Lectio
1226 322 1368 363 sancti
1388 322 1617 374 Evangelii
1638 324 1881 366 secundum

1374 378 1553 420 Lucam.

1123 437 1276 479 Lectio
1297 439 1365 478 vii.
1578 440 1681 492 Cap.
1698 443 1755 481 14.
1773 442 1797 481 f.

1094 510 1123 537 n
1146 497 1223 538 illo
1250 500 1467 551 tempore:
1494 499 1620 540 Dixit
1638 500 1663 540 J
1666 512 1766 542 esus
1792 506 1879 543 tur-

1110 553 1194 595 bis:
1221 554 1266 596 Si
1285 555 1383 607 quis
1403 555 1523 597 venit
1544 554 1600 597 ad
1619 569 1704 606 me,
1729 562 1773 599 et
1791 571 1879 599 non

1046 609 1140 651 odit
1164 615 1338 662 patrem
1363 625 1507 661 suum,
1536 616 1579 653 et
1606 618 1807 663 matrem,
1837 619 1880 655 et

1045 668 1240 717 uxerem,
1268 672 1312 709 et
1330 667 1458 717 filios,
1483 672 1527 709 et
1546 668 1714 718 fratres,
1743 675 1787 711 et
1812 683 1879 712 so-

1045 724 1187 772 roreS,
1234 723 1378 765 adhuc
1421 729 1568 766 autem
1610 729 1654 765 et
1690 726 1879 768 animam

1046 791 1187 829 suam,
1211 793 1299 821 non
1321 785 1472 833 potest
1493 794 1616 822 meus
1637 793 1733 823 esse
1753 782 1878 824 disci·
1943 805 1947 808 >

1044 835 1187 888 pulus.
1214 837 1272 878 Et
1291 837 1471 889 reliqua.
1922 838 1924 850 ³

1078 910 1271 954 Homilia
1290 911 1431 953 sancti
1451 912 1602 953 Basilii
1621 913 1844 966 Episcopi.

1042 980 1123 1013 Lib.
1137 979 1269 1021 Regni.
1287 979 1411 1013 fusius
1427 980 1564 1022 explic.
1581 980 1629 1013 nd
1644 980 1823 1023 interrog.
1840 986 1872 1015 Η,

1162 1030 1327 1074 erfecta
1353 1033 1531 1098 quidem
1550 1035 1815 1076 renuntiatio
1835 1036 1878 1075 in

1052 1103 1154 1158 Q,
1179 1100 1232 1130 eo
1262 1089 1481 1139 consistit,
1522 1094 1571 1131 ut
1600 1089 1645 1131 id
1673 1094 1878 1142 assequa-
1922 1108 1923 1111 ¹

1099 1160 1104 1162 ·
1177 1158 1288 1195 mur,
1313 1158 1369 1188 ne
1389 1145 1475 1187 ad
1464 1149 1603 1199 ipsius
1624 1147 1757 1188 etiam
1776 1148 1878 1189 vitae

1043 1199 1323 1244 affectionem
1342 1203 1555 1255 propensi
1575 1203 1728 1254 simus,
1750 1208 1793 1245 et
1812 1217 1876 1246 re-

1043 1258 1255 1309 sponsum
1273 1260 1427 1300 mortis
1447 1259 1702 1309 habeamuS,
1722 1265 1771 1302 ut
1789 1273 1877 1301 non

1043 1314 1178 1355 simus
1202 1314 1390 1357 fidentes
1414 1316 1458 1356 in
1477 1315 1606 1357 nobis
1630 1316 1749 1369 ipsis.
1787 1317 1876 1358 Hu-

1041 1371 1232 1422 iusmodi
1252 1377 1399 1413 autem
1420 1373 1687 1414 renuntiatio
1706 1373 1875 1414 initium

1042 1428 1175 1469 sumit
1201 1428 1256 1470 ab
1279 1428 1542 1470 alienatione
1568 1441 1715 1470 rerum
1736 1435 1875 1471 exter-

1046 1485 1211 1535 narum,
1230 1485 1367 1526 veluti
1385 1498 1411 1526 a
1428 1485 1796 1538 possessionibus
1820 1486 1876 1527 ab

1043 1540 1161 1580 inani
1187 1541 1343 1591 gloria,
1383 1554 1408 1582 a
1435 1541 1612 1583 vivendi
1645 1546 1874 1583 consuetu-

1042 1595 1157 1647 dine,
1202 1610 1227 1638 a
1271 1610 1416 1640 rerum
1454 1597 1674 1639 inutilium
1710 1601 1875 1640 amere:

1042 1653 1416 1704 quemadmodum
1450 1654 1581 1696 etiam
1615 1668 1695 1696 suo
1733 1657 1874 1696 exem-

1039 1709 1115 1762 plo
1144 1710 1272 1752 nobis
1302 1711 1591 1752 ostenderunt
1619 1711 1760 1752 sancti
1785 1712 1873 1752 Do-

1039 1766 1144 1807 mini
1163 1767 1301 1808 nostri
1327 1767 1546 1820 discipuli,
1571 1767 1762 1809 Jacobus
1784 1768 1873 1820 qui-

1041 1821 1142 1864 dem
1167 1828 1210 1865 et
1227 1824 1252 1864 J
1255 1826 1438 1873 oannes,
1469 1824 1623 1865 relicto
1647 1828 1773 1876 patre
1793 1825 1873 1865 Ze-

1038 1878 1217 1930 bedaeo,
1253 1884 1297 1922 et
1328 1880 1427 1932 ipsa
1455 1893 1633 1932 quoque
1661 1880 1872 1930 navicula,

1040 1934 1095 1976 de
1122 1949 1208 1988 qua
1235 1937 1376 1978 omnis
1399 1937 1574 1978 illorum
1593 1937 1735 1978 victus
1760 1937 1872 1978 ratio

1038 1991 1278 2043 pendebat:
1298 1993 1535 2034 Matthaeus
1555 2005 1678 2043 vero,
1699 2005 1798 2034 cum
1818 1993 1872 2035 ab

1038 2047 1136 2100 ipso
1156 2048 1322 2091 telonio
1343 2050 1542 2100 surrexit,
1563 2062 1615 2091 ac
1634 2049 1874 2090 Deminum

1039 2107 1217 2145 secutus
1238 2110 1316 2146 est.

1090 2168 1139 2219 R.
1169 2165 1348 2208 Amavit
1367 2179 1467 2208 eum
1485 2167 1716 2216 Dominus,
1741 2172 1785 2208 et
1805 2180 1871 2208 or-

1038 2222 1158 2263 navit
1194 2235 1312 2264 eum:
1349 2223 1507 2264 stolam
1543 2223 1696 2274 gleriae
1732 2223 1873 2265 induit

1039 2290 1156 2327 eum,
1183 2281 1204 2304 *
1228 2278 1372 2321 Et'ad
1396 2284 1549 2332 portas
1578 2279 1773 2332 paradisi
1801 2292 1871 2321 co-

1038 2335 1213 2377 ronavit
1245 2347 1356 2376 eum.
1397 2333 1447 2384 Ys'.
1481 2335 1630 2377 Induit
1657 2349 1757 2378 eum
1783 2336 1871 2377 De-

1037 2390 1180 2432 minus
1216 2391 1400 2433 loricam
1440 2391 1559 2442 fidei,

1038 2459 1148 2488 eum.
1175 2447 1234 2488 Et
1252 2446 1310 2489 ad
1328 2452 1494 2500 portas.

1321 2513 1473 2554 Lectio
1494 2514 1578 2554 viii.

1036 2567 1163 2674 Sed
1191 2572 1298 2625 quid
1324 2586 1436 2627 opus
1463 2579 1530 2615 est
1553 2573 1715 2615 nostris
1739 2572 1869 2613 ratio-

1123 2629 1268 2680 nibus,
1298 2636 1373 2672 aut
1398 2632 1650 2672 sanctorum
1674 2629 1869 2670 virerum

1037 2686 1250 2738 exemplis
1269 2685 1330 2738 id,
1352 2687 1472 2740 quod
1492 2685 1692 2735 dicimuS,
1712 2685 1866 2726 confir-

1612 2397 1656 2434 et
1700 2392 1871 2434 ornavit
