2040 2976
680 191 723 224 In
749 191 873 224 feriali
898 190 1035 225 Officio
1062 191 1111 224 ad
1136 191 1314 225 Primam.
1810 196 1854 230 27

137 299 207 328 me
227 286 282 328 de
302 292 473 328 ventre:
492 288 516 312 *
537 300 639 340 spes
663 301 762 329 mea
787 288 841 329 ab
867 287 969 329 ube-

138 342 258 384 ribus
277 343 430 383 matris
449 356 571 384 meae.
608 345 659 384 In
682 349 726 385 te
746 345 968 396 projectus

138 412 235 439 sum
255 411 309 440 ex
328 402 470 440 utero:

189 455 257 496 De
268 460 421 496 ventre
432 456 584 496 matris
595 456 834 497 meaeDeus
845 468 969 497 meus

139 524 186 552 es
205 516 264 560 tu,
283 512 307 536 *
327 525 382 552 ne
402 511 656 552 discesseris
677 525 702 552 a
720 524 805 553 me:

191 567 408 617 Quoniam
427 567 651 608 tribulatio
671 568 873 620 pr6xima
888 573 969 609 est:

138 624 161 649 *
183 623 390 675 qudniam
407 635 496 664 non
516 628 584 664 est
605 624 679 675 qui
699 623 885 675 adjuvet.

191 678 584 720 Circumdederunt
602 692 672 720 me
687 679 813 720 vituli
830 679 970 721 multi:

139 735 162 760 *
182 735 296 776 tauri
313 735 498 787 pingues
518 734 787 776 obsederunt
806 749 887 777 me.

190 790 472 842 Aperuerunt
502 803 634 842 super
661 804 731 832 me
757 803 806 832 os
832 805 970 841 suum,

138 847 162 872 *
182 847 295 887 sicut
314 846 383 887 leo
404 847 579 898 rapiens
600 852 644 887 et
662 848 849 897 ragiens.

190 902 311 943 Sicut
336 915 450 954 aqua
474 902 638 943 effusus
664 916 774 943 sum:
794 904 817 929 *
838 908 882 945 et
911 903 970 945 di-

140 960 293 1011 spersa
313 963 414 999 sunt
433 959 579 999 omnia
599 971 701 999 ossa
719 972 828 1000 mea.

191 1015 377 1056 Factum
397 1019 464 1055 est
484 1027 559 1055 cor
578 1028 725 1056 meum
745 1020 971 1068 tamquam

140 1083 240 1112 cera
276 1070 524 1122 liquescens
555 1072 579 1096 *
611 1071 655 1111 in
687 1071 834 1113 medio
871 1084 971 1112 ven-

141 1127 221 1168 tris
241 1127 338 1167 mei.

192 1183 322 1224 Aruit
336 1187 563 1235 tamquam
578 1188 693 1224 testa
708 1184 848 1225 virtus
862 1197 971 1234 mea,

76 1271 82 1273 Δ
141 1244 185 1280 et
225 1239 372 1290 lingua
412 1251 511 1280 mea
548 1239 735 1280 adhaesit
771 1240 971 1281 faucibus

140 1296 264 1336 meis:
286 1296 310 1321 *
334 1300 378 1336 et
401 1295 445 1335 in
469 1295 697 1347 pulverem
720 1297 876 1337 mortis
900 1296 971 1337 de-

141 1351 305 1392 duxisti
323 1364 404 1392 me.

193 1408 410 1458 Quoniam
425 1407 808 1449 circumdederunt
823 1421 892 1449 me
905 1421 971 1449 ca-

140 1477 219 1505 nes
251 1463 390 1504 multi:
417 1465 441 1489 *
469 1463 703 1504 concilium
735 1464 971 1515 malignan-

141 1520 250 1561 tium
270 1519 445 1561 obsedit
464 1533 545 1561 me.

192 1575 419 1617 Foderunt
442 1589 597 1616 manus
620 1589 741 1617 meas
766 1581 809 1617 et
832 1576 971 1629 pedes

140 1644 279 1673 meos:
323 1633 347 1657 *
393 1631 778 1674 dinumeraverunt
826 1633 971 1674 omnia

141 1701 244 1729 ossa
262 1701 371 1729 mea.

192 1744 285 1796 Ipsi
303 1757 408 1785 vero
434 1743 824 1785 consideraverunt
848 1750 892 1786 et
911 1745 971 1785 in-

142 1802 379 1852 spexerunt
393 1813 478 1841 me:
496 1801 520 1826 *
540 1799 781 1841 diviserunt
800 1800 883 1842 sibi
902 1813 971 1842 ve-

142 1857 346 1898 stimenta
360 1869 469 1905 mea,
489 1861 533 1897 et
553 1869 684 1908 super
700 1861 869 1898 vestem
884 1870 971 1898 me-

141 1925 212 1953 am
231 1913 444 1954 miserunt
464 1917 640 1953 sortem.

192 1969 262 2009 Tu
285 1973 432 2010 autem
451 1969 639 2010 D6mine
662 1981 717 2009 ne
742 1968 970 2019 elongave-

141 2025 201 2065 ris
229 2025 437 2066 auxssium
465 2029 587 2065 tuum
617 2037 642 2065 a
668 2038 754 2066 me:
773 2025 796 2050 *
817 2025 873 2066 ad
899 2024 969 2066 de-

140 2081 382 2122 fensi6nem
401 2093 545 2122 meam
565 2081 783 2133 conspice.

193 2137 309 2178 Erue
350 2150 375 2177 a
415 2137 582 2177 framea
616 2137 739 2177 Deus
781 2137 970 2177 animam

140 2205 296 2233 meam:
315 2193 339 2218 *
360 2197 403 2234 et
427 2192 482 2234 de
506 2205 638 2233 manu
661 2193 779 2233 canis
799 2193 970 2236 unicam

141 2261 299 2289 meam:

193 2303 323 2344 Salva
354 2317 424 2345 me
457 2317 512 2345 ex
544 2316 620 2344 ore
653 2304 807 2344 leonis:
827 2304 850 2329 *
869 2309 913 2345 et
945 2318 970 2345 a

141 2359 347 2400 cornibus
377 2360 650 2401 uni06rnium
679 2359 970 2402 humilitatem

141 2428 294 2456 meam.

192 2470 394 2512 Narrabo
422 2483 583 2512 nomen
610 2476 734 2512 tuum
763 2471 969 2513 fratribus

141 2527 249 2568 meis
257 2528 295 2566 ε*
302 2527 345 2567 in
356 2525 502 2567 medio
511 2526 708 2567 ecclesiae
715 2526 906 2568 laudabo
914 2533 969 2569 te.

194 2583 278 2632 Qui
309 2582 473 2623 timetis
501 2582 755 2631 Dominum,
792 2582 969 2625 laudate

142 2651 256 2679 eum:
292 2639 315 2663 *
352 2639 603 2678 universum
646 2650 796 2679 semen
831 2639 969 2680 Jacob

141 2694 383 2745 glorificate
403 2707 513 2735 eum.

1073 288 1249 329 Timeat
1269 301 1369 329 eum
1389 302 1518 331 omne
1538 303 1687 332 semen
1702 291 1853 332 Israel:

1022 345 1046 370 *
1068 345 1277 396 quoniam
1300 357 1389 385 non
1411 347 1592 398 sprevit,
1618 360 1762 399 neque
1782 347 1854 389 de-

1023 401 1168 453 spexit
1191 400 1551 453 deprecationem
1571 404 1793 456 pauperis:

1073 457 1169 498 Nec
1190 458 1350 498 avertit
1370 457 1527 498 faciem
1547 472 1670 500 suam
1691 473 1716 501 a
1734 461 1853 501 me:*

1024 518 1068 554 et
1087 526 1187 554 cum
1207 513 1444 555 clamarem
1465 514 1521 555 ad
1541 528 1655 565 eum,
1680 516 1854 558 exaudi-

1023 569 1086 610 vit
1105 582 1186 610 me.

1074 625 1209 677 Apud
1246 630 1291 667 te
1324 625 1419 666 laus
1455 639 1554 667 mea
1590 627 1634 667 in
1669 628 1855 669 ecclesia

1022 682 1229 732 magnaz*
1244 687 1348 723 vota
1367 695 1465 723 mea
1484 682 1669 724 reddam
1688 685 1731 724 in
1754 697 1854 726 con-

1024 739 1179 790 spectu
1198 738 1447 779 timentium
1468 751 1578 779 eum.

1075 793 1221 835 Edent
1249 797 1485 846 pauperes,
1524 800 1567 836 et
1597 795 1854 836 saturabun-

1023 855 1114 891 tur:
1153 855 1196 891 et
1228 850 1472 905 laudabunt
1505 851 1745 892 D6minum
1782 852 1855 903 qui

1024 909 1254 958 requirunt
1278 919 1393 947 eum:
1412 907 1434 932 *
1454 908 1604 948 vivent
1628 907 1765 948 corda
1786 910 1855 948 eo-

1023 976 1120 1003 rum
1140 963 1185 1002 in
1204 962 1415 1003 saeculum
1435 963 1597 1004 saeculi.

1075 1019 1432 1059 Reminiscentur
1465 1024 1508 1059 et
1543 1021 1856 1070 convertentur

1025 1074 1082 1115 ad
1091 1075 1331 1115 DOminum
1341 1075 1364 1099 *
1377 1075 1569 1115 universi
1586 1075 1695 1115 fines
1710 1080 1856 1115 terrae:

1076 1131 1133 1171 Et
1159 1130 1408 1171 adorabunt
1434 1131 1477 1170 in
1500 1133 1743 1183 conspectu
1764 1131 1855 1182 ejus

1024 1187 1047 1211 *
1066 1187 1284 1227 universae
1305 1186 1481 1227 familiae
1502 1186 1721 1227 Gentium.

1077 1242 1295 1292 Qudniam
1314 1242 1494 1282 Domini
1521 1248 1587 1283 est
1616 1255 1813 1292 regnum:
1832 1243 1855 1267 *

1025 1294 1183 1350 etipse
1204 1297 1500 1339 dominabitur
1521 1298 1741 1339 Gentium.

1076 1353 1453 1394 Manducaverunt
1486 1359 1530 1395 et
1559 1353 1855 1395 adoraverunt

1025 1422 1178 1450 omnes
1195 1410 1382 1462 pingues
1401 1415 1547 1450 terrae:
1566 1410 1589 1435 *
1610 1410 1653 1450 in
1673 1412 1854 1461 conspe-

1024 1471 1098 1507 ctu
1118 1467 1209 1517 ejus
1229 1464 1388 1506 cadent
1408 1478 1560 1507 omnes
1582 1466 1657 1517 qui
1677 1465 1854 1506 descen-

1024 1520 1133 1562 dunt
1152 1522 1196 1561 in
1215 1526 1389 1562 terram.

1074 1577 1131 1618 Et
1151 1578 1295 1618 anima
1324 1590 1423 1618 mea
1449 1577 1510 1618 illi
1531 1577 1665 1618 vivet:
1684 1578 1707 1602 *
1728 1582 1772 1618 et
1791 1590 1854 1618 se-

1022 1646 1122 1674 men
1142 1646 1289 1674 meum
1309 1634 1471 1675 serviet
1488 1634 1582 1685 ipsi.

1075 1689 1417 1730 Annuntiabitur
1425 1690 1615 1730 DOmino
1629 1690 1853 1739 generatio

1022 1748 1225 1786 ventara:
1258 1746 1281 1771 *
1315 1750 1358 1786 et
1396 1745 1715 1786 annuntiabunt
1754 1745 1854 1786 coeli

1022 1802 1229 1853 justitiam
1250 1802 1340 1853 ejus
1359 1801 1525 1853 populo
1547 1801 1621 1853 qui
1639 1803 1854 1850 nascetur,

1024 1870 1154 1909 quem
1173 1857 1278 1898 fecit
1296 1857 1521 1898 Daminus.

1077 1924 1247 1956 sabbato
1274 1923 1371 1955 nihil
1398 1923 1567 1963 additur,
1601 1929 1641 1957 ut
1668 1934 1784 1966 supra
1816 1924 1852 1956 in

1024 1970 1202 2003 Rubrica.
1228 1973 1281 2008 24,

1077 2026 1227 2060 Deinde
1256 2025 1396 2059 dicitur

1292 2107 1490 2146 Psalmus
1512 2109 1588 2146 118.

1025 2179 1196 2282 Beati
1222 2194 1490 2235 immaculati
1523 2195 1566 2235 in
1600 2195 1688 2235 via:
1720 2195 1743 2220 *
1779 2195 1853 2247 qui

1126 2250 1352 2292 ambulant
1370 2251 1413 2290 in
1431 2250 1527 2301 lege
1549 2251 1737 2291 Domini.

1074 2306 1200 2347 Beati
1226 2307 1300 2358 qui
1325 2308 1575 2347 scrutantur
1603 2306 1852 2347 testimonia

1023 2362 1159 2413 ejusz*
1170 2362 1214 2402 in
1228 2366 1325 2403 toto
1342 2361 1477 2403 corde
1494 2364 1727 2413 exquirunt
1742 2374 1851 2402 eum.

1072 2417 1175 2458 Non
1196 2418 1311 2458 enim
1337 2418 1411 2469 qui
1435 2419 1672 2469 operantur
1699 2417 1850 2468 iniqui-

1021 2476 1168 2522 tatem,
1187 2474 1210 2498 *
1229 2473 1272 2513 in
1292 2473 1374 2513 viis
1394 2473 1483 2524 ejus
1508 2472 1850 2513 ambulaverunt.

1073 2529 1142 2569 Tu
1166 2527 1384 2569 mandasti
1402 2529 1425 2554 *
1444 2527 1651 2569 mandata
1679 2533 1754 2568 tua
1780 2539 1848 2567 cu-

1022 2583 1177 2625 stodiri
1196 2584 1333 2624 nimis.

1073 2640 1250 2681 Utinam
1265 2639 1506 2690 dirigantur
1521 2639 1603 2679 viae
1619 2651 1740 2685 meae,
1751 2638 1775 2662 *
1792 2636 1849 2677 ad

1022 2694 1333 2737 custodiendas
1351 2695 1678 2747 justificationes
1697 2698 1805 2734 tuas.
