2040 2976
640 219 847 252 Commune
875 216 1121 251 Confessoris
1145 215 1353 247 l'ontiticis.

1792 213 1861 258 [57]

155 319 328 370 emptor
365 319 534 364 noster,
586 314 659 367 qui
690 314 734 354 in
767 326 819 355 ea
851 325 980 354 carne

156 386 286 426 quam
321 375 635 424 assumpserat,
681 370 788 411 abiit
818 369 862 410 in
895 381 979 410 coe-

154 428 265 471 lum?
302 428 454 470 Carnis
483 428 598 470 enim
624 426 747 468 locus
774 425 980 478 proprius

154 491 271 528 terra
295 490 375 537 est;
405 497 503 537 quae
525 484 647 536 quasi
671 482 727 524 ad
751 483 981 535 peregrina

155 542 347 591 ducitur,
388 541 492 583 dum
523 553 604 593 per
634 538 981 591 Redemptorem

154 603 352 640 nostrum
376 598 420 638 in
445 597 559 639 coelo
588 595 840 638 collocatur.
893 594 980 636 Sed

154 655 287 697 homo
333 655 415 696 iste
460 655 644 706 peregre
685 651 979 705 proficiscens,

155 712 292 753 servis
311 711 400 753 suis
418 710 535 752 bona
559 722 637 750 sua
659 707 851 757 tradidit,
881 707 980 759 quia
1003 724 1007 762 Ι

154 767 357 809 fidelibus
378 767 466 808 suis
485 764 727 818 spiritualia
746 763 862 805 dona
881 776 979 805 con-

155 824 296 865 cessit.
331 824 388 864 Et
406 823 480 864 uni
505 821 682 874 quidem
706 820 896 873 quinque
919 825 980 861 ta-

154 879 285 930 lenta,
314 879 386 920 alii
407 879 509 928 duo,
539 878 611 919 alii
632 889 738 919 vero
765 877 982 918 commisit

154 950 297 977 unum.
343 935 543 987 Quinque
572 934 731 976 etenim
758 938 858 974 sunt
888 935 980 974 cer-

154 992 275 1045 poris
303 1005 472 1041 sensus,
499 990 719 1032 videlicet:
746 989 881 1039 visus,
910 1002 980 1030 au-

155 1048 285 1098 ditus,
313 1053 481 1100 gustus,
506 1046 732 1097 odoratus,
763 1051 807 1088 et
826 1050 980 1087 tactus.

155 1105 355 1157 Quinque
371 1117 475 1156 ergo
488 1103 675 1153 talentis,
689 1102 853 1145 donum
869 1103 982 1155 quin-

156 1174 240 1213 que
267 1163 488 1210 sensuum,
525 1159 570 1202 id
598 1165 680 1209 est,
716 1159 981 1201 exterierum

154 1218 333 1259 scientia
353 1217 618 1270 exprimitur.
659 1215 844 1258 Duobus
864 1228 980 1265 vero,

153 1273 399 1316 intellectus
424 1279 467 1315 et
491 1273 691 1326 operatio
717 1271 980 1323 designatur.

153 1330 290 1372 Unius
309 1335 455 1372 autem
474 1329 626 1371 talenti
644 1329 830 1377 nemine,
859 1329 980 1371 intel-

153 1386 291 1428 lectus
312 1385 616 1428 tantummodo
638 1385 902 1436 designatur.

204 1451 254 1502 R».
291 1451 386 1493 Sint
417 1450 552 1492 lumbi
580 1451 715 1492 vestri
744 1451 980 1503 praecincti,

155 1513 198 1550 et
233 1508 423 1549 lucernae
462 1506 664 1548 ardentes
701 1507 745 1547 in
780 1506 980 1548 manibus

154 1564 325 1606 vestris:
339 1565 361 1586 *
378 1564 435 1605 Et
453 1576 533 1605 vos
551 1562 712 1604 similes
732 1562 981 1604 hominibus

155 1619 510 1674 exspectantibus
566 1619 792 1661 deminum
844 1632 980 1669 suum,

156 1676 329 1729 quando
349 1678 593 1718 revertatur
613 1689 638 1717 a
655 1676 831 1729 nuptiis.
849 1671 898 1723 V
914 1676 982 1717 Vi-

153 1733 286 1784 gilate
306 1745 422 1784 ergo,
452 1733 552 1785 quia
570 1732 747 1774 nescitis
769 1746 854 1785 qua
872 1732 981 1774 hora

153 1789 367 1831 Deminus
395 1794 541 1831 vester
568 1792 778 1831 venturus
806 1789 873 1831 sit.
914 1790 980 1832 Et.

156 1846 308 1888 Gleria
325 1846 454 1887 Patri.
482 1846 548 1887 Et.

205 1911 365 1953 Bened.
401 1910 470 1952 Ad
489 1911 756 1952 societatem.

448 1993 601 2034 Lectio
622 1993 675 2033 ix.

154 2053 281 2161 Sed
298 2063 346 2112 iS‚
375 2063 448 2115 qui
469 2063 658 2115 quinque
677 2063 841 2105 talenta
861 2065 980 2105 acce-

234 2123 371 2172 perat,
387 2118 471 2160 alia
486 2119 676 2171 quinque
691 2118 884 2161 lucratus
900 2125 981 2162 est:

156 2176 257 2228 quia
275 2179 375 2217 sunt
392 2174 600 2225 nonnulli,
621 2175 695 2228 qui
710 2176 792 2217 etsi
811 2176 980 2218 interna

154 2245 206 2274 ac
222 2232 407 2284 mystica
421 2234 654 2284 penetrare
668 2232 878 2281 nesciunt,
897 2245 980 2285 pro

153 2288 392 2330 intentione
419 2293 566 2330 tamen
595 2290 796 2341 supernae
824 2289 980 2341 patriae

155 2343 315 2385 docent
330 2349 450 2386 recta
466 2357 576 2396 quos
590 2350 787 2397 possunt,
803 2344 858 2386 de
874 2345 980 2397 ipsis

155 2399 456 2449 exterieribus,
485 2412 583 2452 quae
603 2403 877 2453 acceperunt,
906 2400 981 2442 du-

154 2455 276 2508 plum
289 2455 501 2497 talentum
514 2461 706 2508 portant:
727 2456 917 2509 dumque
934 2470 981 2498 se

155 2525 180 2553 a
194 2511 334 2553 carnis
347 2511 597 2564 petulantia,
613 2517 657 2554 et
671 2525 697 2553 a
710 2515 982 2554 terrenarum

154 2580 300 2609 rerum
328 2567 507 2617 ambitu,
535 2573 666 2620 atque
694 2581 720 2609 a
747 2568 981 2610 visibilium

154 2624 382 2676 voluptate
402 2624 664 2674 custudiunt,
687 2624 741 2666 ab
761 2625 829 2666 his
850 2626 981 2667 etiam

155 2680 265 2722 alios
292 2680 570 2722 admonendo
602 2683 896 2734 compescunt.
924 2682 981 2724 Et

155 2741 255 2779 sunt
289 2736 501 2787 nonnulli,
540 2737 614 2790 qui
650 2738 773 2790 quasi
807 2737 979 2781 duebus

1031 311 1206 353 talentis
1242 310 1388 359 ditati,
1424 310 1693 352 intellectum
1729 315 1861 361 atque

1033 368 1335 420 operatienem
1370 367 1637 420 percipiunt,
1686 366 1861 408 subtilia

1033 424 1087 466 de
1106 423 1286 465 internis
1305 423 1564 474 intelligunt,
1592 423 1702 464 mira
1725 423 1770 463 in
1790 436 1859 464 ex-

1031 479 1265 522 terioribus
1295 482 1543 532 operantur.
1592 480 1788 531 Cumque
1818 485 1861 521 et

1031 536 1313 588 intelligendo
1333 541 1377 578 et
1396 535 1622 588 operando
1639 536 1733 577 aliis
1751 538 1860 588 pra'e-

1033 593 1198 643 dicant,
1240 593 1364 645 quasi
1398 592 1670 645 duplicatum
1702 593 1757 634 de
1788 606 1859 634 ne-

1031 651 1152 702 gotio
1180 650 1350 691 lucrum
1376 651 1614 701 repertant.

1089 716 1150 754 Te
1169 711 1314 752 Deum
1332 709 1573 752 laudamus.
1600 711 1658 751 13.

1296 791 1375 832 Ad
1401 791 1597 832 Laudes

1261 854 1306 880 et
1340 856 1429 888 per
1459 844 1637 878 Horas.

1090 904 1183 942 Ant.
1207 904 1233 941 1.
1264 902 1378 943 Ecce
1398 900 1606 942 sacerdos
1628 914 1822 951 magnus,
1838 901 1860 926 *

1035 960 1108 1012 qui
1135 960 1178 1000 in
1206 958 1361 1000 diebus
1387 958 1476 999 suis
1496 957 1662 1010 placuit
1680 958 1789 1006 Deo,
1819 962 1863 999 et

1034 1017 1235 1058 inventus
1256 1020 1324 1057 est
1344 1016 1491 1067 justus.

1088 1075 1240 1114 psalm.
1275 1071 1486 1113 Deminus
1519 1071 1728 1122 regnavit.
1764 1085 1858 1110 cum

1034 1132 1222 1182 reliquis.
1251 1130 1309 1169 14.

1086 1190 1120 1228 2.
1155 1188 1251 1228 Non
1272 1190 1337 1227 est
1357 1185 1557 1226 inventus
1576 1185 1599 1210 *
1621 1185 1772 1225 similis
1791 1184 1863 1233 illi,
1909 1228 1911 1230 ,

1036 1244 1109 1296 qui
1128 1244 1412 1284 conservaret
1430 1241 1572 1293 legem
1592 1241 1777 1282 Excelsi.

1086 1302 1120 1340 13.
1150 1298 1257 1340 Ideo
1279 1297 1556 1351 jurejurando
1576 1298 1599 1323 *
1618 1298 1721 1339 fecit
1743 1298 1865 1339 illum

1033 1356 1248 1398 Deminus
1267 1357 1465 1396 crescere
1479 1355 1523 1394 in
1538 1353 1714 1406 plebem
1729 1368 1863 1396 suam.

1086 1416 1121 1453 4.
1155 1411 1417 1453 Sacerdetes
1446 1411 1529 1452 Dei
1560 1411 1583 1435 *
1616 1410 1864 1453 benedicite

1033 1469 1285 1511 Deminum:
1314 1468 1429 1509 servi
1453 1467 1631 1508 Domini
1655 1467 1864 1519 hymnum

1035 1526 1165 1568 dicite
1177 1525 1293 1574 Deo,
1322 1523 1505 1575 alleluia.

1086 1586 1122 1623 5.
1152 1584 1285 1623 Serve
1308 1580 1426 1622 bone
1447 1581 1470 1606 *
1495 1586 1538 1622 et
1559 1579 1717 1630 fidelis,
1750 1580 1863 1622 intra

1033 1639 1077 1679 in
1096 1637 1305 1691 gaudium
1322 1637 1500 1678 Demini
1520 1637 1595 1677 tui.

1087 1712 1346 1765 Capitulum.
1556 1712 1687 1751 Eccli.
1698 1713 1763 1751 44.
1777 1726 1808 1752 c.

1114 1790 1191 1819 cce
1224 1776 1433 1818 sacerdos
1466 1788 1666 1827 magnus,
1709 1775 1783 1827 qui
1817 1776 1862 1816 in

1140 1833 1294 1876 diebus
1331 1833 1421 1874 suis
1458 1832 1624 1885 placuit
1660 1832 1775 1881 Deo,
1818 1837 1862 1873 et

1032 1891 1233 1932 inventus
1253 1895 1320 1931 est
1338 1891 1492 1942 justus:
1527 1894 1570 1930 et
1594 1889 1637 1929 in
1660 1890 1861 1940 tempore

1032 1946 1270 1988 iracundiae
1298 1946 1438 1988 factus
1464 1950 1532 1987 est
1554 1944 1862 1987 reconciliatio.

1345 2029 1554 2079 Hymnus.

1157 2106 1236 2135 esu
1252 2093 1527 2146 Redemptor
1548 2093 1750 2143 emnium,

1180 2151 1346 2202 Perpes
1367 2152 1531 2191 corena
1548 2149 1804 2200 Praemium,

1136 2208 1188 2247 In
1206 2206 1289 2247 hac
1309 2205 1380 2248 die
1399 2206 1654 2248 clementius

1136 2263 1372 2314 Indulgeas
1391 2262 1685 2315 precantibus.

1092 2332 1174 2373 Tui
1193 2332 1305 2373 sacri
1326 2345 1412 2384 qua
1429 2332 1616 2373 neminis
1631 2353 1640 2361 ‘

1139 2388 1374 2430 Confessor
1392 2388 1531 2430 almus
1552 2388 1707 2430 claruit

1137 2445 1276 2497 Hujus
1296 2444 1490 2487 celebrat
1509 2447 1651 2486 annua

1138 2502 1311 2543 Deveta
1330 2501 1457 2554 plebs
1477 2501 1698 2551 solemnia,

1087 2571 1172 2621 Qui
1190 2571 1273 2613 rite
1292 2570 1443 2613 mundi
1463 2570 1623 2623 gaudia

1138 2628 1279 2679 Hujus
1299 2627 1465 2669 caduca
1484 2629 1707 2680 respuens,

1136 2684 1414 2725 AEternitatis
1432 2684 1617 2736 praemio

1135 2740 1308 2782 Potitur
1326 2740 1438 2782 inter
1456 2739 1663 2790 Angelos.
