2040 2976
487 186 559 220 Die
586 186 636 219 19.
662 185 763 227 Maji.
811 184 846 218 S.
871 182 975 217 Petri
1001 180 1203 215 Coelcstini
1228 180 1347 223 Papa:
1373 185 1408 214 et
1434 181 1541 215 Conf.

155 277 252 318 haec
282 277 495 329 justerum
527 277 785 330 simplicitas
817 275 985 317 deride-

156 338 242 375 tur:
270 333 371 385 quia
391 333 446 374 ab
466 332 591 385 hujus
610 332 762 374 mundi
781 331 984 385 sapienti-

156 388 238 431 bus
261 382 466 441 puritatis
486 389 624 430 virtus
648 389 825 431 fatuitas
850 387 986 429 credi-

155 451 245 498 tur,
275 445 416 487 Omne
443 445 558 486 enim
586 445 707 498 quod
730 445 986 486 innocenter

156 501 309 552 agitur,
329 501 384 542 ab
405 501 467 543 eis
483 501 638 554 procul
654 501 788 542 dubio
804 500 986 542 stultum

155 559 350 610 putatur:
378 563 422 599 et
447 557 662 610 quidquid
686 557 731 598 in
757 559 891 609 epere
915 558 984 598 ve-

155 613 260 655 ritas
294 614 530 666 approbat,
563 613 727 656 carnali
756 612 984 666 sapientiae

154 670 323 711 fatuum
349 675 488 712 sonat.
525 669 640 721 Quid
666 682 855 721 namque
881 669 984 711 stul-

154 726 241 767 tius
260 725 435 768 videtur
452 726 617 768 mundo
642 739 774 779 quam
792 731 983 767 mentem

155 782 301 824 verbis
317 782 560 833 ostendere,
575 782 635 824 nil
651 782 810 824 callida
823 783 981 824 machi-

154 838 331 880 natiene
367 839 589 889 simulare,
633 839 775 880 nullas
819 839 985 891 injuriis

155 895 441 937 contumelias
465 895 671 946 reddere,
698 908 781 947 pro
807 895 984 937 maledi-

155 950 355 993 centibus
376 953 518 1002 orare,
541 954 849 1005 paupertatem
870 954 984 1004 quae-

154 1019 268 1058 rere,
287 1010 496 1060 possessa
514 1008 778 1061 relinquere,
797 1008 985 1061 rapienti

154 1075 242 1104 non
267 1065 488 1114 resistere,
511 1064 775 1118 percutienti
802 1064 985 1106 alteram

153 1120 375 1162 maxillam
393 1121 617 1173 praebere?

209 1184 259 1235 R.
282 1181 372 1223 Iste
391 1187 459 1224 est
478 1183 562 1234 qui.
583 1182 667 1235 [54]

381 1266 432 1306 In
450 1267 522 1306 ΙΙΙ.
541 1266 765 1306 Nocturno.

159 1334 309 1375 Lectio
331 1334 470 1375 sancti
489 1334 717 1385 Evangelii
742 1333 985 1375 secundum

433 1390 704 1432 Matthaeum.

260 1463 412 1506 Lectio
432 1464 502 1505 vii.
650 1465 754 1516 Cap.
770 1465 828 1505 19.
845 1463 883 1505 d.

200 1541 230 1568 n
254 1527 329 1569 ino
355 1529 572 1581 tempore:
599 1529 723 1571 Dixit
746 1530 903 1571 Petrus
928 1529 986 1571 ad

219 1584 383 1626 Jesum:
411 1584 527 1626 Ecce
553 1598 635 1627 nos
660 1585 915 1638 reliquimus
941 1588 984 1627 e-

152 1640 286 1690 mnia,
314 1645 358 1682 et
381 1641 518 1683 secuti
544 1654 694 1683 sumus
714 1647 773 1683 te:
796 1641 902 1694 quid
921 1655 983 1684 er-

152 1709 209 1748 go
230 1696 312 1738 erit
330 1695 482 1738 nobis?
510 1698 567 1739 Et
584 1697 763 1750 reliqua.

251 1779 438 1821 Homilia
465 1779 729 1822 venerabilis
755 1780 893 1822 Bedae

436 1836 702 1889 Presbyteri.

279 1905 391 1940 Hom.
409 1905 448 1939 in
465 1906 586 1940 natali
603 1905 638 1940 S.
655 1905 867 1939 Benedicti.

162 1965 456 2018 erfectus
488 1965 561 2008 ille
594 1971 677 2016 est,
720 1967 795 2019 qui
832 1967 985 2008 abiens

162 2040 168 2047 1
197 2020 215 2076 J„
246 2038 262 2075 ς]
285 2021 436 2063 vendit
460 2023 605 2063 emnia
632 2035 733 2075 quae
758 2022 908 2072 habet,
942 2028 986 2065 et

287 2077 363 2119 dat
398 2078 685 2131 pauperibus,
722 2092 774 2120 ac
805 2079 986 2120 veniens

155 2133 352 2185 sequitur
385 2133 621 2176 Christum:
658 2134 839 2177 habebit
871 2135 986 2176 enim

154 2189 410 2231 thesaurum
431 2203 520 2232 non
540 2190 817 2233 deficientem
837 2191 881 2232 in
900 2204 985 2233 coe-

154 2245 219 2286 lis.
247 2245 375 2287 Unde
394 2245 507 2288 bene
525 2247 826 2299 interrogante
839 2248 986 2297 Petro,

158 2302 268 2344 dixit
285 2302 448 2344 talibus
468 2303 493 2343 J
495 2315 611 2344 esus:
629 2303 773 2345 Amen
793 2303 893 2345 dico
912 2317 986 2345 vo-

155 2358 239 2408 bis,
269 2357 390 2411 quod
408 2371 490 2400 vos
516 2360 590 2411 qui
614 2361 755 2402 secuti
780 2360 886 2402 estis
905 2372 986 2408 me,

155 2415 199 2455 in
226 2414 575 2465 regeneratiene,
603 2428 704 2457 cum
730 2415 894 2457 sederit
919 2416 987 2456 Fi-

157 2470 240 2512 lius
283 2470 471 2512 heminis
513 2471 557 2511 in
598 2471 703 2513 sede
747 2471 987 2523 majestatis

158 2539 268 2577 suae,
297 2526 508 2568 sedebitis
532 2532 576 2568 et
594 2540 676 2569 vos
701 2540 835 2580 super
858 2526 987 2569 sedes

157 2582 407 2633 duedecim,
461 2582 702 2633 judicantes
752 2583 988 2625 duedecim

155 2638 297 2680 tribus
322 2638 470 2679 Israel.
511 2639 563 2679 In
591 2639 674 2680 hac
703 2639 868 2692 quippe
896 2639 987 2680 vita

156 2707 239 2746 pro
261 2695 351 2746 ejus
367 2695 543 2736 nemine
557 2694 822 2746 laborantes,
841 2696 885 2735 in
902 2695 988 2737 alia

311 2833 375 2858 Pars
390 2823 500 2858 AEstiva.

1797 179 1869 216 301

1039 275 1272 327 praemium
1301 276 1480 327 sperare
1509 274 1675 317 decuit:
1713 275 1759 316 id
1787 279 1870 323 est,

1038 331 1082 371 in
1106 331 1453 381 regeneratiene;
1480 344 1580 372 cum
1599 331 1804 373 videlicet
1826 331 1870 371 in

1039 387 1174 428 vitam
1192 386 1486 428 immortalem
1506 387 1714 428 fuerimus
1729 399 1869 429 resur-

1037 442 1182 494 gendo
1202 444 1464 494 regenerati,
1491 444 1565 496 qui
1584 444 1628 484 in
1647 444 1783 485 vitam
1803 456 1870 485 ca-

1039 499 1198 541 ducam
1215 499 1461 541 mortaliter
1480 502 1655 541 eramus
1674 500 1820 550 geniti.

1095 561 1147 612 R.
1168 556 1348 597 Amavit
1367 569 1466 598 eum
1485 556 1718 606 Dominus,
1742 561 1786 598 et
1804 568 1869 597 or-

1038 612 1160 653 navit
1193 625 1307 654 eum:
1347 612 1508 654 stolam
1544 613 1697 664 gleriae
1730 612 1871 654 induit

1039 682 1149 719 eum,
1177 673 1200 698 *
1225 669 1283 711 Et
1311 669 1367 711 ad
1394 674 1547 721 portas
1575 668 1770 722 paradisi
1799 681 1870 710 co-

1038 725 1212 766 ronavit
1246 738 1357 767 eum.
1400 723 1450 776 V.
1478 725 1627 767 Induit
1655 738 1754 766 eum
1782 725 1870 766 De-

1037 782 1180 823 minus
1225 782 1408 823 loricam
1452 782 1558 823 fidei
1602 787 1645 823 et
1697 781 1871 823 ornavit

1039 851 1150 879 eum.
1178 839 1245 880 Et.

1331 898 1484 939 Lectio
1507 896 1591 937 viii.

1153 952 1266 1003 justa
1279 964 1461 1004 prorsus
1476 951 1720 1001 retributio,
1735 955 1782 992 ut
1799 950 1872 1002 qui

1135 1007 1206 1048 hic
1234 1020 1316 1060 pro
1347 1007 1522 1050 Christo
1550 1007 1753 1049 humanae
1781 1007 1871 1058 gle-

1039 1064 1149 1105 riam
1170 1064 1443 1106 celsitudinis
1461 1064 1764 1116 neglexerunt,
1784 1064 1873 1104 illic

1038 1133 1064 1161 a
1086 1120 1261 1162 Christo
1287 1121 1453 1173 judices
1477 1120 1710 1172 glorificati
1730 1120 1871 1170 singu-

1037 1177 1188 1218 lariter
1208 1189 1307 1218 cum
1329 1190 1382 1219 eo
1404 1176 1641 1227 assideant,
1670 1177 1744 1229 qui
1763 1189 1787 1217 a
1807 1189 1871 1218 se-

1040 1233 1225 1286 quendis
1245 1234 1335 1286 ejus
1350 1234 1546 1285 vestigiis
1570 1234 1688 1274 nulla
1703 1233 1872 1274 ratiene

1038 1292 1245 1342 poterant
1270 1290 1410 1331 avelli.
1451 1290 1593 1332 Nemo
1622 1294 1768 1331 autem
1794 1302 1871 1342 pu-

1038 1351 1118 1395 tet,
1154 1346 1390 1388 duedecim
1417 1352 1587 1389 tantum
1615 1345 1871 1399 Apestolos,

1039 1403 1141 1454 quia
1172 1415 1254 1455 pro
1283 1403 1398 1445 Juda
1430 1403 1750 1456 praevaricante
1782 1402 1871 1442 Ma·

1038 1458 1153 1500 thias
1174 1459 1340 1501 electus
1360 1464 1443 1510 est,
1467 1465 1573 1502 tunc
1595 1471 1692 1501 esse
1711 1458 1871 1511 judica-

1037 1518 1178 1557 turos:
1219 1516 1331 1557 sicut
1368 1529 1450 1558 nec
1490 1515 1724 1557 duedecim
1762 1514 1870 1556 solae

1038 1576 1139 1613 sunt
1157 1571 1299 1613 tribus
1318 1573 1456 1613 Israel
1480 1572 1742 1624 judicandae:
1769 1571 1870 1612 alie-

1039 1628 1142 1680 quin
1166 1628 1305 1670 tribus
1324 1629 1450 1679 Levi,
1481 1642 1581 1682 quae
1603 1629 1735 1671 tertia
1758 1627 1871 1669 deei-

1037 1697 1109 1725 ma
1129 1690 1206 1734 est,
1226 1685 1462 1736 injudicata
1481 1685 1671 1727 recedet.

1095 1743 1147 1794 R.
1159 1742 1254 1783 Sint
1269 1742 1406 1783 lumbi
1421 1743 1557 1784 vestri
1571 1741 1809 1795 praecincti,
1828 1746 1872 1782 et

1037 1797 1229 1838 lucernae
1257 1798 1463 1840 ardentes
1498 1799 1542 1839 in
1570 1797 1773 1839 manibus
1801 1810 1871 1838 ve-

1038 1854 1155 1894 stris:
1171 1854 1256 1895 *Et
1270 1867 1351 1895 vos
1363 1855 1526 1896 similes
1537 1854 1787 1896 hominibus
1802 1866 1870 1894 ex-

1038 1910 1343 1962 spectantibus
1355 1911 1581 1952 deminum
1592 1924 1730 1960 suum,
1748 1923 1874 1962 quan-

1038 1966 1096 2007 do
1114 1969 1360 2008 revertatur
1377 1980 1402 2008 a
1417 1968 1593 2020 nuptiis.
1618 1961 1668 2013 V.
1679 1966 1871 2016 Vigilate

1039 2035 1157 2074 ergo,
1178 2023 1279 2075 quia
1299 2024 1477 2065 nescitis
1494 2037 1581 2076 qua
1599 2024 1707 2064 hora
1722 2022 1871 2063 Demi-

1037 2092 1119 2120 nus
1138 2084 1285 2120 vester
1303 2083 1513 2121 venturus
1531 2081 1597 2122 sit.
1625 2081 1692 2121 Et.
1725 2078 1872 2119 Gleria

1037 2135 1169 2176 Patri.
1200 2135 1268 2176 Et.

1252 2194 1327 2228 Pro
1353 2193 1388 2228 S.
1412 2194 1667 2228 Pudentiana.

1347 2246 1499 2289 Lectio
1520 2247 1575 2287 ix.

1047 2314 1104 2396 ῘΓ)
1128 2303 1363 2345 udentiana
1382 2303 1524 2354 virgo,
1552 2303 1764 2345 Pudentis
1784 2304 1870 2343 Ro-

1066 2358 1113 2395 1va
1141 2359 1259 2400 mani
1286 2359 1390 2408 filia,
1419 2359 1676 2412 parentibus
1705 2359 1870 2408 orbata,

1040 2428 1140 2457 cum
1180 2415 1426 2457 admirabili
1467 2416 1635 2469 pietate
1676 2414 1870 2456 christia-

1038 2484 1140 2513 nam
1165 2471 1423 2523 religienem
1449 2472 1634 2521 celeret,'
1660 2484 1745 2512 una
1771 2483 1870 2511 cum

1040 2530 1194 2569 sorere
1212 2527 1414 2570 Praxede
1437 2527 1669 2581 pecuniam
1693 2540 1747 2568 ex
1770 2528 1870 2567 ven-

1040 2583 1132 2625 dito
1160 2584 1427 2636 patrimenio
1456 2584 1681 2625 redactam
1708 2582 1869 2634 paupe-

1039 2639 1161 2681 ribus
1190 2639 1428 2690 distribuit,
1462 2652 1598 2692 seque
1629 2637 1793 2690 jejuniis
1827 2640 1871 2678 et

1040 2695 1313 2737 oratienibus
1359 2695 1494 2737 dedit.
1559 2695 1688 2747 Cujus
1739 2693 1870 2734 etiam

1595 2820 1662 2855 20*
