2040 2976
768 225 977 259 Commune
1004 223 1115 257 unius
1142 221 1331 265 Martyris.

203 323 335 363 vitam
354 321 515 369 mundi,
544 326 588 362 et
606 320 804 373 pervenit
823 318 879 359 ad
899 317 1026 359 coele-

202 379 285 419 stia
304 391 447 428 regna.
475 377 713 419 Fundatus.

253 435 412 477 Bened.
444 435 699 485 Unigenitus
718 434 801 474 Dei
820 432 967 473 Filius.

507 491 658 531 Lectio
679 489 717 529 ii.

282 556 299 592 t
323 563 436 591 nunc
461 561 564 591 ecce
589 560 670 598 ego
697 547 788 588 scio
817 547 917 598 quia
942 548 1026 587 am-

294 607 407 659 plius
432 619 518 647 non
538 604 742 646 videbitis
767 603 921 644 faciem
941 615 1028 643 me-

201 677 270 704 am
299 676 378 704 vos
407 675 577 710 omnes,
607 674 686 714 per
713 673 824 712 quos
847 658 1027 700 transivi

201 719 446 772 praedicans
480 731 661 769 regnum
692 717 786 757 Dei.
832 716 1027 767 Quapre-

200 782 299 829 pter
331 778 558 817 contestor
586 787 666 815 vos
699 773 910 814 hodierna
945 771 1027 820 die,

202 833 304 884 quia
335 831 524 873 mundus
558 844 653 871 sum
686 843 710 870 a
743 828 952 878 sanguine
984 829 1028 868 ό-

201 890 375 930 mnium.
407 889 509 929 Non
529 887 642 928 enim
663 884 903 935 subterffigi
925 885 1028 936 quo-

201 946 343 986 minus
380 944 679 986 annuntiarem
719 955 847 983 omne
890 943 1028 982 consi-

201 1002 306 1043 lium
335 1002 418 1043 Dei
450 1000 587 1042 vobis.
632 998 859 1040 Attendite
891 997 1029 1045 vobis,

202 1064 246 1100 et
265 1059 468 1099 universo
493 1056 623 1107 gregi,
651 1057 806 1107 inquo
831 1067 912 1096 vos
937 1054 1028 1106 Spi-

202 1115 309 1156 ritus
334 1119 510 1155 sanctus
535 1113 683 1165 pesuit
708 1114 941 1164 episcopos
965 1112 1028 1152 re-

201 1184 304 1221 gere
332 1170 573 1211 Ecclesiam
598 1169 696 1217 Dei,
726 1181 857 1220 quam
885 1167 1028 1219 acqui-

202 1227 303 1268 sivit
327 1227 535 1277 sanguine
560 1239 651 1267 suo.
688 1226 782 1275 Ego
808 1224 898 1265 scio
925 1226 1028 1276 que-

201 1286 316 1324 niam
339 1283 562 1324 intrabunt
586 1286 689 1335 post
714 1281 1027 1322 discessienem

200 1353 342 1381 meam
356 1339 447 1392 lupi
464 1341 646 1392 rapaces
661 1339 703 1378 in
719 1350 810 1387 vos,
830 1350 917 1378 non
932 1349 1028 1389 par-

202 1398 350 1437 centes
370 1396 502 1447 gregi.
537 1396 593 1436 Et
613 1408 667 1436 ex
687 1394 812 1435 vobis
832 1394 938 1446 ipsis
959 1406 1028 1435 ex-

201 1456 380 1503 surgent
395 1452 474 1492 viri
494 1452 724 1503 loquentes
743 1452 963 1503 perversa,
982 1455 1030 1491 ut

201 1508 422 1550 abducant
442 1508 682 1560 discipulos
705 1512 808 1560 post
832 1520 890 1549 se.
925 1507 1029 1547 Pro-

200 1570 299 1618 pter
334 1564 452 1617 quod
484 1564 661 1615 vigilate
689 1564 900 1605 memeria
931 1563 1029 1605 reti-

201 1623 368 1663 nentes:
389 1621 594 1672 queniam
609 1634 689 1673 per
703 1620 935 1662 triennium
955 1632 1029 1661 no-

202 1683 272 1718 cte
297 1682 341 1718 et
365 1677 435 1718 die
460 1690 547 1718 non
572 1677 756 1725 cessavi,
785 1689 883 1717 cum
907 1676 1030 1717 lacri-

203 1734 284 1774 mis
329 1746 511 1775 monens
562 1735 915 1784 unumquemque
960 1746 1029 1774 ve-

205 1794 352 1831 strum.

256 1845 306 1898 Rz.
336 1846 487 1887 Justus
515 1845 777 1896 germinabit
809 1846 921 1887 sicut
953 1845 1030 1886 lili-

203 1916 289 1943 um:
314 1902 337 1926 ²⁸¹
360 1903 417 1944 Et
437 1902 611 1944 florebit
634 1903 677 1943 in
698 1905 910 1944 aeternum
930 1907 1030 1944 ante

203 1959 449 1999 Deminum.
484 1953 534 2005 V.
567 1959 796 2001 Plantatus
823 1959 867 1999 in
896 1958 1029 2000 domo

202 2015 393 2064 Demini‚
429 2016 472 2056 in
501 2016 621 2057 atriis
651 2015 808 2057 domus
840 2016 923 2057 Dei
954 2028 1030 2057 no-

204 2071 293 2112 stri.
321 2072 387 2112 Et.

259 2125 417 2166 Bened.
446 2126 631 2180 Spiritus
652 2129 790 2171 sancti
810 2128 960 2179 gratia.

500 2182 650 2223 Lectio
672 2183 723 2223 iii.

286 2244 304 2281 t
327 2252 440 2281 nunc
464 2242 722 2284 commendo
747 2255 827 2283 vos
851 2243 960 2291 Deo,
989 2247 1032 2284 et

315 2294 450 2337 verbo
479 2298 630 2345 gratiae
658 2299 809 2351 ipsius,
854 2299 928 2350 qui
954 2311 1030 2351 po-

204 2355 301 2392 tens
329 2356 397 2392 est
421 2351 655 2403 aedificare,
692 2360 736 2396 et
763 2354 868 2397 dare
895 2355 1030 2397 haere-

207 2406 390 2448 ditatem
426 2407 469 2448 in
502 2410 781 2453 sanctificatis
819 2411 1031 2453 omnibus.

205 2462 448 2513 Argentum
477 2469 521 2505 et
548 2477 716 2515 aurum,
761 2472 835 2508 aut
862 2472 1031 2509 vestem

205 2518 363 2560 nullius
383 2521 628 2572 concupivi,
662 2522 774 2564 sicut
793 2523 876 2575 ipsi
895 2524 1032 2565 scitis:

207 2576 411 2627 queniam
448 2575 504 2617 ad
542 2589 607 2627 ea,
649 2590 748 2630 quae
782 2579 887 2619 mihi
920 2592 1032 2632 opus

206 2637 344 2681 erant,
373 2637 417 2673 et
440 2632 507 2673 his
528 2633 601 2684 qui
619 2647 790 2675 mecum
815 2640 929 2683 sunt,
957 2636 1031 2676 mi-

204 2688 499 2729 nistraverunt
533 2702 686 2731 manus
719 2690 825 2731 istae.
877 2691 1032 2732 Omnia

206 2744 377 2787 ostendi
406 2745 550 2795 vobis,
588 2746 793 2799 queniam
822 2747 885 2789 sic
913 2747 1030 2790 labo-

1081 317 1238 363 rantes,
1262 315 1439 366 opertet
1458 314 1682 365 suscipere
1701 311 1909 360 infirmos,

1083 384 1132 412 ac
1162 370 1410 412 meminisse
1438 368 1561 410 verbi
1588 368 1766 410 Domini
1793 368 1817 409 J
1821 381 1909 417 esu,

1082 427 1287 479 quoniam
1324 427 1419 479 ipse
1457 425 1580 467 dixit:
1626 425 1805 466 Beatius
1842 429 1910 466 est

1081 484 1218 535 magis
1255 483 1380 532 dare,
1425 495 1556 534 quam
1592 483 1804 534 accipere.
1854 481 1911 523 Et

1082 554 1179 582 cum
1198 540 1294 581 haec
1314 539 1511 587 dixisset,
1546 537 1704 591 pesitis
1727 537 1911 588 genibus

1084 598 1172 638 suis
1193 596 1335 637 oravit
1355 609 1454 637 cum
1475 594 1676 636 Omnibus
1694 593 1790 634 illis.
1822 593 1910 635 Ma-

1082 667 1192 705 gnus
1212 658 1357 694 autem
1379 652 1507 693 fletus
1529 651 1670 693 factus
1691 655 1758 692 est
1777 651 1910 691 omni-

1082 724 1169 751 um:
1190 715 1232 751 et
1247 708 1588 762 procumbentes
1603 720 1736 760 super
1751 707 1911 748 collum

1081 767 1214 816 Pauli,
1243 765 1556 807 osculabantur
1576 778 1686 813 eum,
1711 763 1912 806 dolentes

1082 824 1269 864 maxime
1301 824 1345 863 in
1378 822 1534 870 verbo,
1579 821 1697 873 quod
1730 820 1912 870 dixerat,

1085 881 1289 932 quoniam
1314 879 1502 932 amplius
1527 879 1683 920 faciem
1709 878 1799 930 ejus
1823 889 1911 919 non

1083 942 1229 978 essent
1253 937 1398 978 visuri.
1432 937 1487 977 Et
1512 934 1789 976 deducebant
1813 947 1912 976 eum

1083 993 1141 1035 ad
1157 1007 1324 1035 navem.

1134 1061 1185 1113 R.
1211 1060 1302 1100 Iste
1323 1057 1531 1109 cognevit
1550 1056 1770 1108 justitiam,
1791 1059 1835 1096 et
1853 1055 1912 1096 vi-

1083 1115 1147 1157 dit
1178 1115 1393 1157 mirabilia
1425 1126 1598 1164 magna,
1637 1118 1680 1154 et
1713 1111 1914 1153 exoravit

1086 1172 1372 1214 Altissimum:
1398 1173 1421 1196 *
1450 1171 1507 1212 Et
1538 1170 1740 1211 inventus
1771 1174 1837 1210 est
1869 1169 1913 1209 in

1083 1232 1266 1270 numero
1287 1230 1550 1269 sancterum.
1576 1222 1626 1274 V.
1646 1226 1738 1267 Iste
1757 1230 1825 1267 est
1840 1225 1914 1277 qui

1084 1285 1346 1338 contempsit
1374 1285 1508 1326 vitam
1539 1282 1705 1332 mundi,
1744 1286 1788 1324 et
1818 1294 1914 1335 per-

1084 1343 1202 1383 venit
1220 1341 1276 1383 ad
1292 1341 1490 1383 coelestia
1509 1352 1654 1392 regna.
1673 1339 1739 1380 Et.
1760 1338 1914 1381 Gloria

1082 1399 1212 1440 Patri.
1240 1399 1307 1440 Et.

1309 1469 1358 1509 In
1385 1469 1435 1509 11.
1463 1468 1688 1509 Nocturno.

1138 1540 1239 1580 Ant.
1254 1537 1351 1579 Filii
1366 1538 1591 1580 heminum
1601 1539 1625 1564 *
1637 1538 1796 1580 scitete
1813 1538 1915 1590 quia

1083 1594 1177 1635 Dfis
1198 1600 1398 1637 s'anctum
1419 1609 1546 1636 suum
1565 1595 1826 1636 mirificavit.

1371 1665 1571 1706 Psalmus
1590 1666 1628 1705 4.

1088 1730 1275 1790 VJ*
1306 1726 1559 1768 invocarem
1590 1725 1814 1767 exaudivit
1845 1738 1915 1767 me

1090 1817 1091 1821 ,
1118 1782 1196 1827 (ς’«ιςῖω
1219 1783 1340 1824 Deus
1364 1784 1541 1835 justitiae
1565 1795 1693 1828 meae:
1721 1784 1745 1810 *
1771 1784 1816 1824 in
1843 1783 1915 1825 tri-

1092 1831 1116 1852 ce
1130 1824 1189 1843 V

1116 1843 1196 1863 ἕ
1219 1839 1442 1882 bulati6ne
1462 1841 1655 1884 dilatasti
1674 1841 1790 1882 mihi.

1134 1897 1343 1939 Miserere
1362 1898 1458 1950 mei,
1474 1899 1497 1924 *
1517 1904 1561 1941 et
1581 1897 1740 1941 exaudi
1756 1898 1915 1940 oratio-

1084 1967 1184 1995 nem
1203 1966 1357 1995 meam.

1136 2010 1233 2051 Filii
1266 2010 1493 2052 heminum
1524 2015 1756 2065 usquequo
1795 2011 1917 2063 gravi

1085 2065 1241 2109 corde?
1270 2068 1293 2093 *
1322 2072 1370 2109 ut
1403 2068 1509 2120 quid
1542 2068 1720 2120 diligitis
1752 2068 1916 2110 vanita-

1084 2129 1184 2173 tem,
1213 2129 1257 2166 et
1277 2125 1472 2176 quaeritis
1491 2123 1793 2167 mendacium?

1135 2181 1191 2222 Et
1228 2181 1385 2222 scit6te
1423 2182 1630 2234 queniam
1669 2181 1917 2223 mirificavit

1084 2238 1299 2278 Deminus
1323 2243 1523 2280 sanctum
1547 2252 1689 2280 suum:
1715 2239 1739 2264 *
1765 2237 1916 2280 Demi-

1084 2307 1166 2335 nus
1199 2294 1406 2336 exaudiet
1438 2308 1508 2337 me
1537 2309 1637 2337 cum
1665 2295 1914 2337 clamavero

1085 2350 1142 2392 ad
1162 2364 1272 2393 eum.

1136 2408 1395 2458 Irascimini,
1429 2413 1473 2450 et
1500 2409 1636 2451 nolite
1662 2410 1864 2462 peccare:
1892 2409 1916 2435 *

1087 2478 1185 2517 quae
1210 2464 1354 2506 dicitis
1378 2465 1420 2506 in
1446 2465 1654 2507 cordibus
1676 2465 1846 2514 vestris,
1873 2465 1917 2505 in

1085 2521 1301 2562 cubilibus
1320 2522 1479 2563 vestris
1504 2521 1856 2575 compungimini.

1137 2578 1389 2620 Sacrificate
1429 2579 1692 2620 sacrificium
1728 2577 1916 2630 justitiae,

1087 2639 1131 2676 et
1158 2637 1334 2686 sperate
1362 2636 1405 2675 in
1433 2636 1635 2677 Demino.
1654 2636 1678 2661 *
1701 2634 1829 2676 Multi
1856 2633 1916 2676 di-

1087 2696 1202 2732 cunt:
1232 2692 1338 2742 Quis
1357 2692 1551 2734 ostendit
1570 2691 1698 2733 nobis
1717 2689 1857 2732 bona?

1138 2748 1365 2798 Signatum
1393 2754 1460 2791 est
1492 2761 1624 2801 super
1656 2759 1738 2789 nos
1770 2747 1916 2788 lumen
