2040 2976
447 250 519 284 Die
540 250 592 284 27.
618 251 715 293 Aug.

188 353 250 394 Te
270 353 441 405 Sponse
460 352 482 393 J
487 364 565 393 esu
583 351 825 402 Virginum,

234 409 362 451 Beati
381 408 568 450 adorent
588 407 775 458 ordineS,

233 465 291 507 Et
308 465 495 518 nuptiali
514 464 684 506 cantico

233 520 437 563 Laudent
454 534 534 573 per
554 533 684 562 omne
704 521 923 562 saeculum.

442 579 596 619 Amen.

182 646 233 681 vIn
256 646 283 680 Ι.
307 645 507 680 Noeturno
532 645 737 679 Lectiones
760 646 816 680 De
837 645 962 688 Virgi-

131 697 257 733 nibus,
291 693 338 727 de
364 693 568 728 Communi
590 693 695 735 Virg.
722 694 749 727 1.
774 694 871 728 loco.
890 692 962 736 [87]

372 758 421 796 In
441 759 490 797 ΙΙ.
512 759 735 797 Nocturno.

174 821 234 855 Ex
248 821 355 856 bulla
373 822 597 857 Canonizat.
616 827 652 857 et
673 834 719 857 ex
741 824 822 863 eius
840 823 931 857 vita.

472 871 565 915 Cap.
583 872 637 905 29.

441 926 594 967 Lectio
615 927 668 967 iv.

144 1004 181 1049 μὴ
206 1006 243 1044 ὡς
254 995 350 1033 nter
369 992 540 1032 ceteras
554 987 749 1030 Teresiae
768 987 964 1037 virtutes,

144 1050 178 1103 ἡ·
212 1047 244 1103 *ἐς
270 1048 497 1100 praecipue
556 1044 732 1087 emicuit
786 1042 963 1085 dileetio

148 1113 164 1123 Ἀ
270 1104 369 1154 Dei,
398 1115 498 1156 quae
517 1101 631 1144 adeo
654 1101 698 1142 in
718 1100 853 1142 eorde
874 1101 964 1152 ejus

134 1161 313 1210 exarsit,
331 1165 379 1202 ut
399 1158 658 1202 confessarii
676 1158 815 1210 ipsius
834 1156 964 1198 Tere-

134 1218 211 1259 siae
248 1223 475 1270 tamquam
511 1228 601 1257 non
639 1213 846 1262 heminis,
886 1213 965 1254 sed

136 1274 373 1316 Cherubim
395 1272 623 1326 propriam
646 1270 964 1312 admirarentur

135 1336 179 1373 et
209 1331 493 1373 celebrarent.
548 1329 690 1379 Quam
719 1327 850 1368 etiam
877 1327 965 1367 Do-

133 1388 277 1430 minus
303 1392 456 1429 noster
478 1386 607 1428 Jesus
634 1384 834 1426 Christus
858 1383 964 1424 mul-

134 1445 190 1486 tis
205 1444 450 1486 visic'mibus
470 1447 514 1485 et
532 1440 876 1484 revelationibus
890 1440 964 1480 mi-

133 1501 329 1544 rabiliter
367 1501 504 1542 auxit:
546 1497 813 1551 quandoque
852 1497 966 1537 enim

135 1557 240 1600 data
260 1556 444 1599 dextera
463 1556 679 1608 elav6que
701 1555 899 1603 extenso,
917 1552 964 1593 il-

134 1614 223 1656 lam
249 1614 294 1655 in
323 1626 533 1667 sponsam
561 1624 685 1653 suam
718 1610 965 1662 adoptavit:

135 1676 269 1723 atque
295 1670 365 1712 his
392 1670 540 1712 verbis
567 1667 733 1720 alloqui
761 1666 966 1717 dignatus

135 1733 216 1770 est:
242 1728 465 1780 Deinceps
490 1731 539 1768 ut
561 1737 666 1767 vera
691 1735 855 1776 sponsa
879 1734 966 1763 me-

133 1798 208 1826 um
227 1783 391 1826 zelabis
410 1784 640 1825 honorem:
659 1782 744 1833 iam
759 1779 854 1832 ipse
870 1791 966 1819 sum

134 1845 255 1883 totus
273 1845 387 1891 tuuS,
408 1844 452 1882 et
469 1844 519 1881 tu
539 1844 636 1880 tota
652 1849 762 1878 mea.

190 1902 440 1954 EnPropter
453 1900 697 1948 veritatem,
712 1902 756 1939 et
770 1908 966 1937 mansue-

134 1958 342 2008 tudinem,
362 1963 406 2000 et
419 1957 638 2011 justitiam,
659 1958 684 1984 *
700 1955 758 1995 Et
778 1951 967 1994 deducet

134 2020 179 2057 te
196 2015 454 2057 mirabiliter
473 2014 656 2056 dextera
672 2016 759 2053 tua.
795 2008 847 2060 V.
861 2008 965 2060 Spe-

135 2072 202 2113 cie
219 2077 305 2123 tua,
329 2076 372 2114 et
389 2068 718 2125 pulchritudine
736 2071 812 2108 tua
829 2065 964 2105 inten-

135 2128 202 2178 de,
216 2131 431 2181 prospere
445 2126 652 2181 procede,
669 2129 713 2166 et
727 2134 871 2173 regna.
898 2120 966 2161 Et.

450 2190 603 2231 Lectio
624 2203 662 2230 v.

140 2243 424 2350 Hiquando
453 2252 585 2294 etiam
611 2248 830 2300 Angelum
857 2245 966 2286 vidit

251 2311 388 2362 ignito
425 2308 566 2361 iaculo
604 2305 689 2348 sibi
719 2300 967 2357 praeeordia

134 2366 577 2408 transverberantem.
597 2360 728 2412 Quod
738 2361 834 2412 ipsa
845 2359 966 2399 enar-

135 2428 204 2465 rat
237 2422 305 2464 his
332 2421 495 2464 verbis:
526 2419 747 2473 Videbam
779 2414 835 2456 ad
867 2413 965 2454 sini-

137 2484 274 2521 stram
309 2491 454 2520 meam
490 2475 710 2526 Angelum
749 2473 966 2512 astantem

137 2534 359 2587 corporali
377 2534 540 2587 specie3
559 2544 647 2572 non
663 2533 757 2571 erat
770 2537 966 2576 magnus,

137 2591 217 2633 sed
228 2603 403 2644 parvus,
419 2591 648 2640 formaque
662 2582 965 2638 pulcherrima,

138 2660 190 2689 ac
214 2647 339 2688 vultu
366 2647 430 2688 sie
457 2646 645 2687 accenso
673 2646 717 2682 et
742 2639 965 2689 flagrante,

763 251 994 285 Transverb.
1021 252 1160 287 Cordis
1186 254 1220 287 S.
1246 254 1415 288 Teresia:
1444 255 1543 295 virg.

1750 253 1840 297 [353]

1015 354 1063 390 ut
1081 350 1304 392 videretur
1329 363 1383 392 ex
1408 350 1640 403 supremis,
1670 349 1745 401 qui
1767 351 1841 402 pe-

1015 405 1132 446 nitus
1151 404 1373 456 exardent,
1400 406 1491 448 sive
1512 419 1566 447 ex
1588 406 1651 455 iis,
1678 406 1752 458 qui
1770 406 1842 447 se-

1015 462 1186 514 raphim
1204 462 1418 504 dicuntur.
1446 461 1727 514 Aspiciebam
1744 475 1844 503 eum

1015 517 1059 558 in
1087 519 1287 560 manibus
1316 520 1489 570 gestare
1521 518 1702 569 longum
1729 519 1841 570 jacu-

1015 573 1106 615 lum
1123 578 1317 624 aureum‚
1346 579 1389 616 et
1412 575 1454 615 in
1479 576 1675 616 extremo
1700 574 1840 627 euspi-

1017 631 1085 672 dis
1104 643 1259 683 parum
1278 631 1403 682 ignis:
1428 631 1570 683 jaculo
1591 636 1736 672 autem
1755 643 1844 672 non

1017 687 1153 728 semel
1181 699 1258 728 cor
1286 700 1431 728 meum
1457 686 1844 728 transverberabat

1016 756 1157 795 usque
1186 743 1242 784 ad
1270 745 1453 793 viscera3
1486 743 1582 784 haee
1607 755 1712 784 vero
1739 742 1845 783 mihi

1017 800 1250 842 videbatur
1284 812 1433 841 seeum
1465 802 1712 852 asportare,
1746 811 1845 839 eum

1018 857 1206 908 jaculum
1239 855 1463 906 educeret,
1496 855 1741 907 exindeque
1774 867 1844 896 me

1017 926 1199 965 prorsus
1227 913 1474 965 relinquere
1502 912 1586 953 Dei
1614 914 1762 953 amore
1790 924 1845 952 ae-

1018 972 1250 1011 stuantem.
1281 969 1388 1010 Erat
1413 967 1591 1020 quidem
1610 967 1845 1008 tam-vehe-

1017 1038 1140 1066 mens
1167 1025 1295 1067 dolor
1321 1024 1531 1074 vulneris,
1559 1029 1607 1065 ut
1633 1036 1704 1065 me
1732 1036 1846 1065 eom-

1018 1082 1203 1133 pelleret
1234 1082 1278 1122 in
1309 1082 1496 1132 gemitus
1532 1081 1715 1122 iteratos
1748 1092 1846 1132 pro-

1018 1141 1240 1191 rumpere,
1269 1143 1312 1179 et
1333 1136 1446 1179 adeo
1467 1136 1686 1179 excellens
1707 1136 1847 1176 suavi-

1018 1200 1098 1244 tas,
1118 1207 1249 1246 quam
1268 1195 1311 1235 in
1330 1207 1400 1235 me
1419 1194 1490 1235 hie
1509 1193 1637 1234 dolor
1650 1192 1846 1234 intensis-

1019 1251 1154 1292 simus
1193 1250 1342 1299 effieit,
1390 1249 1510 1301 quod
1554 1247 1847 1290 desiderabile

1019 1320 1106 1348 non
1135 1308 1206 1357 sit,
1238 1312 1287 1348 ut
1314 1306 1549 1355 auferatur,
1582 1317 1663 1346 nee
1691 1305 1847 1345 animae

1021 1363 1260 1416 quidquam
1285 1363 1471 1416 placeat,
1497 1361 1580 1402 nisi
1598 1361 1719 1402 Deus
1739 1361 1847 1413 ipse.

1073 1428 1125 1477 R.
1158 1424 1362 1466 Dilexisti
1390 1423 1610 1475 justitiam,
1645 1427 1688 1463 et
1716 1420 1848 1462 odisti

1018 1481 1308 1533 iniquitatem:
1332 1480 1354 1505 *
1385 1480 1627 1531 Propterea
1653 1478 1776 1518 unxit
1803 1482 1847 1518 te

1019 1538 1155 1587 Deus,
1207 1538 1328 1578 Deus
1378 1540 1479 1577 tuus
1526 1534 1624 1576 oleo
1670 1533 1846 1575 laetitiae.

1022 1588 1073 1640 V.
1096 1595 1284 1647 Propter
1308 1592 1552 1641 veritatem,
1581 1595 1624 1631 et
1650 1602 1846 1630 mansue-

1019 1650 1226 1700 tudinem,
1247 1655 1290 1691 et
1308 1649 1525 1700 justitiam.
1552 1647 1803 1698 Propterea.

1327 1706 1477 1747 Lectio
1497 1705 1550 1744 vi.

1156 1766 1314 1818 quibus
1347 1763 1601 1806 coelestibus
1631 1761 1759 1803 donis
1787 1760 1847 1802 di-

1112 1823 1201 1864 vini
1220 1822 1382 1864 ameris
1402 1822 1575 1862 flamma
1590 1819 1634 1859 in
1650 1819 1740 1868 eius
1756 1829 1847 1858 eor-

1021 1880 1076 1921 de
1109 1879 1222 1921 adeo
1255 1877 1544 1924 exaestuabat,
1582 1879 1630 1915 ut
1659 1873 1847 1914 maxime

1021 1936 1205 1977 arduum
1224 1940 1375 1976 votum
1399 1947 1425 1974 a
1442 1934 1539 1974 Deo
1567 1930 1725 1972 edocta
1745 1930 1846 1970 emi-

1021 1992 1144 2042 serit,
1184 1990 1401 2032 effieiendi
1429 2000 1603 2040 semper
1632 1983 1847 2037 quidquid

1020 2048 1257 2101 perfectius
1277 2059 1385 2095 esse,
1405 2050 1449 2086 et
1468 2043 1525 2085 ad
1539 2043 1747 2093 majorem
1762 2040 1845 2081 Dei

1019 2104 1203 2155 gloriam
1213 2102 1431 2155 pertinere
1442 2099 1713 2149 intelligeret.
1734 2096 1847 2146 Quin

1021 2161 1152 2202 etiam
1189 2163 1293 2211 post
1330 2161 1519 2198 mortem
1551 2153 1725 2196 cuidam
1757 2164 1846 2193 mo-

1019 2216 1123 2257 niali
1154 2227 1234 2267 per
1267 2214 1409 2255 visum
1445 2208 1759 2257 manifestavit,
1798 2220 1845 2248 se

1019 2285 1107 2313 non
1134 2271 1178 2312 vi
1204 2269 1364 2319 morbi,
1394 2268 1473 2310 sed
1501 2280 1556 2309 ex
1580 2263 1846 2307 intolerabili

1021 2327 1155 2370 divini
1180 2326 1340 2367 ameris
1364 2322 1566 2366 incendio
1586 2322 1676 2363 vita
1700 2331 1846 2361 exces-

1020 2387 1140 2425 sisse.
1193 2382 1244 2434 Η.
1271 2381 1533 2423 Afferentur.
1555 2378 1631 2431 [91]
1779 2388 1789 2395 ’

1076 2451 1118 2484 In
1143 2450 1207 2484 m.
1232 2449 1431 2484 Nocturno
1453 2445 1623 2480 Homilia
1648 2443 1685 2476 in
1702 2443 1846 2484 Evang.

1023 2498 1152 2534 Simile
1185 2498 1257 2532 erit
1286 2506 1456 2540 regnum.
1491 2494 1538 2527 de
1571 2492 1713 2526 Comm.
1742 2489 1846 2531 Virg.

1024 2547 1051 2580 1.
1076 2546 1173 2579 loeo.
1202 2545 1273 2588 [93]

1075 2593 1138 2627 Ad
1167 2591 1321 2626 Laudes
1351 2595 1387 2623 et
1418 2588 1456 2622 in
1486 2587 1531 2621 Π.
1559 2586 1674 2628 Vesp.
1707 2584 1846 2627 Hymn.

1023 2641 1138 2685 Regis
1163 2639 1328 2684 superni.
1361 2640 1402 2671 ut
1426 2636 1462 2669 in
1487 2635 1514 2668 I.
1538 2634 1654 2676 Vesp.
1677 2632 1766 2675 [352]

912 2734 1072 2769 affin

294 2919 358 2943 Pm
374 2917 484 2942 AEstiva.
