2040 2976
179 215 252 251 108

229 315 398 355 Domus
433 309 572 351 Israel
608 306 802 360 speravit
835 305 880 345 in
914 303 1002 344 Do-

178 371 313 412 mino:
339 368 363 394 *
392 366 566 418 adjutor
597 366 750 406 eorum
783 366 826 403 et
858 361 1003 413 prote-

179 431 274 468 ctor
297 425 448 466 eorum
468 426 545 464 est.

230 487 400 527 Domus
433 484 585 525 Aaron
618 479 811 533 speravit
842 478 886 518 in
916 477 1005 517 Do-

179 543 313 584 mino:
339 542 363 567 *
393 540 567 592 adjutor
602 539 754 579 eorum
788 539 832 576 et
859 533 1005 586 prote-

180 605 276 641 ctor
296 600 449 640 eorum
469 600 545 645 est,

232 659 317 709 Qui
341 658 497 700 timent
524 654 778 701 Dominum,
807 650 1006 703 sperave-

180 720 281 757 runt
306 715 350 756 in
377 713 584 755 Domino:
606 711 630 736 *
657 709 829 761 adjutor
856 708 1007 748 eorum

182 777 226 814 et
251 772 481 824 protector
510 770 662 810 eorum
691 769 768 806 est.

232 831 448 873 Dominus
481 839 648 870 memor
683 825 764 866 fuit
798 822 954 865 nostri:
984 822 1007 846 *

184 894 228 931 et
254 886 481 930 benedixit
507 884 651 925 nobis:

234 947 469 990 Benedixit
498 943 648 986 domui
666 941 818 997 Israel:
837 940 860 966 *
879 939 1009 980 bene-

185 1005 295 1047 dixit
323 1002 473 1045 domui
500 1001 660 1042 Aaron.

236 1063 471 1106 Benedixit
499 1060 719 1109 omnibus,
753 1057 827 1110 qui
855 1056 1011 1097 timent

184 1121 438 1168 Dominum,
466 1120 489 1144 *
517 1116 688 1170 pusillis
716 1128 816 1156 cum
842 1111 1011 1164 majori-

185 1178 279 1219 bus.

238 1237 428 1289 Adjiciat
455 1234 670 1276 Dominus
704 1243 836 1283 super
864 1241 962 1270 vos:
989 1228 1013 1253 *

187 1307 318 1346 super
347 1305 437 1343 vos,
464 1295 507 1333 et
536 1302 668 1342 super
691 1288 809 1329 filios
828 1289 1014 1328 vestros.

239 1352 469 1395 Benedicti
496 1364 577 1392 vos
606 1363 630 1391 a
654 1348 859 1397 Domino,
887 1347 910 1372 *
940 1345 1014 1397 qui

187 1411 290 1452 fecit
318 1409 493 1458 coelum,
522 1412 566 1449 et
584 1412 757 1448 terram.

242 1470 412 1512 Coelum
439 1467 542 1510 coeli
565 1466 775 1508 Domino:
802 1464 826 1490 *
854 1468 1017 1505 terram

190 1532 336 1568 autem
365 1524 488 1566 dedit
515 1523 618 1564 filiis
644 1521 882 1563 hominum.

242 1587 344 1628 Non
378 1584 540 1626 mortui
575 1582 818 1624 laudabunt
851 1585 896 1622 te
930 1580 1017 1620 Do-

191 1643 324 1684 mine:
342 1642 366 1667 *
385 1653 528 1692 neque
548 1652 716 1688 omnes,
745 1638 820 1690 qui
839 1637 1016 1679 descen-

195 1699 304 1740 dunt
327 1698 371 1738 in
399 1697 624 1738 infernum.

245 1758 333 1800 Sed
359 1770 441 1799 nos
469 1757 543 1809 qui
571 1756 774 1805 vivimus,
799 1753 1019 1796 benedici-

194 1828 291 1856 mus
326 1814 535 1863 Domino,
562 1813 586 1839 *
615 1825 669 1854 ex
704 1812 791 1853 hoc
824 1823 939 1852 nunc
977 1814 1020 1851 et

195 1883 335 1923 usque
362 1870 406 1911 in
431 1869 650 1911 saeculum.

252 1942 351 1980 Ant.
388 1942 478 1983 Nos
506 1942 581 1994 qui
609 1941 812 1990 vivimus,
844 1940 1021 1982 benedi-

198 1999 335 2040 cimus
362 1998 566 2039 Domino.

755 2078 804 2117 ll.
825 2078 921 2116 Cor.
944 2077 971 2114 1.

282 2161 507 2203 enedictus
535 2161 671 2211 Deus,
706 2166 750 2202 et
777 2160 909 2202 Pater
935 2161 1023 2201 Do-

296 2217 401 2258 mini
420 2217 561 2258 nostri
578 2217 602 2257 J
605 2230 681 2258 esu
699 2217 873 2267 Christi,
891 2217 1024 2258 Pater

199 2273 617 2323 misericordiarum,
655 2277 698 2314 et
730 2274 852 2314 Deus
887 2276 1025 2315 totius

200 2329 537 2378 consolationiS,
565 2329 640 2380 qui
667 2329 921 2371 consolatur
945 2342 1026 2370 nos

200 2385 243 2425 in
273 2385 392 2426 omni
420 2384 703 2426 tribulatione
730 2390 893 2426 nostra.

250 2080 507 2131 Capitulum.

519 2471 658 2520 llymn
667 2484 724 2509 us.

322 2547 417 2590 ucis
444 2547 627 2589 Creator
655 2548 822 2599 optime

356 2604 521 2645 Lucem
551 2603 720 2645 dierum
749 2604 989 2656 proferens,

306 2660 564 2701 Primordiis
592 2660 702 2701 lucis
730 2672 868 2709 novae,

306 2716 459 2758 Mundi
487 2729 647 2768 parans
676 2717 903 2767 originem:

776 205 978 241 Dominicu
1003 205 1052 239 ud
1076 204 1282 246 Vesperas.

1106 299 1192 349 Qui
1220 308 1348 338 mane
1375 295 1571 346 iunctum
1597 290 1773 344 vesperi

1159 354 1290 396 Diem
1318 350 1470 393 vocati
1497 348 1721 403 praecipis:

1161 409 1364 451 Illabitur
1392 411 1557 449 tetrum
1584 404 1730 454 chaos,

1162 464 1282 508 Audi
1308 475 1467 518 preces
1495 475 1596 504 cum
1623 460 1812 502 fletibus.

1117 538 1183 579 Ne
1208 548 1332 577 mens
1360 535 1542 586 gravata
1569 531 1762 580 crimine,

1163 593 1282 635 Vitae
1311 591 1369 632 sit
1397 589 1523 632 exsul
1550 591 1743 637 munere,

1162 651 1280 691 Dum
1307 647 1369 688 nil
1396 648 1591 700 perenne
1619 643 1798 696 cogitat,

1164 707 1360 757 Sesoque
1388 702 1531 756 culpis
1559 701 1711 752 illigat.

1110 775 1307 817 Coeleste
1333 772 1482 826 pulset
1510 771 1690 813 ostium:

1163 830 1314 873 Vitale
1341 828 1471 871 tollat
1495 826 1744 881 praemium:

1124 893 1128 896 ⁴
1165 888 1369 930 Vitemus
1398 897 1529 927 omne
1555 883 1753 925 noxium:

1165 945 1410 996 Purgemus
1439 953 1570 983 omne
1597 939 1851 993 pessimum.

1120 1015 1304 1063 I'raesta,
1330 1012 1463 1053 Pater
1490 1009 1700 1063 piissime,

1167 1071 1378 1122 Patrique
1407 1079 1590 1120 compar
1616 1065 1767 1115 Unice,

1170 1127 1280 1168 Cum
1307 1125 1475 1178 Spiritu
1500 1122 1724 1164 Paraclito

1168 1184 1378 1235 Regnans
1397 1194 1479 1234 per
1501 1191 1631 1222 omne
1651 1176 1873 1220 saeculum.

1380 1238 1535 1279 Amen.

1121 1300 1172 1352 lis.
1186 1307 1415 1359 Dirigatur
1425 1305 1616 1347 Domine
1632 1303 1776 1345 oratio
1791 1314 1901 1344 mea.

1068 1365 1119 1417 Rg.
1134 1365 1256 1407 Sicut
1266 1359 1494 1406 incensum
1502 1362 1548 1402 in
1558 1361 1802 1413 conspectu
1811 1362 1901 1400 tuo.

1113 1443 1330 1479 Praedietus
1355 1441 1534 1485 Hymnus
1565 1448 1652 1473 cum
1681 1447 1753 1472 suo
1778 1431 1824 1478 V.
1850 1435 1905 1470 di-

1071 1494 1169 1529 eitur
1198 1503 1220 1526 a
1247 1491 1358 1525 Dom.
1383 1489 1449 1523 ΙΙΙ.
1479 1491 1571 1531 post
1597 1487 1751 1521 Pentee.
1781 1494 1905 1528 usque

1072 1541 1121 1576 ad
1146 1540 1380 1580 Adventum,
1406 1536 1530 1579 Capit.
1556 1544 1650 1570 vero
1675 1532 1907 1577 praedictum

1074 1589 1215 1623 dicitur
1239 1587 1278 1621 in
1303 1585 1451 1620 eisdem
1471 1583 1582 1618 Dom.
1618 1581 1771 1616 Dicitur
1791 1580 1908 1615 etiam

1074 1638 1113 1671 in
1138 1637 1203 1671 fer.
1227 1634 1333 1669 Offie.
1359 1633 1407 1667 ab
1431 1632 1511 1666 Oct.
1531 1631 1685 1666 Pentee.
1707 1638 1832 1672 usque
1858 1627 1908 1662 ad

1074 1685 1307 1719 Adventum.
1337 1680 1523 1717 Similiter
1539 1683 1576 1714 et
1591 1673 1654 1721 im
1673 1678 1763 1712 Ant.
1781 1680 1909 1711 autem

1075 1744 1160 1768 cum
1194 1732 1255 1766 Ps.
1293 1739 1446 1773 semper
1484 1727 1665 1762 dicuntur
1701 1730 1743 1760 ut
1779 1735 1908 1768 supra,

1077 1780 1233 1825 quando
1258 1780 1299 1813 fit
1324 1778 1431 1813 Offic.
1458 1776 1505 1811 de
1529 1774 1746 1810 Dominica.

1129 1848 1358 1890 Canticum
1386 1846 1434 1886 B.
1462 1844 1616 1885 Mariae
1644 1836 1852 1894 Virginis.

1379 1907 1497 1941 Lucae
1523 1906 1550 1940 1.
1575 1916 1605 1940 c.

1073 1963 1388 2071 Magnificat
1411 1966 1435 1993 *
1460 1966 1605 2007 anima
1631 1976 1731 2005 mea
1757 1963 1908 2004 Domi-

1126 2086 1184 2128 Et
1198 2037 1452 2128 1elilrlglultavit
1476 2082 1658 2135 spiritus
1677 2093 1802 2122 meus
1820 2079 1844 2106 *
1864 2079 1909 2120 in

1075 2143 1173 2184 Deo
1203 2141 1386 2183 salutari
1412 2151 1526 2181 meo.

1130 2199 1244 2250 Quia
1278 2196 1476 2250 respexit
1508 2194 1803 2236 humilitatem
1838 2205 1910 2234 an-

1078 2255 1190 2297 cillae
1210 2267 1318 2296 suae:
1336 2254 1360 2279 *
1377 2264 1481 2294 ecce
1501 2251 1616 2293 enim
1634 2263 1689 2292 ex
1708 2249 1792 2291 hoc
1810 2249 1910 2291 bea-

1077 2317 1168 2353 tam
1181 2324 1253 2353 me
1269 2310 1417 2352 dicent
1429 2321 1583 2350 omnes
1593 2306 1911 2359 generationes.

1131 2373 1244 2423 Quia
1270 2371 1376 2413 fecit
1402 2369 1511 2410 mihi
1537 2380 1697 2420 magna
1731 2367 1807 2419 qui
1834 2378 1911 2419 po-

1079 2434 1177 2470 tens
1200 2432 1284 2470 est:
1299 2427 1323 2454 *
1343 2430 1387 2469 et
1407 2430 1609 2467 sanctum
1627 2436 1790 2466 nomen
1810 2423 1912 2477 ejus.

1131 2490 1188 2531 Et
1211 2487 1517 2530 misericordia
1543 2487 1634 2538 ejus
1656 2498 1682 2527 a
1702 2483 1913 2537 progenie

1081 2546 1124 2586 in
1151 2545 1385 2598 progenies
1409 2544 1433 2570 *
1455 2542 1713 2585 timentibus
1739 2553 1850 2583 eum.

1133 2607 1257 2648 Fecit
1280 2605 1528 2659 potentiam
1548 2604 1593 2644 in
1610 2601 1794 2644 brachio
1816 2613 1913 2642 suo:

1082 2662 1104 2686 *
1139 2662 1350 2714 dispersit
1387 2660 1605 2714 superbos
1637 2662 1785 2699 mente
1819 2669 1913 2698 cor-

1084 2718 1151 2759 dis
1180 2719 1258 2758 sui.
