2040 2976
204 225 272 260 392

596 221 665 255 Die
693 222 717 255 l.
742 221 847 255 Julii.
896 221 1043 255 Octava
1069 223 1103 255 S.
1128 221 1294 255 Joannis
1319 221 1518 264 Baptistae.

442 321 492 359 In
509 320 560 359 ΙΙ.
580 320 804 359 Nocturno.

244 386 394 428 Sermo
416 386 556 427 sancti
575 385 756 426 Maximi
775 385 997 438 Episcopi.

208 451 374 485 Homilia
400 452 429 485 33.
456 451 493 485 in
518 451 646 485 Nativ.
673 451 707 485 S.
732 450 898 484 Joannis
923 450 1033 492 Bapt.

508 509 660 549 Lectio
682 508 733 547 iv.

212 591 215 594 ·
255 615 261 622 ,Ἴ
275 590 297 630 523
321 569 585 611 estivitatem
598 568 831 621 praesentis
843 567 939 619 diei,
954 567 1035 608 fra-

212 627 217 667 }
255 625 309 683 J
336 633 427 669 tres
452 625 681 675 carissimi,
706 622 943 667 venerandi
963 624 987 665 J
991 637 1033 666 o-

339 683 462 726 annis
481 683 698 735 Baptistae
722 684 911 732 genuina
928 683 1034 722 nati-

204 743 316 785 vitas
350 740 638 783 consecravit:
677 739 751 791 qui
788 737 954 780 idcirco
993 738 1035 778 in

202 800 286 842 hoc
330 797 541 840 saeculum
581 797 771 849 superna
813 794 1035 847 dispensa-

203 857 323 898 tione
353 855 545 897 directus
574 858 656 903 est,
690 858 739 894 ut
771 864 859 893 non
893 851 1035 893 solum

203 915 298 967 ipse
326 910 580 966 prophetali
608 908 917 950 sublimaretur
944 908 1033 960 glo—

203 970 284 1020 ria,
317 969 398 1012 sed
425 973 473 1009 ut
502 971 546 1009 et
575 966 769 1008 omnium
797 965 929 1006 etiam
956 978 1036 1018 per

204 1040 304 1069 eum
344 1025 664 1079 prophetarum
705 1022 931 1075 praecc'mia
966 1022 1034 1062 fir-

204 1085 438 1125 marentur.
498 1080 595 1121 Nec
644 1079 862 1127 immerito
914 1078 1036 1119 illum

203 1142 431 1193 praecipuo
451 1137 620 1178 honore
635 1148 750 1177 nunc
764 1137 1035 1186 veneramur,

206 1197 279 1249 qui
299 1195 481 1249 speciali
501 1193 690 1246 quadam
705 1193 857 1244 gratia,
877 1191 935 1234 ob
951 1191 1036 1233 hoc

204 1252 552 1305 Redempterem
586 1249 737 1291 mundi
769 1249 1035 1290 novissimus

204 1308 504 1362 prophetavit,
548 1312 597 1348 ut
639 1305 894 1348 ostenderet
937 1319 1036 1347 eum

203 1366 381 1419 primus.
431 1364 516 1406 Hic
548 1363 662 1406 enim
691 1362 812 1404 solus
841 1367 908 1404 est
935 1375 1035 1415 pro-

203 1423 452 1476 phetarum,
479 1421 553 1474 qui
575 1420 813 1461 Dominum
835 1425 1036 1461 nostrum

203 1480 227 1520 J
230 1493 353 1521 esum
373 1479 611 1527 Christum,
637 1490 768 1529 quem
791 1476 864 1517 alii
882 1476 925 1516 in
945 1476 1035 1518 lon-

204 1549 259 1588 ga
284 1538 487 1588 tempora
513 1534 709 1576 futurum
735 1533 1035 1586 praescierunt,

204 1592 396 1645 prepriis
430 1590 570 1632 oculis
602 1589 754 1632 videre
786 1589 959 1638 meruit,
994 1594 1036 1630 et

205 1649 463 1690 annuntiare
482 1649 757 1700 praesentem.

259 1713 309 1764 Rz·
347 1712 589 1756 Descendit
625 1713 821 1763 Angelus
859 1712 1037 1753 Domini

207 1771 263 1813 ad
283 1771 557 1822 Zachariam,
583 1769 746 1812 dicens:
771 1769 939 1822 Accipe
958 1772 1035 1821 pu-

207 1841 329 1870 erum
353 1828 396 1868 in
421 1831 648 1869 senectute
672 1832 762 1868 tua:
784 1826 807 1849 *
825 1826 882 1868 Et
905 1825 1035 1867 habe-

207 1884 271 1926 bit
280 1896 441 1926 nomen
452 1884 475 1925 J
479 1886 645 1926 oannes
656 1884 869 1936 Baptista.
885 1874 937 1926 V.
945 1883 1036 1924 Iste

205 1954 316 1994 puer
334 1953 517 1992 magnus
537 1953 686 1982 coram
705 1939 912 1981 Domino:
937 1952 1037 1981 nam

205 2003 249 2040 et
267 2010 422 2039 manus
442 1999 532 2051 ejus
552 2010 652 2039 cum
670 1997 769 2050 ipso
789 2001 867 2038 est.
895 1996 962 2038 Et.

517 2068 670 2109 Lectio
690 2082 728 2108 v.

297 2138 339 2180 ic
375 2143 442 2180 est
476 2137 566 2187 ille,
606 2150 755 2190 quem,
795 2136 1036 2189 inspirante

309 2194 640 2247 Deo,pra'3scius
652 2193 1037 2243 annuntiatIsaias,

207 2251 372 2293 dicens:
398 2251 502 2292 Vox
527 2249 755 2291 clamantis
779 2250 822 2290 in
848 2249 1036 2299 deserto,

205 2309 364 2350 Parate
393 2307 509 2348 viam
535 2307 724 2348 Domini.
767 2307 908 2356 Quam
937 2308 1036 2348 con-

205 2377 330 2417 grue,
357 2363 515 2405 fratres
535 2364 765 2414 carissimi,
791 2363 948 2405 beatus
965 2363 990 2404 J
993 2375 1035 2404 o-

206 2423 341 2462 annes
359 2419 628 2474 praedicatus
649 2426 716 2462 est
734 2433 832 2469 vOX,
857 2420 932 2472 qui
952 2432 1036 2461 coe-

206 2477 330 2519 lestis
354 2476 493 2519 Verbi
527 2482 571 2518 et
595 2489 744 2529 praeco
770 2476 1036 2526 mittebatur,

207 2539 250 2576 et
278 2533 417 2576 testis.
471 2533 556 2574 Hic
585 2539 653 2574 est
680 2533 771 2582 ille,
809 2534 930 2585 cujus
958 2545 1037 2585 per

207 2590 427 2642 Angelum
447 2589 701 2631 Gabrielem
719 2589 1038 2641 praenuntiatur

206 2647 428 2696 nativitas,
462 2651 506 2687 et
538 2658 715 2695 nomen,
749 2650 792 2686 et
824 2645 1038 2686 meritum.

206 2703 292 2745 Hic
318 2708 400 2753 est,
430 2702 504 2754 qui
531 2701 691 2754 iudicio
721 2701 915 2742 coelestis
943 2714 1036 2743 sen-

206 2760 357 2802 tentiae
378 2759 547 2801 cunctis
572 2757 834 2800 mortalibus
853 2758 1036 2800 antefer-

1090 324 1176 369 tur,
1197 319 1369 363 dicente
1387 321 1593 363 D6mino:
1611 322 1713 364 Non
1733 322 1921 364 surrexit

1090 376 1201 418 inter
1224 383 1352 419 natos
1376 378 1606 420 mulierum
1625 380 1763 432 major
1781 379 1805 420 J
1809 381 1920 421 oafie

1090 433 1305 486 Baptista.
1361 435 1502 485 Quam
1538 435 1721 488 pulchre
1755 435 1921 478 dictum

1091 495 1168 539 est,
1187 490 1300 532 inter
1319 496 1447 533 natos
1465 491 1696 534 mulierum
1713 505 1802 534 non
1821 505 1919 534 esse

1090 547 1313 598 majerem:
1337 547 1437 600 quia
1455 547 1528 590 ille
1549 548 1813 591 omnimodis
1830 561 1918 590 ma-

1090 603 1155 654 ior
1188 609 1281 645 erat
1313 604 1501 654 Joanne,
1542 605 1616 657 qui
1649 604 1704 647 de
1736 605 1918 656 Virgine

1089 659 1361 702 nascebatur.

1143 723 1193 775 R.
1226 722 1310 763 Hic
1338 726 1406 764 est
1433 722 1690 764 Praecursor
1719 722 1919 773 dilectus,

1090 781 1133 818 et
1164 777 1342 820 lucerna
1368 779 1520 820 lucens
1547 784 1647 821 ante
1666 779 1918 820 Dominum:

1092 837 1113 861 *
1131 834 1234 887 Ipse
1255 840 1322 876 est
1343 836 1456 877 enim
1475 836 1499 876 J
1503 838 1684 886 oannes,
1710 836 1784 888 qui
1804 835 1919 877 viam

1089 890 1280 933 Domino
1300 893 1572 945 praeparavit
1590 893 1634 934 in
1653 895 1815 943 erem03
1839 892 1919 934 sed

1090 952 1133 989 et
1151 948 1327 999 Agnum
1346 949 1430 990 Dei
1451 948 1772 992 demonstravit
1811 954 1855 992 et
1872 948 1919 990 il‘-

1088 1002 1315 1047 luminavit
1326 1011 1496 1047 mentes
1505 1005 1740 1047 heminum.
1757 981 1920 1059 {fflpse

1088 1060 1264 1112 praeibit
1283 1067 1383 1103 ante
1404 1062 1525 1103 illum
1544 1063 1587 1102 in
1607 1063 1762 1115 spiritu
1778 1068 1822 1105 et
1837 1063 1919 1104 vir-

1089 1119 1183 1158 tute
1202 1117 1323 1159 Eliae.
1351 1119 1464 1171 Ipse.

1395 1184 1547 1227 Lectio
1568 1186 1620 1225 vi.

1094 1226 1303 1350 Quibus
1326 1246 1587 1298 perspectis,
1617 1245 1832 1288 advertite
1859 1245 1919 1288 di-

1187 1302 1430 1351 lectissimi,
1452 1306 1660 1354 quantam
1678 1301 1780 1344 huic
1799 1315 1918 1344 reve-

1090 1359 1292 1408 rentiam,
1331 1363 1543 1411 quantum
1572 1358 1822 1401 devotionis
1848 1358 1919 1401 de-

1088 1415 1273 1457 beamus
1300 1414 1574 1468 impendere:
1607 1416 1682 1468 qui
1711 1421 1760 1458 ut
1787 1415 1919 1457 hono-

1089 1471 1240 1513 rabilis
1259 1471 1326 1522 sit,
1346 1485 1372 1513 a
1391 1477 1544 1514 sancto
1560 1477 1627 1514 est
1640 1472 1805 1525 Spiritu
1820 1485 1920 1526 pro-

1088 1528 1313 1580 phetatus,
1357 1531 1601 1581 promissus
1643 1529 1698 1571 ab
1736 1529 1920 1581 Angelo,

1089 1583 1293 1626 laudatus
1327 1598 1352 1626 a
1384 1586 1593 1636 Domino,
1627 1590 1671 1627 et
1705 1587 1920 1638 perpetua

1089 1646 1255 1682 sanctae
1279 1642 1435 1683 mortis
1459 1641 1601 1693 gloria
1626 1644 1920 1684 consecratus.

1088 1697 1287 1739 Decebat
1306 1711 1510 1751 namque,
1533 1703 1582 1740 ut
1599 1699 1830 1750 mysticam
1847 1711 1920 1740 na-

1088 1754 1306 1796 tivitatem
1326 1755 1417 1807 ejus
1435 1755 1647 1797 mirabilis
1663 1755 1752 1796 vita
1767 1768 1920 1808 seque—

1090 1812 1228 1859 retur,
1274 1816 1318 1853 et
1354 1816 1552 1861 sanctam
1588 1812 1920 1865 perfectamque

1090 1867 1223 1909 vitam
1249 1880 1368 1909 mors
1387 1869 1485 1910 Deo
1508 1868 1670 1911 devota
1690 1868 1920 1911 conclude-

1088 1928 1167 1965 ret.
1201 1923 1390 1977 Propter
1411 1925 1547 1978 quod,
1572 1925 1745 1975 fratres,
1770 1927 1919 1967 rectis-

1090 1980 1198 2021 sime
1221 1985 1318 2022 toto
1341 1980 1476 2024 hodie
1502 1981 1626 2030 orbe,
1656 1981 1818 2023 Christi
1839 1981 1920 2023 Ec·

1090 2036 1224 2078 clesia
1264 2038 1506 2090 primordia
1546 2038 1785 2080 nativitatis
1829 2038 1920 2090 ejus

1089 2093 1315 2135 laetissima
1351 2094 1588 2137 festivitate
1625 2094 1920 2144 concelebrat,

1091 2150 1165 2201 qui
1183 2152 1351 2192 aeterna
1366 2151 1626 2193 mortalibus
1646 2151 1804 2194 adesse
1817 2154 1919 2202 gau-

1090 2205 1176 2256 dia,
1205 2207 1400 2259 stupenti
1422 2207 1588 2250 mundo
1613 2209 1739 2250 testis
1759 2206 1919 2250 fidelis-

1089 2263 1224 2304 simus
1243 2263 1465 2306 revelavit.

1147 2327 1198 2378 R.
1217 2323 1462 2366 Innuebant
1480 2326 1607 2378 patri.
1625 2326 1720 2367 353.

1307 2401 1356 2440 In
1383 2400 1455 2439 111.
1481 2399 1705 2438 Nocturno.

1094 2462 1244 2504 Lectio
1270 2464 1410 2505 sancti
1430 2464 1657 2515 Evangelii
1678 2461 1918 2506 secundum

1413 2521 1589 2563 Lucam.

1171 2579 1323 2620 Lectio
1346 2579 1415 2619 vii.
1655 2576 1759 2628 Cap.
1774 2576 1803 2614 1.
1819 2574 1843 2614 ί,

1169 2643 1358 2686 lisabeth
1390 2643 1618 2696 impletum
1651 2645 1718 2683 est
1745 2646 1918 2693 tempus

1188 2700 1403 2754 pariendi,
1427 2705 1471 2741 et
1490 2698 1662 2752 peperit
1681 2697 1830 2738 filium.
1862 2697 1919 2739 Et

1090 2757 1321 2799 audierunt
1358 2755 1488 2797 vicini
1525 2759 1569 2796 et
1604 2754 1780 2804 cognati
1817 2754 1919 2806 ejus,
