2040 2976
460 211 532 246 Die
555 211 615 246 30.
638 211 736 253 Aug.

145 311 254 353 taris
276 310 449 363 potavit
473 310 596 351 illum
618 309 834 351 Dominus
853 308 976 348 Deus

145 372 305 409 noster.

198 422 248 474 Rg.
268 422 330 463 br.
357 423 551 465 Posuisti
575 423 764 464 Domine
788 424 810 449 *
836 421 976 473 Super

147 484 279 531 caput
304 480 407 532 ejus.
443 479 647 521 Posuisti.
684 474 734 526 V.
758 478 977 520 Coronam

148 535 203 577 de
226 536 374 588 lapide
398 536 607 589 pretioso.
639 537 790 589 Super.
826 534 977 576 Gloria

147 593 277 634 Patri.
304 593 509 634 Posuisti.

202 645 252 695 V.
269 649 427 701 Magna
447 654 512 691 est
534 649 674 700 gloria
693 649 783 700 ejus
802 648 847 690 in
865 647 976 688 salu-

148 706 234 747 tari
260 710 349 747 tuo.
394 705 446 757 Rz.
473 705 672 747 Gloriam
701 710 744 747 et
771 717 978 755 magnum

149 762 356 804 decorem
374 761 575 814 impones
595 774 728 814 super
747 774 857 802 eum.

427 835 495 871 Ad
518 837 700 873 Nonam.

202 888 302 930 Ant.
334 889 403 929 Da
421 888 527 930 mihi
545 890 588 930 in
608 889 743 932 disco.

227 948 485 1002 Capitulum.
683 949 814 990 Eccli.
835 950 900 990 39.

148 1003 345 1111 Justus
372 1025 449 1054 cor
475 1025 602 1054 suum
629 1011 812 1054 tradidit
837 1011 894 1054 ad
920 1011 979 1053 vi-

247 1068 472 1120 gilandum
509 1068 701 1111 diluculo
737 1068 795 1111 ad
830 1068 979 1110 Domi-

149 1138 254 1166 num
279 1125 353 1177 qui
378 1125 482 1167 fecit
505 1125 637 1176 illum,
664 1131 708 1167 et
731 1126 775 1166 in
800 1127 980 1178 conspe—

152 1187 225 1223 ctu
244 1181 460 1223 Altissimi
479 1180 801 1235 deprecabitur.

202 1243 252 1295 Rz.
280 1242 344 1284 br.
379 1242 538 1294 Magna
571 1248 638 1284 est
666 1243 805 1294 gloria
838 1243 929 1294 ejus
957 1244 979 1268 *

152 1300 204 1340 In
220 1298 401 1340 salutari
414 1303 504 1340 tuo.
523 1299 693 1351 Magna.
714 1293 765 1345 V.
785 1299 982 1340 Gloriam

154 1360 198 1398 et
225 1368 430 1406 magnum
455 1354 661 1398 decorem
686 1356 887 1409 impones
915 1369 982 1396 su-

152 1424 233 1464 per
252 1424 362 1453 eum.
390 1411 451 1453 In.
481 1412 632 1454 Gloria
653 1412 783 1454 Patri.
812 1412 983 1463 Magna.

206 1463 255 1514 V.
266 1468 292 1509 J
293 1473 416 1509 ustus
426 1473 474 1510 ut
484 1468 631 1521 palma
642 1468 827 1511 florebit.
840 1470 890 1522 R.
905 1469 985 1510 Sic-

154 1529 203 1566 ut
222 1523 380 1566 cedrus
399 1524 556 1567 Libani
574 1525 946 1579 multiplicabitur.

361 1606 422 1646 In
439 1607 501 1647 11.
522 1606 774 1656 vesperis.

203 1664 293 1699 Ant.
317 1668 354 1700 et
378 1665 502 1710 Capit.
528 1666 575 1702 de
599 1667 720 1704 Laud.
748 1667 828 1711 5523
854 1669 915 1703 Ps.
940 1673 981 1703 ut

152 1711 193 1746 in
214 1712 241 1747 I.
262 1713 379 1758 Vesp.
405 1714 452 1749 de
478 1715 680 1751 Communi
704 1717 840 1760 Apost.
871 1715 918 1759 [2]
945 1723 981 1752 et

152 1761 288 1796 ultimo
311 1762 399 1797 loeo
423 1762 486 1797 Ps.
511 1763 682 1799 Credidi.
708 1763 776 1808 [45]

208 1813 421 1866 Hymnus.
448 1816 571 1858 Deus
589 1818 776 1858 tuorum.
795 1817 890 1857 548.

206 1868 258 1920 V.
268 1876 293 1916 J
296 1881 419 1917 ustus
430 1882 477 1918 ut
487 1877 633 1929 palma
643 1877 828 1919 florebit.
841 1879 891 1930 R.
906 1877 987 1918 Sic-

156 1938 205 1974 ut
223 1932 381 1974 cedrus
399 1933 556 1975 Libani
572 1933 944 1987 multiplicabitur.

208 1986 281 2029 Ad
299 1987 472 2038 Magnis.
496 1989 596 2031 Ant.
615 1990 735 2032 Misit
754 2003 832 2032 rex
850 1990 985 2032 incre-

158 2043 286 2087 dulus
327 2046 550 2088 ministros
592 2045 878 2088 detestabiles
889 2078 898 2095 ,
943 2052 987 2088 et

158 2102 376 2153 amputari
398 2103 522 2154 jussit
546 2107 678 2155 caput
702 2103 727 2144 J
729 2103 884 2145 oannis
906 2103 986 2144 Ba-

158 2158 316 2211 ptistae.

784 211 818 245 S.
843 210 959 244 Rosae
985 220 1007 244 a
1030 209 1065 244 S.
1090 210 1212 244 Maria
1236 210 1341 251 virg.
1366 209 1546 243 Limanae.

1083 302 1135 354 Χῖ.
1163 305 1318 357 Specie
1350 310 1426 346 tua
1458 310 1502 346 et
1534 301 1860 357 pulchritudine

1029 369 1114 406 tua.
1142 363 1193 414 R.
1208 360 1403 411 Intende,
1422 363 1638 414 prospere
1652 357 1861 412 procede,

1030 426 1074 462 et
1092 431 1237 470 regna.

1366 472 1533 513 Oratio.

1032 529 1298 634 Bonorum
1311 532 1505 574 omnium
1519 532 1711 583 largitor,
1729 533 1862 572 omni-

1133 596 1292 643 potens
1312 590 1450 639 Deus,
1478 589 1551 641 qui
1575 588 1752 630 beatam
1776 589 1862 630 Ro-

1032 661 1136 697 sam,
1157 646 1351 689 coelestis
1371 646 1525 697 gratiae
1545 658 1645 687 rore
1665 646 1863 698 praeven-

1031 709 1136 754 tam,
1168 703 1431 754 virginitatis
1464 707 1508 745 et
1535 702 1763 754 patientiae
1791 701 1863 743 de-

1033 764 1137 803 core
1164 759 1286 802 Indis
1315 759 1550 801 florescere
1578 758 1774 800 voluisti:
1809 758 1866 799 da

1031 817 1161 859 nobis
1194 816 1366 858 famulis
1394 816 1496 866 tuis;
1528 820 1577 857 ut
1609 816 1653 856 in
1681 814 1866 856 odorem

1034 873 1261 916 suavitatis
1298 873 1389 925 ejus
1425 874 1668 922 currentes,
1706 871 1867 913 Christi

1033 931 1175 973 bonus
1204 930 1317 972 odor
1345 929 1459 971 effici
1487 931 1749 971 mereamur:
1783 928 1868 978 Qui

1034 993 1181 1029 tecum
1201 987 1320 1028 vivit.

1087 1054 1229 1088 Postea
1254 1052 1310 1088 Ss.
1335 1052 1478 1087 Felicis
1502 1056 1570 1087 etc.
1596 1052 1702 1086 Mart.

1088 1106 1188 1146 Ant.
1224 1107 1416 1146 Istorum
1445 1110 1512 1146 est
1545 1103 1659 1146 enim
1688 1115 1869 1153 regnum

1036 1162 1260 1211 coelorum,
1275 1162 1350 1213 qui
1362 1162 1722 1214 contempserunt
1733 1160 1868 1202 vitam

1035 1217 1197 1273 mundi,
1222 1223 1265 1260 et
1288 1220 1583 1271 pervenerunt
1607 1215 1662 1258 ad
1687 1218 1869 1269 praemia

1036 1274 1175 1326 regni,
1210 1279 1253 1316 et
1286 1275 1487 1316 laverunt
1520 1274 1656 1316 stolas
1691 1287 1792 1315 suas
1825 1274 1869 1314 in

1037 1332 1246 1383 sanguine
1275 1332 1400 1383 Agni.

1089 1387 1139 1438 V.
1162 1392 1393 1434 Laetamini
1420 1393 1464 1433 in
1489 1393 1700 1444 Domino,
1730 1397 1774 1435 et
1798 1405 1868 1434 ex-

1037 1451 1198 1491 sultate
1225 1450 1336 1500 justi.
1380 1448 1430 1498 Rz.
1462 1449 1519 1491 Et
1551 1449 1798 1501 gloriamini
1826 1462 1869 1490 o-

1038 1519 1161 1548 mnes
1179 1507 1289 1548 recti
1308 1506 1453 1548 corde.

1371 1572 1534 1611 Oratio.

1038 1627 1373 1734 Maiestatem
1402 1637 1523 1674 tuam
1552 1632 1741 1674 Domine
1770 1635 1869 1684 sup-

1161 1689 1300 1742 plices
1321 1691 1570 1731 exoramus:
1590 1694 1638 1731 ut
1658 1689 1771 1730 sicut
1789 1701 1871 1730 nos

1038 1746 1195 1797 jugiter
1215 1748 1469 1788 sanctorum
1487 1747 1665 1788 tuorum
1685 1758 1871 1787 comme-

1038 1803 1283 1844 moratione
1327 1802 1547 1853 laetificas3
1592 1803 1652 1844 ita
1698 1815 1872 1854 semper

1039 1859 1363 1912 supplicatione
1389 1859 1611 1902 defendas.
1643 1859 1728 1901 Per
1747 1859 1872 1900 Dfim.

1091 1927 1136 1962 In
1165 1927 1193 1962 Ι.
1221 1926 1422 1962 Nocturno
1456 1926 1661 1961 Lectiones
1697 1924 1743 1959 de
1774 1924 1872 1959 Scri-

1040 1980 1154 2019 ptura
1180 1979 1414 2010 occurrente.

1266 2045 1316 2084 In
1343 2044 1394 2083 ΙΙ.
1422 2043 1646 2084 Nocturno.

1344 2110 1498 2151 Lectio
1519 2109 1572 2150 iv.

1045 2179 1125 2229 ΓΤῙ
1135 2175 1290 2216 rimus
1324 2175 1542 2217 Americae
1570 2174 1873 2217 Meridionalis

207 2219 358 2254 Deinde
382 2220 423 2255 fit
444 2230 640 2258 commem.
658 2233 763 2267 sequ.
790 2226 826 2258 et
843 2222 899 2258 Ss.
917 2222 983 2257 Fe-
1046 2240 1058 2259 ιτ
1079 2226 1080 2238 ³
1099 2230 1109 2236 ”
1148 2224 1150 2231 ’

156 2266 243 2301 licis
261 2271 298 2302 et
314 2268 482 2304 Adaucti
499 2269 607 2305 Mart.

365 2351 449 2392 Die
476 2352 548 2391 30.
576 2350 777 2401 Augusti.

160 2416 203 2456 S.
213 2415 359 2456 Rosae
374 2424 406 2455 a
421 2414 464 2455 S.
478 2413 642 2504 lgarlia
649 2410 771 2461 virg.
782 2410 986 2450 Limanae.

527 2480 578 2514 up
597 2480 654 2505 ex.

211 2522 350 2558 Omnia
374 2523 421 2578 de
442 2523 646 2559 Communi
662 2525 767 2569 Virg.
797 2526 869 2569 [83]
891 2535 988 2569 prae-

159 2575 217 2606 ter
240 2575 452 2615 sequentla.

211 2627 310 2669 Ant.
340 2626 448 2670 Veni
467 2639 630 2679 sponsa
646 2627 816 2676 Christi,
837 2625 989 2678 accipe

161 2686 381 2733 coronam,
402 2695 533 2735 quam
552 2682 629 2724 tibi
644 2683 859 2724 Dominus
878 2695 988 2734 prae-

161 2740 333 2794 paravit
352 2740 395 2781 in
415 2742 639 2782 aeternum.

315 2880 379 2904 Pars
395 2881 502 2905 AEstiva.

1172 2232 1255 2273 flos
1287 2229 1548 2281 sanctitatis,
1581 2232 1706 2283 virgo
1740 2232 1873 2279 Rosa,

1048 2286 1051 2289 ’
1079 2277 1139 2310 ¹³²?
1173 2288 1421 2330 christianis
1448 2288 1706 2341 parentibus
1733 2289 1872 2330 Limae

1041 2345 1284 2398 progenita,
1304 2358 1409 2387 mox
1427 2345 1483 2387 ab
1498 2345 1773 2388 incunabulis
1788 2346 1872 2387 cla-

1042 2401 1127 2443 ruit
1163 2401 1321 2443 futurae
1353 2402 1655 2444 sanctimoniae
1692 2402 1875 2443 indiciis.

1042 2458 1158 2499 Nam
1182 2458 1328 2499 vultus
1352 2458 1530 2500 infantis
1555 2458 1812 2500 mirabiliter
1830 2458 1874 2498 in

1042 2527 1157 2556 rosae
1184 2513 1371 2565 effigiem
1397 2515 1747 2566 transfiguratus,
1773 2514 1874 2555 huic

1042 2571 1206 2612 nomini
1222 2572 1503 2613 occasionem
1518 2571 1655 2613 dedit:
1670 2571 1739 2613 cui
1753 2572 1872 2623 post-

1043 2639 1094 2668 ea
1113 2627 1252 2678 Virgo
1272 2628 1467 2680 Deipara
1492 2629 1736 2679 cognomen
1759 2625 1872 2678 adje-

1043 2683 1112 2733 cit,
1136 2683 1289 2735 jubens
1309 2684 1460 2726 vocari
1479 2684 1687 2736 deinceps
1707 2683 1874 2724 Rosam

1044 2752 1068 2780 a
1087 2745 1239 2782 sancta
1254 2740 1402 2782 Maria.
1432 2739 1702 2792 Quinquefiis
1721 2744 1874 2781 votum

1625 2869 1666 2901 36
