2040 2976
186 187 251 221 31ss

187 285 231 322 et
253 286 353 322 actu
373 279 642 322 delectemur
668 286 711 323 et
730 281 885 323 fructu.
930 281 1015 323 Per

188 335 390 378 eumdem
410 337 660 378 Dominum.

348 409 435 450 Ad
462 409 851 451 matutinum.

236 473 361 512 Iuvit.
400 470 623 512 Christum
650 483 734 523 pro
762 471 890 513 nobis
918 483 1014 523 pas-

186 539 292 574 sum,
311 530 333 552 *
358 526 518 568 Venite
536 526 781 568 adoremus.

234 591 302 629 Ps.
335 588 492 630 Venite
511 587 790 629 exsultemus.
817 588 854 627 2.

495 668 706 718 Hymnus.

268 741 294 768 n
315 734 362 770 ut
382 729 573 781 superba
592 730 820 771 criminum

309 785 367 826 Et
386 798 504 826 saeva
522 788 774 827 nostrerum
793 786 954 828 cohors

237 842 324 883 Cor
345 841 556 883 sauciavit
575 844 785 884 innocens

236 898 445 940 Merentis
465 898 582 939 haud
601 898 689 940 tale
708 898 806 940 Dei!

187 963 227 1002 V
229 962 414 1003 ibrantis
435 961 606 1003 hastam
624 962 773 1003 militis

236 1019 426 1059 Peccata
445 1022 598 1058 nostra
617 1018 818 1069 dirigunt,

237 1075 511 1126 Ferrumque
532 1073 640 1115 dirae
660 1074 855 1127 cuspidis

238 1129 427 1171 Mortale
446 1128 611 1171 crimen
631 1131 759 1171 acuit.

184 1198 253 1237 Ex
277 1193 422 1235 Corde
442 1195 581 1236 scisso
601 1194 801 1235 Ecclesia

238 1250 413 1291 Christo
432 1251 580 1302 jugata
599 1251 809 1291 nascitur:

237 1307 337 1347 Hoc
358 1306 519 1347 ostium
540 1319 655 1347 arcae
675 1307 718 1346 in
736 1307 874 1348 latere
895 1311 961 1347 est

238 1362 369 1403 Genti
389 1361 445 1403 ad
466 1362 653 1403 salutem
672 1363 876 1415 pesitum.

185 1429 254 1468 Ex
273 1427 358 1468 1100
378 1427 582 1479 perennis
600 1427 751 1478 gratia,

239 1484 329 1524 Ceu
350 1483 618 1535 septiformis
638 1483 808 1533 fluvius,

238 1539 383 1581 Stolas
403 1544 450 1581 ut
469 1539 558 1580 illic
577 1538 781 1581 sordidas

237 1597 454 1637 Lavemus
474 1596 590 1646 Agni
610 1596 653 1636 in
673 1596 893 1646 sanguine.

187 1664 336 1713 Turpe
357 1666 423 1702 est
442 1659 586 1702 redire
606 1661 663 1702 ad
683 1661 874 1709 crimina,

241 1718 349 1767 Quae
371 1718 458 1758 Cor
476 1717 655 1759 beatum
673 1717 886 1759 lacerent:

237 1773 324 1815 Sed
345 1773 599 1815 aemulemur
619 1773 828 1815 cerdibus

238 1830 459 1871 Flammas
475 1830 638 1871 ameris
658 1830 836 1872 indices.

184 1898 284 1937 Hoc
306 1895 477 1936 Christe
496 1895 634 1944 nobis,
654 1895 739 1937 hoc
755 1896 899 1946 Pater,

239 1953 337 1992 Hoc
357 1957 506 1992 sancte
526 1950 643 1993 dona
663 1952 860 2004 Spiritus,

240 2008 409 2058 Quibus
428 2010 640 2060 potestas,
660 2008 812 2058 gloria,

239 2065 530 2115 Regnumque
558 2065 601 2104 in
630 2077 759 2106 omne
787 2070 854 2106 est
882 2067 1016 2107 saecu—

420 2119 520 2161 lum.
577 2121 730 2162 Amen.

418 2196 465 2233 In
494 2197 523 2234 Ι.
552 2197 774 2236 Nocturno.

237 2259 334 2298 Ant.
360 2258 478 2307 Quid
498 2264 564 2300 cst
583 2259 716 2300 homo
734 2260 835 2311 quia
854 2262 1016 2311 magni-

187 2314 294 2355 ficas
321 2327 435 2363 eum,
465 2320 539 2355 aut
571 2314 675 2366 quid
699 2316 886 2368 appenis
913 2329 1017 2366 erga

187 2383 287 2411 eum
306 2383 382 2411 cor
400 2369 546 2411 tuum?

235 2427 295 2461 Ps.
318 2428 432 2462 trium
456 2429 742 2463 Nocturnorum
764 2434 804 2463 ut
825 2429 862 2463 in
886 2430 1012 2463 Festis

183 2475 224 2509 B.
243 2475 375 2510 Mariae
391 2476 435 2510 v.
466 2478 557 2522 [136]

235 2527 336 2567 Ant.
359 2527 587 2571 Meditatio
605 2531 751 2572 cordis
766 2531 851 2572 mei
866 2532 908 2572 in
924 2544 1018 2572 con-

189 2588 343 2639 spectu
363 2590 439 2627 tuo
461 2599 646 2638 semper.

235 2640 335 2681 Ant.
356 2640 603 2683 Elevamini
619 2647 761 2694 portae
777 2642 1018 2691 aeternales,

190 2704 233 2740 et
253 2698 449 2740 introibit
468 2699 565 2740 Rex
584 2698 746 2748 gleriae.

862 194 918 228 Ss.
944 194 1085 228 Cordis
1109 194 1214 227 ι10311.

1121 279 1170 331 V.
1200 282 1391 324 Domine
1419 281 1545 324 dabis
1570 295 1727 336 pacem
1758 284 1897 327 nobis.

1072 342 1119 392 R'·
1146 338 1304 380 Omnia
1323 338 1439 380 enim
1458 341 1595 392 epera
1616 344 1768 382 nostra
1794 351 1896 394 ope-

1068 397 1189 436 ratus
1208 408 1256 437 es
1274 394 1414 436 nobis.

1250 467 1318 506 De
1344 464 1459 505 Isaia
1485 464 1719 518 Propheta.

1150 532 1300 573 Lectio
1322 532 1346 572 i.
1644 533 1748 585 Cap.
1764 534 1820 573 12.

1076 593 1409 684 ,ὢοηίίῒόῇοῐ
1427 593 1507 635 tibi
1526 594 1726 646 Domine,
1745 597 1896 648 queni-

1207 663 1278 690 am
1297 650 1434 691 iratus
1455 663 1502 693 es
1521 650 1643 692 mihi:
1660 653 1898 694 conversus

1077 689 1181 733 ‘33¹
1206 711 1274 747 est
1298 706 1421 747 furor
1443 712 1555 757 tuus,
1579 712 1624 749 et
1643 708 1898 751 consolatus

1069 774 1116 803 es
1139 775 1221 803 me.
1254 762 1371 804 Ecce
1395 763 1517 805 Deus
1537 763 1740 806 Salvator
1762 777 1898 815 meus,

1069 817 1332 860 fiducialiter
1359 831 1503 870 agam,
1532 825 1576 862 et
1602 833 1691 862 non
1717 820 1898 863 timebo:

1070 875 1172 926 quia
1208 874 1423 917 fortitudo
1455 889 1568 926 mea,
1601 881 1645 919 et
1676 876 1773 919 laus
1800 889 1899 919 mea

1069 931 1294 980 Deminus‚
1320 936 1364 973 et
1387 932 1528 974 factus
1552 937 1620 974 est
1643 933 1751 974 mihi
1769 933 1813 974 in
1833 946 1897 974 sa-

1068 987 1216 1029 lutem.
1251 988 1475 1030 Haurietis
1502 1002 1640 1041 aquas
1665 990 1710 1030 in
1735 989 1898 1040 gaudio

1069 1043 1124 1084 de
1158 1043 1352 1085 fontibus
1381 1044 1636 1086 Salvatoris:
1666 1050 1711 1087 et
1742 1045 1899 1087 dicetis

1068 1099 1111 1140 in
1131 1098 1202 1140 die
1220 1099 1310 1140 illa:
1340 1100 1619 1142 Confitemini
1632 1101 1836 1150 Demino‚
1855 1106 1900 1143 et

1068 1155 1271 1197 invocate
1294 1167 1455 1197 nomen
1479 1157 1588 1208 ejus:
1615 1162 1744 1198 notas
1768 1157 1898 1199 facite

1070 1211 1113 1251 in
1132 1210 1310 1263 pepulis
1329 1210 1663 1254 adinventienes
1683 1214 1794 1265 ejus:
1811 1225 1899 1255 me-

1069 1269 1264 1309 mentOte
1313 1268 1521 1318 queniam
1565 1269 1789 1310 excelsum
1833 1274 1900 1311 est

1069 1335 1228 1365 nomen
1247 1324 1350 1375 ejus.
1379 1323 1565 1366 Cantate
1582 1325 1775 1366 Domino
1794 1328 1896 1378 quo-

1069 1379 1185 1420 niam
1220 1379 1451 1430 magnifice
1487 1380 1609 1422 fecit:
1646 1382 1900 1424 annuntiate

1070 1437 1155 1478 1100
1180 1437 1223 1477 in
1246 1436 1451 1477 universa
1473 1442 1602 1478 terra.
1636 1437 1830 1488 Exsulta,
1857 1442 1901 1480 et

1069 1492 1200 1535 lauda
1219 1492 1434 1535 habitatio
1454 1493 1575 1535 Sion:
1596 1494 1698 1546 quia
1715 1507 1900 1546 magnus

1069 1550 1112 1590 in
1131 1549 1278 1591 medio
1296 1550 1360 1591 tui
1379 1555 1558 1591 sanctus
1577 1550 1724 1592 Israel.

1124 1611 1175 1662 Ην.
1199 1606 1294 1657 Ego
1324 1619 1420 1647 sum
1446 1606 1572 1659 panis
1600 1607 1718 1649 vitae:
1750 1612 1900 1660 patres

1070 1662 1205 1704 vestri
1246 1662 1622 1704 manducaverunt
1662 1676 1821 1705 manna
1856 1664 1899 1704 in

1071 1719 1260 1768 deserto,
1287 1723 1331 1760 et
1354 1719 1516 1760 mortui
1539 1724 1658 1761 sunt:
1682 1722 1703 1746 *
1725 1720 1811 1761 Hic
1835 1724 1902 1762 est

1071 1775 1197 1828 panis
1231 1775 1286 1816 de
1314 1775 1429 1816 coelo
1459 1774 1750 1826 descendens,
1783 1780 1833 1817 ut
1863 1776 1901 1817 si

1071 1832 1168 1884 quis
1187 1844 1242 1873 ex
1260 1831 1359 1884 ipso
1377 1831 1625 1881 manducet,
1639 1845 1727 1873 non
1742 1832 1899 1873 moria-

1070 1894 1152 1930 tur.
1184 1884 1234 1935 V.
1257 1888 1352 1938 Ego
1383 1901 1480 1928 sum
1507 1888 1634 1940 panis
1661 1888 1798 1938 vivus,
1826 1889 1901 1940 qui

1071 1944 1127 1986 de
1147 1944 1262 1986 coelo
1287 1942 1511 1985 descendi:
1535 1944 1571 1985 si
1598 1945 1695 1996 quis
1721 1943 1899 1986 mandu-

1071 2001 1238 2042 caverit
1257 2013 1312 2041 ex
1330 1999 1416 2041 hoc
1434 2012 1560 2052 pane,
1574 2001 1694 2042 vivet
1712 2001 1755 2041 in
1776 2002 1900 2043 aeter-

1070 2070 1183 2098 num.
1211 2056 1308 2097 Hic.

1173 2128 1327 2169 Lectio
1347 2128 1386 2168 ii.
1607 2129 1710 2181 Cap.
1730 2130 1795 2169 26.

1070 2188 1145 2293 In
1182 2193 1253 2235 die
1290 2193 1364 2235 illa
1401 2195 1649 2237 cantabitur
1683 2196 1900 2238 canticum

1146 2249 1266 2292 istud
1289 2250 1333 2290 in
1351 2255 1470 2292 terra
1490 2251 1515 2291 J
1517 2251 1618 2293 uda:
1648 2251 1763 2293 Urbs
1781 2251 1899 2293 forti-

1069 2306 1235 2349 tudinis
1249 2311 1413 2348 nostrae
1428 2307 1533 2349 Sion
1548 2308 1752 2358 salvator,
1766 2310 1898 2361 pone-

1070 2369 1140 2404 tur
1181 2363 1225 2404 in
1261 2375 1313 2404 ea
1348 2376 1498 2404 murus
1540 2369 1584 2406 et
1621 2364 1900 2406 antemurale.
1963 2368 1967 2371 ’

1070 2420 1254 2472 Aperite
1268 2424 1432 2471 portas,
1451 2425 1495 2461 et
1510 2419 1778 2471 ingrediatur
1791 2433 1900 2471 gens

1070 2477 1194 2527 justa,
1214 2475 1468 2517 custediens
1486 2477 1728 2519 veritatem.
1757 2476 1899 2518 Vetus

1071 2544 1194 2573 error
1205 2532 1327 2574 abiit:
1342 2532 1539 2575 servabis
1553 2545 1723 2586 pacem:
1733 2545 1900 2585 pacem,

1072 2588 1174 2639 quia
1194 2589 1236 2629 in
1255 2594 1300 2630 te
1318 2589 1602 2641 speravimus.
1621 2589 1840 2641 Sperastis
1856 2589 1896 2629 in

1072 2644 1261 2685 Domino
1280 2645 1323 2685 in
1347 2645 1520 2687 saeculis
1540 2644 1725 2694 aeternis,
1750 2645 1793 2684 in
1812 2645 1898 2686 De-

1071 2700 1188 2741 mino
1204 2702 1302 2742 Deo
1318 2702 1420 2743 forti
1435 2702 1477 2742 in
1495 2702 1767 2754 perpetuum.
1788 2701 1900 2750 Quia
