2040 2976
189 219 260 254 190

500 310 651 350 Lectio
672 310 710 349 ii.

270 374 288 410 t
306 367 462 419 juravit
479 380 652 408 rursum
670 364 843 407 Davidi.
869 365 926 407 Et
944 364 1017 406 ille

290 424 368 464 ait:
402 423 493 464 Scit
523 423 725 475 profecto
758 427 884 474 pater
915 426 1017 462 tuus

189 480 291 532 quia
313 479 457 520 inveni
480 479 667 530 gratiam
690 479 734 519 in
757 477 895 519 eculis
919 476 1016 525 tuis,

188 540 231 576 et
251 534 381 576 dicet:
406 534 587 575 Nesciat
605 534 691 575 hoc
709 534 733 574 J
737 533 936 581 enathas,
962 544 1016 572 ne

187 591 299 632 forte
323 590 531 631 tristetur.
569 590 774 639 Quinimo
799 589 905 630 vivit
928 588 1016 628 De-

187 647 340 696 minus,
360 651 404 687 et
421 646 527 687 vivit
547 646 690 686 anima
705 650 791 695 tua,
813 644 914 696 quia
929 655 1015 684 uno

186 708 355 744 tantum
383 703 445 752 (ut
470 701 530 743 ita
555 700 711 751 dicam)
742 700 898 751 gradu,
933 711 1015 750 ego

186 771 396 810 morsque
425 757 670 799 dividimur.
717 757 773 798 Et
801 756 860 797 ait
887 756 912 795 J
916 757 1015 796 ena-

186 813 284 855 thas
303 813 360 855 ad
378 813 537 854 David:
557 812 877 864 Quodcumque
898 811 1015 852 dixe-

187 870 243 911 rit
261 870 367 910 mihi
387 869 530 910 anima
548 874 633 918 tua,
654 869 810 909 faciam
829 867 919 909 tibi.

240 924 290 974 R:-
317 926 491 966 Montes
510 924 691 966 Gelboe.
711 924 796 964 178.

488 980 638 1020 Lectio
660 980 714 1019 iii.

276 1038 355 1079 ixit
374 1043 519 1079 autem
538 1035 684 1078 David
709 1035 766 1078 ad
784 1036 808 1077 J
811 1034 1016 1077 onathan:

281 1094 398 1135 Ecce
418 1093 612 1135 calendae
632 1098 733 1133 sunt
750 1092 954 1141 crastino,
974 1096 1017 1132 et

188 1162 270 1201 ego
291 1162 346 1191 ex
363 1162 486 1190 more
507 1148 661 1190 sedere
681 1148 804 1189 soleo
819 1148 938 1199 juxta
953 1160 1016 1188 re-

186 1218 286 1256 gem
314 1204 370 1246 ad
396 1204 678 1246 vescendum:
713 1203 881 1244 dimitte
911 1215 1016 1253 ergo

185 1274 265 1310 me,
283 1266 332 1302 ut
352 1260 600 1302 abscondar
618 1261 662 1300 in
681 1272 788 1310 agro
804 1271 944 1310 usque
960 1258 1018 1300 ad

185 1319 414 1368 vesperam
431 1316 517 1357 diei
531 1316 684 1357 tertiae.
712 1316 757 1356 Si
775 1315 1016 1367 respiciens

185 1372 434 1424 requisierit
452 1384 522 1413 me
541 1376 669 1424 pater
689 1376 807 1419 tuus,
834 1383 1015 1422 respon-

185 1428 311 1469 debis
328 1428 381 1469 ei:
401 1428 592 1478 Rogavit
607 1440 677 1468 me
692 1426 849 1476 David,
867 1432 916 1468 ut
934 1427 1017 1467 iret

186 1484 385 1525 celeriter
420 1484 465 1524 in
496 1483 757 1524 Bethlehem
794 1483 1016 1524 civitatem

186 1552 323 1579 suam:
362 1539 462 1590 quia
490 1539 680 1580 victimae
710 1539 928 1579 solemnes
956 1538 1017 1579 ibi

186 1599 287 1636 sunt
318 1595 530 1636 universis
564 1594 883 1635 contribulibus
916 1594 1015 1634 suis.

185 1651 231 1691 Si
247 1650 416 1699 dixerit,
430 1650 566 1691 Bene:
583 1663 672 1702 pax
687 1650 768 1691 erit
783 1663 912 1692 servo
927 1655 1016 1691 tuo.

186 1706 231 1753 Si
259 1711 404 1747 autem
434 1706 563 1747 fuerit
587 1706 740 1755 iratus,
773 1706 884 1747 scito
915 1706 1015 1758 quia

187 1761 406 1813 completa
425 1766 492 1802 est
509 1761 675 1802 malitia
693 1763 795 1813 ejus.

238 1816 288 1867 R.
316 1818 412 1867 Ego
432 1822 476 1858 te
494 1817 585 1858 tuli.
605 1818 691 1858 178.

456 1929 484 1965 S
502 1940 528 1965 a
544 1930 570 1965 b
588 1930 615 1965 b
633 1940 659 1965 a
675 1933 691 1964 t
708 1940 747 1966 ο.

323 1978 390 2021 De
410 1980 522 2021 libro
540 1981 683 2032 primo
704 1982 886 2031 Regum.

292 2034 443 2076 Lectio
462 2036 486 2075 i.
729 2036 832 2086 Cap.
852 2036 909 2076 21.

199 2106 293 2183 ss?
305 2096 939 2194 θέῗὴῗῐῗὲἔοξῖἓὲειίἓόῖξὲῃῖῗ
958 2097 1016 2195 aec}

188 2206 416 2257 obstupuit
431 2206 725 2257 Achimelech,
739 2221 792 2249 eo
809 2208 929 2260 quod
944 2222 1014 2250 ve-

186 2265 323 2303 nisset
340 2262 496 2303 David.
524 2263 581 2304 Et
600 2262 709 2304 dixit
729 2264 784 2305 ei:
804 2265 948 2314 Quare
968 2271 1015 2306 tu

187 2318 326 2366 solus,
353 2324 396 2359 et
418 2318 562 2359 nullus
587 2324 655 2360 est
678 2320 845 2361 tecum?
880 2321 936 2361 Et
955 2321 1016 2362 ait

186 2372 332 2414 David
351 2373 408 2415 ad
423 2373 708 2415 Achimelech
724 2375 1015 2417 sacerd6tem:

187 2430 285 2470 Rex
311 2429 526 2481 praecepit
550 2429 655 2470 mihi
682 2433 944 2480 sermenem,
973 2437 1015 2472 et

187 2483 310 2526 dixit:
355 2485 498 2525 Nemo
535 2485 646 2526 sciat
682 2499 794 2535 rem,
831 2491 1015 2538 propter

187 2553 318 2591 quam
337 2541 496 2581 missus
512 2552 559 2581 es
575 2553 600 2581 a
614 2553 694 2590 me,
715 2547 758 2582 et
773 2541 1015 2592 cujusmodi

186 2597 412 2648 praecepta
431 2595 511 2636 tibi
531 2595 742 2637 dederim:
761 2610 861 2637 nam
879 2602 923 2638 et
938 2601 1014 2649 pu-

186 2652 271 2692 eris
303 2651 480 2692 condixi
512 2651 555 2691 in
586 2652 707 2692 illum
736 2658 779 2693 et
804 2653 926 2692 illum
953 2653 1013 2693 lo-

186 2720 295 2748 cum.
332 2707 459 2748 Nunc
483 2719 587 2757 ergo
614 2708 650 2748 si
677 2707 782 2758 quid
802 2707 938 2748 habes
958 2707 1015 2749 ad

548 218 647 250 Infra
675 215 969 249 llcbdoinudam
997 215 1043 247 iv.
1069 219 1157 256 post
1183 214 1261 246 Oct.
1286 213 1545 246 l’entecostes.

1070 321 1257 357 manum,
1275 307 1345 348 vel
1366 307 1559 359 quinque
1578 319 1727 359 panes,
1751 306 1808 348 da
1826 306 1902 347 mi-

1070 363 1129 412 hi,
1145 369 1220 404 aut
1240 362 1455 415 quidquid
1473 363 1702 404 inveneris.

1124 420 1175 470 Rz.
1199 419 1398 460 Peccavi.
1418 419 1503 460 179.

1382 474 1535 515 Lectio
1556 473 1595 513 ii.

1151 536 1170 572 t
1198 530 1474 584 respendens
1502 529 1711 572 sacerdos
1735 531 1792 572 ad
1817 531 1902 572 Da-

1165 587 1256 637 vid,
1284 588 1344 628 ait
1367 587 1443 627 illi:
1470 586 1573 628 Non
1597 585 1741 628 habeo
1766 586 1903 628 laicos

1070 655 1207 695 panes
1231 642 1288 684 ad
1310 656 1504 692 manum,
1533 641 1613 683 sed
1635 647 1805 683 tantum
1827 655 1902 695 pa-

1070 711 1171 739 nem
1190 705 1403 741 sanctum:
1423 699 1460 739 si
1478 697 1630 739 mundi
1649 703 1749 740 sunt
1767 699 1904 750 pueri,

1070 755 1260 796 maxime
1281 768 1305 796 a
1329 753 1609 796 mulieribus?
1645 755 1702 796 Et
1724 756 1903 807 respon-

1072 809 1135 852 dit
1166 810 1314 852 David
1346 810 1587 860 sacerdoti,
1629 815 1673 852 et
1707 810 1817 852 dixit
1850 811 1904 851 ei:

1071 867 1306 919 Equidem,
1333 868 1370 908 si
1394 867 1450 909 de
1471 866 1727 908 mulieribus
1747 866 1904 918 agitur:

1059 924 1365 972 ,continuimus
1384 936 1467 965 nos
1486 922 1542 965 ab
1561 922 1656 964 heri
1670 927 1714 964 et
1728 921 1904 964 nudius-

1070 980 1242 1029 tertius,
1276 979 1454 1031 quando
1477 978 1828 1030 egrediebamur,
1861 983 1905 1020 et

1071 1035 1244 1077 fuerunt
1294 1048 1400 1076 vasa
1450 1037 1692 1088 puerorum
1740 1039 1904 1075 sancta.

1070 1092 1210 1133 Porro
1235 1091 1307 1132 via
1331 1091 1429 1132 haec
1454 1091 1624 1144 polluta
1649 1095 1733 1140 est,
1761 1089 1842 1131 sed
1861 1094 1905 1131 et

1071 1147 1169 1199 ipsa
1188 1147 1320 1188 hedie
1345 1146 1690 1188 sanctificabitur
1713 1146 1758 1187 in
1776 1145 1905 1187 vasis.

1071 1203 1207 1245 Dedit
1231 1216 1336 1254 ergo
1361 1203 1402 1245 ei
1425 1202 1635 1244 sacerdos
1660 1201 1904 1243 sanctifica-

1071 1264 1164 1300 tum
1191 1272 1365 1311 panem:
1396 1272 1541 1311 neque
1573 1259 1689 1300 enim
1722 1263 1818 1299 erat
1844 1259 1905 1300 ibi

1070 1315 1213 1367 panis,
1243 1315 1327 1355 nisi
1350 1320 1520 1356 tantum
1543 1327 1682 1367 panes
1701 1315 1904 1367 proposi-

1070 1371 1220 1422 ti6nis,
1251 1371 1326 1423 qui
1354 1371 1515 1413 sublati
1542 1371 1716 1412 fuerant
1742 1382 1768 1411 a
1792 1370 1903 1412 facie

1070 1427 1266 1477 Demini,
1294 1432 1343 1468 ut
1369 1428 1641 1480 ponerentur
1667 1438 1806 1479 panes
1835 1428 1903 1468 ca-

1070 1483 1159 1525 lidi.

1121 1541 1172 1593 Rz.
1198 1538 1430 1581 Exaudisti
1448 1539 1648 1587 Demine.
1668 1539 1761 1580 180.

1370 1595 1525 1636 Lectio
1546 1594 1601 1634 iii.

1069 1647 1223 1752 Erat
1258 1656 1406 1693 autem
1443 1651 1504 1693 ibi
1533 1651 1600 1692 vir
1633 1650 1812 1703 quidam
1848 1650 1904 1692 de

1161 1708 1301 1749 servis
1320 1707 1440 1757 Saul,
1459 1707 1503 1747 in
1523 1706 1594 1748 die
1613 1706 1703 1757 illa,
1723 1706 1839 1748 intus
1858 1706 1903 1747 in

1068 1763 1355 1805 tabernaculo
1368 1763 1560 1804 Demini:
1574 1767 1619 1804 et
1634 1774 1796 1803 nomen
1810 1763 1902 1814 ejus

1068 1820 1197 1871 Doeg
1215 1819 1455 1869 Idumaeus,
1474 1818 1808 1872 potentissimus
1826 1830 1901 1871 pa-

1069 1877 1238 1917 storum
1265 1875 1379 1917 Saul.
1423 1874 1547 1916 Dixit
1580 1878 1727 1915 autem
1757 1873 1903 1915 David

1069 1931 1127 1972 ad
1158 1929 1461 1972 Achimelech:
1497 1929 1543 1971 Si
1574 1928 1712 1971 habes
1742 1929 1815 1970 hic
1845 1928 1902 1970 ad

1069 1993 1246 2028 manum
1263 1985 1448 2036 hastam,
1466 1990 1542 2026 aut
1559 1983 1778 2036 gladium?
1800 1985 1902 2037 quia

1069 2042 1265 2093 gladium
1287 2054 1451 2091 meum,
1480 2046 1524 2082 et
1547 2053 1669 2082 arma
1691 2053 1791 2082 mea
1813 2053 1902 2082 non

1068 2098 1148 2139 tuli
1166 2110 1350 2139 mecum.
1381 2098 1537 2139 Sermo
1558 2097 1673 2138 enim
1697 2097 1814 2147 regis
1832 2109 1900 2138 ur-

1068 2153 1211 2205 gebat.
1238 2154 1296 2194 Et
1315 2152 1427 2194 dixit
1447 2151 1670 2194 sacerdos:
1694 2152 1810 2194 Ecce
1830 2151 1901 2194 hic

1068 2209 1241 2261 gladius
1269 2207 1450 2250 Goliath
1477 2207 1735 2257 Philistha'ei‚
1770 2220 1901 2261 quem

1068 2265 1324 2317 percussisti
1343 2265 1386 2305 in
1406 2263 1534 2306 Valle
1553 2263 1808 2314 terebinthi,
1833 2269 1901 2305 est

1067 2321 1291 2362 involutus
1331 2320 1467 2373 pallio
1511 2324 1615 2372 post
1655 2318 1818 2372 ephod:
1863 2320 1901 2360 si

1067 2377 1199 2418 istum
1245 2376 1309 2417 vis
1353 2375 1525 2424 tollere,
1568 2375 1687 2417 tolle.
1742 2375 1900 2427 Neque

1068 2433 1183 2473 enim
1206 2433 1277 2474 hic
1302 2437 1370 2473 est
1400 2431 1511 2472 alius
1537 2431 1706 2482 absque
1732 2443 1798 2472 eo.
1842 2431 1900 2473 Et

1068 2488 1127 2529 ait
1145 2487 1304 2529 David:
1327 2487 1429 2528 Non
1449 2492 1516 2529 est
1534 2486 1636 2528 huic
1655 2486 1766 2528 alter
1785 2486 1898 2527 s1mi-

1067 2543 1130 2592 lis,
1150 2543 1207 2584 da
1225 2542 1330 2584 mihi
1353 2556 1463 2584 eum.

1118 2597 1168 2647 R.
1197 2598 1315 2640 Audi
1333 2599 1534 2640 Domine.
1554 2599 1647 2639 180.

1121 2651 1193 2692 Ad
1207 2651 1381 2702 Magnis.
1400 2652 1502 2693 Ant.
1523 2651 1698 2694 Montes
1715 2652 1898 2702 Gelboe,

1067 2709 1090 2734 *
1108 2722 1191 2750 nec
1208 2723 1283 2751 ros
1302 2723 1383 2751 nec
1401 2709 1552 2762 pluvia
1570 2709 1748 2750 veniant
1767 2720 1900 2760 super
