2040 2976
772 203 979 236 Commune
1005 213 1081 236 non
1107 201 1315 244 Y'irginum.

260 300 380 340 Pater
397 302 556 340 noster.

254 359 496 399 Absolutis).
526 359 666 410 Ipsius
685 359 836 411 pietas.

254 411 302 461 Y
326 415 437 457 Jube
461 415 630 457 domne.

255 472 413 513 Bened.
442 473 560 513 Deus
579 471 710 512 Pater
731 472 1019 523 omnipotens.

205 551 265 590 Ex
282 547 394 590 libro
415 548 552 589 sancti
571 547 795 589 Ambrosii
812 546 1020 600 Episcopi

491 603 546 646 de
564 603 733 646 Viduis.

474 672 599 716 Prope
623 672 745 706 finem.

498 729 648 771 Lectio
668 730 720 770 iv.

209 802 265 837 <4st-
285 800 331 837 3
347 800 471 839 grum
485 786 599 827 hunc
611 785 820 827 Ecclesiae
834 784 1020 826 fertilem

207 839 289 915 fg)
360 855 504 892 cerno,
517 855 630 883 nunc
640 841 901 892 integritatis
912 841 1021 882 flore

233 911 326 926 2
359 901 633 948 vernantem,
659 911 774 939 nunc
797 897 1021 939 viduitatis

200 958 414 1008 gravitate
446 955 700 1009 pollentem,
740 966 854 995 nunc
891 953 1022 995 etiam

201 1013 389 1066 conjugii
437 1011 650 1053 fructibus
694 1010 1021 1052 redundantem.

199 1070 313 1111 Nam
333 1070 416 1111 etsi
435 1068 606 1117 diversi,
624 1070 750 1109 unius
769 1072 915 1109 tamen
930 1067 1022 1118 agri

202 1127 367 1168 fructus
396 1130 511 1167 sunt:
538 1137 618 1166 nec
645 1129 767 1166 tanta
794 1123 1022 1165 hortorum

201 1183 304 1233 lilia,
324 1187 497 1235 quantae
517 1183 663 1223 aristae
683 1182 894 1232 segetum,
913 1182 1021 1221 mes-

201 1240 313 1281 sium
340 1239 488 1292 spicae:
519 1237 897 1290 compluriumque
926 1238 1022 1290 spa-

202 1297 261 1338 tia
293 1297 547 1348 camporum
577 1293 840 1347 recipiendis
873 1295 1022 1346 aptan-

201 1357 271 1394 tur
299 1352 553 1401 seminibus,
580 1364 711 1403 quam
737 1349 920 1392 redditis
947 1362 1022 1391 no-

201 1409 319 1451 vales
338 1408 551 1450 fructibus
569 1407 790 1449 feriantur.
817 1407 940 1448 Bona
960 1419 1021 1448 er-

200 1478 255 1517 go
276 1465 479 1515 viduitas,
508 1477 606 1517 quae
625 1464 758 1506 toties
778 1463 1022 1516 apostolico

201 1522 359 1575 judicio
378 1521 654 1575 praedicatur.
681 1521 792 1562 Haec
807 1520 922 1562 enim
935 1533 1022 1561 ma-

200 1581 335 1631 gistra
349 1578 462 1628 fidei,
481 1580 689 1630 magistra
709 1582 775 1618 est
796 1577 1022 1619 castitatis.

254 1637 303 1689 R.
333 1635 522 1688 Propter
553 1634 799 1683 veritatem,
832 1638 875 1675 et
905 1646 1021 1674 man-

202 1692 490 1741 suetudinem,
517 1695 560 1732 et
585 1690 806 1742 justitiam:
827 1696 851 1722 *
867 1690 923 1731 Et
949 1689 1020 1731 de-

202 1747 333 1790 ducet
363 1753 407 1790 te
438 1746 693 1789 mirabiliter
725 1745 905 1788 dextera
934 1750 1020 1787 tua.

201 1805 251 1854 Y'.
277 1805 432 1858 Specie
449 1809 526 1846 tua
544 1808 588 1846 et
606 1802 929 1856 pulchritudine
947 1807 1021 1844 tua

201 1861 392 1911 intende,
420 1863 634 1914 prospere
657 1859 866 1912 procede,
895 1864 939 1901 et
958 1872 1020 1901 re-

200 1930 295 1968 gna.
330 1919 386 1960 Et
405 1918 605 1960 deducet.

254 1974 413 2016 Bened.
441 1974 635 2015 Christus
654 1976 890 2028 perpetuae.

508 2041 659 2082 Lectio
680 2056 716 2081 v.

203 2098 376 2204 Unde
401 2106 444 2142 et
463 2101 524 2142 illi
547 2101 620 2153 qui
639 2101 822 2143 deorum
841 2103 1020 2143 suorum

305 2157 517 2199 adulteria
548 2162 591 2200 et
622 2157 786 2211 probra
815 2161 1018 2200 veneran-

201 2218 282 2264 tur,
321 2213 551 2256 coelibatus
587 2219 631 2256 et
670 2214 892 2256 viduitatis
937 2220 1020 2257 sta-

201 2272 324 2312 tuere
351 2283 521 2323 poenas,
548 2276 596 2313 ut
623 2271 767 2312 aemuli
795 2272 1021 2313 criminum

200 2326 460 2368 mulctarent
480 2327 623 2368 studia
637 2327 855 2380 virtutum,
875 2329 1022 2381 specie

202 2383 389 2435 quidem,
410 2395 495 2435 qua
514 2383 843 2426 foecunditatem
859 2387 1021 2438 quaere-

201 2444 314 2490 rent,
343 2439 422 2481 sed
447 2439 610 2490 studio,
640 2453 726 2492 quo
746 2442 1022 2494 propositum

203 2497 415 2538 castitAtis
451 2495 687 2538 abolerent.
732 2497 846 2539 Nam
881 2498 1022 2539 confe-

203 2553 283 2595 ctis
303 2558 346 2595 et
364 2552 489 2595 miles
509 2553 736 2605 stipendiis
755 2566 875 2595 arma
890 2554 1022 2607 depo-

202 2610 275 2660 nit,
296 2614 339 2652 et
355 2609 508 2651 relicto
530 2609 675 2650 officio
698 2609 816 2662 quod
833 2610 1022 2661 gerebat,

203 2666 260 2708 ad
278 2666 457 2720 propria
475 2667 706 2708 veteranus
728 2679 828 2707 rura
849 2666 1022 2708 dimitti-

202 2728 289 2774 tur,
317 2728 365 2765 ut
389 2728 432 2765 et
455 2723 549 2776 ipse
574 2723 775 2764 exercitae
800 2722 1023 2765 laboribus

1071 295 1172 336 vitae
1186 291 1381 344 requiem
1395 291 1705 342 consequetur3
1725 292 1768 330 et
1783 287 1892 329 alios

1073 363 1174 403 spes
1198 349 1356 390 futurae
1386 345 1544 398 quietis
1573 344 1810 387 subeundis
1833 343 1893 386 fa-

1073 407 1158 448 ciat
1184 403 1390 458 operibus
1417 401 1725 455 promptiores.
1769 401 1893 452 Agri-

1072 463 1168 504 cola
1189 473 1362 514 quoque
1380 459 1591 501 maturior
1604 456 1894 510 torquendam

1073 520 1168 561 aliis
1193 518 1349 560 stivam
1377 515 1623 564 committit,
1651 519 1694 556 et
1720 513 1894 566 juvenili

1072 577 1277 627 gravatus
1295 575 1428 626 opere
1442 571 1763 625 providentiam
1778 583 1894 612 curae

1074 632 1219 674 senilis
1237 630 1452 683 explorat:
1470 629 1605 670 vitem
1618 627 1786 668 facilius
1800 630 1894 668 ton-

1074 689 1193 738 dere,
1234 699 1363 740 quam
1394 687 1611 739 premere,
1647 687 1695 725 ut
1725 684 1894 735 juvene-

1074 747 1266 787 scentem
1284 743 1500 784 luxuriam
1519 740 1739 794 reprimat,
1759 744 1803 782 et
1821 739 1893 781 ad-

1074 801 1339 843 olescentem
1368 798 1592 840 lasciviam
1622 796 1733 838 falce
1761 798 1894 838 succi-

1074 857 1163 899 dat:
1186 858 1419 910 parcorum
1439 853 1673 907 quamdam
1690 855 1895 906 partuum

1075 914 1321 956 castitatem
1341 911 1503 954 docens
1523 910 1653 952 etiam
1671 909 1715 950 in
1733 908 1894 951 vitibus

1074 969 1373 1024 expetendam.

1125 1040 1175 1092 R*-
1211 1033 1413 1076 Dilexisti
1440 1031 1662 1084 justitiam,
1694 1034 1738 1072 et
1764 1029 1896 1072 odisti

1074 1092 1363 1145 iniquitatem:
1384 1096 1407 1121 *
1436 1089 1678 1141 Propterea
1702 1087 1825 1128 unxit
1851 1091 1896 1128 te

1075 1150 1211 1198 Deus,
1263 1148 1385 1189 Deus
1429 1150 1530 1187 tuus
1578 1143 1676 1185 oleo
1721 1143 1898 1185 laetitiae.

1073 1203 1124 1255 V.
1150 1206 1338 1258 Propter
1361 1202 1605 1251 veritatem,
1632 1204 1676 1242 et
1699 1212 1897 1241 mansue-

1075 1261 1281 1311 tudinem,
1303 1265 1346 1302 et
1363 1257 1579 1312 justitiam.
1605 1256 1859 1309 Propterea.

1127 1326 1288 1368 Bened.
1316 1327 1469 1376 Ignem
1487 1322 1553 1364 sui
1572 1321 1744 1363 amoris.

1373 1404 1525 1446 Lectio
1544 1403 1598 1444 vi.

1147 1469 1276 1511 imilis
1299 1468 1401 1510 huic
1418 1467 1552 1509 vidua
1568 1466 1688 1509 velut
1707 1466 1898 1508 emeritis

1150 1528 1358 1568 veterana
1373 1523 1601 1577 stipendiis
1615 1522 1840 1572 castitatis,
1855 1527 1900 1565 et

1075 1583 1111 1625 si
1138 1582 1326 1635 conjugii
1353 1594 1474 1622 arma
1501 1580 1708 1633 deponat,
1741 1578 1898 1622 domus

1073 1645 1219 1682 tamen
1247 1640 1382 1681 totius
1413 1650 1569 1690 pacem
1595 1636 1822 1688 gubernat:
1855 1640 1899 1678 et

1075 1697 1111 1737 si
1129 1695 1338 1738 vehendis
1361 1693 1566 1736 oneribus
1590 1693 1748 1743 otiosa,
1772 1693 1897 1734 mari-

1074 1752 1219 1794 tandis
1249 1756 1394 1793 tamen
1426 1749 1664 1802 junioribus
1695 1748 1897 1802 provida,

1074 1809 1150 1851 ubi
1169 1808 1310 1850 cultus
1329 1807 1491 1857 utilior,
1518 1806 1593 1848 ubi
1611 1806 1778 1848 fructus
1796 1805 1898 1848 ube-

1074 1867 1163 1907 rior
1177 1866 1242 1916 sit,
1263 1877 1445 1918 quarum
1455 1862 1659 1916 copulam
1673 1862 1898 1916 aptiorem,

1074 1922 1198 1964 senili
1216 1922 1429 1973 gravitate
1449 1919 1652 1973 disponit.
1688 1920 1843 1972 Itaque
1862 1919 1899 1960 si

1073 1978 1383 2021 maturioribus
1395 1990 1525 2030 quam
1534 1975 1772 2029 junioribus
1782 1988 1897 2018 com-

1073 2036 1256 2078 mittitur
1278 2047 1398 2086 ager,
1426 2047 1502 2076 cur
1527 2038 1657 2086 putes
1679 2033 1898 2076 utiliorem

1073 2098 1254 2146 nuptam
1274 2105 1370 2134 esse
1393 2104 1523 2144 quam
1541 2088 1738 2134 viduam?
1768 2089 1897 2140 Quod

1074 2150 1111 2191 si
1134 2151 1440 2203 persecutores
1465 2147 1569 2190 fidei
1590 2149 1898 2202 persecutores

1073 2207 1246 2248 fuerunt
1270 2206 1400 2248 etiam
1418 2205 1655 2248 viduitatis:
1680 2204 1830 2256 utique
1848 2203 1894 2244 fi-

1073 2263 1174 2306 dem
1192 2262 1474 2315 sequentibus
1491 2262 1680 2304 viduitas
1702 2273 1788 2302 non
1811 2273 1894 2314 pro

1074 2320 1288 2374 supplicio
1303 2319 1507 2371 fugienda
1522 2324 1597 2370 est,
1616 2317 1695 2361 sed
1706 2316 1894 2360 tenenda

1073 2390 1155 2430 pro
1174 2376 1368 2430 praemio.

1128 2444 1177 2494 R.
1192 2441 1344 2482 Fallax
1362 2440 1513 2492 gratia,
1533 2444 1577 2482 et
1591 2452 1702 2481 vana
1721 2443 1788 2481 est
1802 2438 1893 2492 pul-

1074 2497 1292 2540 chritudo:
1320 2500 1342 2525 *
1368 2497 1523 2539 Mulier
1554 2496 1710 2538 timens
1741 2496 1894 2545 Deum,

1073 2555 1168 2608 ipsa
1187 2554 1444 2596 laudabitur,
1473 2550 1523 2602 V.
1544 2553 1657 2595 Date
1677 2553 1717 2594 ei
1736 2552 1791 2595 de
1810 2552 1893 2593 fru-

1074 2617 1147 2653 ctu
1177 2614 1383 2652 manuum
1415 2612 1607 2659 suarum,
1644 2614 1687 2651 et
1717 2600 1894 2651 laudent

1074 2681 1170 2710 eam
1197 2668 1241 2709 in
1268 2667 1407 2720 portis
1431 2669 1567 2719 opera
1590 2667 1690 2719 ejus.
1729 2664 1894 2706 Mulier.

1077 2724 1225 2766 Gloria
1243 2724 1373 2766 Patri.
1406 2723 1571 2765 Mulier.
