2040 2976
795 216 832 249 In
860 216 972 249 Festo
997 215 1181 258 Corporis
1207 213 1359 248 Christi.

281 311 362 361 Qui
395 310 470 351 dat
504 310 647 352 nivem
683 311 794 353 sicut
826 311 987 352 lanam:
1023 311 1045 335 *

229 366 427 408 nebulam
453 367 564 408 sicut
591 369 779 409 cinerem
807 367 982 419 spargit.

279 423 408 464 Mittit
423 423 675 475 crystallum
690 437 812 464 suam
827 423 938 465 sicut
952 423 1046 464 buc-

228 479 373 520 cellas:
401 480 424 503 *
449 485 548 520 ante
575 479 729 521 faciem
756 479 927 530 frigoris
955 480 1045 531 ejus

228 535 322 587 quis
352 534 602 577 sustinebit?

278 592 458 633 Emittet
480 591 660 633 verbum
685 605 820 641 suum,
846 596 888 633 et
911 591 1044 644 lique-

228 647 357 689 faciet
381 660 447 689 ea:
475 649 498 673 *
523 648 644 690 flabit
669 649 845 700 spiritus
869 649 974 700 eiuS,
1003 653 1046 689 et

227 703 362 745 fluent
388 717 525 756 aquae.

279 760 362 810 Qui
385 761 608 802 annuntiat
630 760 811 802 verbum
835 774 959 802 suum
977 761 1002 802 J
1004 774 1044 802 a-

227 815 330 858 cob:
370 817 392 842 *
433 818 635 868 justitias,
682 822 725 858 et
771 817 927 869 judicia
966 830 1044 859 sua

227 872 372 913 Israel.

278 929 378 969 Non
397 929 498 971 fecit
519 929 662 972 taliter
682 930 798 971 omni
820 930 999 971 nationi:
1021 930 1044 955 *

229 990 272 1026 et
291 984 445 1036 judicia
464 999 541 1027 sua
560 999 646 1028 non
665 986 956 1028 manifestavit
972 987 1044 1028 eis.

281 1060 378 1099 Ant.
407 1059 487 1109 Qui
510 1073 663 1112 pacem
684 1060 808 1112 ponit
833 1060 941 1101 fines
964 1060 1043 1101 Ec-

228 1114 391 1163 clesiae‚
422 1115 622 1158 frumenti
651 1116 780 1168 adipe
808 1117 936 1158 satiat
963 1129 1043 1158 nos

227 1170 448 1212 Deminus.

279 1247 532 1298 Capitulum.
726 1248 753 1285 1.
776 1246 869 1285 Cor.
892 1247 940 1285 11.
961 1260 994 1285 e.

307 1322 460 1359 ratres:
488 1319 581 1370 Ego
612 1319 724 1360 enim
747 1319 897 1372 accepi
919 1320 1044 1361 aDe-

324 1374 442 1415 mino
480 1374 598 1427 quod
635 1380 677 1417 et
712 1375 873 1418 tradidi
907 1376 1044 1426 vobis,

227 1430 431 1481 queniam
461 1431 673 1473 Deminus
705 1432 849 1483 Jesus,
883 1433 927 1473 in
960 1446 1045 1485 qua

226 1491 354 1527 nocte
381 1486 649 1538 tradebatur,
682 1490 850 1541 accepit
876 1502 1044 1541 panem,

228 1546 271 1582 et
303 1543 464 1593 gratias
496 1556 628 1593 agens
660 1544 806 1595 fregit,
843 1550 886 1587 et
919 1545 1044 1587 dixit:

229 1597 446 1650 Accipite,
480 1605 522 1640 et
551 1599 829 1643 manducate:
861 1601 946 1643 hoc
978 1607 1044 1644 est

229 1665 387 1706 corpus
406 1667 559 1706 meum,
582 1656 700 1709 quod
718 1670 799 1710 pro
818 1658 943 1699 vobis
961 1663 1044 1700 tra-

229 1708 367 1751 detur:
390 1710 474 1752 hoc
493 1712 621 1755 facite
640 1713 683 1754 in
700 1727 841 1755 meam
859 1727 1043 1758 comme-

228 1767 522 1809 morationem.

539 1842 743 1892 Hymnus.

364 1919 473 1957 ange
495 1907 641 1958 lingua
657 1908 836 1959 gloriesi

382 1963 587 2015 Cerporis
606 1965 868 2017 mysterium,

330 2019 644 2072 Sanguinisque
662 2022 853 2073 pretiosi,

331 2075 469 2125 Quem
488 2076 531 2116 in
549 2076 697 2119 mundi
714 2078 902 2130 pretium

331 2130 514 2173 Fructus
533 2133 694 2174 ventris
713 2136 914 2185 generosi

332 2186 427 2228 Rex
446 2187 596 2230 effudit
615 2189 828 2232 Gentium.

288 2259 422 2302 Nobis
441 2260 578 2310 datus,
596 2262 721 2304 nobis
740 2269 866 2306 natus

332 2317 399 2357 Ex
417 2316 578 2358 intacta
596 2318 785 2370 Virgine,

332 2373 388 2414 Et
406 2372 449 2413 in
467 2373 629 2415 mundo
650 2378 944 2427 conversatus,

333 2429 494 2481 Sparso
514 2429 635 2471 verbi
653 2432 824 2482 semine,

332 2484 406 2525 Sui
424 2497 568 2526 moras
586 2486 800 2528 incolatus

332 2540 442 2582 Miro
463 2541 616 2583 clausit
635 2542 798 2584 Ordine.

287 2612 331 2654 In
352 2614 566 2665 supremae
586 2619 714 2656 nocte
733 2628 881 2666 coenae‚

332 2669 607 2711 Recumbens
627 2683 724 2712 cum
744 2672 947 2715 fratribus

333 2726 578 2768 Observata
595 2727 690 2778 lege
709 2728 837 2781 plene

1202 309 1321 351 Cibis
1340 310 1384 350 in
1402 309 1626 360 legalibus,

1204 365 1358 407 Cibum
1377 365 1520 407 turbae
1540 365 1755 409 duodenae

1202 422 1256 463 Se
1277 420 1352 463 dat
1371 422 1460 463 suis
1478 421 1690 464 manibus.

1154 494 1346 537 Verbum
1365 507 1478 544 caro,
1496 507 1655 548 panem
1672 509 1824 539 verum

1201 551 1353 594 Verbo
1373 564 1548 593 carnem
1568 552 1714 594 efficit:

1200 609 1356 660 Fitque
1376 608 1550 659 sanguis
1566 608 1727 651 Christi
1744 623 1922 661 merum,

1200 665 1257 706 Et
1275 665 1313 705 si
1332 677 1485 706 sensus
1505 664 1662 715 deficit,

1202 721 1274 763 Ad
1291 720 1552 763 firmandum
1571 734 1647 764 cor
1665 722 1880 766 sincerum

1202 778 1303 820 Sola
1321 777 1431 819 fides
1451 778 1621 820 sufficit.

1131 900 1136 903 .
1155 851 1343 893 Tantum
1358 864 1462 903 ergo
1481 851 1808 895 Sacramentum

1200 908 1472 950 Veneremur
1491 909 1652 951 cernui:

1200 964 1256 1005 Et
1275 967 1501 1017 antiquum
1521 964 1831 1008 documentum

1199 1020 1330 1062 Novo
1350 1020 1478 1063 cedat
1496 1022 1613 1063 ritui:

1200 1077 1389 1118 Praestet
1407 1077 1519 1119 fides
1539 1078 1891 1131 supplementum

1200 1133 1413 1174 Sensuum
1432 1133 1631 1176 defectui.

1155 1206 1358 1257 Genitori,
1378 1207 1626 1261 Geniteque

1199 1263 1316 1304 Laus
1336 1268 1380 1305 et
1396 1263 1604 1316 jubilatio,

1199 1319 1335 1370 Salus,
1353 1320 1505 1371 honor,
1523 1321 1662 1363 virtus
1682 1334 1858 1374 quoque

1199 1376 1263 1419 Sit
1282 1381 1326 1418 et
1343 1377 1610 1420 benedictio:

1199 1433 1462 1476 Procedenti
1480 1433 1536 1476 ab
1552 1436 1740 1487 utreque

1201 1490 1391 1543 Compar
1410 1491 1467 1532 sit
1484 1490 1689 1533 laudatio.
1726 1491 1880 1534 Amen.

1155 1551 1205 1602 Y.
1235 1556 1398 1598 Panem
1434 1555 1489 1598 de
1526 1555 1640 1598 coelo
1677 1557 1923 1609 praestitisti

1097 1612 1170 1662 eis,
1189 1612 1370 1663 alleluja.
1404 1612 1454 1663 Ru
1475 1612 1615 1654 Omne
1635 1612 1920 1655 delectamen-

1097 1674 1190 1711 tum
1208 1669 1252 1710 in
1270 1682 1317 1711 se
1335 1668 1580 1720 habentem,
1598 1669 1780 1722 alleluja.

1155 1730 1225 1771 Ad
1244 1730 1416 1780 Magnif.
1437 1730 1535 1770 Ant.
1565 1731 1602 1772 O
1619 1743 1751 1782 quam
1775 1729 1920 1772 suavis

1097 1790 1164 1827 est
1186 1786 1210 1813 *
1228 1785 1416 1828 Domine
1440 1786 1618 1839 spiritus
1640 1791 1753 1838 tuus,
1777 1787 1852 1840 qui
1872 1791 1921 1829 ut

1097 1837 1372 1885 dulcedinem
1394 1848 1515 1885 tuam
1539 1843 1583 1884 in
1605 1843 1719 1885 filios
1743 1842 1920 1886 demon-

1097 1900 1274 1949 strares,
1302 1911 1415 1952 pane
1442 1899 1700 1942 suavissimo
1725 1898 1780 1942 de
1806 1899 1920 1942 coelo

1096 1956 1313 2007 praestito,
1342 1956 1583 1998 esurientes
1611 1955 1755 2009 reples
1781 1955 1920 2006 bonis,

1097 2011 1348 2054 fastidiosos
1359 2012 1518 2054 divites
1527 2011 1750 2054 dimittens
1758 2012 1919 2054 inanes.

1434 2071 1594 2111 Oratio.

1189 2140 1280 2178 eus,
1301 2128 1375 2180 qui
1392 2127 1519 2170 nobis
1539 2127 1620 2170 sub
1638 2128 1920 2172 Sacramento

1200 2184 1388 2227 mirabili
1410 2185 1627 2238 passienis
1653 2189 1741 2227 tuae
1759 2188 1920 2228 meme-

1098 2241 1206 2283 riam
1229 2241 1456 2293 reliquisti:
1479 2241 1633 2291 tribue,
1660 2244 1920 2294 quaesumus,

1098 2298 1158 2339 ita
1188 2310 1269 2339 nos
1303 2298 1499 2351 cerporis
1529 2303 1574 2340 et
1605 2298 1826 2349 sanguinis
1857 2299 1920 2340 tui

1098 2367 1221 2395 sacra
1252 2354 1459 2407 mysteria
1491 2355 1707 2405 venerari;
1742 2359 1791 2397 ut
1825 2354 1919 2397 red-

1098 2411 1330 2463 emptienis
1365 2415 1454 2451 tuae
1490 2410 1678 2452 fructum
1712 2411 1756 2452 in
1791 2410 1919 2453 nobis

1098 2466 1252 2518 jugiter
1273 2466 1526 2508 sentiamus:
1555 2467 1638 2517 Qui
1659 2467 1779 2509 vivis.
1818 2487 1823 2494 ·

1155 2524 1212 2556 Ad
1236 2523 1548 2566 Completorium,
1575 2527 1609 2556 ct
1633 2532 1702 2565 per
1722 2521 1859 2564 Horas,
1886 2522 1923 2555 in

1103 2572 1174 2605 linc
1200 2572 1437 2615 llymnorum
1463 2571 1616 2605 dicitur:

1179 2624 1287 2676 Jesu,
1306 2626 1385 2668 tibi
1403 2627 1459 2668 sit
1477 2627 1627 2678 gloria,

1226 2683 1310 2734 Qui
1327 2689 1455 2725 natus
1474 2696 1521 2726 es
1540 2683 1595 2725 de
1614 2684 1806 2735 Virgine.

1156 2735 1199 2768 Et
1225 2736 1399 2770 similiter
1423 2747 1492 2779 per
1514 2740 1632 2771 totam
1658 2734 1851 2769 Octavam.
