2040 2976
181 209 275 253 [238]

233 299 281 349 Y.
327 304 616 346 Immaculata
651 305 895 358 Conceptio
937 310 1013 347 tua

179 361 263 402 Dei
292 361 494 402 Genitrix
521 361 674 413 Virgo.
708 362 759 413 R.
790 361 1013 403 Gaudium

180 417 453 459 annuntiavit
470 418 677 460 universo
697 418 873 460 mundo.

232 484 298 525 Ad
336 485 498 525 Bened.
541 486 638 526 Ant.
689 488 765 529 Ait
795 487 1012 529 Dominus

179 544 301 585 Deus
327 545 351 571 *
377 542 434 584 ad
463 546 730 596 serpentem:
757 543 1011 585 Inimicitias

179 613 343 653 ponam
362 600 474 642 inter
493 604 538 641 te
559 605 602 642 et
619 600 864 649 mulierem,
885 605 928 641 et
948 612 1011 641 se-

179 669 279 697 men
293 661 418 697 tuum
433 661 478 697 et
493 669 642 698 semen
657 656 787 697 illius:
802 657 899 709 ipsa
912 657 1012 697 con-

179 717 293 754 teret
312 717 445 765 caput
463 717 598 762 tuum,
621 712 804 765 alleluja.

513 781 677 822 Oratio.

177 836 355 941 Deus,
376 842 450 894 qui
468 855 549 895 per
567 842 899 884 Immaculatam
913 842 1010 884 Vir-

272 899 384 950 ginis
396 898 743 951 Coneeptionem
758 898 936 950 dignum
944 899 1012 939 Fi-

177 954 237 996 lio
279 960 357 996 tuo
398 954 697 996 habitaculum
733 955 1012 1008 praeparasti:

180 1013 448 1063 quaesumus;
473 1017 538 1061 ut,
565 1012 640 1064 qui
665 1024 720 1053 ex
738 1018 882 1053 morte
903 1013 1011 1064 ejus-

180 1067 281 1108 dem
295 1067 394 1108 Filii
408 1067 472 1108 tui
491 1069 681 1120 praevisa
695 1081 799 1109 eam
819 1068 874 1109 ab
894 1069 1013 1109 omni

177 1123 276 1165 labe
291 1124 586 1176 praeservasti‚
601 1137 682 1166 nos
699 1137 877 1177 quoque
892 1138 1011 1166 mun-

179 1179 260 1221 dos
291 1180 381 1232 ejus
410 1180 726 1222 intercessione
757 1180 814 1222 ad
841 1186 886 1223 te
915 1194 1011 1234 per-

178 1239 326 1278 venire
342 1236 570 1278 concedas.
604 1238 689 1278 Per
704 1237 910 1279 eumdem
923 1239 1012 1280 Do-

177 1294 342 1335 minum
360 1300 572 1336 nostrum.

451 1377 519 1413 Ad
543 1376 744 1413 Primam.

227 1434 277 1473 In
298 1434 348 1485 Rg.
368 1434 430 1475 br.
453 1434 610 1476 dicitur
630 1431 679 1483 Ῡ.
712 1437 796 1488 Qui
816 1442 945 1479 natus
965 1449 1012 1478 es

178 1494 233 1535 de
252 1494 390 1535 Maria
412 1494 606 1545 Virgine.

449 1582 517 1618 Ad
538 1581 743 1618 Tertiam.

233 1647 332 1687 Ant.
366 1647 685 1688 Vestimentum
704 1652 839 1689 tuum.

230 1712 367 1763 Cupit.
398 1712 624 1753 Dominus.
654 1718 701 1753 ut
726 1726 869 1764 supra.
903 1713 1012 1766 [237]

231 1777 279 1828 R'·
300 1776 362 1817 br.
394 1776 516 1817 Deus
542 1779 823 1830 omnipotens
846 1779 869 1803 *
895 1778 1010 1819 Prae-

177 1831 313 1872 cinxit
344 1844 414 1873 me
443 1832 617 1874 virtute.
660 1834 783 1876 Deus
812 1836 1010 1887 omnipo-

177 1891 286 1928 tens.
332 1886 382 1936 Υ.
413 1888 471 1930 Et
502 1890 652 1941 p6suit
684 1890 1011 1932 immaculatam

176 1943 291 1984 viam
310 1956 464 1986 meam.
489 1945 737 1988 Praecinxit.
764 1947 916 1989 Gloria
930 1947 1009 1988 Pa-

175 1999 242 2040 tri.
271 2000 392 2041 Deus
412 2004 707 2055 omnipotens.

228 2063 278 2111 Y.
302 2065 354 2105 In
372 2065 458 2107 hoc
477 2068 682 2118 cognovi,
708 2069 916 2121 quoniam
935 2082 1009 2111 vo-

175 2119 294 2161 luisti
313 2134 394 2163 me.
428 2124 477 2175 R.
506 2123 723 2173 Qu6niam
742 2137 831 2166 non
849 2125 1009 2176 gaude-

175 2175 242 2217 bit
261 2177 459 2220 inimicus
478 2192 603 2221 meus
622 2193 756 2234 super
774 2194 856 2223 me.

455 2265 523 2301 Ad
547 2251 735 2303 sextam.

229 2329 330 2369 Ant.
358 2329 426 2368 Tu
443 2326 583 2377 gloria
601 2327 854 2370 Jerusalem.

228 2393 490 2444 Capitulum.
712 2397 869 2437 Ezech.
888 2398 953 2437 44.

260 2455 357 2492 orta
379 2450 477 2492 haec
502 2451 651 2493 clausa
675 2454 774 2503 erit,
799 2466 889 2495 non
909 2467 1009 2507 ape-

276 2507 427 2557 rietur,
456 2513 501 2549 et
525 2508 591 2548 vir
614 2521 702 2550 non
727 2509 907 2552 intrabit
929 2523 1010 2563 per

177 2576 288 2613 eam,
317 2564 525 2616 quuniam
553 2565 770 2606 Dominus
797 2565 919 2607 Deus
947 2567 1007 2607 Is-

176 2620 266 2660 rael
285 2620 509 2671 ingressus
528 2625 595 2662 est
611 2633 691 2673 per
707 2633 819 2662 eam:
838 2624 1008 2674 eritque

177 2676 325 2717 clausa
348 2677 547 2730 principi.
583 2677 797 2729 Princeps
821 2678 916 2730 ipse
944 2691 1008 2720 se-

177 2731 298 2774 debit
317 2733 361 2773 in
381 2745 442 2774 ea.
866 2729 871 2739 ¹

476 207 651 241 Officium
678 208 851 241 votivum
878 209 924 242 de
950 208 1005 242 Ss.
1032 209 1236 251 Apostolis
1262 208 1376 242 Petro
1402 214 1438 243 ct
1464 210 1595 243 Paulo.

1121 307 1170 357 R„
1186 307 1247 346 br.
1264 305 1316 345 In
1334 304 1421 346 hoc
1436 305 1635 356 cognovi,
1649 307 1671 330 *
1681 305 1899 356 Qu6niam

1065 360 1244 402 voluisti
1254 373 1336 402 me.
1350 361 1402 401 In
1411 360 1499 403 hoc
1511 361 1712 413 cogn6vi.
1728 358 1778 409 W.
1789 362 1899 413 Quo-

1064 417 1181 458 niam
1205 429 1294 458 non
1317 416 1526 468 gaudebit
1547 418 1750 460 inimicus
1773 431 1899 460 meus

1064 485 1198 526 super
1211 486 1294 515 me.
1314 474 1540 524 Qu6niam.
1563 474 1723 516 Gloria.
1738 475 1790 516 In
1801 475 1898 517 hoc.

1119 525 1169 576 V.
1182 530 1402 572 Exaltabo
1417 535 1462 572 te
1477 531 1678 581 D6mine,
1690 531 1899 584 quoniam

1064 587 1299 639 suscepisti
1329 600 1411 629 me.
1457 589 1509 641 R.
1539 587 1636 629 Nec
1666 586 1898 630 delectasti

1063 645 1264 685 immicos
1284 656 1409 685 meos
1429 656 1563 697 super
1581 657 1663 686 me.

1344 717 1412 754 Ad
1435 718 1620 754 Nonam.

1118 774 1216 815 Ant.
1252 773 1392 816 Trahe
1410 787 1503 816 nos.

1119 834 1378 886 Capitulum.
1630 835 1770 888 Apoc.
1791 836 1847 876 12.

1136 891 1286 942 ignum
1303 905 1511 944 magnum
1529 891 1736 945 apparuit
1752 890 1798 932 in
1812 903 1897 932 coe·

1146 948 1206 989 lo:
1229 948 1388 990 Mulier
1412 951 1572 990 amicta
1595 947 1706 998 sole,
1732 952 1776 989 et
1794 946 1898 988 luna

1065 1004 1146 1046 sub
1165 1004 1355 1057 pedibus
1375 1006 1483 1058 ejus,
1510 1010 1554 1047 et
1576 1005 1621 1046 in
1641 1003 1786 1057 capite
1806 1005 1898 1056 ejus

1065 1063 1229 1103 corona
1249 1061 1475 1103 stellarum
1496 1060 1742 1103 duodecim.

1119 1124 1169 1176 R.
1184 1123 1249 1165 br.
1271 1122 1491 1164 Exaltabo
1507 1127 1551 1164 te
1565 1123 1674 1172 Due,
1693 1127 1716 1151 *
1736 1121 1897 1172 Quoni-

1064 1192 1135 1220 am
1150 1179 1385 1232 suscepisti
1398 1192 1479 1221 me.
1496 1179 1725 1221 Exaltabo.
1741 1176 1898 1229 V.Nec

1065 1235 1298 1278 delectasti
1310 1235 1511 1277 inimicos
1525 1248 1650 1277 meos
1667 1248 1801 1289 super
1814 1247 1898 1277 me.

1065 1293 1293 1344 Quoniam.
1337 1292 1489 1333 Gloria
1506 1292 1639 1334 Patri.
1666 1291 1898 1334 Exaltabo.

1118 1344 1169 1396 V.
1177 1348 1464 1390 Immaculata
1475 1349 1719 1402 Conceptio
1730 1348 1899 1391 tuaDei

1065 1405 1267 1448 Genitrix
1296 1406 1448 1457 Virgo.
1498 1408 1548 1461 Rt·
1576 1404 1800 1447 Gaudium
1827 1418 1898 1447 an-

1064 1463 1280 1505 nuntiavit
1298 1463 1505 1504 universo
1524 1461 1701 1504 mundo.

1272 1540 1334 1581 In
1356 1540 1419 1581 11.
1443 1539 1697 1590 vesperis.
1723 1573 1726 1575 .

1120 1598 1258 1634 Omnia
1283 1604 1324 1635 ut
1348 1601 1387 1634 in
1412 1600 1438 1635 Ι.
1463 1601 1580 1647 Vesp.
1606 1606 1761 1646 praeter:

1119 1655 1190 1696 Ad
1217 1655 1391 1706 Magnis.
1422 1657 1522 1698 Ant.
1563 1657 1724 1699 Sancta
1747 1657 1899 1707 Maria,

1063 1714 1087 1739 *
1111 1716 1319 1754 succurre
1342 1713 1532 1763 miseris,
1555 1713 1655 1765 juva
1675 1713 1897 1766 pusillani-

1063 1782 1174 1819 mes,
1202 1769 1353 1810 refove
1381 1769 1569 1819 flebiles,
1602 1782 1681 1811 ora
1709 1783 1792 1823 pro
1819 1771 1898 1823 po-

1062 1826 1180 1879 pulo,
1199 1826 1412 1867 interveni
1428 1839 1512 1879 pro
1528 1826 1658 1876 clero,
1674 1825 1898 1868 intercede

1062 1895 1146 1935 pro
1167 1882 1331 1924 devoto
1351 1882 1541 1925 femineo
1562 1895 1685 1925 sexu:
1710 1883 1899 1924 sentiant

1064 1951 1217 1980 omnes
1242 1944 1367 1981 tuum
1386 1940 1605 1992 juvamen,
1631 1939 1899 1992 quicumque

1063 1995 1288 2037 celebrant
1315 2000 1437 2037 tuam
1462 2001 1660 2038 sanctam
1683 1996 1896 2038 Immacu-

1062 2052 1198 2093 latam
1219 2052 1578 2105 Conceptionem.
1621 2060 1628 2064 ’

1354 2145 1605 2187 ROMAE.

1244 2207 1366 2249 Pro
1403 2208 1602 2250 Feria
1637 2209 1715 2250 111.

1293 2279 1471 2315 Officium
1495 2281 1672 2316 votivum

1062 2331 1123 2372 de
1138 2332 1209 2374 Ss.
1223 2331 1482 2382 Apostolis
1496 2333 1646 2374 Petro
1661 2333 1713 2375 et
1726 2332 1895 2375 Paulo.

1350 2396 1611 2440 SemidupleX.

1116 2450 1254 2485 Omnia
1286 2452 1332 2486 de
1358 2453 1503 2487 Comm.
1528 2454 1808 2497 Apostolorum
1847 2449 1895 2494 [2]

1063 2504 1205 2540 praeter
1229 2501 1442 2543 sequentia.
1790 2508 1795 2512 ·

1229 2559 1280 2599 In
1300 2559 1493 2610 utrisque
1514 2559 1725 2611 Vesperis.

1115 2617 1165 2669 V.
1192 2624 1443 2666 Constitues
1473 2637 1550 2666 eos
1577 2624 1799 2677 principes
1826 2637 1893 2665 su-

1061 2692 1140 2731 per
1169 2693 1343 2721 omnem
1370 2686 1544 2722 terram.
1591 2685 1643 2745 152.
1673 2681 1894 2722 Memores

1061 2741 1188 2777 erunt
1206 2736 1393 2777 nominis
1411 2736 1476 2778 tui
1494 2737 1694 2778 Domine.
