2040 2976
208 198 278 242 [94]

207 294 322 335 milis
340 307 437 336 esse
455 294 746 338 denuntiatur.
763 297 815 337 In
831 309 916 348 qua
928 296 1029 349 quia

207 350 309 391 mali
337 363 436 391 cum
463 350 610 402 bonis,
645 357 688 394 et
719 352 898 405 reprobi
930 366 1028 394 cum

208 406 358 448 electis
384 406 567 449 admixti
589 413 705 459 sunt,
733 414 852 451 recte
876 409 1027 451 similis

208 462 447 514 virginibus
488 463 776 516 prudentibus
821 470 865 507 et
899 466 1027 507 fatuis

208 532 304 560 esse
322 519 587 572 perhibetur.
615 521 723 563 Sunt
737 535 925 574 namque
940 522 1029 574 ple-

207 578 331 627 rique
351 576 643 627 continentes,
663 578 737 630 qui
756 578 811 620 ab
831 580 1028 631 appetitu

208 645 255 673 se
279 632 486 674 exterieri
508 633 779 685 custodiunt,
808 640 851 676 et
875 647 952 687 spe
971 634 1028 675 ad

208 688 417 730 interiera
435 689 678 742 rapiuntur,
698 704 872 732 carnem
890 693 1028 732 mace-

208 750 322 795 rant,
351 750 394 787 et
421 750 518 787 toto
549 745 768 788 desiderio
797 747 854 789 ad
882 749 1029 799 super-

208 814 309 843 nam
356 803 543 854 patriam
592 803 814 853 anhelant,
867 805 1030 844 aeterna

208 858 391 910 praemia
427 860 654 911 expetunt,
691 873 773 912 pro
804 859 1030 901 laboribus

209 914 298 955 suis
323 917 520 967 recipere
546 915 698 957 laudes
721 916 932 958 humanas
954 929 1029 957 no-

208 970 312 1012 lunt.
365 971 424 1012 Hi
458 971 660 1012 nimirum
690 972 874 1023 gloriam
908 985 1030 1014 suam

209 1040 297 1068 non
321 1027 365 1068 in
393 1040 468 1069 ore
492 1027 717 1069 hominum
739 1034 925 1081 ponunt,
951 1029 1031 1071 sed

207 1084 322 1125 intra
352 1084 663 1126 conscientiam
689 1087 938 1137 centegunt.
973 1086 1030 1128 Et

209 1144 311 1181 sunt
329 1140 544 1193 plerique,
564 1141 638 1192 qui
659 1154 818 1194 corpus
836 1155 916 1194 per
935 1141 1030 1184 abs-

209 1196 436 1238 tinentiam
451 1197 659 1248 affligunt,
678 1197 756 1239 sed
772 1197 826 1239 de
841 1198 938 1251 ipsa
953 1211 1031 1240 sua

210 1252 474 1294 abstinentia
504 1253 717 1296 humanos
751 1254 925 1296 favores
961 1257 1030 1296 ex-

208 1314 374 1362 petunt.

261 1370 324 1408 'l'e
341 1366 483 1408 Deum
502 1366 740 1408 laudamus.
758 1368 817 1408 13.

471 1447 550 1489 Ad
576 1448 771 1490 Laudes

412 1514 460 1540 ct
500 1518 596 1549 per
637 1510 829 1543 Horas.

262 1564 357 1602 Ant.
377 1565 403 1602 1.
435 1564 545 1603 Haec
566 1567 632 1604 est
646 1563 784 1614 Virgo
804 1563 989 1615 sapiens,
1007 1564 1031 1590 *

212 1622 254 1659 et
272 1631 357 1659 una
377 1618 432 1660 de
451 1622 632 1660 numero
652 1619 928 1671 prudentum.

265 1676 415 1716 psalm.
454 1675 663 1716 Deminus
691 1676 899 1727 regnavit.
932 1690 1027 1716 cum

211 1731 358 1781 reliqu.
389 1732 450 1771 14.

260 1788 294 1826 2.
316 1787 424 1829 Haec
441 1792 507 1829 est
516 1787 654 1839 Virgo
670 1788 854 1841 sapienS,
865 1789 890 1815 *
902 1801 1032 1842 quam

210 1843 425 1884 Dominus
444 1844 695 1895 vigilantem
714 1845 891 1890 invenit.

260 1900 296 1939 3.
326 1900 434 1941 Haec
451 1905 518 1941 est
534 1914 631 1953 quae
647 1902 831 1943 nescivit
846 1902 869 1928 *
886 1906 1033 1944 torum

210 1955 254 1995 in
275 1955 451 1997 delicto:
479 1956 658 1999 habebit
683 1957 871 2000 fructum
899 1959 942 1999 in
968 1972 1031 2001 re-

212 2012 438 2063 spectione
457 2013 696 2055 animarum
713 2017 972 2057 sanctarum.

263 2067 298 2104 4.
331 2069 441 2110 Veni
467 2069 606 2111 electa
630 2083 744 2121 mea,
761 2072 784 2097 *
807 2075 850 2113 et
870 2084 1032 2124 ponam

211 2123 255 2163 in
274 2127 318 2165 te
337 2123 542 2166 thronum
562 2139 716 2177 meum,
735 2127 917 2181 alleluia.

264 2183 300 2220 5.
332 2183 421 2221 Ista
445 2186 510 2223 est
530 2183 729 2235 speciesa
748 2184 771 2210 *
789 2184 902 2226 inter
920 2184 1032 2226 filias

212 2235 463 2278 Jerusalem.

290 2303 546 2354 Capitulum.
673 2308 707 2346 2.
724 2306 819 2347 Cor.
836 2308 898 2347 10.
915 2307 952 2347 d.

291 2365 443 2403 ratres:
481 2363 564 2413 Qui
599 2364 826 2416 gloriatur,
863 2367 907 2407 in
944 2367 1033 2408 Do-

303 2418 420 2459 mino
441 2419 662 2469 glorietur.
697 2422 797 2463 Non
823 2423 937 2464 enim
959 2424 1033 2476 qui

213 2476 406 2527 seipsum
425 2477 711 2528 commendat,
732 2478 805 2520 ille
819 2479 1032 2532 probatus

214 2535 295 2573 est:
314 2530 394 2573 sed
413 2544 543 2584 quem
559 2532 679 2575 Deus
699 2535 985 2578 commendat.

515 2596 723 2647 Hymnus.

335 2666 411 2698 esu
430 2655 592 2695 corena
610 2654 851 2706 Virginum,

351 2710 491 2761 Quem
510 2716 649 2753 mater
667 2711 742 2753 illa
759 2713 961 2766 concipit,

828 203 1035 237 Commune
1062 203 1270 245 Virginum.

1183 295 1292 345 Quae
1311 293 1405 335 sola
1423 293 1562 345 Virgo
1581 294 1785 346 parturit:

1182 351 1292 392 Haec
1311 355 1413 393 vota
1432 350 1623 392 clemens
1643 350 1804 403 accipe.

1133 421 1219 475 Qui
1237 419 1385 472 pergis
1405 420 1519 461 inter
1536 419 1637 469 lilia,

1182 477 1341 529 Septus
1361 475 1534 518 choreis
1553 476 1793 527 Virginum,

1183 534 1380 586 Sponsus
1400 533 1587 574 decorus
1605 532 1755 583 gloria,

1183 591 1453 642 Sponsisque
1471 588 1661 631 reddens
1679 590 1871 641 praemia.

1133 658 1421 709 Quocumque
1439 653 1595 703 tendis,
1614 654 1818 705 Virgines

1184 712 1445 763 Sequuntur,
1465 714 1598 762 atque
1614 709 1817 751 laudibus

1183 769 1293 809 Post
1311 772 1355 809 te
1375 769 1581 809 canentes
1601 767 1822 816 cursitant,

1183 825 1471 877 Hymnosque
1491 823 1642 865 dulces
1656 825 1903 876 personant.

1134 895 1198 936 Te
1217 893 1504 946 deprecamur
1524 892 1758 945 suppliceS,

1137 998 1141 1001 ,
1181 950 1358 992 Nostris
1377 955 1424 991 ut
1443 948 1581 990 addas
1603 948 1813 999 sensibus,

1183 1007 1365 1049 Nescire
1383 1019 1564 1059 prorsus
1584 1005 1730 1047 omnia

1184 1063 1490 1116 Corruptienis
1507 1062 1698 1104 vulnera.

1139 1133 1297 1183 Virtus,
1316 1132 1470 1183 honor,
1487 1131 1594 1182 lauS,
1611 1131 1752 1183 gloria

1185 1190 1282 1231 Deo
1301 1188 1422 1231 Patri
1441 1201 1541 1230 cum
1558 1187 1683 1238 Filio,

1185 1246 1347 1288 Sancto
1366 1245 1495 1287 simul
1512 1244 1743 1295 Paraclito,

1185 1303 1237 1344 In
1257 1302 1519 1344 saeculorum
1538 1301 1708 1343 saecula.

1340 1359 1493 1400 Amen.

1136 1427 1185 1475 V.
1221 1424 1393 1466 Diffusa
1424 1428 1491 1466 est
1526 1424 1668 1476 gratia
1699 1424 1745 1465 in
1775 1423 1904 1466 labiis

1083 1482 1181 1523 tuis.
1241 1485 1286 1535 R».
1321 1482 1566 1534 Propterea
1601 1480 1827 1524 benedixit
1861 1485 1907 1523 te

1083 1539 1203 1580 Deus
1228 1538 1273 1579 in
1297 1539 1520 1580 aeternum.

1138 1609 1203 1650 Ad
1233 1609 1389 1650 Bened.
1431 1609 1529 1650 Ant.
1571 1606 1719 1648 Simile
1747 1610 1815 1648 est
1841 1618 1905 1648 re-

1083 1677 1216 1716 gnum
1240 1663 1453 1706 coelerum
1474 1663 1498 1690 *
1521 1663 1687 1704 hemini
1711 1662 1905 1714 negotia-

1083 1721 1170 1763 teri
1207 1720 1420 1773 quaerenti
1455 1719 1595 1761 bonas
1629 1721 1905 1771 margaritas:

1083 1778 1259 1819 inventa
1275 1790 1361 1818 una
1377 1776 1588 1830 pretiosa,
1612 1775 1735 1818 dedit
1760 1775 1905 1817 emnia

1084 1847 1177 1885 sua,
1202 1838 1246 1876 et
1265 1833 1539 1886 comparavit
1558 1845 1664 1875 eam.

1414 1904 1576 1945 Oratio.

1170 1976 1261 2015 euS,
1290 1963 1364 2017 qui
1388 1964 1502 2006 inter
1525 1965 1671 2005 cetera
1693 1962 1905 2016 potentiae

1190 2025 1277 2063 tuae
1312 2020 1522 2062 miracula
1559 2019 1691 2062 etiam
1722 2020 1766 2061 in
1798 2032 1907 2062 sexu

1083 2077 1226 2130 fragili
1250 2077 1479 2119 victeriam
1502 2076 1699 2129 martyrii
1726 2075 1907 2118 contuli-

1083 2135 1154 2176 sti:
1181 2133 1375 2176 concede
1398 2133 1631 2187 propitius;
1663 2137 1712 2175 ut
1737 2133 1812 2186 qui
1833 2132 1906 2175 be-

1084 2194 1168 2233 atae
1198 2191 1249 2232 N.
1272 2190 1466 2242 Virginis
1500 2194 1544 2232 et
1579 2189 1785 2242 Martyris
1816 2193 1905 2231 tuae

1083 2247 1280 2289 natalitia
1307 2247 1508 2296 cOlimus,
1544 2259 1625 2299 per
1658 2247 1748 2299 ejus
1777 2245 1833 2288 ad
1860 2250 1905 2288 te

1085 2304 1285 2357 exempla
1302 2303 1563 2355 gradiamur.
1598 2303 1683 2345 Per
1702 2303 1829 2344 Dfim.

1358 2374 1455 2415 Alia
1477 2374 1641 2415 Oratio.

1131 2433 1429 2485 ndulgentiam
1464 2431 1609 2483 nobis,
1657 2434 1905 2485 quaesumus

1148 2490 1347 2540 Domine,
1366 2489 1498 2531 beata
1513 2491 1563 2531 N.
1576 2490 1715 2540 Virgo
1737 2493 1780 2531 et
1794 2488 1905 2530 Mar-

1083 2553 1153 2600 tyr
1171 2547 1392 2600 imploret:
1421 2559 1519 2599 quae
1545 2547 1626 2589 tibi
1648 2550 1774 2597 grata
1797 2557 1904 2587 scm-

1083 2617 1163 2656 per
1182 2603 1350 2645 exstitit
1370 2608 1413 2645 et
1431 2604 1588 2646 merito
1609 2601 1838 2651 castitatis,
1861 2605 1905 2642 et

1084 2665 1172 2702 tuae
1197 2660 1472 2713 professi6ne
1496 2660 1680 2703 virtutis.
1715 2659 1800 2700 Per
1817 2657 1904 2698 Do-

1085 2717 1249 2758 minum
1267 2721 1478 2758 nostrum.
