2040 2976
254 309 403 351 Carnis
422 310 534 347 terat
553 301 803 355 superbiam

251 366 385 405 Potus
405 361 576 412 cibique
594 357 800 411 parcitas:

208 430 271 477 Ut,
291 440 387 469 cum
407 425 499 466 dies
519 420 789 468 abscesserit,

251 483 525 532 Noctemque
546 491 640 519 sors
659 473 891 521 reduxerit,

252 536 402 579 Mundi
421 548 500 588 per
519 531 824 575 abstinentiam

249 593 341 645 Ipsi
361 593 566 633 canamus
585 588 778 639 gldriam.

204 658 297 698 Deo
316 656 436 696 Patri
455 655 510 695 sit
528 653 675 704 glotia‚

253 713 443 764 Eiusque
459 709 541 750 soli
561 708 682 755 Filio,

255 768 364 809 Cum
383 766 545 818 Spiritu
563 762 791 809 ParAclito,

253 823 392 870 Nunc,
413 826 455 862 et
473 833 552 873 per
572 831 699 860 omne
719 814 937 857 saeculum.

487 877 639 916 Amen.

237 943 320 974 Ant.
347 943 575 981 competens,

456 1001 649 1041 l'salmus
669 994 733 1037 5'3.

226 1085 236 1093 -·
259 1073 269 1102 j
314 1073 390 1102 eus
426 1060 469 1100 in
509 1057 681 1098 nomine
720 1060 796 1096 tuo
833 1053 1000 1094 salvum

226 1158 235 1165 ,
300 1111 305 1117 ’
331 1129 400 1157 me
431 1115 513 1155 fac:
541 1114 564 1139 *
593 1118 635 1154 et
666 1112 709 1152 in
738 1111 897 1150 virtute
926 1113 1001 1149 tua

331 1170 471 1222 judica
490 1182 570 1210 me.

234 1228 354 1268 Deus
383 1224 539 1267 exaudi
576 1223 817 1265 orationem
845 1233 1002 1261 meam:

183 1284 206 1309 *
226 1282 400 1324 auribus
428 1281 604 1333 percipe
632 1278 766 1320 verba
794 1277 881 1318 oris
906 1275 1002 1316 mei.

235 1338 448 1388 Qudniam
460 1335 586 1376 alieni
596 1334 922 1375 insurrexerunt
930 1330 1002 1371 ad-

184 1395 357 1434 versum
388 1405 472 1441 me,
505 1396 548 1432 et
576 1391 711 1431 fortes
739 1387 1004 1440 quaesierunt

186 1449 373 1489 animam
390 1460 546 1488 meam:
559 1447 582 1471 *
598 1451 642 1486 et
660 1457 748 1486 non
766 1443 1004 1496 proposue-

186 1509 286 1544 runt
299 1503 441 1544 Deum
456 1507 556 1543 ante
571 1502 857 1552 conspectum
870 1510 1006 1538 suum.

237 1559 353 1599 Ecce
372 1558 485 1599 enim
499 1557 620 1597 Deus
640 1555 814 1606 adjuvat
827 1567 912 1595 me:
925 1554 948 1578 *
964 1557 1007 1593 et

188 1614 401 1654 Dominus
410 1614 638 1664 susceptor
648 1616 713 1652 est
722 1610 877 1651 animae
886 1621 1007 1649 meae.

242 1670 403 1709 Averte
430 1668 543 1708 mala
570 1667 752 1707 inimicis
780 1666 904 1706 meis:
921 1665 945 1690 *
965 1668 1009 1705 et

190 1725 233 1765 in
252 1724 434 1765 veritate
452 1728 527 1764 tua
546 1721 748 1775 disperde
768 1721 876 1762 illos.

242 1779 499 1820 Voluntarie
526 1778 782 1819 sacrificabo
810 1776 905 1825 tibi,
923 1776 947 1801 *
967 1780 1010 1816 et

193 1834 434 1876 confitebor
479 1834 643 1874 nomini
686 1838 763 1874 tuo
805 1832 1010 1873 Domine:

195 1890 399 1942 quoniam
417 1889 581 1930 bonum
601 1894 676 1930 est.

247 1945 461 1995 Quoniam
493 1958 546 1986 ex
584 1944 701 1986 omni
732 1943 1012 1985 tribulatione

195 2000 390 2052 eripuisti
421 2013 504 2041 me:
527 2001 550 2025 *
577 2005 620 2041 et
653 2012 784 2052 super
815 1999 1012 2039 inimicos

195 2068 317 2097 meos
337 2054 534 2107 despexit
554 2055 704 2096 oculus
726 2068 860 2096 meus.

460 2117 655 2156 psalmus
676 2119 752 2155 118.

279 2186 365 2227 eati
395 2185 658 2226 immaculati
693 2185 735 2225 in
768 2185 854 2225 via:
885 2185 908 2210 *
943 2184 1016 2236 qui

303 2240 523 2282 ambulant
541 2241 584 2280 in
602 2240 697 2290 lege
715 2240 902 2281 DOmini.

252 2296 395 2344 Beati,
416 2295 489 2347 qui
507 2297 752 2336 scrutantur
770 2295 1018 2336 testimonia

201 2350 306 2400 ejus:
317 2351 340 2375 *
351 2351 394 2390 in
404 2355 499 2391 toto
515 2349 646 2391 corde
662 2353 893 2402 exquirunt
908 2363 1018 2391 eum.

252 2405 352 2446 Non
377 2406 490 2446 enim
515 2405 587 2457 qui
612 2408 848 2458 operantur
866 2406 1017 2457 iniqui-

202 2461 349 2509 tatem,
367 2462 390 2486 *
410 2461 453 2501 in
471 2461 551 2501 viis
571 2461 659 2511 ejus
679 2461 1019 2502 ambulaverunt.

253 2515 321 2556 Tu
344 2515 560 2557 mandasti
579 2517 601 2541 *
622 2516 827 2557 mandata
851 2521 926 2557 tua
950 2529 1019 2557 cu-

203 2570 356 2611 stodiri
375 2571 510 2611 nimis.

253 2626 427 2667 Utinam
444 2626 684 2676 dirigantur
699 2627 781 2668 viae
796 2639 917 2675 meae,
928 2628 950 2652 *
966 2627 1022 2668 ad

205 2680 513 2722 custodiendas
532 2682 856 2733 justificationes
875 2687 982 2724 tuas.

660 208 699 240 In
727 205 848 239 Festi<
876 213 942 245 per
968 202 1118 234 Annum
1145 198 1193 230 nd
1218 195 1394 229 Primum.

1097 293 1222 334 Tunc
1241 303 1329 331 non
1349 285 1604 333 confundar,
1618 284 1643 309 *
1658 295 1759 324 cum
1777 293 1873 334 per-

1046 351 1233 401 spexero
1253 347 1296 387 in
1317 341 1520 386 Omnibus
1539 337 1758 381 mandatis
1777 336 1875 378 tuis.

1099 406 1352 449 Confitebor
1370 403 1449 445 tibi
1463 402 1508 442 in
1523 399 1766 442 directione
1782 409 1875 438 cor-

1047 465 1128 506 dis:
1146 464 1169 489 *
1189 463 1232 503 in
1261 474 1314 503 eo
1342 458 1462 512 quod
1487 456 1622 498 didici
1639 453 1799 507 judicia
1817 453 1875 504 ju-

1048 520 1179 561 stitiae
1198 524 1298 560 tuae.

1098 580 1123 620 J
1125 577 1441 620 ustificationes
1460 579 1560 615 tuas
1580 569 1841 613 custodiam:
1853 569 1878 594 *

1048 649 1135 677 non
1154 647 1225 675 me
1246 632 1524 682 derelinquas
1548 627 1879 680 usquequaque.

1099 697 1151 736 In
1198 705 1284 746 quo
1331 690 1510 741 cOrrigit
1555 685 1879 729 adolescentior

1049 753 1164 792 viam
1188 747 1334 790 suam?
1355 747 1442 787 *in
1471 741 1764 786 custodiendo
1793 753 1880 782 ser-

1049 809 1203 848 mones
1221 811 1333 846 tuos.

1101 868 1153 907 In
1180 870 1275 907 toto
1305 862 1439 905 corde
1467 873 1567 902 meo
1588 857 1804 911 exquisivi
1821 861 1881 898 te:

1050 924 1073 949 *
1093 936 1148 964 ne
1167 920 1354 974 repellas
1373 931 1443 959 me
1463 930 1489 958 a
1506 914 1727 957 mandatis
1745 912 1843 955 tuis.

1103 983 1154 1023 In
1182 980 1317 1022 corde
1344 991 1444 1020 meo
1473 973 1688 1018 absc6ndi
1707 972 1883 1025 eloquia

1052 1044 1142 1080 tua:
1161 1038 1184 1063 *
1204 1042 1252 1078 ut
1271 1048 1359 1076 non
1377 1046 1561 1087 peccem
1579 1031 1669 1073 tibi.

1104 1096 1371 1139 Benedictus
1404 1107 1451 1135 es
1482 1092 1692 1139 Domine:
1718 1090 1743 1115 *
1771 1088 1884 1130 doce

1053 1167 1124 1195 me
1143 1152 1473 1205 justificationes
1493 1154 1602 1190 tuas.

1105 1214 1157 1254 In
1184 1212 1310 1254 labiis
1334 1211 1459 1259 meis,
1484 1210 1508 1235 *
1531 1205 1815 1262 pronuntiavi
1842 1206 1886 1246 ό-

1054 1270 1171 1311 mnia
1189 1267 1347 1321 judicia
1366 1267 1454 1308 oris
1474 1265 1548 1306 tui.

1106 1331 1158 1370 In
1172 1329 1243 1369 via
1257 1326 1610 1369 testimoniorum
1623 1324 1801 1376 tuorum
1816 1321 1888 1363 de-

1056 1385 1242 1426 lectatus
1271 1397 1384 1432 sum,
1412 1382 1435 1407 *
1464 1381 1577 1422 sicut
1608 1380 1652 1421 in
1685 1377 1889 1420 Omnibus

1058 1441 1229 1482 divitiis.

1109 1502 1161 1542 In
1179 1499 1397 1541 mandatis
1415 1498 1502 1540 tuis
1528 1494 1784 1539 exercebor:
1802 1493 1827 1519 *
1846 1497 1891 1535 et

1060 1555 1350 1598 considerabo
1369 1555 1463 1595 vias
1482 1559 1592 1595 tuas.

1111 1618 1162 1657 In
1188 1613 1568 1668 justificatifmibus
1595 1612 1683 1654 tuis
1710 1609 1891 1652 medita-

1060 1672 1163 1714 bor:
1199 1672 1222 1697 *
1258 1684 1346 1712 non
1388 1670 1624 1712 obliviscar
1665 1667 1892 1709 sermones

1062 1733 1173 1769 tuos.

1065 1829 1319 1933 Retribue
1344 1845 1472 1874 servo
1492 1837 1586 1881 tuo,
1610 1830 1784 1872 vivifica
1807 1840 1893 1869 me:

1172 1891 1196 1916 *
1216 1895 1259 1932 et
1274 1889 1521 1931 custodiam
1536 1888 1762 1929 sermones
1781 1890 1894 1927 tuos.

1115 1950 1282 1992 Revela
1306 1949 1459 1991 oculos
1483 1960 1622 1990 meos:
1640 1947 1664 1973 *
1685 1951 1728 1988 et
1755 1944 1894 1987 consi-

1065 2006 1230 2048 derabo
1250 2005 1464 2048 mirabilia
1484 2004 1539 2046 de
1558 2004 1655 2054 lege
1674 2007 1760 2044 tua.

1117 2066 1267 2107 Incola
1296 2078 1378 2116 ego
1407 2079 1504 2106 sum
1531 2065 1575 2105 in
1602 2068 1734 2105 terra:
1757 2062 1781 2087 *
1806 2073 1896 2102 11011

1067 2121 1313 2162 abscondas
1334 2134 1359 2161 a
1378 2134 1448 2162 me
1466 2119 1675 2161 mandata
1693 2123 1779 2159 tua.

1120 2181 1380 2233 Concupivit
1417 2181 1560 2221 anima
1591 2191 1691 2220 mea
1727 2175 1897 2219 deside-

1068 2238 1165 2277 rare
1188 2236 1516 2288 justificationes
1535 2240 1650 2284 tuas,
1669 2234 1692 2260 *
1711 2234 1756 2274 in
1779 2231 1898 2274 omni

1068 2294 1279 2344 tempore.

1120 2352 1364 2404 Increpasti
1383 2351 1614 2404 superbos:
1633 2351 1657 2375 ¹⁸¹
1676 2348 1899 2391 maledicti

1073 2407 1146 2459 qui
1165 2406 1383 2449 declinant
1402 2420 1427 2448 a
1445 2406 1663 2448 mandatis
1682 2406 1780 2447 tuis.

1122 2463 1258 2504 Aufer
1282 2476 1307 2503 a
1329 2475 1399 2504 me
1424 2462 1713 2515 opprobrium
1737 2465 1780 2502 et
1799 2468 1899 2501 con-

1072 2519 1299 2582 temptum:
1334 2519 1358 2544 *
1397 2519 1498 2570 quia
1537 2517 1789 2559 testimOnia
1824 2520 1901 2557 tua

1074 2575 1296 2625 exqulsivi.

1124 2629 1295 2670 Etenim
1332 2629 1540 2671 sederunt
1574 2628 1812 2681 principes,
1858 2630 1902 2667 et

1075 2683 1306 2725 adversum
1332 2698 1403 2726 me
1430 2684 1737 2737 loquebantur:
1766 2683 1789 2708 *
1814 2694 1901 2723 ser-
