2040 2976
501 187 603 220 Infra
628 187 924 220 Hebdomadam
949 186 999 219 ix.
1024 190 1114 228 post
1139 185 1217 219 Oct.
1243 187 1499 221 Pentecostes.

142 283 263 331 ginta
276 282 507 331 argenteis,
524 287 567 323 et
584 287 739 334 quarta
753 295 857 334 pars
874 283 972 324 cabi

142 337 350 379 stercoris
370 337 673 379 columbarum
695 339 887 389 quinque
907 351 971 379 ar-

142 392 321 443 genteis.
356 392 552 444 Cumque
576 406 655 434 rex
673 393 810 433 Israel
833 398 971 434 trans-

142 450 224 488 iret
251 460 333 499 per
360 461 550 498 murum,
581 448 739 489 mulier
768 447 972 500 quaedam

143 503 405 545 exclamavit
425 504 482 545 ad
502 517 618 554 eum,
647 504 814 546 dicens:
842 504 972 545 Salva

141 571 212 600 me
237 558 413 600 domine
436 560 496 600 mi
521 573 610 601 rex.
651 561 735 610 Qui
761 560 837 601 ait:
868 560 972 600 Non

142 619 186 655 te
219 614 360 656 salvat
386 616 616 657 Dominus:
646 615 764 657 unde
795 621 839 657 te
871 628 971 668 pos-

142 683 238 711 sum
258 670 452 712 salvare?
486 671 542 713 de
562 674 680 723 area,
708 672 780 713 vel
806 672 860 713 de
884 676 971 713 tor-

142 725 302 767 culari?
703 744 707 749 ·

197 785 248 836 R.
269 783 533 835 Praeparate.
552 784 640 824 216.

452 838 605 880 Lectio
625 838 666 877 ii.

235 894 403 945 ixitque
426 894 483 935 ad
509 907 605 935 eam
629 907 722 936 rex:
750 894 867 945 Quid
891 895 972 936 tibi

254 948 343 990 vis?
385 951 494 1000 Quae
525 951 770 1003 respondit:
812 951 971 992 Mulier

141 1006 226 1047 ista
245 1005 356 1047 dixit
373 1006 492 1046 mihi:
516 1007 586 1048 Da
604 1007 743 1048 filium
760 1013 899 1057 tuum,
924 1013 972 1048 ut

142 1061 426 1103 comedamus
454 1075 554 1103 eum
581 1062 730 1113 hodie,
765 1069 808 1105 et
834 1064 971 1105 filium

141 1130 288 1159 meum
311 1118 594 1160 comedemus
614 1132 722 1160 cras.
761 1120 971 1161 Coximus

143 1185 248 1224 ergo
271 1173 409 1214 filium
433 1187 595 1225 meum,
625 1180 669 1216 et
688 1174 970 1216 comedimus.

142 1228 333 1281 Dixique
366 1230 405 1270 ei
438 1230 509 1271 die
542 1230 693 1272 altera:
734 1232 803 1271 Da
834 1231 972 1272 filium

141 1289 282 1334 tuum,
313 1290 362 1326 ut
394 1285 677 1327 comedamus
710 1299 820 1327 eum.
862 1288 971 1336 Quae

142 1339 375 1382 abscondit
393 1341 531 1382 filium
551 1355 688 1382 suum.
722 1342 852 1392 Quod
871 1356 970 1383 cum

142 1395 337 1437 audisset
356 1409 444 1447 rex,
464 1397 593 1439 scidit
607 1398 868 1439 vestimenta
883 1411 971 1448 sua,

142 1456 187 1492 et
205 1451 420 1494 transibat
443 1465 524 1504 per
542 1467 725 1494 murum.
757 1455 971 1506 Viditque

142 1507 282 1548 omnis
301 1508 492 1560 populus
511 1509 712 1558 cilicium,
733 1523 823 1561 quo
843 1513 971 1552 vesti-

142 1567 213 1604 tus
233 1569 327 1605 erat
346 1563 403 1605 ad
423 1577 598 1605 carnem
615 1565 888 1607 intrinsecus.
914 1567 972 1607 Et

142 1619 203 1660 ait
225 1632 320 1660 rex:
347 1620 458 1661 Haec
481 1620 587 1661 mihi
611 1621 742 1662 faciat
760 1622 898 1671 Deus,
928 1627 972 1663 et

141 1674 239 1716 haec
257 1674 408 1725 addat,
435 1676 473 1716 si
492 1677 664 1717 steterit
684 1682 818 1729 caput
837 1677 971 1718 Elisei

141 1730 219 1770 filii
252 1731 419 1782 Saphat
460 1745 593 1784 super
636 1733 782 1784 ipsum
826 1733 984 1785 hodie„

141 1786 313 1827 Eliseus
350 1791 496 1828 autem
535 1786 718 1829 sedebat
754 1789 799 1828 in
837 1789 970 1830 domo

142 1854 230 1891 sua,
251 1847 295 1883 et
314 1854 442 1883 senes
462 1842 676 1884 sedebant
694 1856 794 1884 cum
814 1857 879 1885 eo.

200 1899 251 1951 Rz.
269 1898 391 1938 Deus
411 1899 614 1939 omnium.
633 1899 719 1939 217.

451 1954 603 1995 Lectio
622 1954 678 1994 iii.

149 2003 415 2108 Praemisit
437 2013 586 2062 itaque
604 2011 762 2052 virum:
787 2016 830 2053 et
854 2014 969 2052 ante-

149 2095 152 2098 ·
237 2078 368 2117 quam
382 2069 550 2107 veniret
566 2067 742 2108 nuntius
756 2067 839 2117 ille,
861 2067 971 2108 dixit

142 2120 198 2162 ad
213 2133 354 2162 senes:
372 2121 599 2174 Numquid
618 2122 739 2163 scitis
761 2121 881 2174 quod
895 2124 969 2162 mi-

142 2176 247 2217 serit
273 2176 389 2218 filius
415 2177 648 2219 homicidae
673 2178 761 2227 hic,
789 2183 837 2219 ut
860 2191 970 2229 prae-

142 2231 315 2272 cidatur
335 2238 467 2285 caput
484 2233 653 2274 meum?
681 2233 828 2274 videte
854 2245 970 2283 ergo,

142 2299 241 2327 cum
260 2289 428 2329 venerit
446 2289 638 2338 nuntius,
658 2288 848 2329 claudite
868 2289 969 2329 osti-

141 2356 229 2392 um,
268 2348 311 2384 et
342 2356 431 2384 non
462 2345 615 2385 sinatis
648 2357 747 2385 eum
773 2344 969 2384 introire:

142 2410 246 2439 6666
272 2398 388 2439 6111111
419 2400 588 2441 sonitus
613 2398 778 2451 pedum
806 2397 970 2439 domini

143 2453 233 2504 ejus
258 2459 363 2505 post
389 2467 488 2495 eum
512 2459 589 2495 est.
625 2454 785 2495 Adhuc
808 2453 884 2494 illo
908 2454 969 2495 lo-

142 2510 302 2560 quente
328 2510 405 2559 eis,
439 2510 643 2562 apparuit
669 2509 862 2558 nuntius,
897 2509 970 2560 qui

141 2564 345 2606 veniebat
360 2564 417 2606 ad
432 2578 542 2605 eum.
568 2566 625 2605 Et
639 2565 714 2605 ait:
732 2565 859 2613 Ecce,
878 2569 969 2605 tan-

142 2625 234 2660 tum
265 2620 429 2660 malum
460 2633 485 2660 a
517 2620 709 2660 Domino
743 2624 823 2660 est:
864 2619 969 2671 quid

142 2675 329 2726 amplius
374 2674 644 2727 exspectabo
690 2687 715 2715 a
753 2675 968 2715 Domino?

295 2812 359 2836 Pars
375 2813 483 2838 AEstiva.

1787 189 1851 223 221

1023 283 1148 323 Dixit
1173 288 1319 324 autem
1343 284 1530 325 Eliseus:
1566 286 1732 326 Audite
1756 298 1850 326 ver-

1023 338 1128 379 bum
1146 339 1339 379 Domini:
1367 340 1477 381 Haec
1497 340 1602 382 dicit
1620 341 1851 382 Dominus:

1023 394 1075 433 In
1106 396 1308 446 tempore
1339 395 1424 436 hoc
1464 408 1560 437 cras
1592 396 1764 437 modius
1798 399 1850 437 si-

1022 449 1140 490 milae
1160 462 1247 490 uno
1269 452 1432 492 statere
1452 452 1549 501 erit,
1579 456 1622 492 et
1648 451 1735 493 duo
1761 454 1851 493 mo-

1025 504 1084 545 dii
1114 504 1270 546 hordei
1302 509 1464 548 statere
1498 520 1601 557 uno,
1642 508 1686 548 in
1722 513 1853 560 porta

1023 560 1243 602 Samariae.

1080 619 1132 670 R.
1152 621 1379 663 Dominus.
1398 623 1483 663 217.

1254 741 1287 776 F
1301 752 1323 777 e
1335 742 1378 778 ri
1392 752 1416 777 a
1444 742 1472 778 S
1487 753 1509 778 e
1522 754 1548 778 x
1559 746 1575 777 t
1587 753 1623 779 a.

1148 799 1214 839 De
1236 797 1349 838 libro
1374 803 1530 849 quarto
1550 799 1733 849 Regum.

1080 862 1234 902 Lectio
1255 862 1279 901 i.
1646 861 1748 911 Cap.
1769 862 1805 899 8.

1030 935 1039 962 t
1062 924 1248 979 1156115
1290 931 1436 968 31116111
1477 927 1651 969 locutus
1694 934 1761 969 est
1798 928 1854 970 ad

1052 981 1107 1017 L]
1131 981 1375 1031 mulierem,
1409 983 1529 1034 cujus
1562 985 1710 1024 vivere
1742 984 1852 1025 fece-

1024 1040 1092 1076 rat
1111 1035 1265 1085 filium,
1295 1036 1460 1078 dicens:
1489 1038 1642 1089 Surge,
1670 1039 1782 1080 vade
1807 1045 1854 1080 tu

1025 1095 1069 1132 et
1088 1091 1245 1132 domus
1263 1097 1357 1141 tua,
1387 1098 1430 1134 et
1455 1095 1736 1145 peregrinare
1762 1095 1853 1136 ubi-

1025 1150 1212 1197 cumque
1250 1149 1484 1199 repereris:
1527 1150 1704 1190 vocavit
1739 1151 1853 1191 enim

1023 1203 1240 1243 Dominus
1268 1204 1442 1254 famem,
1476 1209 1520 1246 et
1548 1206 1693 1246 veniet
1721 1219 1854 1258 super

1023 1263 1185 1298 terram
1208 1264 1381 1311 septem
1407 1261 1542 1300 annis.
1580 1261 1688 1310 Quae
1714 1264 1852 1302 surre-

1024 1314 1104 1363 xit,
1134 1319 1177 1355 et
1201 1315 1305 1356 fecit
1323 1316 1444 1367 juxta
1462 1316 1646 1357 verbum
1665 1316 1853 1358 hominis

1026 1370 1121 1410 Dei:
1142 1375 1185 1411 et
1201 1370 1364 1412 vadens
1385 1384 1484 1412 cum
1500 1372 1633 1413 domo
1650 1385 1738 1422 sua,
1757 1386 1852 1424 per-

1025 1426 1221 1475 egrinata
1262 1432 1329 1468 est
1366 1427 1409 1467 in
1441 1432 1559 1468 terra
1590 1428 1853 1469 Philisthiim

1025 1481 1180 1522 diebus
1211 1482 1369 1523 multis.
1417 1483 1614 1534 Cumque
1646 1484 1757 1524 finiti
1789 1497 1852 1525 65-

1024 1542 1121 1578 sent
1140 1538 1241 1577 anni
1262 1544 1449 1590 septem,
1475 1541 1652 1580 reversa
1676 1544 1743 1580 est
1762 1543 1852 1580 mu-

1023 1592 1102 1633 lier
1127 1592 1182 1633 de
1205 1598 1324 1634 terra
1342 1594 1619 1635 Philisthiim:
1648 1600 1691 1635 et
1710 1597 1850 1645 egres-

1024 1661 1072 1688 sa
1098 1653 1165 1689 est
1188 1654 1236 1690 ut
1260 1650 1561 1702 interpellaret
1595 1663 1743 1701 regem
1768 1664 1850 1703 pro

1024 1703 1158 1744 domo
1179 1717 1268 1754 sua,
1289 1710 1332 1746 et
1351 1719 1434 1757 pro
1455 1707 1570 1756 agris
1590 1707 1692 1747 suis.

1081 1765 1131 1815 R.
1151 1764 1378 1807 Percussit
1397 1766 1510 1807 Saul.
1529 1767 1613 1806 217.

1338 1836 1491 1877 Lectio
1511 1836 1551 1875 ii.

1028 1892 1163 1997 Rex
1175 1906 1323 1942 autem
1336 1902 1601 1954 loquebatur
1616 1915 1714 1944 cum
1730 1904 1854 1944 Giezi

1131 1960 1272 2008 puero
1294 1958 1375 1998 viri
1394 1958 1493 2007 Dei,
1521 1957 1687 1999 dicens:
1712 1959 1853 1999 Narra
1904 1978 1906 1980 -

1022 2012 1128 2052 mihi
1169 2013 1315 2053 omnia
1354 2014 1569 2064 magnalia
1611 2027 1710 2065 quae
1751 2015 1853 2055 fecit

1023 2068 1205 2109 Eliseus.
1235 2069 1432 2120 Cumque
1451 2069 1523 2111 ille
1543 2072 1742 2111 narraret
1760 2070 1853 2120 regi

1024 2123 1248 2174 quomodo
1263 2126 1485 2166 mortuum
1501 2126 1768 2175 suscitasset,
1787 2139 1854 2177 ap-

1022 2179 1168 2230 paruit
1195 2179 1368 2230 mulier,
1400 2182 1521 2232 cujus
1554 2181 1853 2223 vivificaverat

1022 2234 1176 2283 filium,
1206 2235 1400 2276 clamans
1424 2236 1481 2277 ad
1503 2249 1652 2288 regem
1670 2249 1752 2288 pro
1778 2236 1851 2277 do-

1022 2302 1094 2330 mo
1123 2302 1217 2339 sua,
1246 2295 1290 2331 et
1316 2303 1398 2342 pro
1428 2293 1544 2342 agris
1571 2293 1672 2333 suis.
1712 2291 1850 2332 Dixit-

1024 2357 1109 2396 que
1124 2345 1263 2385 Giezi:
1281 2346 1469 2388 Domine
1487 2348 1548 2387 mi
1566 2360 1655 2396 rex,
1674 2347 1770 2387 haec
1785 2351 1851 2387 est

1022 2400 1189 2449 mulier,
1214 2405 1257 2441 et
1275 2400 1347 2442 hic
1367 2406 1434 2442 est
1451 2402 1568 2443 filius
1593 2403 1695 2454 ejus,
1721 2414 1850 2453 quem

1023 2456 1253 2497 suscitavit
1272 2457 1454 2498 Eliseus.
1488 2458 1545 2498 Et
1563 2457 1850 2506 interrogavit

1022 2523 1100 2551 rex
1136 2512 1378 2553 mulierem:
1425 2525 1524 2564 quae
1565 2512 1758 2553 narravit
1786 2511 1848 2551 61.

1022 2566 1244 2618 Deditque
1271 2568 1310 2607 ei
1335 2580 1412 2608 rex
1440 2567 1686 2608 eunuchum
1703 2579 1847 2614 unum⁷

1023 2621 1187 2662 dicens:
1206 2623 1408 2664 Restitue
1427 2623 1467 2663 ei
1487 2623 1631 2663 omnia
1651 2633 1748 2672 quae
1769 2632 1848 2660 sua

1023 2682 1133 2722 sunt,
1153 2681 1197 2717 et
1215 2678 1442 2718 universos
1461 2678 1626 2718 reditus
1646 2677 1847 2725 agrorum

1578 2802 1640 2835 15*
