2040 2976
530 233 705 267 Officium
730 233 903 267 votivum
928 232 974 266 dc
998 232 1186 266 passione
1211 233 1253 267 l).
1276 234 1318 267 N.
1341 234 1373 266 J.
1395 233 1433 267 C.

185 331 305 373 Vota
331 343 429 372 mea
455 330 646 372 Domino
677 327 860 371 reddam
888 340 957 369 co-

134 401 228 430 ram
256 387 375 429 omni
401 386 567 440 pupulo
597 387 702 438 ejus:
722 386 746 411 *
764 384 959 438 pretiosa

134 444 178 485 in
197 445 438 497 conspectu
455 443 633 484 Domini
649 454 769 483 mors
790 442 958 482 sancto-

134 514 231 542 rum
249 502 355 552 ejus:

187 557 225 599 Ο
243 557 432 599 Domine
452 557 553 609 quia
572 568 653 608 ego
673 568 825 596 servus
844 559 960 596 tuus:

134 614 158 640 *
178 625 260 665 ego
281 627 435 656 servus
453 618 570 664 tuus,
595 617 638 654 et
656 611 771 653 filius
790 610 959 652 ancillae

134 675 234 712 tuae.

186 726 402 779 Dirupisti
425 726 598 768 vincula
622 738 734 767 mea:
753 724 777 750 *
795 723 876 765 tibi
895 736 959 764 sa-

136 783 342 825 crificabo
361 782 552 825 hostiam
570 781 723 831 laudis,
742 785 786 822 et
800 792 959 822 nomen

134 839 314 881 Domini
330 839 558 881 invocabo,

186 896 305 938 Vota
340 909 439 938 mea
473 895 665 937 Dumino
702 893 886 947 reddam
916 893 960 934 in

134 954 377 1005 conspectu
404 952 546 994 omnis
570 951 726 1005 populi
750 951 855 1003 ejus:
874 950 897 975 *
916 950 960 990 in

135 1009 257 1050 atriis
276 1008 433 1051 domus
451 1008 646 1058 Domini,
666 1008 712 1048 in
730 1006 876 1048 medio
896 1007 960 1047 tui

134 1065 389 1107 Jerusalem.

182 1128 282 1169 Ant.
305 1126 497 1169 Galicem
513 1125 716 1167 salutaris
736 1125 960 1177 accipiam,

136 1186 180 1224 et
195 1195 355 1225 nomen
373 1183 552 1225 Demini
570 1181 799 1224 invocabo.

183 1242 282 1282 Ant.
320 1241 427 1282 Cum
445 1240 524 1281 his.

393 1311 593 1352 Psalmus
614 1312 693 1351 119.

135 1386 137 1388 ·
205 1374 235 1416 d
252 1374 490 1417 Deminum
508 1386 607 1415 cum
625 1373 859 1415 tribularer
878 1373 961 1414 cla-

253 1431 386 1472 mavi:
403 1432 428 1458 *
448 1434 496 1472 et>
512 1429 735 1471 exaudivit
754 1442 836 1471 me.

185 1487 374 1529 Domine
397 1486 535 1529 libera
560 1486 749 1527 animam
771 1499 915 1527 meam
936 1499 961 1527 a

134 1543 262 1586 labiis
283 1544 454 1597 iniquis,
475 1545 500 1571 *
524 1547 568 1585 et
587 1556 612 1584 a
630 1542 776 1593 lingua
795 1542 960 1584 dolosa.

187 1599 303 1651 Quid
326 1600 453 1642 detur
475 1599 571 1649 tibi,
598 1604 673 1641 aut
697 1597 804 1652 quid
827 1611 960 1652 appo-

135 1658 262 1699 natur
281 1657 362 1699 tibi
381 1657 405 1683 *
425 1655 482 1698 ad
500 1656 692 1708 linguam
711 1654 934 1697 dolosam?

186 1714 367 1765 Sagittae
393 1713 588 1766 potentis
618 1715 780 1762 acutae,
810 1713 833 1738 *
862 1725 961 1754 cum

136 1770 400 1812 carbunibus
419 1769 707 1812 desolatoriis.

185 1827 287 1869 Heu
311 1826 435 1877 mihi,
466 1826 567 1879 quia
594 1825 810 1867 incolatus
837 1838 961 1867 meus

134 1883 422 1936 prolongatus
446 1887 527 1925 est:
551 1882 746 1924 habitavi
769 1895 869 1924 cum
889 1882 960 1923 ha-

135 1938 375 1981 bitantibus
395 1938 551 1980 Cedar:
571 1939 595 1965 *
614 1938 799 1980 multum
816 1938 962 1980 incola

135 1994 217 2036 fuit
235 1995 379 2036 anima
396 2008 504 2037 mea.

191 2051 300 2093 Cum
335 2051 422 2101 his,
462 2051 537 2104 qui
572 2049 760 2092 oderunt
795 2063 960 2103 pacem,

136 2121 256 2150 eram
288 2107 517 2160 pacificus:
552 2107 576 2133 *
613 2120 712 2148 cum
746 2105 961 2159 loquebar

135 2164 231 2215 illis,
257 2164 572 2217 impugnabant
597 2176 668 2205 me
695 2163 842 2214 gratis.

186 2225 286 2266 Ant.
324 2225 435 2267 Cum
462 2224 530 2266 his
564 2224 638 2276 qui
669 2223 857 2266 oderunt
887 2237 962 2276 pa-

137 2293 249 2330 cem,
278 2294 396 2322 eram
423 2281 652 2334 pacificus:
683 2280 787 2322 dum
813 2279 961 2332 loque-

136 2336 216 2378 bar
234 2336 330 2388 illis,
350 2337 665 2390 impugnabant
682 2350 752 2378 me
771 2337 917 2388 gratis.

192 2397 291 2438 Ant.
320 2397 391 2439 Ab
409 2397 668 2440 hominibus.

397 2466 605 2507 Psalmus·
616 2465 700 2505 139.

225 2531 319 2584 ripe
360 2544 430 2573 me
462 2532 652 2573 Domine
696 2531 752 2573 ab
786 2531 962 2572 homine

240 2587 372 2628 malo:
385 2588 409 2613 *
424 2600 450 2628 a
462 2587 557 2629 viro
576 2588 724 2639 iniquo
745 2587 864 2639 eripe
882 2599 963 2628 me.

191 2643 275 2693 Qui
307 2643 607 2694 cogitaverunt
636 2644 888 2696 iniquitates
919 2644 963 2683 in

140 2699 290 2741 corde:
326 2699 350 2725 *
386 2704 481 2741 tota
525 2699 595 2741 die
640 2698 963 2741 constituebant

139 2755 303 2808 praelia.

1062 327 1289 369 Acuerunt
1307 328 1475 379 linguas
1496 341 1596 369 suas
1618 328 1729 369 sicut
1749 339 1834 368 ser-

1011 384 1167 436 pentis:
1183 384 1206 410 *
1221 386 1437 426 venenum
1457 385 1659 438 aspidum
1679 383 1759 425 sub
1778 383 1836 423 la-

1010 439 1094 481 biis
1114 442 1277 481 eorum.

1064 496 1247 538 Custodi
1282 511 1353 539 me
1390 498 1578 539 Domine
1615 498 1670 540 de
1706 512 1838 540 manu

1011 554 1272 606 peccatoris:
1291 555 1315 581 *
1341 558 1385 595 et
1409 554 1463 596 ab
1488 554 1737 596 hominibus
1761 555 1835 595 ini-

1013 610 1109 662 quis
1129 610 1249 662 eripe
1267 623 1348 651 me.

1066 667 1150 716 Qui
1200 667 1502 718 cogitaverunt
1554 667 1838 720 supplantare

1011 735 1188 773 gressus
1214 735 1352 764 meos:
1375 723 1398 748 *
1421 723 1746 766 absconderunt
1771 737 1837 765 su-

1011 779 1138 831 perbi
1156 779 1362 831 laqueum
1379 778 1497 819 mihi:

1063 834 1120 878 Et
1147 836 1272 877 funes
1301 834 1591 877 extenderunt
1621 837 1665 877 in
1692 837 1838 889 laque-

1014 906 1100 933 um:
1124 893 1148 918 *
1172 894 1292 944 juxta
1318 893 1400 934 iter
1428 892 1682 934 scandalum
1709 906 1838 946 posu-

1013 951 1140 990 erunt
1158 949 1275 990 mihi.

1063 1005 1167 1046 Dixi
1187 1005 1393 1047 Domino:
1418 1006 1539 1047 Deus
1557 1019 1681 1048 meus
1706 1019 1752 1048 es
1777 1011 1839 1048 tu:
1881 1048 1883 1051 ,

1012 1062 1036 1088 *
1056 1062 1215 1104 exaudi
1239 1063 1428 1104 D6mine
1452 1075 1609 1104 vocem
1632 1062 1838 1116 depreca-

1012 1119 1145 1161 tiunis
1170 1132 1292 1161 meae.

1063 1175 1269 1226 Domine,
1303 1176 1491 1217 Domine
1519 1176 1656 1217 virtus
1688 1175 1839 1217 salutis

1012 1245 1140 1274 meae:
1172 1234 1196 1260 *
1229 1232 1502 1274 obumbrasti
1539 1245 1670 1284 super
1707 1237 1840 1285 caput

1012 1301 1157 1330 meum
1174 1289 1219 1330 in
1239 1289 1309 1331 die
1328 1289 1446 1331 belli:

1064 1346 1132 1387 Ne
1151 1346 1301 1387 tradas
1321 1359 1391 1387 me
1410 1345 1598 1386 Domine
1623 1358 1648 1386 a
1671 1344 1839 1386 deside-

1013 1402 1079 1443 rio
1097 1415 1203 1444 ,meo
1228 1402 1467 1455 peccatori:
1491 1403 1514 1429 *
1539 1402 1841 1452 cogitaverunt

964 1482 969 1486 ·
1014 1464 1167 1500 contra
1185 1472 1272 1509 me,
1297 1472 1352 1500 ne
1372 1458 1650 1510 derelinquas
1674 1471 1761 1507 me,
1785 1471 1840 1499 ne

1012 1515 1126 1557 forte
1145 1515 1400 1558 exaltentur.

1067 1572 1209 1625 Caput
1236 1572 1442 1614 circuitus
1471 1573 1637 1613 eorum:
1664 1571 1687 1597 *
1715 1570 1840 1612 labor

1012 1628 1228 1670 labierum
1247 1629 1444 1681 ipserum
1463 1628 1633 1680 operiet
1652 1640 1740 1669 eos.

1067 1685 1235 1727 Cadent
1263 1697 1395 1737 super
1423 1697 1500 1726 eos
1530 1683 1760 1733 carbones,
1796 1684 1840 1724 in

1011 1742 1157 1792 ignem
1191 1741 1367 1793 dejicies
1400 1753 1491 1782 eos:
1523 1741 1546 1766 *
1578 1740 1622 1781 in
1653 1740 1839 1782 miseriis

1012 1811 1101 1839 non
1120 1797 1369 1839 subsistent.

1064 1854 1146 1895 Vir
1177 1853 1402 1904 linguosus
1434 1865 1521 1894 non
1557 1852 1766 1903 dirigetur
1796 1852 1839 1892 in

1012 1915 1146 1951 terra:
1173 1911 1196 1936 *
1226 1911 1365 1951 virum
1398 1909 1603 1961 injustum
1630 1908 1745 1949 mala
1772 1910 1839 1949 ca-

1013 1967 1136 2019 pient
1153 1966 1197 2006 in
1215 1966 1402 2008 interitu.

1066 2022 1263 2074 Cogn6vi
1309 2022 1410 2074 quia
1454 2021 1585 2062 faciet
1625 2021 1840 2062 Deminus

1013 2078 1218 2131 judicium
1251 2078 1414 2130 inopis:
1454 2077 1478 2103 *
1521 2082 1566 2119 et
1602 2075 1840 2119 vindictam

1014 2138 1269 2188 pauperum.

1064 2192 1380 2233 Verumtamen
1398 2190 1499 2242 justi
1518 2190 1839 2232 confitebuntur

1013 2248 1178 2289 nomini
1205 2253 1298 2289 tuo:
1325 2248 1348 2273 *
1375 2251 1419 2289 et
1446 2246 1706 2288 habitabunt
1731 2247 1839 2288 recti

1015 2317 1113 2345 cum
1131 2303 1255 2346 vultu
1273 2309 1362 2359 tuo.
1634 2354 1644 2362 ,

1067 2370 1164 2410 Ant.
1210 2368 1277 2410 Ab
1313 2367 1563 2410 hominibus
1599 2368 1758 2420 iniquis
1794 2368 1839 2408 li-

1013 2424 1120 2466 bera
1139 2438 1210 2466 me
1229 2425 1427 2467 Dumine.

1067 2491 1164 2532 Ant.
1195 2489 1379 2533 Custodi
1398 2502 1479 2531 me.

1270 2572 1468 2613 Psalmus
1488 2573 1579 2612 140.

1103 2642 1246 2683 emine
1277 2642 1462 2683 clamavi
1494 2640 1551 2681 ad
1581 2645 1641 2689 te,
1682 2640 1839 2681 exaudi

1112 2711 1197 2740 me:
1216 2700 1240 2725 *
1263 2697 1439 2740 intende
1463 2696 1562 2738 voci
1584 2708 1711 2744 meae,
1739 2708 1838 2737 cum

1015 2754 1261 2797 clamavero
1280 2754 1338 2797 ad
1355 2759 1410 2796 te.
