2040 2976
697 195 809 230 Feria
833 197 946 231 tertia
970 198 1021 231 ad
1043 198 1281 234 Matutinum.
1803 202 1848 237 53

133 284 238 325 mini
264 298 366 338 spes
396 288 501 339 ejus:
528 288 552 314 *
581 293 624 330 et
650 301 740 330 non
769 290 964 341 respexit

132 340 177 380 in
204 342 419 384 vanitates
449 349 493 386 et
519 344 709 385 insanias
737 345 879 386 falsas.

185 396 323 439 Multa
359 399 501 441 fecisti
536 405 585 442 tu
617 400 805 442 Demine
841 401 962 443 Deus

132 464 255 494 meus
284 454 500 496 mirabilia
525 461 615 498 tua:
643 456 667 482 *
695 461 739 498 et
766 457 962 508 cogitati-

103 557 105 559 ,
133 508 288 550 6nibus
295 510 381 551 tuis
391 524 480 552 non
491 517 558 553 est
566 512 639 564 qui
649 512 799 553 similis
807 513 863 554 sit
872 513 962 554 tibi.

184 569 452 612 Annuntiavi
462 576 506 613 et
515 571 689 613 locutus
700 585 812 613 sum:
822 573 846 598 *
855 573 961 614 mul-

130 624 316 676 tiplicati
343 631 444 668 sunt
471 639 603 679 super
631 630 871 669 numerum.

182 680 452 723 Sacrificium
481 687 525 724 et
551 683 818 724 oblationem
840 685 961 726 nolu-

131 736 218 777 isti:
237 736 260 762 *
280 749 407 778 aures
431 743 577 780 autem
601 739 824 791 perfecisti
845 740 961 781 mihi.

182 792 503 835 Holocaustum
554 799 598 835 et
641 807 723 846 pro
774 798 960 847 peccato

129 859 218 888 non
244 849 493 900 postulasti:
521 850 545 876 *
570 855 675 892 tunc
707 850 812 891 dixi:
844 852 960 894 Ecce

129 915 268 944 vemo.

180 959 231 999 In
261 960 406 1012 capite
437 960 537 1002 libri
564 961 775 1014 scriptum
809 968 876 1005 est
904 963 959 1005 de

127 1027 198 1055 me
225 1019 274 1057 ut
300 1015 491 1058 facerem
524 1017 796 1059 voluntatem
822 1023 959 1060 tuam:

127 1070 151 1095 *
169 1070 290 1112 Deus
309 1084 432 1114 meus
454 1073 583 1123 v61ui,
609 1078 652 1115 et
672 1073 814 1125 legem
838 1080 958 1117 tuam

127 1125 172 1166 in
197 1126 344 1169 medio
372 1129 518 1170 cordis
545 1130 642 1170 mei.

178 1183 446 1225 Annuntiavi
462 1185 669 1236 justitiam
687 1191 808 1227 tuam
826 1187 870 1228 in
891 1200 956 1229 ec-

128 1238 259 1279 clesia
277 1252 445 1290 magna,
461 1241 485 1266 *
496 1253 599 1282 ecce
618 1241 734 1283 labia
752 1256 850 1284 mea
868 1257 957 1285 non

126 1294 388 1345 prohibebo:
415 1296 604 1338 Domine
631 1302 679 1339 tu
707 1299 838 1340 scisti.

178 1350 203 1390 J
205 1350 398 1392 ustitiam
420 1356 548 1393 tuam,
563 1365 653 1394 non
675 1353 886 1395 abscendi
913 1355 956 1395 in

128 1404 262 1446 corde
295 1419 412 1448 meo:
445 1407 469 1433 *
502 1408 733 1450 veritatem
764 1414 884 1451 tuam
913 1416 956 1452 et

126 1460 317 1503 salutare
343 1467 467 1504 tuum
495 1463 596 1504 dixi.

176 1516 279 1558 Non
299 1517 510 1560 abscendi
529 1520 875 1562 misericdrdiam
890 1527 954 1563 tu-

125 1584 196 1612 am
224 1577 268 1614 et
301 1573 531 1616 veritatem
557 1580 678 1617 tuam
705 1577 729 1602 *
757 1589 782 1617 3
812 1581 953 1619 eonci-

124 1627 183 1669 lio
209 1628 359 1671 multo.

176 1683 246 1725 Tu
273 1690 419 1727 autem
436 1685 625 1728 deine
652 1700 708 1729 ne
735 1688 865 1739 longe
893 1690 953 1730 fa-

124 1739 213 1780 cias
233 1740 537 1784 miserati6nes
560 1748 659 1784 tuas
679 1756 705 1784 a
725 1757 813 1786 me:
831 1745 855 1771 *
875 1746 951 1786 mi-

123 1795 363 1838 sericdrdia
386 1802 462 1839 tua
490 1803 534 1840 et
557 1799 719 1841 veritas
742 1804 817 1842 tua
843 1814 952 1843 sem-

122 1863 202 1903 per
220 1855 508 1904 susceperunt
533 1867 614 1896 me.

175 1907 391 1956 Qudniam
400 1909 780 1953 circumdederunt
786 1924 857 1953 me
864 1925 951 1953 ma-

121 1961 174 2012 la,
187 1975 373 2014 quorum
387 1977 476 2006 non
488 1970 555 2007 est
569 1967 824 2008 nnmerusz*
836 1980 951 2009 com-

121 2018 448 2070 prehenderunt
466 2034 536 2063 me
558 2022 809 2074 iniquitates
829 2036 951 2073 meae,

122 2078 167 2115 et
192 2087 281 2116 non
308 2076 433 2128 p6tui
462 2082 511 2118 ut
538 2077 744 2119 viderem.

174 2129 475 2183 Multiplicatae
497 2138 598 2175 sunt
617 2146 748 2186 super
769 2135 951 2186 capillos

122 2185 278 2236 capitis
305 2187 407 2228 mei:
432 2187 456 2213 *
480 2193 524 2230 et
551 2201 629 2230 cor
655 2203 802 2231 meum
830 2190 950 2232 dere-

121 2240 248 2292 liquit
273 2255 354 2283 me.

175 2295 458 2348 Complaceat
471 2299 551 2341 tibi
561 2300 750 2342 Demine
765 2306 813 2342 ut
824 2303 950 2344 eruas

120 2364 206 2392 me:
225 2352 249 2377 *
268 2352 467 2404 Βόῐηὶη6,
488 2354 546 2396 ad
566 2355 860 2406 adjuvandum
879 2371 950 2399 me

120 2407 301 2459 respice.

175 2463 505 2506 Confundantur
525 2471 568 2507 et
590 2469 872 2509 revereantur
897 2470 950 2509 si-

120 2518 220 2567 mul,
250 2519 324 2570 qui
353 2526 554 2570 quaerunt
581 2522 769 2563 animam
795 2537 949 2575 meam,

120 2574 144 2599 *
171 2579 220 2615 ut
247 2575 447 2617 auferant
475 2589 581 2617 eam.

173 2629 494 2673 Convertantur
521 2635 781 2682 retrdrsum,
814 2639 858 2675 et
885 2648 948 2676 re-

122 2687 353 2728 vereantur
368 2687 392 2712 *
412 2687 485 2739 qui
513 2687 665 2730 volunt
691 2688 797 2730 mihi
823 2691 948 2731 mala.

1064 290 1227 333 Ferant
1272 293 1500 335 confestim
1546 296 1846 338 confusionem

1015 347 1179 396 suam‚*
1192 348 1265 399 qui
1281 347 1430 390 dicunt
1443 350 1562 391 mihi:
1577 352 1709 403 Euge,
1725 365 1845 403 euge.

1067 402 1309 453 Exsultent,
1338 410 1382 445 et
1409 404 1610 447 laetentur
1639 420 1771 460 super
1798 414 1842 450 te

1015 470 1167 499 omnes
1202 462 1448 510 quaerentes
1483 466 1541 502 te:
1569 463 1592 488 *
1622 468 1665 504 et
1699 463 1846 506 dicant

1015 526 1204 566 semper:
1216 515 1521 565 Magnificetur
1531 518 1758 561 Deminus:
1772 522 1844 573 qui

1014 569 1198 620 diligunt
1225 571 1416 613 salutare
1443 577 1576 613 tuum.

1066 626 1162 676 Ego
1175 632 1321 668 autem
1336 627 1563 669 mendicus
1574 642 1670 670 sum
1681 636 1724 671 et
1740 645 1843 683 pau-

1013 694 1108 733 per:
1125 682 1148 707 *
1170 682 1385 724 deinus
1413 683 1626 726 sollicitus
1656 691 1722 727 est
1748 688 1844 728 mei.

1065 737 1254 789 Adjutor
1270 751 1404 788 1116113,
1422 745 1465 780 et
1481 742 1707 791 protector
1720 755 1843 784 meus

1012 798 1060 834 tu
1089 794 1323 835 es:*Deus
1351 808 1485 844 meus,
1514 808 1568 836 ne
1588 797 1845 839 tardaveris.

1067 853 1166 893 Ant.
1196 854 1254 894 Ut
1270 863 1359 891 non
1377 850 1628 903 delinquam
1641 853 1685 893 in
1700 853 1845 903 lingua

1011 916 1119 945 mea.

1066 963 1166 1004 Ant.
1191 965 1315 1005 Sana.

1278 1027 1476 1067 Psalmus
1505 1028 1577 1067 40.

1011 1075 1222 1180 Beatus
1252 1079 1326 1130 qui
1354 1079 1555 1130 intelligit
1587 1093 1719 1158 super
1748 1083 1843 1132 ege-

1114 1143 1232 1180 num,
1270 1136 1314 1172 et
1345 1134 1603 1184 patiperem:
1692 1133 1736 1173 in
1773 1132 1843 1174 die

1010 1186 1125 1226 mala
1142 1185 1357 1228 'liberabit
1386 1200 1486 1228 eum
1513 1188 1739 1230 Deminus.

1062 1242 1277 1297 Deminus
1306 1246 1538 1285 conservet
1566 1257 1680 1294 eum,
1713 1250 1757 1286 et
1784 1245 1842 1286 vi-

1009 1298 1157 1339 vificet
1180 1310 1289 1348 eum,
1316 1304 1359 1340 et
1385 1299 1564 1341 beatum
1591 1301 1723 1342 faciat
1743 1314 1843 1342 eum

1008 1353 1053 1394 in
1080 1359 1213 1395 terra:
1241 1354 1264 1380 *
1294 1360 1338 1396 et
1371 1368 1459 1397 non
1491 1356 1638 1398 tradat
1672 1369 1771 1398 eum
1798 1357 1841 1398 in

1011 1410 1200 1450 animam
1227 1410 1503 1452 inimicdrum
1532 1413 1634 1464 ejus.

1060 1465 1275 1507 Dcminus
1311 1480 1443 1519 opem
1475 1468 1587 1509 ferat
1619 1468 1681 1508 illi
1708 1481 1841 1520 super

1007 1521 1170 1563 lectum
1204 1522 1371 1564 doleris
1406 1525 1511 1574 ejus:
1538 1524 1562 1550 *
1590 1524 1841 1566 universum

1008 1581 1192 1619 stratum
1213 1579 1304 1630 ejus
1324 1580 1511 1621 versasti
1525 1580 1569 1620 in
1587 1580 1840 1622 infirmitate

1008 1634 1108 1685 ejus.

1058 1690 1154 1741 Ego
1175 1689 1280 1731 dixi:
1303 1690 1492 1732 D6mine
1510 1691 1718 1732 miserere
1740 1692 1840 1733 mei:

1006 1745 1030 1770 *
1057 1758 1164 1787 sana
1198 1747 1386 1787 animam
1413 1759 1574 1797 meam,
1611 1747 1711 1799 quia
1738 1760 1837 1800 pec-

1006 1801 1103 1842 cavi
1129 1801 1220 1843 tibi.
1482 1803 1487 1808 ”

1057 1858 1227 1898 Inimici
1246 1858 1333 1899 mei
1357 1858 1561 1900 dixerunt
1585 1859 1699 1899 mala
1718 1858 1837 1898 mihi:

1005 1913 1028 1938 *
1045 1913 1231 1963 Quando
1256 1914 1479 1964 morietur,
1507 1919 1551 1956 et
1575 1914 1737 1967 peribit
1761 1927 1835 1955 no-

1004 1981 1105 2010 men
1133 1968 1247 2021 ers?

1056 2025 1114 2066 Et
1141 2025 1178 2065 si
1211 2024 1539 2076 ingrediebatur
1573 2029 1622 2066 ut
1655 2024 1835 2073 videret,

1004 2093 1117 2121 vana
1143 2080 1424 2132 loquebatur,
1458 2081 1482 2107 *
1511 2093 1588 2121 cor
1617 2081 1707 2132 eius
1735 2093 1834 2121 con-

1004 2136 1203 2186 gregavit
1230 2136 1504 2188 iniquitatem
1534 2135 1628 2177 sibi.

1056 2191 1377 2241 Egrediebatur
1401 2192 1534 2242 foras,
1563 2191 1587 2217 *
1610 2196 1660 2232 et
1683 2191 1832 2242 loque-

1004 2246 1133 2288 batur
1153 2247 1197 2287 in
1215 2246 1417 2299 idipsum.

1054 2302 1833 2344 Adversummesusurrabantomnes

1002 2358 1165 2398 inimici
1191 2358 1292 2399 mei:
1311 2358 1334 2384 *
1359 2358 1593 2400 adversum
1619 2370 1690 2398 1116
1719 2357 1832 2407 cogi—

1002 2414 1156 2455 tabant
1183 2414 1298 2454 mala
1324 2413 1441 2454 mihi.

1055 2469 1254 2510 Verbum
1286 2469 1482 2521 iniquum
1515 2469 1833 2510 constituerunt

1003 2524 1236 2566 adversum
1255 2537 1342 2566 me:
1357 2526 1380 2550 *
1397 2524 1623 2576 Numquid
1642 2524 1715 2575 qui
1734 2523 1831 2564 dor-

1001 2581 1081 2621 mit
1106 2593 1196 2621 non
1223 2580 1398 2632 adjiciet
1424 2585 1472 2621 ut
1499 2577 1721 2629 resurgat?

1054 2636 1227 2677 Etenim
1246 2636 1379 2677 homo
1400 2636 1521 2687 pacis
1539 2647 1661 2683 meae,
1680 2634 1723 2673 in
1743 2644 1831 2683 quo

1002 2692 1192 2743 speravi:
1210 2692 1234 2717 *
1256 2692 1330 2743 qui
1355 2691 1515 2732 edebat
1537 2701 1673 2742 panes
1696 2699 1830 2736 meos,
