2040 2976
514 200 585 234 Die
613 200 659 233 12.
686 199 791 233 Julii.
838 199 873 233 S.
896 198 1060 232 Joannis
1086 198 1285 232 Gualberti
1313 197 1488 231 Abbatis.

161 302 204 339 et
231 310 256 338 a
287 297 593 339 seductoribus
619 297 778 339 tutavit
804 296 939 337 illum:
964 297 986 320 *

159 354 216 396 Et
249 353 371 395 dedit
401 354 462 394 illi
495 354 740 396 claritatem
769 355 988 394 aeternam.

159 408 210 459 V.
240 410 414 452 Justum
449 409 633 452 deduxit
660 410 876 451 Deminus
907 421 988 461 per

157 467 251 508 vias
270 472 426 516 rectas,
449 471 493 508 et
513 466 708 508 ostendit
725 466 787 507 illi
806 478 989 516 regnum

158 523 252 564 Dei.
279 523 337 564 Et
357 522 491 564 dedit.

468 581 620 621 Lectio
642 594 677 619 v.

159 630 375 736 Deinde
398 636 597 688 plurimis
621 635 678 677 ad
701 648 800 676 eum
820 634 877 676 ob
898 635 988 686 ejus

263 692 508 734 sanctitatis
519 692 680 733 famam
690 691 884 743 lindique
895 704 988 733 con-

157 749 427 799 volantibus,
455 762 540 790 una
569 762 670 790 cum
696 749 748 789 iis
772 749 816 789 in
841 748 987 790 socios

157 805 321 855 ascitis,
350 805 407 847 ad
433 804 686 846 haereticam
716 810 759 847 et
787 805 986 846 simonia-

158 875 254 903 cam
278 862 543 914 pravitatem
567 861 914 914 exstirpandam,
944 867 987 903 et

157 919 447 972 apostolicam
483 917 617 960 fidem
651 917 987 971 propagandam

157 975 311 1016 sedulo
349 974 578 1024 inelimbit,
619 975 846 1016 innumera
886 989 986 1028 pro-

155 1033 310 1084 pterea
346 1032 390 1072 in
422 1043 469 1072 se
503 1036 547 1073 et
585 1032 674 1073 suis
706 1032 987 1074 incammoda

156 1089 374 1140 expertus.
431 1088 547 1129 Nam
583 1094 631 1130 ut
667 1102 767 1130 eum
807 1090 987 1141 ejusque

156 1145 302 1186 socios
336 1144 579 1186 adversarii
610 1145 819 1198 perdant,
852 1150 987 1187 noctu

157 1201 296 1242 sancti
334 1201 468 1243 Salvii
513 1201 763 1243 coenobium
804 1204 987 1255 repente

157 1257 484 1309 aggrediuntur,
504 1259 718 1311 templum
737 1259 986 1308 incendunt,

158 1313 278 1356 aedes
315 1313 626 1364 demoliuntur,
665 1320 708 1356 et
745 1315 986 1356 monachos

158 1383 310 1412 omnes
355 1371 507 1412 lethali
547 1371 727 1413 vulnere
774 1372 986 1422 sauciant;

159 1440 270 1480 quos
303 1427 368 1469 vir
399 1428 484 1469 Dei
520 1429 649 1469 linico
688 1428 828 1470 crucis
862 1429 986 1479 signo

158 1484 399 1526 incelumes
422 1484 623 1537 pretinus
650 1484 811 1534 reddit3
841 1490 885 1526 et
909 1486 986 1526 Pe-

156 1546 226 1582 tro
256 1541 346 1592 ejus
373 1541 590 1583 monacho
619 1554 699 1594 per
726 1541 987 1583 immensum

135 1597 599 1649 ,ardentissimumque
649 1598 795 1649 ignem
846 1598 986 1640 illaeso

155 1653 413 1695 mirabiliter
461 1658 731 1705 transeunte,
788 1657 986 1707 optatam

158 1710 240 1752 sibi
260 1715 303 1752 et
323 1710 411 1751 suis
428 1711 792 1763 tranquillitatem
807 1711 987 1753 abtinet.

155 1766 265 1808 Inde
294 1767 579 1809 simoniacam
606 1767 752 1809 labem
778 1768 834 1810 ab
860 1769 986 1810 Etru-

156 1823 220 1864 ria
241 1824 424 1876 expulit,
449 1837 501 1866 ac
524 1825 568 1865 in
592 1830 688 1867 tota
706 1825 833 1866 Italia
852 1825 985 1867 fidem

157 1880 353 1932 pristinae
371 1880 611 1932 integritati
630 1882 831 1922 restituit.

209 1937 260 1988 R.
286 1937 464 1978 Amavit
484 1950 584 1978 eum
603 1937 834 1986 Deminus,
857 1943 900 1979 et
919 1950 985 1978 or-

157 1993 277 2034 navit
315 2005 429 2033 eum:
469 1993 628 2034 stolam
660 1993 813 2044 gloriae
845 1994 987 2035 induit

159 2061 268 2098 eum,
289 2050 312 2074 *
329 2049 386 2090 Et
405 2048 462 2090 ad
478 2055 630 2101 portas
650 2048 844 2102 paradisi
864 2063 986 2091 coro-

158 2105 278 2146 navit
292 2117 402 2146 eum.
424 2099 475 2151 V.
494 2105 643 2147 Induit
659 2119 758 2147 eum
772 2107 988 2147 Dominus

158 2160 338 2202 loricam
360 2160 481 2211 fidei,
506 2167 550 2203 et
573 2162 745 2203 ornavit
769 2175 878 2203 eum.
919 2162 986 2203 Et.

458 2219 611 2259 Lectio
629 2220 683 2259 vi.

158 2269 359 2374 Multa
383 2273 578 2315 funditus
605 2275 744 2316 erexit
770 2276 987 2316 monaste-

289 2329 370 2378 ria,
399 2329 642 2382 eademque
671 2336 715 2372 et
742 2331 827 2371 alia
854 2329 989 2371 aedifi-

161 2384 238 2425 ciis
258 2397 309 2425 ac
329 2385 518 2436 regulari
534 2386 814 2427 observantia
827 2387 988 2427 instau-

160 2442 272 2489 rata,
306 2441 467 2482 sanctis
494 2441 666 2491 legibus
695 2442 989 2483 communivit.

161 2496 233 2537 Ad
257 2498 420 2547 egenos
443 2496 627 2539 alendos
651 2511 822 2539 sacram
848 2497 989 2550 supel-

159 2552 350 2593 lectilem
367 2553 577 2595 vendidit:
596 2553 653 2595 ad
670 2554 899 2606 improbos
920 2567 989 2595 co-

163 2608 375 2650 ercendos
418 2609 631 2650 elementa
672 2609 755 2651 sibi
790 2609 990 2650 famulari
1051 2622 1054 2625 ·

162 2665 408 2716 conspexit:
449 2665 506 2706 ad
542 2665 767 2707 daemones
804 2666 989 2718 compri-

161 2719 347 2762 mendos
379 2733 556 2762 crucem
587 2722 711 2773 quasi
739 2734 888 2762 ensem
917 2721 989 2763 ad-

1039 293 1191 336 hibuit.
1231 295 1421 336 Demum
1451 295 1741 345 abstinentiis,
1766 296 1871 346 vigi-

1039 350 1126 400 liis,
1171 351 1356 402 jejsmiis,
1403 351 1691 401 orationibus,
1730 353 1872 393 carnis

1039 407 1426 457 macerationibus,
1472 421 1523 449 ac
1568 408 1689 449 senio
1728 409 1870 450 confe-

1040 470 1152 514 ctus,
1177 464 1282 505 dum
1306 465 1478 506 infirma
1501 464 1754 506 valetudine
1777 478 1870 516 gra-

1039 523 1233 571 varetur,
1265 521 1480 563 Davidica
1508 521 1583 562 illa
1613 521 1750 562 verba
1777 534 1871 574 per-

1041 580 1161 631 saepe
1180 578 1425 631 repetebat:
1448 578 1592 620 Sitivit
1612 578 1755 618 anima
1773 591 1871 620 mea

1039 633 1096 676 ad
1127 635 1272 676 Deum
1305 635 1464 676 fortem
1496 634 1658 676 vivum:
1693 634 1870 685 quando

1039 692 1228 741 veniam,
1262 696 1305 733 et
1330 691 1557 744 apparebo
1585 697 1687 733 ante
1715 691 1871 732 faciem

1038 746 1144 789 Dei?
1169 749 1354 800 Jamque
1370 748 1502 789 morti
1516 748 1755 800 proximus,
1771 761 1870 789 con-

1039 807 1224 846 vocatos
1262 804 1505 858 discipulos
1542 804 1600 845 ad
1635 804 1871 845 fraternam

1040 861 1322 903 concordiam
1349 861 1619 910 cohortatur,
1647 866 1690 902 et
1713 861 1756 901 in
1776 861 1870 902 bre-

1038 918 1195 968 viculo,
1216 919 1285 960 cui
1300 918 1562 971 consepeliri
1582 918 1730 967 voluit,
1750 918 1873 969 jussit

1039 975 1135 1017 haec
1155 975 1301 1017 scribi:
1325 976 1420 1026 Ego
1439 976 1463 1015 J
1467 977 1631 1016 oannes
1653 974 1803 1023 credo,
1829 980 1871 1016 et

1039 1032 1255 1074 confiteor
1273 1031 1419 1081 fidem,
1444 1044 1575 1083 quam
1595 1031 1734 1072 sancti
1753 1030 1871 1082 Apo-

1039 1089 1142 1130 stoli
1166 1088 1535 1141 praedicaverunt,
1562 1093 1606 1129 et
1631 1088 1771 1129 sancti
1793 1088 1871 1128 Pa-

1038 1150 1127 1186 tres
1151 1146 1194 1186 in
1215 1148 1404 1197 quatuor
1425 1144 1622 1186 conciliis
1643 1144 1871 1185 confirma-

1039 1204 1205 1243 verunt.
1237 1202 1437 1243 Tandem
1456 1201 1660 1242 triduano
1682 1200 1871 1252 Angelo-

1038 1271 1135 1299 rum
1155 1258 1370 1310 obsequio
1396 1256 1616 1308 dignatus,
1644 1259 1871 1309 septuage-

1039 1315 1197 1355 simum
1209 1317 1415 1356 octavum
1425 1327 1586 1355 annum
1597 1326 1741 1364 agens,
1753 1313 1872 1365 apud

1038 1371 1357 1422 Passinianum‚
1388 1370 1463 1412 ubi
1496 1382 1664 1411 summa
1694 1382 1868 1411 venera-

1038 1428 1158 1469 ti6ne
1192 1428 1367 1477 celitur,
1399 1427 1602 1478 migravit
1634 1425 1691 1467 ad
1722 1426 1870 1467 Domi-

1039 1498 1152 1534 num,
1173 1489 1256 1526 ano
1280 1484 1433 1526 sallitis
1448 1483 1680 1524 millesimo
1697 1488 1870 1536 septua-

1039 1541 1206 1591 gesimo
1239 1542 1391 1590 tertio,
1431 1545 1588 1592 quarto
1620 1539 1726 1581 Idus
1758 1539 1871 1580 Julii.
1921 1543 1922 1546 ’

1040 1598 1181 1647 Quem
1208 1597 1472 1639 Coelestinus
1498 1596 1654 1637 tertius
1679 1596 1871 1636 inmime-

1039 1654 1098 1694 ris
1118 1655 1338 1696 miraculis
1364 1654 1529 1695 clarum
1553 1654 1596 1694 in
1619 1655 1873 1694 sanctorum

1039 1713 1269 1752 nnmerum
1288 1710 1446 1752 retulit.

1094 1766 1143 1818 Rz.
1168 1768 1259 1809 Iste
1278 1767 1423 1809 homo.
1443 1766 1524 1819 [72]

1267 1844 1316 1882 In
1335 1844 1406 1882 III.
1426 1843 1649 1882 Nocturno.

1043 1910 1196 1951 Lectio
1220 1910 1359 1951 sancti
1377 1909 1603 1961 Evangelii
1627 1909 1870 1950 secandum

1320 1966 1590 2007 Matthaeum.

1143 2027 1296 2069 Lectio
1317 2027 1384 2067 vii.
1551 2027 1653 2078 Cap.
1673 2027 1710 2066 5.
1730 2039 1767 2076 g.

1040 2087 1116 2194 In
1134 2087 1210 2128 illo
1230 2091 1445 2140 tempore:
1464 2087 1587 2128 Dixit
1601 2087 1625 2128 J
1628 2099 1728 2128 esus
1744 2086 1870 2128 disci-

1105 2143 1220 2196 pulis
1239 2144 1344 2184 suis:
1363 2143 1562 2185 Audistis
1583 2143 1685 2195 quia
1704 2142 1871 2185 dictum

1041 2206 1124 2242 est:
1160 2200 1327 2252 Diliges
1363 2201 1612 2253 proximum
1649 2205 1789 2250 tuum,
1827 2205 1871 2241 et

1041 2256 1144 2298 odio
1172 2256 1356 2298 habebis
1383 2257 1608 2298 inimicum
1634 2261 1769 2298 tuum.
1814 2256 1871 2297 Et

1040 2312 1218 2365 reliqua.

1140 2385 1331 2427 Homilia
1350 2386 1490 2427 sancti
1508 2386 1768 2438 Hieranymi

1325 2441 1588 2509 Presbyteri.

1074 2503 1156 2560 Lib
1174 2503 1200 2537 Ι.
1219 2503 1429 2538 Comment.
1448 2503 1487 2537 in
1505 2513 1587 2546 cap.
1604 2516 1635 2537 .·).
1653 2501 1834 2536 Matthaei.

1123 2563 1217 2604 ¹go
1238 2559 1384 2595 autem
1405 2552 1504 2595 dico
1524 2553 1667 2594 vobis:
1691 2552 1869 2602 Diligite

1052 2646 1060 2664 ,,
1082 2628 1144 2670 m
1177 2610 1375 2651 inimicos
1403 2615 1592 2658 vestros,
1625 2608 1868 2650 benefacite

1048 2667 1126 2691 242
1178 2666 1263 2715 his,
1298 2666 1372 2717 qui
1399 2665 1586 2707 oderunt
1612 2677 1703 2705 vos.
1742 2663 1870 2704 Multi

1042 2724 1268 2775 praecepta
1277 2722 1362 2763 Dei
1371 2721 1670 2763 imbecillitate
1680 2732 1770 2768 sua,
1781 2731 1869 2760 non
