2040 2976
408 1202 727 1253 OFFICIUM
760 1202 1046 1253 PARVUM
1078 1202 1135 1250 B.
1169 1199 1407 1249 MARIAE
1442 1196 1622 1246 VIRG.

213 1357 302 1392 Non
343 1357 499 1400 dicitur,
540 1355 696 1400 quando
735 1355 775 1389 fit
810 1355 986 1389 Officium

162 1414 301 1439 novem
336 1405 576 1447 Lectionum,
614 1414 685 1438 nec
721 1404 759 1437 in
795 1404 986 1446 Sabbatis,

162 1453 318 1497 quando
332 1454 373 1487 fit
387 1453 563 1488 Officium
578 1453 624 1487 de
639 1452 674 1487 S.
689 1452 819 1486 Maria.
839 1452 986 1492 Quibus

162 1501 299 1536 diebus
329 1502 516 1536 omittitur
544 1512 565 1535 a
595 1501 621 1535 Ι.
646 1501 843 1544 Vesperis.
891 1500 987 1535 Cum

162 1548 302 1584 dicitur
318 1550 356 1583 in
376 1550 515 1591 Ch0r0‚
534 1549 573 1583 in
589 1549 787 1583 Matutinis
807 1554 842 1583 et
862 1549 900 1582 in
916 1548 986 1582 Ve-

162 1598 286 1641 speris
308 1599 549 1642 praeponitur
567 1596 703 1631 Officio
723 1597 817 1636 diei;
843 1597 881 1631 in
900 1597 986 1631 aliis

160 1645 278 1680 Horis
299 1647 557 1690 postponitur.
590 1646 718 1679 Prima
739 1646 878 1679 dicitur
898 1650 987 1688 post

161 1692 438 1728 Benedieamus
456 1691 634 1735 Domino,
661 1698 867 1737 antequam
884 1694 987 1735 lega-

160 1746 221 1776 tur
235 1742 562 1787 Martyrologium.
585 1742 704 1776 Extra
718 1742 888 1777 Chorum
905 1746 987 1785 pot-

164 1794 221 1824 est
245 1790 321 1825 dici
345 1802 416 1835 pro
440 1790 626 1834 temporis
652 1791 950 1835 opportunitate.

261 1934 503 1985 Officium
531 1933 590 1982 B.
613 1932 798 1982 Mariae
820 1932 882 1982 V.

218 2013 444 2050 extra
490 2006 931 2049 Adventum.

393 2089 753 2140 AdVesperas.

218 2168 300 2201 Ave
315 2164 446 2199 Maria.
466 2168 624 2208 secreto,
643 2175 729 2208 quae
748 2165 819 2199 dic.
838 2175 989 2209 semper

162 2214 201 2248 in
217 2214 411 2258 principio
430 2214 600 2248 omnium
616 2213 809 2247 Horarum
826 2213 867 2247 B.
883 2213 929 2247 M.
943 2213 988 2247 V.

162 2263 318 2306 quando
341 2272 418 2297 non
443 2262 726 2304 coniunguntur
749 2272 834 2295 cum
852 2261 988 2296 Officio

162 2311 249 2345 diei.

214 2355 264 2406 V.
291 2355 413 2397 Deus
430 2355 475 2396 in
495 2354 766 2407 adjuterium.
793 2356 853 2397 14.

213 2418 263 2457 In
283 2418 402 2468 cujus
421 2418 506 2459 fine
531 2415 730 2467 Alleluia.
762 2416 817 2458 ad
838 2428 988 2457 omnes

163 2473 318 2514 Horas.

214 2543 312 2584 Ant..
326 2541 398 2583 Ps.‚
414 2542 537 2586 Capit.
552 2547 587 2577 et
601 2542 740 2586 Hymn.
755 2546 795 2576 ut
810 2542 848 2576 in
862 2541 987 2576 Festis

162 2592 202 2627 Β.
228 2593 274 2627 M.
297 2593 340 2627 V.
368 2592 458 2637 [133]

215 2640 264 2692 V.
299 2645 468 2686 Diffusa
505 2649 571 2686 est
606 2645 746 2696 gratia
781 2645 824 2686 in
859 2645 987 2688 labiis

165 2702 261 2743 tuis.
308 2702 358 2741 R.
400 2699 643 2754 Propterea
682 2701 905 2744 benedixit
944 2708 987 2744 te

165 2757 286 2799 Deus
313 2758 357 2798 in
385 2759 605 2799 aeternum.

320 2902 384 2926 Pars
399 2901 507 2927 AEstiva.

1094 1355 1162 1396 Ad
1183 1355 1355 1406 Magnis.
1379 1357 1474 1396 Ant.
1504 1353 1639 1394 Beata
1662 1350 1817 1401 Mater,
1840 1352 1863 1378 *

1038 1414 1081 1451 et
1107 1409 1271 1451 intacta
1293 1408 1449 1460 Virgo,
1479 1407 1671 1460 gloriesa
1696 1408 1865 1459 Regina

1036 1466 1200 1516 mundi,
1218 1464 1440 1508 intercede
1458 1477 1539 1518 pro
1558 1464 1686 1507 nobis
1705 1464 1762 1506 ad
1776 1465 1863 1506 De-

1035 1536 1210 1564 mmum.

1094 1584 1222 1636 Kyrie
1255 1583 1431 1625 eleison.
1487 1582 1659 1625 Christe
1689 1582 1864 1624 eleison.

1044 1640 1172 1692 Kyrie
1192 1640 1367 1682 eleison.

1094 1699 1143 1751 Y.
1179 1701 1394 1760 Deminus
1431 1700 1669 1742 vobiscum.

1039 1771 1138 1800 cum
1157 1758 1311 1811 spiritu
1330 1763 1419 1799 tuo.

1378 1831 1541 1872 Oratio.

1042 1887 1281 1995 Concede
1300 1901 1381 1930 nos
1402 1887 1590 1929 famulos
1612 1892 1724 1936 tuos,
1750 1889 1865 1939 quae-

1130 1958 1278 1987 sumus
1297 1945 1484 1986 Demine
1503 1945 1634 1993 Deus,
1653 1945 1867 1996 perpetua

1039 2002 1197 2043 mentis
1231 2006 1275 2043 et
1309 2001 1509 2054 cerporis
1547 2000 1732 2042 sanitate
1764 2013 1865 2051 gau-

1040 2057 1157 2100 dere:
1172 2063 1215 2099 et
1229 2057 1422 2108 gloriosa
1435 2057 1579 2099 beatae
1591 2056 1742 2098 Mariae
1757 2069 1866 2098 sem-

1039 2127 1119 2167 per
1139 2113 1332 2165 Virginis
1355 2113 1684 2164 intercessiene,
1708 2126 1734 2154 a
1756 2125 1865 2166 prae-

1041 2170 1152 2212 senti
1182 2170 1361 2212 liberari
1396 2170 1591 2219 tristitia,
1628 2174 1672 2211 et
1703 2171 1868 2211 aeterna

1039 2226 1204 2280 perfrui
1224 2226 1386 2268 laetitia.
1413 2226 1498 2268 Per
1515 2226 1763 2268 Deminum.

1731 1703 1779 1754 n.
1810 1700 1867 1741 Et

1095 2311 1268 2354 Sequens
1301 2311 1507 2346 Commem.
1542 2320 1614 2354 pro
1645 2310 1796 2344 Sanctis
1828 2310 1869 2343 fit

1042 2364 1187 2393 tantum
1213 2360 1263 2394 ad
1286 2360 1402 2403 Vesp.
1428 2364 1464 2394 et
1487 2355 1650 2395 Laudes'
1667 2359 1706 2392 in
1731 2358 1867 2392 Officio

1040 2407 1076 2442 S.
1102 2407 1246 2442 Mariae.

1090 2473 1189 2513 Ant.
1220 2470 1370 2512 Sancti
1397 2470 1479 2512 Dei
1508 2482 1659 2511 omnes
1686 2469 1866 2510 interce-

1042 2526 1147 2568 dere
1180 2525 1413 2578 dignemini
1440 2539 1522 2580 pro
1555 2531 1707 2568 nostra
1734 2524 1866 2566 omni-

1041 2586 1202 2636 limque
1222 2583 1372 2625 salute.

1094 2645 1144 2697 V.
1169 2648 1399 2690 Laetamini
1423 2647 1467 2688 in
1491 2647 1697 2695 Demino‚
1728 2649 1771 2686 et
1797 2656 1866 2685 ex-

1042 2703 1202 2746 sultate
1229 2705 1340 2757 justi.
1425 2738 1433 2745 .
1466 2703 1523 2744 Et
1549 2701 1795 2754 gloriamini
1823 2712 1867 2741 o-

1040 2773 1162 2802 mnes
1181 2761 1291 2804 recti
1310 2773 1386 2802 cor
1422 2773 1455 2801 e.

1606 2889 1661 2922 Κ*
