2002 2956
676 166 919 218 SUMMA
951 167 1331 220 BULLARUM

397 245 934 293 SUMMORUM
997 244 1604 296 PONTIFICUM,

674 308 751 336 PRO
770 309 957 337 EDITIONE
976 309 1102 337 HUJUS
1120 309 1333 338 BREVIARII

285 382 314 403 ’ἴ
335 378 378 404 ius
392 378 425 405 V.
439 378 533 411 Bulla,
552 386 615 412 quae
633 378 742 412 incipit:
762 378 844 411 Quod
858 386 874 405 a
887 378 976 412 nobis,

327 472 328 495 l
348 457 484 490 significat
496 464 610 484 causam
623 456 724 483 edendi
737 456 819 490 hujus
833 457 976 491 Breviarii,

289 523 303 525 ἡ
327 497 328 520 l
348 504 448 530 nempe
466 496 502 523 ad
521 496 673 523 tollendam
693 496 792 523 orandi
804 496 975 523 varietatem.

146 524 267 562 Enarrat
285 543 326 569 ea,
346 543 410 569 quae
428 535 456 562 in
470 535 522 562 hac
535 543 566 562 re
578 535 735 570 praestitere
749 535 854 562 Paulus
869 538 895 562 et
909 536 976 562 Pius

146 574 258 601 nomine
272 574 379 608 Quarti,
397 578 424 601 et
442 582 526 609 quam
545 575 604 609 ipse
623 575 749 602 adhiberi
766 582 879 610 operam
898 583 976 602 cura-

146 613 194 647 vit,
212 621 248 640 ex
265 614 386 640 Decreto
404 613 520 641 Concilii
539 613 703 640 Tridentini.
732 614 819 641 Tollit
837 618 864 640 et
882 614 976 641 abolet

147 653 260 679 omnino
281 653 470 687 Breviarium,
493 661 509 679 a
528 653 676 680 Cardinale
698 653 725 680 S.
746 653 843 680 Crucis
864 661 976 687 compo-

147 692 243 726 situm,
262 693 338 726 quod
357 696 416 719 erat
435 693 639 720 brevissimum.
672 694 743 720 Item
761 693 814 720 alia
831 693 975 720 Breviaria

146 731 288 766 Romana,
310 735 338 759 et
360 733 428 766 alia,
450 740 514 766 quae
533 741 568 760 ex
587 733 772 766 institutione,
795 733 839 760 vel
862 741 977 760 consue·

143 770 242 803 tudine
260 771 381 805 legitima
399 780 456 798 non
475 775 609 806 superant
628 772 763 800 ducentos
782 780 877 799 annos.
911 773 976 799 Per-

146 809 229 836 mittit
253 813 346 837 tamen
372 814 403 838 ut
430 811 589 845 antiquiora
614 812 740 839 ducentis
767 812 846 838 annis
869 812 977 846 possint

146 849 248 876 mutari
265 849 294 876 in
311 849 365 877 hoc
379 850 566 885 Bmviarium,
584 850 618 877 iis
637 851 755 885 omissis,
774 851 797 877 si
812 851 975 886 Episcopus,

146 891 174 915 et
187 888 350 915 universum
364 889 523 924 Capitulum
537 890 719 917 consentiant.
740 890 866 917 Revocat
880 898 976 917 omnes

145 927 349 962 permissiones,
362 929 587 963 consuetudines,
601 933 714 963 statuta,
728 929 879 963 privilegia,
894 929 976 956 licen-

145 967 210 1000 tias,
230 970 257 993 et
278 967 387 994 indulta
405 968 549 1002 precandi,
570 972 597 995 et
616 969 754 1003 psallendi
773 976 851 995 more
873 972 900 996 et
920 969 976 996 ritu

145 1005 343 1040 praedictorum
362 1006 571 1034 Breviafiorum
590 1015 814 1042 suppressorum.
845 1008 977 1043 Praecipit

146 1045 291 1072 observari
316 1045 370 1073 hoc
392 1046 567 1073 Breviarium
593 1047 621 1074 in
646 1050 706 1074 toto
733 1048 815 1081 orbe,
841 1055 904 1074 cum
932 1056 976 1074 ex-

152 1137 153 1142 ,
165 1130 171 1131 ⁷
182 1126 204 1149 g
215 1113 356 1156 jflemens
366 1115 444 1143 VIII.
458 1115 540 1143 Bulla
554 1124 618 1150 quae
632 1116 742 1151 incipit:
756 1116 849 1144 Cum
840 1125 870 1144 m
884 1118 976 1145 Eccle-

190 1157 207 1177 ἑὲ
236 1180 237 1184 ,
264 1154 312 1188 sia,
327 1155 392 1181 data
407 1155 506 1182 Romae
520 1155 566 1182 die
580 1156 620 1182 10.
635 1156 699 1190 Maii
714 1164 787 1183 anno
803 1157 870 1183 1602
887 1157 977 1184 decla-

170 1215 178 1216 -
189 1191 197 1194 “
224 1202 233 1205 “
263 1197 316 1228 rat,
335 1202 365 1221 se
382 1202 433 1229 per
446 1194 522 1221 viros
536 1195 598 1229 pios
616 1198 643 1222 et
662 1195 787 1222 eruditos
801 1196 976 1223 Breviarium

146 1213 316 1259 Romanum
320 1241 336 1260 a
350 1233 401 1260 Pio
416 1234 448 1261 V.
468 1234 582 1269 editum,
595 1238 622 1261 et
636 1242 786 1269 progressu
801 1236 934 1270 temporis
948 1236 977 1262 in

145 1271 240 1298 multis
258 1272 450 1307 depravatum,
469 1274 652 1308 examinasse,
671 1278 698 1301 et
717 1275 745 1301 in
763 1278 867 1301 statum
886 1275 977 1309 pristi-

144 1318 212 1338 num
225 1312 393 1339 restituisse:
413 1312 539 1347 illudque
558 1314 597 1340 sic
611 1314 770 1341 restitutum
790 1314 818 1340 in
833 1315 977 1349 Typogra-

144 1350 211 1385 phia
220 1351 354 1378 Vaticana
367 1351 497 1386 imprimi,
513 1356 540 1380 et
553 1353 690 1387 divulgari
703 1353 824 1387 jussisse.
843 1354 978 1381 Prohibet

145 1397 181 1416 ne
194 1389 260 1417 alibi
274 1389 451 1424 imprimatur
459 1391 513 1418 nisi
526 1392 602 1426 juxta
613 1393 756 1427 exemplar
765 1393 940 1427 Vaticanum,
950 1396 977 1420 et

144 1428 240 1456 habita
254 1429 466 1457 Ordinariorum
480 1430 603 1465 licentia,
621 1432 675 1458 sub
687 1439 771 1466 poena
789 1432 975 1458 excommuni-

144 1467 262 1495 cationis
271 1468 336 1495 latae
348 1469 500 1497 sententiae.
519 1470 664 1497 Interdicit
675 1478 757 1498 usum
767 1471 976 1498 Breviariorum

207 1543 211 1544 ⁷
228 1538 355 1565 rbanus
364 1539 442 1566 VIII.
456 1539 538 1566 Bulla
552 1548 616 1574 quae
629 1540 737 1575 incipit:
751 1541 885 1568 Divinam
898 1542 975 1568 Psal-

150 1549 245 1632 {51³¹
262 1577 394 1612 modium,
404 1578 576 1606 dataRomae
586 1579 630 1606 die
640 1580 681 1606 25.
689 1580 816 1607 Januarii
826 1588 900 1607 anno
908 1581 974 1608 1631

225 1604 244 1639 ’Ὗ
262 1617 386 1644 declarat
399 1625 437 1651 se,
451 1618 562 1653 piorum
575 1619 779 1653 doctorumque
788 1619 914 1647 virorum
929 1620 975 1647 ad-

143 1654 231 1682 hibita
249 1663 330 1690 cura,
348 1657 523 1684 Breviarium
542 1665 559 1684 a
575 1658 628 1685 Pio
642 1658 676 1686 V.
695 1659 816 1693 editum,
835 1662 863 1686 et
881 1667 897 1686 a
916 1659 975 1687 Cle-

143 1697 236 1721 mente
254 1694 332 1722 VIII.
353 1696 539 1731 recognitum,
562 1705 579 1724 a
599 1697 728 1732 pluribus
748 1698 856 1725 mendis
876 1707 975 1733 expur-

143 1740 236 1767 gasse·
255 1734 387 1768 Hymnus
405 1735 442 1762 ad
460 1736 550 1770 metri,
568 1739 596 1763 et
614 1737 760 1764 latinitatis
773 1738 883 1771 regulas
897 1746 976 1765 revo-

143 1779 235 1799 casse:
260 1773 294 1800 In
311 1774 443 1808 Psalmis,
464 1778 492 1802 et
510 1775 632 1802 Canticis
650 1776 902 1811 interpunctionem
921 1777 976 1804 edi-

145 1811 229 1838 tionis
251 1812 372 1847 vulgatae
394 1814 562 1842 restituisse:
588 1814 751 1850 Sermones,
774 1816 927 1848 Homilias,
949 1819 977 1843 et

144 1849 312 1878 Sanctorum
329 1851 469 1887 historias,
482 1853 591 1881 collatis
608 1854 751 1882 veteribus
770 1855 976 1890 manuscriptis,

349 418 415 444 data
424 418 523 444 Romae
533 417 651 452 septimo
661 417 729 444 Idus
739 418 757 444 J
759 417 807 444 ulii
817 425 890 444 anno
901 418 976 451 1568,
982 423 983 426 ’

1029 379 1156 414 ceptione
1179 380 1230 407 200
1252 388 1403 414 annorum,
1431 380 1465 407 de
1492 388 1548 414 quo
1571 388 1664 414 supra.
1701 381 1804 409 Statuit
1830 382 1858 409 in

1030 426 1063 446 eo
1090 419 1157 445 nihil
1184 419 1364 453 mutandum,
1391 419 1565 453 addendum,
1593 423 1619 446 et
1647 421 1858 448 detrahendum.

1030 458 1142 492 Obligat
1161 466 1300 493 quosque,
1318 458 1367 492 qui
1386 462 1516 485 tenentur
1533 459 1626 485 Horas
1644 460 1800 487 Canonicas
1819 468 1859 487 re-

1029 498 1129 531 citare,
1156 501 1187 524 ut
1209 498 1262 524 hoc
1284 501 1399 524 utantur
1421 497 1579 531 Breviario,
1606 499 1674 525 alias
1702 507 1757 526 non
1781 499 1860 526 satis-

1030 537 1133 563 faciant
1160 537 1269 564 muneri
1295 546 1355 564 suo.
1392 537 1478 564 Jubet
1506 537 1634 564 omnibus
1662 539 1803 572 Praelatis,
1830 542 1860 565 ut

1029 576 1082 603 hoc
1100 576 1278 603 introducant
1298 580 1355 603 tam
1373 577 1401 602 in
1420 577 1514 610 choro,
1533 584 1616 610 quam
1636 581 1715 604 extra
1735 578 1859 604 chorum.

1030 615 1115 642 Tollit
1135 615 1242 650 peccati
1261 616 1472 649 obligationem,
1495 624 1559 649 quae
1582 620 1656 650 erat,
1678 617 1813 643 recitandi
1831 617 1859 643 in

1029 655 1116 682 choro
1139 655 1270 682 Officium
1294 663 1412 689 parvum
1432 656 1463 682 B.
1485 655 1520 681 M.
1542 655 1575 682 V.
1599 659 1627 682 et
1646 656 1860 690 Defunctorum,

1030 694 1158 721 Psalmos
1172 694 1383 721 Poenitentiales
1401 698 1429 721 et
1447 694 1612 728 Graduales,
1631 695 1707 728 juxta
1722 695 1861 722 Rubricas

1029 734 1175 760 Breviarii.
1207 734 1352 768 Hortatur,
1371 737 1401 761 ut
1420 734 1570 761 recitentur
1588 734 1694 768 eadem,
1708 735 1861 769 propositis

1029 773 1208 807 indulgentiis
1219 773 1327 800 dierum
1341 777 1452 800 centum
1466 773 1647 800 recitantibus
1658 774 1789 800 Officium
1799 781 1860 808 par-

1030 821 1096 839 vum
1111 813 1142 839 B.
1158 813 1194 839 M.
1209 813 1241 840 V.
1255 816 1283 839 et
1297 813 1516 840 Defunctorum:
1531 813 1731 847 quinquaginta
1745 813 1861 840 recitan—

1029 852 1105 879 tibus
1125 852 1253 879 Psalmos
1273 852 1483 879 Poenitentialcs
1506 856 1533 879 et
1553 852 1723 886 Graduales,
1747 853 1860 886 quando

1029 891 1161 918 Rubricae
1184 899 1217 918 ea
1232 891 1430 925 -praescribant.
1467 892 1530 919 Non
1554 895 1646 918 tamen
1669 891 1741 918 tollit
1767 892 1861 918 lauda-

1029 930 1113 957 bilem
1127 931 1365 964 consuetudinem,
1380 931 1428 957 ubi
1442 934 1492 965 est,
1506 931 1641 958 recitandi
1656 930 1787 957 Officium
1801 938 1862 965 par—

1030 978 1096 997 vum
1117 970 1148 996 B.
1162 970 1198 997 M.
1213 970 1246 997 V.
1266 970 1294 996 in
1312 970 1412 1004 choro,
1430 971 1486 997 imo
1506 970 1633 997 eamdem
1653 970 1815 1004 confirmat,
1835 974 1862 997 et

1029 1010 1142 1036 tandem
1162 1013 1272 1043 tempus
1292 1010 1416 1036 decernit
1437 1010 1612 1043 obligationis
1636 1009 1672 1036 ad
1694 1017 1776 1036 usum
1796 1010 1862 1036 Bre-

1029 1049 1109 1075 viarii
1128 1052 1192 1082 post
1209 1049 1333 1083 ejusdem
1352 1049 1579 1083 publicationem.

1029 1118 1230 1153 impressorum
1240 1119 1346 1152 absque
1355 1119 1404 1145 tali
1414 1119 1626 1146 Ordinariorum
1636 1118 1746 1146 licentia
1758 1119 1786 1146 in
1796 1119 1861 1146 scri-

1029 1158 1092 1192 ptis,
1107 1166 1171 1192 quae
1185 1158 1268 1185 fidem
1280 1158 1364 1185 faciat
1374 1158 1409 1185 de
1422 1158 1569 1185 collatione
1580 1158 1653 1185 facta
1662 1159 1861 1193 praedictorum

1030 1197 1238 1224 Breviariorum
1252 1206 1316 1224 cum
1335 1198 1461 1231 originali
1476 1199 1619 1225 Romano:
1639 1198 1717 1232 cujus
1735 1198 1818 1225 etiam
1832 1198 1862 1224 li-

1030 1237 1128 1264 centiae
1148 1237 1228 1270 copia
1248 1237 1340 1270 initio,
1363 1237 1408 1263 vel
1431 1237 1458 1263 in
1478 1237 1553 1264 calce
1572 1237 1706 1271 cujusque
1725 1237 1862 1264 Breviarii

1030 1284 1141 1310 semper
1163 1276 1347 1310 imprimatur.
1384 1276 1529 1303 Praedictis
1550 1276 1705 1303 Ordinariis
1724 1277 1861 1311 prohibet,

1030 1323 1065 1341 ne
1083 1315 1188 1349 aliquid
1208 1315 1273 1341 addi
1289 1315 1332 1342 vel
1351 1315 1460 1342 detrahi
1472 1315 1642 1350 permittant.
1675 1317 1711 1342 Et
1730 1317 1790 1343 haec
1809 1316 1862 1345 sub

1030 1362 1114 1388 poena
1132 1355 1434 1388 excommunicationis,
1453 1355 1644 1389 suspensionis
1665 1363 1680 1382 a
1701 1355 1809 1389 divinis,
1829 1363 1861 1382 ac

1029 1393 1169 1420 interdicti
1187 1394 1223 1420 ab
1238 1394 1365 1428 ingressu
1379 1394 1519 1421 Ecclesiae.
1544 1394 1744 1421 Verumtamen
1759 1394 1787 1421 in
1801 1402 1861 1428 gra-

1029 1433 1095 1459 tiam
1118 1441 1289 1467 pauperum,
1316 1433 1458 1459 Breviaria
1482 1434 1616 1460 hactenus
1639 1433 1775 1468 impressa
1796 1441 1862 1460 ven—

1029 1472 1103 1506 dere,
1119 1472 1194 1506 apud
1207 1480 1237 1499 se
1251 1472 1378 1506 retinere,
1393 1480 1425 1498 ac
1438 1472 1493 1499 illis
1506 1473 1546 1499 uti
1560 1473 1702 1507 permittit.

1028 1542 1230 1576 recognovisse.
1268 1542 1457 1575 Quamobrem
1484 1542 1613 1576 mandat,
1639 1546 1670 1569 ut
1692 1543 1767 1577 juxta
1790 1543 1862 1570 hanc

1028 1582 1229 1608 correctionem
1248 1582 1348 1608 Romae
1368 1582 1558 1616 imprimatur,
1578 1582 1643 1608 alibi
1662 1582 1739 1616 juxta
1760 1583 1862 1609 Roma-

1028 1629 1095 1647 num
1115 1621 1259 1655 exemplar
1277 1621 1446 1655 excudatur,
1469 1621 1587 1648 servatis
1606 1621 1812 1648 conditionibus
1833 1622 1861 1648 in

1028 1660 1219 1694 suprascripta
1238 1660 1389 1687 Clementis
1407 1660 1489 1686 Bulla
1509 1660 1691 1694 enumeratis,
1712 1668 1782 1694 quas
1803 1661 1862 1687 fere

1028 1699 1127 1726 iisdem
1138 1700 1231 1726 verbis
1244 1700 1352 1734 repetit.
1376 1699 1548 1733 Adjungens,
1562 1699 1675 1726 easdem
1689 1700 1861 1727 conditiones

1028 1739 1182 1765 servandas
1202 1739 1230 1765 in
1253 1739 1436 1773 impressione
1457 1746 1568 1772 eorum,
1591 1746 1655 1772 quae
1678 1746 1695 1765 a
1717 1739 1862 1766 Breviario

1030 1778 1159 1804 Romano
1186 1782 1279 1805 ortum
1306 1779 1423 1811 habent,
1454 1778 1609 1812 cujusmodi
1641 1781 1706 1805 sunt
1731 1778 1862 1812 Missalia,

1029 1817 1192 1851 Diurnalia,
1217 1817 1318 1844 Officia
1339 1825 1429 1852 parva
1447 1818 1479 1844 B.
1500 1817 1536 1844 M.
1557 1817 1605 1851 V.‚
1628 1817 1730 1844 Officia
1748 1818 1862 1852 majoris

1029 1856 1232 1888 Hebdomadae,
1247 1859 1274 1884 et
1288 1856 1342 1883 alia
1356 1856 1386 1883 id
1398 1864 1494 1891 genus.

575 1984 661 2026 EX
687 1985 1100 2029 DECRETORUM
1127 1986 1428 2029 REGISTRO

421 2048 660 2099 SACRAE
694 2049 968 2100 RITUUMN
993 2047 1584 2100 GONGREGATIONIS

544 2124 634 2152 HAEC
664 2124 719 2152 AD
751 2125 998 2154 BREVIARrUM
1027 2126 1222 2156 ROMANUM
1252 2127 1461 2156 ATTINENT.

210 2209 275 2264 '¹1³9
291 2231 356 2250 acra
374 2223 491 2250 Rituum
507 2222 692 2257 Congregatio
711 2223 863 2251 declaravit
882 2228 910 2252 et
929 2225 974 2251 de-

197 2286 203 2294 ,
257 2258 271 2274 “’
303 2262 400 2296 crevit,
418 2270 474 2289 non
492 2262 617 2296 potuisse
634 2266 700 2297 post
717 2262 827 2290 Bullam
843 2263 870 2290 S.
885 2264 973 2291 PiiV.

159 2310 166 2322 σ
215 2295 233 2311 ·’
253 2310 278 2323 „v
303 2301 338 2327 de
356 2301 502 2328 Breviario
520 2301 663 2336 Romano,
687 2310 778 2336 neque
802 2310 886 2336 posse
904 2303 975 2329 loco-

143 2347 206 2366 rum
231 2340 410 2373 Ordinarios,
437 2343 495 2366 tam
519 2339 674 2367 Saeculares
702 2349 787 2375 quam
812 2341 974 2375 Regulares,

143 2379 247 2405 addere
257 2378 444 2412 Kalendariis,
454 2379 536 2406 etiam
548 2380 678 2414 propriis,
688 2379 854 2407 Sanctorum
865 2380 974 2414 Officia,

143 2417 197 2444 nisi
220 2426 252 2444 ea
276 2418 423 2444 dumtaxat
445 2426 509 2452 quse
531 2419 670 2445 Breviarii
693 2419 814 2446 Romani
833 2419 974 2453 Rubricis,

143 2457 188 2483 vel
211 2456 304 2484 Sacrae
328 2457 445 2483 Rituum
464 2457 706 2492 Congregationis,
731 2466 781 2485 seu
799 2457 880 2485 Sedis
898 2458 974 2492 Apo-

143 2495 248 2522 stolicae
266 2496 377 2522 licentia
395 2496 598 2524 conceduntur:
616 2505 708 2531 neque
723 2497 838 2531 propria
856 2497 974 2523 auctori-

143 2537 208 2568 tate,
227 2535 328 2569 quovis
346 2538 493 2569 praetextu,
511 2538 621 2562 mutare
636 2536 721 2562 ritum
741 2536 789 2569 qui
807 2535 927 2562 habetur
945 2536 974 2562 in

143 2573 315 2601 Kalendario
328 2574 456 2601 Romano
475 2581 525 2600 seu
539 2574 671 2602 Rubricis
683 2574 831 2608 Breviarii,
848 2574 878 2601 in
896 2574 974 2601 altio-

143 2619 202 2639 rem
222 2613 324 2647 ritum,
334 2620 424 2647 neque
438 2613 589 2640 extendere
602 2622 734 2641 concessa
749 2613 848 2644 Officia
863 2613 897 2640 de
911 2613 972 2640 loco

145 2651 180 2678 ad
198 2651 299 2679 locum.

194 2691 266 2718 Item
279 2691 368 2718 vetuit
382 2694 409 2718 et
422 2691 566 2726 prohibuit
581 2691 716 2718 celebrari
731 2698 782 2726 per
796 2694 883 2718 totam
899 2690 972 2717 Civi-

297 2815 361 2840 Pars
377 2816 485 2840 AEstivn.

1027 2227 1113 2250 tatem
1137 2223 1181 2249 vel
1200 2223 1366 2257 Dioecesim,
1390 2223 1473 2250 etiam
1498 2223 1533 2250 de
1555 2223 1754 2257 cujuscumque
1778 2222 1857 2249 Ordi-

1027 2262 1098 2289 narii
1117 2262 1295 2296 auctoritate,
1320 2263 1433 2289 Festum
1457 2270 1521 2289 cum
1540 2262 1653 2296 Officio',
1678 2270 1711 2289 eo
1734 2262 1810 2296 quod
1828 2261 1857 2288 in

1027 2301 1088 2328 loco
1113 2301 1186 2328 adsit
1210 2301 1334 2328 Ecclesia
1352 2301 1538 2335 Parochialis,
1562 2301 1606 2328 vel
1629 2301 1788 2335 Regularis,
1813 2300 1857 2327 vel

1027 2340 1194 2373 Abbatialis‚
1214 2343 1262 2367 aut
1275 2341 1369 2374 aliqua
1383 2340 1520 2374 Reliquia,
1535 2340 1585 2367 sed
1598 2343 1707 2367 tantum
1725 2340 1754 2366 in
1768 2339 1856 2374 ipsius

1027 2379 1121 2406 Sancti
1140 2379 1264 2406 Ecclesia
1283 2379 1402 2414 titulari,
1425 2387 1475 2406 seu
1498 2379 1546 2406 ubi
1570 2383 1731 2406 asservatur
1754 2386 1856 2412 corpus

1028 2421 1076 2445 aut
1094 2418 1210 2452 insignis
1229 2418 1368 2452 Reliquia,
1384 2421 1412 2445 et
1430 2426 1487 2445 non
1506 2418 1579 2445 alibi.

1079 2457 1204 2491 Insignes
1228 2460 1321 2483 autem
1340 2457 1486 2491 Reliquias
1509 2456 1661 2483 declaravit
1685 2463 1746 2482 esse
1764 2458 1856 2492 caput,

1027 2495 1186 2529 brachium,
1210 2503 1287 2530 crus,
1311 2499 1359 2522 aut
1382 2496 1459 2522 illam
1476 2499 1585 2530 partem
1604 2495 1730 2529 corporis
1747 2495 1776 2521 in
1799 2501 1856 2528 qua

1027 2543 1127 2569 passus
1146 2538 1188 2561 est
1204 2535 1326 2569 Martyr,
1344 2535 1428 2562 modo
1448 2534 1484 2561 sit
1501 2535 1620 2569 integra,
1639 2538 1666 2561 et
1684 2541 1740 2560 non
1758 2540 1855 2568 parva,

1027 2577 1054 2600 et
1072 2573 1193 2607 legitime
1212 2574 1248 2600 ab
1267 2573 1423 2600 Ordinariis
1441 2574 1604 2608 approbata.

1077 2612 1121 2638 De
1139 2613 1243 2639 sanctis
1262 2612 1407 2646 Episcopis
1426 2612 1560 2646 locorum,
1579 2611 1762 2646 Martyribus,
1781 2610 1853 2637 Civi—

1025 2652 1086 2684 bus,
1105 2654 1132 2677 et
1146 2651 1207 2678 aliis
1220 2651 1318 2685 Festis,
1332 2651 1367 2677 de
1381 2651 1484 2685 quibus
1498 2651 1527 2677 in
1540 2649 1710 2678 Kalendario
1724 2650 1853 2676 Romano

1025 2698 1074 2717 seu
1093 2690 1225 2716 Rubricis
1243 2690 1381 2717 Breviarii
1404 2689 1474 2716 nihil
1495 2690 1627 2722 habetur,
1649 2688 1690 2715 uti
1712 2688 1796 2714 etiam
1819 2687 1854 2715 de

1606 2803 1647 2834 a*
