2040 2976
173 306 411 358 debitaque
430 305 600 358 judiciis
625 306 884 359 apostelicis
906 305 1006 347 obe-

173 363 337 404 dientia
355 364 643 415 praestaretur
663 362 719 404 ab
740 362 954 404 omnibus.

225 423 271 473 Re·
302 418 482 460 Amavit
501 431 601 460 eum
619 418 851 468 Dominus,
876 424 919 460 et
939 431 1005 459 or-

171 475 294 516 navit
327 487 442 516 eum:
482 475 643 516 stolam
678 475 831 526 gloriae
866 474 1008 516 induit

172 544 284 581 eum,
297 536 317 558 *
338 532 395 572 Et
414 531 471 573 ad
494 537 648 584 portas
668 531 862 584 paradisi
883 544 1006 572 coro-

171 587 293 628 navit
322 600 433 629 eum.
471 587 519 636 Y.
543 587 692 629 Induit
712 601 812 629 eum
832 588 926 628 Dfis
945 587 1006 629 lo-

172 646 307 685 ricam
326 644 448 694 fidei,
469 650 512 686 et
532 644 705 686 ornavit
724 657 835 686 eum.
863 645 930 686 Et.

473 704 623 744 Lectio
647 704 696 743 vi.

169 756 405 862 Nullum
442 757 522 799 fuit
559 757 822 799 calamitatis
857 770 1007 807 genus,

286 814 356 855 cui
396 816 581 867 paterne
622 826 711 854 non
755 814 1007 855 occurrerit.

171 870 348 912 Fideles
391 870 473 912 sub
509 870 755 911 Turcarum
795 871 896 922 jugo
936 882 1006 921 ge-

171 929 360 976 mentes,
395 927 583 968 infantes
612 926 858 979 expositos,
891 927 1006 978 juve-

171 995 250 1024 nes
284 982 496 1031 discolos,
535 983 727 1033 virgines
758 983 1005 1035 periclitan-

171 1044 258 1089 tes,
285 1039 501 1081 moniales
530 1039 773 1092 dispersas,
800 1040 1007 1082 mulieres

170 1096 330 1148 lapsas,
350 1096 407 1137 ad
425 1096 627 1137 triremes
646 1095 890 1146 damnatos,
909 1109 1006 1149 per-

171 1155 348 1203 egrinos
379 1153 597 1203 infirmos,
629 1153 822 1194 artifices
855 1152 1005 1194 invali-

172 1207 266 1259 dos7
286 1209 499 1261 ipsosque
518 1214 664 1251 mente
685 1215 852 1261 captos,
877 1222 928 1251 ac
946 1210 1007 1250 in-

171 1269 379 1307 numeros
429 1266 660 1308 mendicos
710 1266 919 1307 subsidiis
964 1271 1008 1307 et

170 1321 375 1375 hospitiis
417 1323 657 1364 etiamnum
695 1323 1007 1375 superstitibus

172 1379 363 1431 excepit,
401 1392 453 1420 ac
491 1379 563 1431 pie
599 1380 722 1421 fovit.
776 1379 1007 1421 Lotharin-

171 1436 298 1486 giam,
311 1436 448 1490 Camp
454 1437 608 1486 aniam,
619 1436 879 1486 Picardiam,
893 1437 1010 1478 alias—

172 1505 257 1545 que
278 1493 481 1543 regiones
496 1499 634 1546 peste,
654 1494 780 1542 fame,
800 1493 1007 1546 belloque

170 1551 386 1598 vastatas,
414 1549 587 1602 prolixe
611 1550 775 1591 refecit.
812 1550 1007 1592 Plurima

171 1604 228 1646 ad
262 1605 584 1657 perquirendos
625 1612 669 1648 et
707 1606 1007 1648 sublevandos

170 1664 359 1704 miseros
393 1661 601 1704 sodalitia
636 1663 854 1713 fundavit,
894 1664 1007 1705 inter

172 1731 271 1770 quae
302 1718 488 1760 celebris
518 1722 820 1761 matronarum
849 1725 1006 1771 coetus,

172 1779 216 1816 et
239 1774 327 1816 late
352 1774 512 1817 diffusa
537 1776 618 1818 sub
643 1776 821 1817 nomine
842 1776 1006 1818 Carita-

170 1831 228 1872 tis
271 1830 519 1883 puellarum
562 1835 763 1874 societas.
830 1833 1007 1874 Puellas

174 1900 353 1939 quoque
389 1893 484 1930 tum
520 1888 576 1930 de
616 1889 772 1939 Cruce‚
818 1894 913 1931 tum
950 1889 1006 1931 de

170 1943 471 1994 Providentia,
497 1958 550 1987 ac
574 1950 739 1988 sanctae
765 1947 1005 1988 Genovefae

171 2000 228 2042 ad
269 2001 487 2053 sequieris
525 2014 659 2043 sexus
697 2002 1005 2046 educationem

171 2057 403 2107 erigendas
436 2059 616 2101 curavit.
669 2059 782 2101 Haec
814 2060 928 2101 inter
962 2064 1006 2101 et

171 2113 257 2154 alia
280 2114 540 2164 gravissima
564 2116 759 2166 negetia,
784 2116 882 2157 Deo
901 2116 1005 2167 jugi-

171 2174 240 2211 ter
271 2170 480 2221 intentus,
513 2172 682 2213 cunctis
716 2172 923 2222 affabilis,
956 2186 1007 2215 ac

172 2226 255 2268 sibi
275 2239 451 2279 semper
471 2234 694 2279 constans,
719 2229 922 2282 simplex,
941 2242 1006 2271 re-

172 2288 288 2333 ctus,
313 2282 508 2333 humilis,
534 2284 590 2326 ab
611 2285 872 2335 honoribus,
899 2285 1006 2327 divi-

171 2339 244 2380 tiis
272 2352 325 2381 ac
355 2339 524 2381 deliciis
555 2354 731 2394 semper
760 2342 1006 2392 abhorruit3

172 2395 349 2438 auditus
382 2395 544 2438 dicere:
581 2398 695 2439 Rem
727 2398 891 2439 nullam
924 2398 1007 2440 sibi

171 2451 365 2504 placere,
413 2455 713 2505 praeterquam
748 2455 791 2495 in
830 2454 1006 2496 Christo

171 2509 298 2559 Jesu,
334 2522 466 2561 quem
492 2509 536 2550 in
566 2510 769 2552 omnibus
798 2510 1006 2552 studebat

172 2565 343 2606 imitari.
368 2566 580 2618 Cerporis
598 2565 775 2607 demum
793 2567 1005 2608 afflictati-

173 2623 271 2672 one,
306 2621 533 2663 laberibus
571 2623 784 2674 senieque
821 2626 1006 2673 attritus,

173 2679 244 2720 die
268 2679 481 2729 vigesima
507 2679 695 2731 septima
721 2680 1007 2732 Septembris,

172 2740 256 2777 afio
278 2735 432 2777 salutis
453 2748 587 2787 supra
612 2735 891 2777 millesimum
911 2749 1005 2778 sex—

578 210 646 243 lm·
679 212 725 243 12³.
751 211 855 244 Julii.
904 213 938 244 ὃ.
966 211 1157 244 Yinecmii
1186 222 1204 243 a
1232 210 1354 243 Paulo
1381 211 1489 244 Cons.

1061 305 1304 346 centesimo
1325 304 1612 354 sexagesimo,
1636 305 1781 347 aetatis
1801 318 1893 347 suae

1062 361 1337 411 octogesimo
1359 361 1524 414 quinto,
1542 361 1732 411 Parisiis,
1755 362 1800 402 in
1818 361 1894 403 do-

1062 430 1135 458 mo
1163 417 1304 458 sancti
1327 417 1501 465 Lazari,
1539 429 1639 468 quae
1665 423 1798 470 caput
1829 423 1896 460 est

1062 473 1417 524 congregationis
1449 473 1688 522 Missienis‚
1719 473 1895 526 placide

1062 529 1346 572 obdormivit:
1374 542 1504 582 quem
1529 529 1782 579 virtutibus,
1806 532 1893 571 me-

1061 587 1154 628 ritis
1181 599 1232 627 ac
1258 586 1480 628 miraculis
1506 586 1673 627 clarum
1692 586 1895 628 Clemens

1062 642 1352 684 duodecimus
1380 642 1493 684 inter
1524 647 1703 684 sanctos
1731 643 1895 693 retulit,

1061 700 1200 753 ipsius
1224 698 1471 740 celebritati
1497 698 1567 740 die
1588 698 1761 740 decima
1779 711 1896 740 nona

1060 756 1222 798 mensis
1242 757 1266 797 J
1269 756 1345 796 ulii
1366 755 1600 808 quotannis
1619 756 1852 806 assignata.

1112 814 1162 864 Rg.
1190 814 1280 855 Iste
1300 812 1446 854 homo.
1466 812 1548 865 [72]

1283 892 1331 929 In
1350 890 1422 929 ΙΙΙ,
1442 890 1476 928 N
1479 890 1667 929 octurno.

1061 952 1219 994 Lectio
1245 953 1383 994 sancti
1407 952 1635 1004 Evangelii
1654 952 1893 994 secundum

1133 1027 1137 1031 ·
1382 1009 1560 1050 Lucam.

1163 1066 1316 1105 Lectio
1339 1064 1407 1103 vii.
1604 1063 1707 1114 Cap.
1726 1064 1789 1102 10.

1108 1140 1136 1167 n
1163 1127 1239 1168 illo
1267 1129 1485 1180 tempore:
1518 1127 1779 1178 Designavit
1806 1127 1894 1168 Do-

1122 1184 1266 1224 minus
1281 1188 1325 1225 et
1341 1183 1453 1225 alios
1471 1185 1750 1236 septuaginta
1766 1182 1894 1225 duos:

1061 1245 1105 1281 et
1123 1240 1241 1281 misit
1259 1239 1361 1281 illos
1379 1239 1508 1281 binos
1528 1244 1630 1281 ante
1649 1239 1807 1280 faciem
1825 1252 1892 1280 su-

1061 1309 1146 1346 am,
1170 1297 1214 1336 in
1234 1309 1410 1337 omnem
1429 1296 1654 1337 civitatem
1674 1300 1718 1337 et
1735 1295 1893 1346 locum,

1062 1365 1150 1404 quo
1172 1357 1265 1395 erat
1281 1353 1378 1406 ipse
1393 1355 1615 1394 venturus.
1641 1352 1699 1394 Et
1714 1352 1894 1405 reliqua.

1111 1426 1302 1468 Homilia
1321 1427 1462 1468 sancti
1482 1427 1687 1478 Gregorii
1703 1427 1851 1479 Papae.

1245 1490 1417 1524 Homilia
1437 1489 1486 1523 17.
1506 1490 1546 1523 in
1562 1489 1709 1533 Evang.

1096 1548 1365 1609 g
1406 1554 1450 1590 et
1486 1549 1690 1591 Salvator
1730 1553 1893 1598 noster,

1069 1604 1073 1614 ³
1098 1622 1142 1650 a
1181 1627 1185 1646 ι
1208 1604 1367 1646 fratres
1394 1605 1626 1655 carissimi,
1654 1603 1892 1656 aliquando

1072 1661 1074 1666 “
1132 1652 1185 1685 Λ
1207 1673 1290 1702 nos
1317 1661 1614 1712 serm6nibus,
1655 1659 1892 1713 aliquando

1060 1730 1165 1759 vero
1195 1717 1404 1770 operibus
1432 1717 1653 1760 admonet.
1696 1718 1803 1771 Ipsa
1834 1719 1893 1759 et-

1060 1774 1175 1815 enim
1214 1774 1331 1816 facta
1373 1775 1464 1826 ejus
1505 1776 1733 1827 praecepta
1777 1778 1894 1815 sunt:

1060 1830 1163 1882 quia
1178 1830 1283 1872 dum
1298 1830 1465 1882 aliquid
1478 1831 1639 1873 tacitus
1654 1831 1768 1881 facit,
1788 1830 1894 1882 quid

1060 1889 1190 1938 agere
1220 1886 1460 1929 debeamus
1487 1887 1734 1929 innotescit.
1777 1887 1894 1929 Ecce

1060 1943 1174 1984 enim
1186 1943 1315 1985 binos
1330 1944 1374 1984 in
1389 1943 1753 1996 praedicationem
1767 1943 1892 1985 disci-

1059 1999 1190 2052 pulos
1209 2000 1359 2042 mittit:
1381 2001 1484 2052 quia
1502 1999 1590 2042 duo
1610 2000 1711 2042 sunt
1728 2001 1893 2053 praece-

1058 2060 1136 2108 pta
1165 2056 1376 2106 caritatis,
1411 2056 1495 2098 Dei
1523 2055 1730 2098 videlicet
1758 2068 1893 2105 amor,

1060 2116 1104 2153 et
1134 2113 1341 2164 proximi:
1374 2119 1419 2154 et
1446 2113 1591 2154 minus
1621 2125 1754 2165 quam
1780 2112 1894 2154 inter

1061 2167 1174 2210 duos
1216 2169 1375 2211 caritas
1416 2168 1569 2211 haberi
1609 2182 1698 2210 non
1733 2173 1894 2221 potest.

1058 2225 1202 2267 Nemo
1239 2226 1354 2266 enim
1387 2226 1568 2278 preprie
1601 2225 1658 2267 ad
1690 2227 1893 2278 semetip-

1060 2295 1157 2322 sum
1181 2281 1345 2323 habere
1366 2282 1594 2324 caritatem
1614 2281 1789 2324 dicitur:
1813 2282 1893 2323 sed

1061 2337 1238 2379 dilectio
1257 2340 1302 2379 in
1326 2338 1513 2380 alterum
1531 2338 1689 2389 tendit,
1714 2343 1763 2380 ut
1786 2339 1893 2380 cari-

1058 2400 1127 2436 tas
1147 2407 1245 2436 esse
1263 2395 1416 2447 possit.

1113 2460 1162 2510 131.
1189 2456 1280 2497 Iste
1309 2461 1375 2497 est
1404 2456 1479 2508 qui
1507 2461 1607 2498 ante
1633 2456 1778 2497 Deum
1805 2469 1891 2497 ma-

1059 2525 1168 2563 gnas
1196 2513 1384 2555 virtates
1414 2515 1624 2566 operatus
1653 2517 1735 2562 est,
1764 2517 1808 2553 et
1836 2511 1891 2553 de

1061 2569 1179 2610 omni
1191 2569 1326 2610 corde
1341 2582 1422 2611 suo
1433 2569 1629 2610 laudavit
1639 2568 1892 2610 Dominum:

1059 2632 1080 2654 *
1108 2626 1211 2678 Ipse
1240 2625 1485 2667 intercedat
1512 2638 1596 2678 pro
1622 2625 1818 2678 peccatis
1848 2627 1890 2665 ό-

1059 2683 1223 2722 mnium
1243 2682 1524 2734 populorum.
1550 2679 1599 2729 W.
1623 2682 1738 2723 Ecce
1756 2680 1890 2723 homo

1060 2738 1154 2779 sine
1175 2738 1370 2790 querela,
1382 2751 1511 2780 verus
1525 2738 1609 2779 Dei
1625 2737 1777 2788 cultor,
1794 2738 1889 2779 abs-
