2040 2976
523 197 590 229 Dic
615 198 667 230 20.
693 197 810 230 Junii.
858 199 914 231 sss.
942 198 1220 241 Apostolorum
1247 198 1348 231 l‘ctri
1374 204 1409 232 ct
1434 198 1554 232 Pauli.

185 303 343 333 nomen
363 291 470 343 ejus:
493 295 536 333 et
554 291 677 342 fides,
698 304 796 344 quae
816 304 898 345 per
916 306 1016 335 eum

186 353 264 398 est,
279 347 402 390 dedit
415 350 631 399 integram
645 349 876 391 sanitatem
886 350 1015 393 istam

184 404 227 445 in
247 406 489 457 conspectu
508 405 703 446 omnium
721 411 926 448 vestrum.

240 473 290 522 Rz.
320 470 389 511 Tu
414 483 461 512 es
479 471 653 522 Peth,
682 476 726 513 et
748 484 880 525 super
903 472 1016 515 hanc

183 531 354 578 petram
365 526 596 570 aedificabo
607 528 852 570 Ecclesiam
862 541 1015 579 meam,

184 589 228 627 et
261 589 404 637 portae
439 585 566 627 inferi
595 599 683 628 non
710 586 1016 639 praevalebunt

183 641 396 683 adversus
423 654 534 683 eam:
558 648 581 674 *
602 643 660 685 Et
683 642 762 685 tibi
791 642 907 685 dabo
932 643 1015 685 cla·

183 711 259 739 ves
284 698 407 749 regni
432 699 657 741 coelorum.
693 699 743 752 V.
767 700 1015 751 Quodcum-

184 767 269 807 que
300 754 507 806 ligaveris
547 768 680 809 super
710 761 890 807 terram,
933 757 1016 800 erit

182 812 364 863 ligatum
394 817 438 854 et
464 813 507 854 in
534 813 672 855 coelis:
703 819 748 856 et
775 814 1015 866 quodcum·

183 881 269 921 que
289 869 474 911 selveris
493 882 626 923 super
645 875 818 920 terram,
844 871 927 913 erit
946 883 1014 913 so-

183 925 323 967 lutum
349 931 393 969 et
415 927 460 968 in
486 927 621 969 coelis.
657 928 714 970 Et
738 927 828 970 tibi.
866 928 1016 970 Gloria

181 983 312 1024 Patri.
339 983 397 1025 Et
415 983 506 1025 tibi.

411 1063 459 1101 In
487 1063 537 1101 ΙΙ.
566 1063 790 1101 Nocturno.

255 1126 407 1165 Sermo
437 1123 576 1166 sancti
604 1124 766 1166 Leonis
792 1125 940 1178 Papae.

295 1192 477 1224 Sermone
507 1189 533 1221 1.
559 1189 598 1222 in
624 1189 744 1222 natali
769 1190 906 1233 Apost.

445 1237 548 1270 Petri
574 1242 609 1270 ct
634 1237 753 1271 Pauli.

488 1294 638 1334 Lectio
662 1294 713 1333 iv.

185 1371 462 1419 {¹
482 1358 661 1411 quidem
680 1362 932 1402 sanctarum
945 1374 1013 1403 so-

264 1414 602 1515 {zema
619 1415 943 1528 gasteis.
949 1424 1014 1518 ῖς

179 1531 307 1570 unius
335 1529 439 1572 fidei
466 1532 610 1583 pietas
639 1531 788 1582 exigit,
817 1537 866 1575 ut
891 1531 1012 1585 quid-

182 1585 288 1637 quid
319 1598 402 1638 pro
435 1587 577 1630 salute
608 1588 915 1631 universerum
941 1602 1012 1640 ge-

181 1647 295 1684 stum
328 1643 552 1694 recolitur,
586 1645 893 1688 communibus
920 1646 1012 1689 ubi-

182 1711 267 1752 que
290 1700 462 1751 gaudiis
486 1701 744 1744 celebretur.
781 1703 1012 1746 Verumta-

179 1769 280 1798 men
299 1757 511 1800 hodierna
531 1760 762 1811 festivitas,
781 1765 946 1813 praeter
964 1760 1011 1802 il-

179 1813 267 1855 lam
285 1817 586 1867 reverentiam,
610 1830 742 1870 quam
760 1822 857 1860 toto
877 1820 1011 1860 terra-

179 1884 277 1912 rum
308 1871 415 1914 orbe
448 1875 708 1926 promeruit,
751 1874 934 1928 speciali
968 1880 1012 1918 et

178 1929 361 1981 propria
379 1931 698 1979 nostraeUrbis
718 1932 1011 1974 exsultatione

178 1986 428 2028 veneranda
439 1993 516 2037 est,
532 1993 580 2029 ut
595 1988 670 2030 ubi
684 1989 1011 2058 praecipuerum

178 2042 500 2094 Apostolofflm
535 2044 807 2096 glorificatus
844 2051 912 2088 est
941 2048 1011 2088 ex-

178 2097 281 2148 itus,
305 2098 366 2140 ibi
393 2100 437 2141 in
460 2100 531 2142 die
555 2102 752 2155 martyrii
777 2104 929 2145 cerum
955 2104 1012 2146 sit

178 2154 344 2197 laetitiae
363 2157 647 2211 principatus.
677 2159 758 2202 Isti
778 2160 893 2202 enim
912 2165 1013 2203 sunt

179 2212 276 2262 viri,
323 2226 404 2266 per
447 2227 557 2266 quos
601 2216 682 2258 tibi
724 2217 1012 2269 Evangelium

180 2244 341 2311 Christi
360 2271 504 2312 Roma
526 2272 817 2340 resplenduit,
846 2279 890 2316 et
910 2288 1009 2328 quae

181 2339 277 2368 eras
300 2329 511 2378 magistra
537 2330 714 2380 erroris,
742 2331 858 2373 facta
883 2344 930 2373 es
950 2331 1010 2375 di-

179 2383 349 2436 scipula
367 2385 576 2427 veritatis.

233 2446 284 2497 R.
308 2444 508 2495 Domine,
531 2447 568 2488 si
587 2452 635 2489 tu
655 2461 712 2498 es,
731 2449 831 2500 jube
850 2462 920 2491 me
939 2463 1010 2492 ve-

178 2503 272 2543 nire
291 2501 349 2544 ad
367 2507 411 2544 te
431 2515 564 2556 super
584 2517 732 2556 aquas.
750 2505 773 2530 *
788 2506 844 2549 Et
864 2509 1010 2549 exten-

180 2557 290 2600 dens
308 2572 485 2601 manum
508 2561 799 2613 apprehendit
823 2576 939 2614 eum,
967 2570 1011 2607 et

180 2615 290 2659 dixit
321 2617 346 2658 J
349 2629 465 2659 esus
495 2617 685 2660 Modicae
717 2619 838 2670 fidei,
873 2634 1010 2673 quare

179 2672 413 2716 dubitasti?
481 2668 532 2720 Χ
580 2675 778 2728 Cumque
826 2677 1010 2720 vidisset

178 2737 358 2774 ventum
372 2731 565 2774 validum
579 2733 838 2784 venientem,
852 2735 1010 2777 timuit:

1070 298 1114 336 et
1143 307 1243 335 cum
1269 295 1480 346 coepisset
1506 294 1660 346 mergi,
1693 295 1899 337 clamavit

1070 351 1237 393 dicens:
1281 351 1471 393 Domine
1507 351 1676 394 salvum
1711 365 1782 395 me
1819 353 1898 394 fac.

1068 407 1126 451 Et
1149 405 1402 450 extendens.

1382 481 1534 522 Lectio
1554 495 1592 522 v.

1072 541 1173 647 Isti
1199 548 1300 587 sunt
1325 549 1475 597 patres
1501 545 1587 595 tui,¹
1615 548 1796 599 verique
1824 559 1898 600 pa-

1130 602 1289 650 steres,
1317 601 1391 653 qui
1414 605 1458 643 te
1479 602 1624 653 regnis
1644 602 1900 645 coelestibus

1067 656 1345 698 inserendam
1382 657 1522 700 multo
1557 659 1713 701 melius
1744 659 1899 702 multo-

1070 725 1155 766 que
1172 713 1342 756 felicius
1358 715 1660 766 condiderunt,
1681 726 1812 769 quam
1827 716 1900 768 illi,

1071 782 1258 822 quorum
1309 771 1457 813 studio
1506 772 1647 825 prima
1690 772 1901 815 mo'enium

1067 829 1245 869 tuerum
1279 827 1563 870 fundamenta
1599 829 1748 871 locata
1783 834 1901 871 sunt:

1069 896 1123 926 ex
1145 884 1303 936 quibus
1323 885 1372 935 is,
1395 885 1469 937 qui
1488 885 1569 927 tibi
1586 899 1748 928 nomen
1767 886 1900 936 dedit,

1067 940 1259 982 fraterna
1272 946 1317 984 te
1333 941 1456 983 caede
1472 940 1668 984 foedavit.
1695 942 1776 984 Isti
1790 947 1901 992 sunt,

1069 996 1143 1048 qui
1171 1002 1215 1039 te
1249 997 1313 1043 ad,
1332 996 1447 1040 hanc
1472 998 1659 1049 gloriam
1686 1000 1900 1052 provexe-

1067 1058 1184 1103 runt,
1210 1059 1258 1095 ut
1277 1067 1385 1106 gens
1405 1059 1573 1106 sancta,
1599 1055 1792 1109 pepulus
1817 1055 1901 1098 ele-

1068 1115 1181 1160 ctus,
1207 1110 1361 1153 civitas
1387 1111 1675 1154 sacerdotalis
1701 1117 1745 1155 et
1770 1112 1901 1163 regia,

1067 1168 1147 1219 per
1172 1179 1342 1209 sacram
1367 1168 1486 1210 beati
1509 1169 1630 1210 Petri
1649 1168 1809 1211 Sedem
1833 1182 1900 1211 ca—

1066 1228 1146 1276 put
1166 1223 1286 1266 orbis
1302 1223 1469 1276 effecta,
1487 1225 1620 1267 latius
1634 1225 1900 1279 praesideres

1067 1279 1279 1332 religiene
1299 1280 1462 1332 divina,
1488 1294 1621 1334 quam
1640 1281 1900 1325 dominatie-

1066 1350 1122 1379 ne
1146 1339 1332 1379 terrena.
1374 1338 1584 1388 Quamvis
1612 1338 1728 1381 enim
1751 1338 1901 1382 multis

1067 1399 1197 1436 aucta
1211 1394 1421 1444 victoriis,
1440 1396 1505 1448 jus
1519 1395 1692 1449 imperii
1705 1395 1770 1438 tui
1782 1400 1902 1438 terra

1066 1453 1266 1504 marique
1294 1452 1548 1505 protuleris:
1579 1453 1722 1494 minus
1753 1458 1901 1495 tamen

1067 1513 1145 1559 est,
1168 1508 1289 1562 quod
1306 1508 1388 1551 tibi
1407 1509 1590 1551 bellicus
1607 1509 1735 1553 labor
1754 1509 1900 1558 subdi-

1066 1564 1148 1615 dit,
1196 1579 1327 1618 quam
1373 1565 1495 1619 quod
1538 1579 1628 1620 pax
1665 1566 1901 1610 christiana

1066 1621 1261 1675 subjecit.

1120 1690 1172 1742 R.
1204 1687 1342 1739 Surge
1365 1687 1511 1739 Petre,
1540 1693 1584 1731 et
1607 1688 1742 1731 indue
1764 1693 1809 1732 te
1828 1701 1899 1732 ve-

1066 1743 1283 1786 stimentis
1302 1744 1404 1795 tuis,
1424 1745 1576 1798 accipe
1594 1745 1899 1789 fortitudinem

1065 1799 1122 1842 ad
1146 1800 1381 1843 salvandas
1406 1801 1588 1844 Gentes:
1609 1804 1633 1828 *
1651 1802 1763 1853 Quia
1788 1804 1897 1846 ceci-

1065 1856 1224 1900 derunt
1265 1860 1433 1901 catenae
1470 1858 1526 1902 de
1561 1858 1764 1901 manibus
1799 1860 1897 1902 tuis.

1068 1911 1118 1963 V.
1143 1914 1342 1966 Angelus
1368 1915 1547 1957 Demini
1575 1916 1731 1966 astitit,
1764 1921 1808 1959 et
1834 1916 1896 1959 lu-

1064 1983 1166 2013 men
1183 1971 1354 2014 refulsit
1367 1972 1412 2013 in
1425 1972 1679 2015 habitaculo
1695 1973 1897 2024 carceris,

1062 2030 1367 2081 percussoque
1391 2028 1531 2072 latere
1550 2029 1669 2072 Petri
1688 2029 1898 2072 excitavit

1065 2097 1176 2135 eum,
1191 2085 1357 2128 dicens:
1377 2086 1516 2137 Surge
1531 2086 1754 2129 velociter.
1774 2086 1896 2137 Quia.

1372 2159 1523 2200 Lectio
1546 2160 1596 2199 vi.

1155 2225 1339 2279 ‘spesito
1350 2239 1539 2278 namque
1551 2225 1760 2268 divinitus
1771 2227 1897 2280 operi

1165 2282 1355 2324 maxime
1376 2283 1664 2334 congruebat,
1692 2288 1741 2326 ut
1758 2283 1898 2325 multa

1063 2352 1199 2405 regna
1222 2352 1311 2382 uno
1335 2340 1744 2382 confoederarentur
1761 2340 1896 2393 impe-

1063 2396 1148 2447 rio,
1175 2401 1219 2439 et
1242 2396 1330 2439 cito
1354 2397 1531 2449 pervios
1555 2396 1739 2439 haberet
1756 2399 1894 2449 popu-

1063 2453 1132 2495 los
1141 2453 1401 2507 praedicatio
1410 2454 1637 2505 generalis,
1648 2466 1760 2506 quos
1768 2455 1895 2495 unius

1063 2512 1233 2552 teneret
1251 2510 1446 2561 regimen
1466 2511 1667 2552 civitatis.
1693 2510 1804 2551 Haec
1822 2522 1894 2552 au-

1063 2571 1153 2608 tem
1187 2567 1341 2609 civitas
1374 2568 1580 2618 ignorans
1612 2579 1704 2608 suae
1736 2578 1894 2619 prove-

1064 2623 1222 2665 ctio'nis
1242 2627 1482 2674 auctorem,
1507 2637 1607 2666 cum
1624 2636 1738 2676 pene
1759 2623 1892 2664 omni-

1062 2679 1145 2722 bus
1161 2680 1461 2723 dominaretur
1475 2680 1688 2732 gentibus,
1701 2680 1895 2722 omnium

1062 2738 1257 2787 gentium
1300 2737 1521 2780 serviebat
1565 2736 1805 2779 erroribus:
1850 2742 1895 2780 et
