2040 2976
570 240 640 274 Die
668 242 716 274 15.
740 241 846 274 Julii.
892 241 1109 274 Divisionis
1134 242 1423 284 Apostolorum.

140 331 310 374 tasibus
330 332 583 380 recreatam,
602 330 833 383 multiplici
851 330 969 372 testi-

141 389 289 430 monio
316 386 528 430 traditum
556 392 633 428 est.
687 388 798 428 Haec
826 387 971 428 omnia

142 444 332 498 amplam
350 443 651 485 molestiarum
670 444 866 494 segetem
884 443 968 484 Ve-

141 501 303 542 ronicae
327 501 608 554 pepererunt:
635 512 726 541 non
753 500 869 541 enim
898 499 969 541 de—

141 557 261 599 fuere
296 557 371 609 qui
402 556 449 598 id
481 568 610 597 omne
642 556 769 597 malis
803 556 969 599 artibus

141 613 398 664 trihaerent,
418 615 603 664 eamque
623 611 819 655 dicerent
837 626 970 666 poena

142 670 260 712 omni
289 670 526 722 infamique
559 669 777 722 supplicio
812 669 969 721 dignis-

141 727 306 768 simam.
335 726 526 768 Ferebat
548 725 646 768 haec
664 725 867 768 alacriter
886 727 969 768 for-

141 783 310 825 tissima
345 783 487 835 virgo:
533 782 718 835 optabat
756 783 887 824 etiam
922 789 970 825 ut

142 838 389 882 crudeliora
413 839 609 892 quotidie
633 839 677 879 in
697 851 743 880 se
764 852 968 891 congere-

141 898 290 938 rentur
308 909 391 950 pro
407 896 579 948 Sponso
600 908 680 937 suo
700 897 818 938 cruci
837 896 969 938 affixo

142 952 407 995 sustinenda.
435 952 648 995 Traditur
666 952 707 993 in
728 953 970 994 tenebrico-

141 1022 238 1050 sum
269 1012 511 1060 carcerem,
550 1009 778 1060 subjicitur
808 1009 970 1050 infimae

142 1079 196 1107 ex
215 1066 462 1115 sororibuS‚
491 1066 560 1108 cui
589 1066 776 1108 edicitur
802 1071 850 1108 ut
875 1079 971 1107 eam

141 1122 298 1165 acerbe
321 1127 497 1165 tractet:
522 1136 666 1175 neque
691 1123 827 1165 vitam
854 1128 971 1165 amat

140 1179 222 1220 nisi
242 1180 423 1221 summis
442 1180 710 1231 exagitatam
728 1179 971 1222 tribulatio-

140 1235 282 1278 nibus:
301 1236 384 1278 etsi
404 1236 670 1289 quandoque
688 1236 909 1278 desertam
923 1249 970 1278 se

141 1292 197 1334 ab
234 1293 407 1346 Sponso
449 1305 500 1335 ac
536 1292 674 1335 veluti
717 1292 971 1334 derelictam

142 1351 501 1401 conquereretur,
534 1349 655 1402 quod
687 1354 781 1391 erat
814 1349 853 1391 ei
884 1355 969 1391 tor-

140 1407 336 1448 mentum
355 1407 548 1448 omnium
568 1406 898 1448 amarissimum.

192 1476 244 1529 Rt·
274 1475 478 1518 Dilexisti
511 1476 728 1529 justitiam,
767 1481 811 1518 et
839 1475 971 1517 odisti

139 1531 431 1584 iniquitatem:
451 1534 474 1559 *
505 1533 749 1586 Propterea
773 1533 896 1574 unxit
926 1537 970 1573 te

139 1589 279 1639 Deus,
324 1589 445 1631 Deus
488 1594 606 1639 tuuS,
652 1589 752 1631 oleo
794 1588 970 1631 laetitiae.

140 1640 191 1692 V.
218 1645 407 1698 Propter
430 1646 749 1696 veritatem,·et
772 1658 968 1687 mansue-

141 1701 353 1753 tudinem,
373 1707 416 1744 et
435 1703 654 1755 justitiam.
681 1703 935 1756 Propterea.

442 1789 594 1831 Lectio
617 1792 667 1829 vi.

226 1872 328 1901 uam
351 1860 449 1902 Deo
476 1862 660 1902 voverat
683 1859 969 1902 moderatori-

237 1916 320 1958 bus
345 1916 627 1959 conscientiae
652 1930 743 1958 suae
765 1916 969 1958 obedien-

142 1973 249 2014 tiam
272 1972 461 2015 mirabili
487 1986 672 2026 prorsus
699 1973 970 2026 perfectione

143 2029 289 2072 coluit.
341 2029 684 2072 Diuturnissima
719 2030 876 2082 jejunia
915 2042 970 2070 ex

143 2085 397 2128 obedientia
427 2087 656 2138 transegit:
687 2098 830 2139 neque
862 2097 969 2127 vero

144 2145 385 2184 extremum
404 2143 546 2185 emisit
566 2143 767 2196 spiritum
783 2142 857 2184 diu
871 2155 971 2183 cum

142 2204 283 2241 morte
299 2199 480 2249 luctans,
498 2199 583 2240 nisi
602 2212 701 2240 cum
719 2203 837 2240 esset
855 2199 971 2250 jussa

142 2256 272 2298 mori:
310 2256 475 2309 quippe
514 2256 681 2298 sciebat
720 2254 970 2297 obedientia

142 2311 308 2354 nullum
339 2313 512 2366 Sponso
553 2325 633 2354 suo
672 2324 769 2353 esse
804 2310 970 2362 gratius

145 2425 302 2478 quibus
332 2425 538 2478 praesidis
570 2426 691 2467 obire
722 2429 871 2477 partes
901 2436 969 2465 co·
1026 2418 1037 2484 ξ
1062 2438 1065 2439 ’

145 2483 243 2523 acta
263 2487 347 2532 est,
374 2482 562 2524 traditas
588 2483 679 2533 ejus
707 2493 822 2522 curae
849 2482 969 2521 soro·
1009 2519 1014 2523 .

144 2550 214 2579 res
257 2538 314 2580 ad
356 2551 530 2581 omnem
575 2538 853 2580 sanctitatem
889 2548 969 2576 suo

144 2596 368 2647 praecipue
404 2595 608 2648 exemplo
643 2592 858 2646 provexit.
911 2591 970 2633 Ut

144 2650 340 2702 patiendi
357 2652 472 2693 votis
491 2651 619 2693 fieret
644 2649 766 2698 satis,
792 2647 968 2700 apople-

145 2708 245 2756 xiae‚
273 2719 360 2759 qua
387 2709 592 2760 correpta
620 2706 715 2754 fuit,
745 2705 970 2746 accessere

145 2762 289 2805 morbi
313 2776 453 2816 prope
482 2775 633 2805 omnes
653 2761 727 2814 qui
746 2759 970 2802 acerbissi-

1755 237 1847 281 [331]

1021 331 1080 371 mi
1094 330 1348 383 judicantur.
1370 333 1582 374 Sustinuit
1597 334 1741 375 omnia
1756 346 1849 375 con-

1022 388 1155 429 stanti
1175 389 1318 430 animo
1337 389 1516 440 triginta
1534 394 1624 431 tres
1644 388 1752 439 dies,
1773 389 1847 431 do-

1022 456 1103 485 nec
1128 444 1172 484 in
1192 445 1352 497 Sponsi
1372 446 1397 487 J
1400 459 1477 487 esu
1503 446 1729 499 amplexus
1749 459 1847 488 evo-

1021 500 1142 549 lavit,
1175 500 1245 542 die
1276 514 1392 543 nona
1417 502 1520 543 Julii
1551 515 1665 544 anno
1695 502 1848 544 sallitis

1022 556 1253 599 millesimo
1281 559 1668 610 septingentesimo
1694 559 1847 610 vigesi-

1022 626 1094 654 mo
1123 614 1325 666 septimo,
1352 614 1570 666 religiosae
1597 615 1699 656 vitae
1729 615 1848 667 quin·

1024 670 1289 721 quagesimo.
1338 671 1628 712 Heroicarum
1661 670 1849 723 denique

1022 726 1233 767 virtutum
1257 727 1448 777 cumulo,
1476 740 1527 769 ac
1556 728 1777 769 miraculis
1802 728 1848 768 il-

1021 782 1223 832 lustrem,
1264 783 1368 824 Pius
1402 784 1614 836 septimus
1646 783 1849 825 Pontifex

1022 838 1240 879 Maximus
1251 839 1435 880 Beatam
1450 841 1727 893 nuncupavit,
1743 842 1848 883 Gre-

1021 896 1170 946 gorius
1195 908 1301 937 vero
1326 896 1447 949 Papa
1476 896 1671 938 decimus
1699 902 1849 939 sextus

1023 951 1208 993 solemni
1244 954 1332 993 ritu
1363 953 1595 994 Dominica
1633 954 1849 995 sanctissi-

1022 1021 1106 1049 mae
1121 1009 1350 1050 Trinitatis
1367 1014 1449 1050 afio
1467 1008 1698 1050 millesimo
1715 1010 1849 1051 octin-

1021 1065 1264 1115 gentesimo
1291 1066 1515 1116 trigesimo
1540 1078 1655 1107 nono
1683 1068 1849 1107 sancta-

1023 1135 1119 1162 rum
1138 1122 1370 1173 Virginum
1395 1122 1583 1173 collegio
1606 1122 1850 1175 adscripsit.

1074 1183 1125 1224 R.
1152 1182 1402 1224 Afferentur
1422 1182 1545 1233 Regi.
1564 1182 1641 1235 [91]

1078 1226 1118 1276 In
1144 1243 1208 1277 ΙΙΙ.
1233 1243 1431 1278 Nocturno
1455 1244 1624 1277 Homilia
1647 1244 1683 1277 in
1702 1245 1845 1287 Evang.

1022 1291 1154 1326 Simile
1180 1292 1251 1326 erit
1274 1302 1444 1336 regnum.
1465 1293 1510 1326 dc
1542 1293 1678 1326 codem
1702 1293 1844 1327 Comm.

1024 1341 1049 1374 l.
1077 1340 1173 1374 loco.
1206 1340 1276 1383 [93]

1290 1426 1373 1467 Die
1393 1427 1453 1467 15.
1470 1426 1495 1467 J
1497 1426 1582 1467 ulii.

1100 1490 1373 1532 Divisionis
1398 1489 1768 1541 Apostolorum.

1352 1552 1515 1595 Duplex,

1075 1609 1211 1643 Omnia
1238 1609 1283 1642 de
1310 1609 1453 1643 Comm.
1476 1610 1611 1652 Apost.
1639 1608 1685 1651 [2]
1708 1614 1847 1651 practer

1023 1658 1233 1700 Sequentia.

1358 1708 1520 1748 Oratio.

1023 1765 1205 1870 Deus,
1235 1771 1309 1823 qui
1336 1784 1417 1812 nos
1444 1783 1524 1822 per
1551 1769 1706 1812 beatos
1730 1769 1847 1821 Apo-

1119 1828 1259 1870 stolos
1285 1833 1385 1869 tuos
1413 1826 1471 1868 ad
1496 1826 1760 1878 agnitionem
1784 1826 1848 1866 tui

1023 1885 1209 1926 nominis
1234 1886 1382 1925 venire
1408 1882 1612 1924 tribuisti:
1641 1881 1697 1923 da
1720 1881 1847 1923 nobis

1023 1943 1176 1983 eorum
1220 1940 1405 1992 gloriam
1449 1939 1759 1991 sempiternam
1804 1943 1848 1980 et

1022 1996 1295 2050 proficiendo
1316 1995 1550 2045 celebrare,
1570 2000 1613 2037 et
1627 1994 1846 2036 celebran-

1024 2053 1081 2095 do
1101 2053 1328 2106 proficere.
1356 2052 1439 2093 Per
1458 2052 1705 2093 Dominum.

1258 2133 1307 2171 In
1334 2132 1363 2170 1.
1391 2116 1614 2170 NooturSno.

1024 2189 1090 2229 De
1122 2187 1321 2240 Epistola
1351 2186 1470 2228 beati
1493 2185 1616 2227 Pauli
1642 2184 1849 2237 Apostoli

1280 2242 1336 2284 ad
1355 2243 1594 2284 Romanos.

1100 2307 1251 2349 Lectio
1269 2307 1292 2347 i.

1586 2306 1689 2364 Cap.
1705 2306 1768 2345 10.

144 2368 415 2410 sacrificium.
450 2369 648 2420 Triginta
672 2368 811 2410 tribus
835 2366 970 2415 annis,
1026 2382 1035 2414 ς
1073 2370 1117 2420 ἡζζ
1132 2365 1221 2405 inis
1245 2364 1369 2414 legis,
1403 2363 1616 2412 Christus,
1649 2362 1705 2403 ad
1731 2363 1846 2414 justi-

1062 2446 1133 2485 ΚΧ,
1154 2421 1261 2462 tiam
1288 2420 1406 2461 omni
1430 2418 1634 2461 credenti.
1670 2418 1847 2469 Moyses

1031 2481 1042 2502 '²
1062 2473 1133 2502 ΨΦ
1157 2477 1272 2518 enim
1291 2476 1483 2528 scripsit,
1509 2475 1713 2528 quoniam
1732 2475 1847 2525 justi-

1022 2534 1143 2583 tiam,
1173 2546 1272 2585 quae
1301 2545 1356 2574 ex
1381 2532 1478 2583 lege
1505 2537 1571 2573 est
1597 2531 1671 2583 qui
1696 2529 1848 2570 fecerit

1023 2590 1172 2639 homo,
1198 2589 1318 2631 vivet
1340 2589 1384 2629 in
1404 2601 1465 2630 ea.
1502 2588 1610 2637 Quae
1630 2591 1774 2627 autem
1793 2597 1848 2626 ex

1023 2645 1111 2687 fide
1131 2651 1208 2695 est,
1227 2645 1400 2697 justitia,
1420 2644 1482 2685 sic
1501 2642 1623 2684 dicit:
1643 2641 1711 2682 Ne
1730 2640 1847 2682 dixe-

1024 2702 1083 2743 ris
1109 2703 1152 2743 in
1177 2700 1313 2743 corde
1331 2706 1424 2743 tuo:
1453 2699 1548 2751 quis
1573 2696 1781 2739 ascendet
1804 2697 1848 2736 in

1024 2756 1208 2800 coelum?
1228 2757 1273 2799 id
1288 2762 1365 2807 est,
1381 2755 1600 2797 Christum
1614 2753 1848 2795 deducere:
