2040 2976
482 192 586 227 Infra
610 193 906 235 Hebdomadam
930 194 982 228 iii.
1006 198 1096 237 post
1121 193 1201 229 Oct.
1226 195 1484 231 Pentecostes.

134 294 281 332 tecum
302 289 347 330 in
371 287 572 330 omnibus
591 287 856 340 ubicumque
875 300 961 329 am—

135 345 315 396 bulasti,
349 345 526 387 firmans
556 356 739 396 regnum
768 349 891 386 tuum
917 344 962 385 in

136 404 357 444 aeternum.
399 398 449 451 V.
474 402 666 454 Fecique
693 400 775 442 tibi
801 413 962 442 nomen

134 458 319 510 grande,
351 459 471 511 juxta
501 470 662 500 nomen
691 459 961 508 magnorum,

137 516 213 568 qui
231 520 332 557 sunt
350 516 395 556 in
412 520 545 557 terra:
571 519 615 556 et
638 514 834 566 requiem
859 512 961 555 dedi

135 571 215 614 tibi
242 572 296 614 ab
322 571 524 614 omnibus
548 570 732 612 inimicis
758 570 855 612 tuis.
894 570 961 611 Et.

135 627 287 671 Gloria
304 629 436 671 Patri.
463 628 530 670 Et.

185 705 390 740 Lectiones
421 703 524 738 tertii
551 703 740 739 Nocturni
770 705 817 739 de
846 704 957 740 Hom.

133 753 348 788 Dominicae
377 752 441 787 ΙΠ.
472 757 562 796 post
592 752 862 796 Pentecosten,
893 755 958 788 ha-

132 802 271 837 bentur
295 801 454 837 inferius
478 802 580 836 circa
603 802 717 836 finem
738 802 852 845 hujus
869 802 958 837 Par-

133 850 183 885 tis
219 850 267 885 de
302 849 507 893 Tempore,
547 850 586 883 in
622 850 757 884 ordine
797 851 958 885 aliarum

132 898 283 933 Domin.
322 908 445 942 usque
481 897 531 931 ad
567 897 719 933 Domin.
755 899 833 933 xvi.
869 904 959 943 post

132 945 397 980 Pentecosten.

186 1002 370 1038 Similiter
393 1003 481 1038 Ant.
504 1003 554 1038 ad
573 1003 716 1039 Bened.
740 1008 776 1043 et
792 1003 959 1048 Magnis.⁷

133 1054 170 1086 et
194 1051 408 1087 Orationes.

185 1115 237 1167 Rz.
261 1115 331 1157 vii.
362 1115 550 1157 Peccavi
578 1127 710 1168 super
734 1117 961 1156 numerum

136 1173 279 1213 arenae
305 1172 452 1222 maris,
479 1177 523 1214 et
546 1171 838 1224 multiplicata
862 1176 962 1213 sunt

135 1230 320 1281 peccata
346 1242 458 1270 mea:
492 1233 536 1270 et
562 1242 651 1271 non
680 1241 776 1270 sum
805 1228 961 1279 dignus

135 1284 284 1327 videre
310 1284 586 1327 altitudinem
614 1284 715 1327 coeli
738 1298 831 1338 prae
855 1284 961 1326 mul-

135 1340 322 1384 titudine
345 1341 586 1394 iniquitatis
605 1354 730 1383 meae:
757 1342 961 1394 quoniam

135 1397 302 1440 irritavi
319 1398 430 1439 iram
447 1403 578 1448 tuam,
595 1402 619 1428 *
639 1398 697 1440 Et
714 1398 877 1439 malum
891 1411 960 1440 co—

135 1467 230 1495 ram
253 1459 297 1496 te
317 1454 410 1496 feci.
441 1453 493 1506 V.
521 1455 736 1505 Quoniam
761 1454 961 1507 iniquita-

135 1515 226 1553 tem
249 1524 393 1553 meam
419 1524 500 1562 ego
528 1513 764 1562 cognosco:
793 1515 836 1553 et
858 1510 961 1553 deli-

136 1572 255 1609 ctum
272 1580 418 1610 meum
437 1572 589 1610 contra
607 1581 677 1610 me
694 1573 761 1610 est
776 1581 961 1620 semper,

137 1625 239 1676 quia
255 1624 336 1666 tibi
353 1624 438 1666 soli
456 1625 648 1683 peccavi.
678 1625 733 1667 Et
750 1626 923 1667 malum.

183 1697 235 1750 R.
266 1697 352 1738 viii.
406 1694 507 1736 Duo
539 1694 767 1748 seraphim
805 1695 960 1738 clama-

135 1749 242 1791 bant
267 1749 378 1791 alter
404 1750 461 1792 ad
486 1751 687 1797 alterum:
711 1753 735 1778 *
763 1753 960 1803 Sanctus

135 1811 330 1856 sanctuS,
376 1812 552 1849 sanctus
588 1808 803 1862 Dominus
839 1809 960 1850 Deus

136 1862 345 1904 Sabaoth:
364 1865 388 1890 *
418 1864 553 1906 Plena
585 1870 652 1906 est
677 1865 818 1907 omnis
843 1870 961 1907 terra

136 1918 276 1970 gloria
294 1920 396 1972 ejus.
419 1916 471 1969 V.
498 1921 609 1963 Tres
629 1926 729 1963 sunt
749 1922 824 1974 qui
841 1922 960 1963 testi-

136 1976 330 2017 monium
349 1976 455 2019 dant
473 1977 517 2018 in
536 1977 667 2027 coelo,
685 1978 832 2027 Pater,
852 1978 959 2019 Ver-

136 2031 251 2082 bum,
270 2037 314 2074 et
329 2032 516 2086 Spiritus
535 2039 727 2076 sanctus:
747 2040 790 2077 et
807 2034 853 2076 hi
870 2039 959 2076 tres

136 2101 271 2130 unum
289 2094 400 2131 sunt.
431 2090 627 2132 Sanctus.
655 2089 810 2132 Gloria
829 2090 959 2132 Patri.

135 2144 280 2187 Plena.

183 2213 269 2248 Hoc
302 2214 346 2258 R.
378 2215 518 2251 dicitur
548 2222 639 2261 post
679 2222 856 2252 octavam
889 2215 957 2249 Le-

119 2261 298 2310 'ctionem
333 2263 371 2297 in
401 2264 616 2308 Dominicis
652 2270 799 2300 tantum
834 2274 956 2306 usque

132 2310 181 2343 ad
198 2310 427 2346 Adventum.
458 2312 570 2348 Feria
588 2319 714 2348 autem
734 2314 794 2347 lV.
812 2318 847 2347 et
864 2312 956 2347 Sab-

130 2357 221 2391 bato
247 2369 368 2402 usque
394 2360 443 2394 ad
464 2360 707 2396 Dominicam
730 2361 756 2395 Ι.
779 2359 956 2403 Augusti,

131 2406 286 2449 quando
306 2407 569 2451 Responsoria
594 2409 779 2444 sumenda
803 2413 891 2442 sunt
909 2418 955 2442 ex

130 2453 194 2488 111.
211 2453 411 2490 Nocturno
435 2457 657 2499 Dominicae,
682 2459 763 2499 ejus
788 2457 875 2490 loco
901 2457 955 2490 di-

131 2502 230 2536 citur
257 2504 467 2538 secundum
497 2505 803 2549 Responsorium
832 2504 955 2538 Feriae

53 2544 56 2548 ’
130 2549 176 2584 Il.
215 2553 427 2595 sequentis,
464 2558 500 2588 et
534 2554 647 2588 tertio
681 2555 768 2587 loco
802 2553 967 2587 tertium.

132 2599 303 2641 ejusdem
323 2599 456 2636 Feriae.

1187 288 1359 325 Feria
1391 289 1669 328 Secunda.

1150 353 1218 394 De
1235 349 1347 392 libro
1367 351 1510 404 primo
1530 352 1710 404 Regum.

1119 417 1272 461 Lectio
1301 419 1325 458 i.
1494 419 1597 472 Cap.
1617 421 1681 460 10.
1702 433 1735 461 c.

1042 491 1093 528 {³3¹}
1107 485 1125 521 t
1151 481 1411 522 convocavit
1435 481 1608 523 samuel
1627 482 1840 535 populum

1035 539 1090 581 t9
1122 535 1178 577 ad
1193 537 1429 578 Dominum
1443 538 1487 578 in
1501 538 1698 591 Maspha:
1719 544 1761 581 et
1780 540 1839 580 ait

1015 592 1071 635 ad
1100 593 1214 635 filios
1242 594 1393 635 Israel:
1420 595 1531 636 Haec
1559 595 1665 637 dicit
1691 596 1838 637 Domi-

1014 663 1095 691 nus
1114 650 1235 692 Deus
1255 650 1408 692 lsrael:
1433 652 1528 703 Ego
1555 650 1686 693 eduxi
1704 652 1840 694 Israel

1015 705 1070 748 de
1095 707 1310 759 AEgypto,
1340 713 1383 749 et
1408 708 1501 750 erui
1524 722 1604 750 vos
1630 708 1685 750 de
1709 723 1840 751 manu

1013 764 1339 816 AEgyptiorum‚
1360 770 1404 806 et
1423 764 1479 807 de
1498 779 1628 807 manu
1648 767 1839 808 omnium

1014 833 1184 871 regum,
1218 821 1293 873 qui
1326 821 1578 872 affligebant
1610 835 1702 864 vos,
1744 824 1839 864 Vos

1014 882 1160 918 autem
1184 876 1315 919 hodie
1338 878 1584 931 projecistis
1603 879 1747 920 Deum
1769 892 1838 920 ve-

1014 938 1168 984 strum,
1203 934 1277 986 qui
1309 934 1428 976 solus
1461 935 1646 977 salvavit
1672 949 1752 977 vos
1786 934 1839 977 de

1014 990 1230 1031 universis
1257 991 1382 1032 malis
1411 997 1455 1033 et
1485 991 1840 1034 tribulationibus

1014 1047 1189 1088 vestris:
1229 1052 1273 1088 et
1314 1046 1500 1090 dixistis:
1537 1048 1840 1102 Nequaquam:

1015 1102 1095 1145 sed
1135 1116 1284 1155 regem
1326 1107 1542 1147 constitue
1581 1118 1714 1158 super
1749 1119 1840 1148 nos,

1013 1159 1142 1202 Nunc
1179 1173 1284 1212 ergo
1319 1166 1430 1203 state
1468 1175 1617 1204 coram
1649 1162 1839 1203 Domino

1014 1229 1094 1269 per
1116 1216 1256 1259 tribus
1280 1223 1449 1259 vestras
1474 1224 1516 1260 et
1543 1232 1624 1271 per
1647 1219 1841 1260 familias.

1067 1285 1118 1336 R:
1169 1284 1423 1326 Recordare
1474 1285 1662 1326 Domine
1711 1290 1841 1327 testa-

1013 1340 1149 1382 menti
1180 1340 1259 1390 tui,
1301 1347 1343 1383 et
1382 1341 1454 1383 dic
1485 1342 1657 1393 Angelo
1689 1355 1839 1394 percu-

1014 1396 1153 1438 tienti:
1182 1398 1336 1440 Cesset
1355 1399 1439 1450 jam
1459 1411 1612 1439 manus
1631 1403 1722 1448 tua,
1738 1395 1762 1419 *
1784 1399 1841 1440 Ut

1014 1466 1103 1495 non
1128 1454 1350 1496 desoletur
1375 1460 1510 1504 terra,
1540 1461 1583 1497 et
1606 1468 1660 1496 ne
1712 1454 1840 1497 erdas

1015 1522 1189 1552 omnem
1226 1512 1414 1553 animam
1450 1512 1606 1553 vivam.
1703 1544 1711 1552 .
1744 1513 1838 1562 Ego

1014 1580 1111 1608 sum
1140 1568 1214 1620 qui
1239 1569 1440 1621 peccavi,
1482 1581 1564 1620 ego
1595 1568 1669 1621 qui
1695 1569 1841 1621 inique

1015 1623 1097 1674 egi:
1125 1624 1197 1666 isti
1224 1626 1299 1677 qui
1325 1639 1430 1667 oves
1455 1630 1572 1675 sunt,
1602 1625 1707 1678 quid
1731 1625 1840 1667 fece-

1014 1679 1136 1721 runt?
1191 1681 1429 1724 Avertatur
1482 1681 1668 1724 obsecro
1720 1682 1842 1723 furor

1013 1741 1114 1778 tuus
1133 1737 1323 1780 Domine
1343 1752 1368 1780 a
1387 1737 1555 1792 populo
1574 1743 1663 1780 tuo.
1695 1738 1765 1780 Ut.

1323 1811 1474 1852 Lectio
1494 1811 1534 1851 ii.

1094 1878 1112 1914 t
1143 1874 1356 1927 applicuit
1382 1874 1557 1915 Samuel
1589 1886 1740 1915 omnes
1767 1873 1839 1914 tri-

1108 1929 1190 1971 bus
1215 1930 1367 1980 Israel,
1396 1935 1439 1972 et
1465 1929 1621 1971 cecidit
1647 1942 1742 1971 sors
1767 1929 1838 1971 tri-

1014 1985 1095 2027 bus
1109 1986 1345 2038 Beniamin.
1372 1986 1429 2028 Et
1447 1986 1660 2039 applicuit
1678 1986 1839 2027 tribum

1013 2042 1239 2094 Benjamin
1267 2048 1312 2084 et
1338 2043 1622 2094 cognationes
1651 2043 1759 2094 ejus,
1796 2046 1839 2083 et

1014 2099 1171 2140 cecidit
1190 2100 1395 2150 cognatio
1415 2100 1560 2148 Metri‚
1580 2104 1624 2141 et
1639 2099 1839 2152 pervenit

1012 2168 1153 2208 usque
1172 2155 1228 2197 ad
1247 2155 1349 2197 Saul
1371 2155 1510 2197 filium
1530 2156 1613 2198 Cis.
1646 2155 1838 2216 Quaesie-

1013 2216 1114 2253 runt
1133 2224 1237 2263 ergo
1258 2225 1367 2262 eum,
1388 2217 1431 2254 et
1444 2225 1532 2253 non
1547 2217 1614 2254 est
1627 2212 1838 2253 inventus.

1012 2268 1070 2310 Et
1098 2268 1407 2310 consuluerunt
1434 2274 1537 2321 post
1564 2269 1662 2310 haec
1689 2268 1836 2309 Domi-

1012 2338 1131 2373 num,
1154 2327 1403 2366 utrumnam
1421 2328 1630 2366 venturus
1655 2329 1770 2366 esset
1792 2323 1837 2364 il-

1011 2380 1093 2422 luc.
1119 2380 1452 2433 Responditque
1471 2381 1699 2423 Dominus:
1720 2380 1836 2421 Ecce

1013 2436 1296 2478 absconditus
1334 2442 1402 2479 est
1437 2436 1567 2479 domi.
1629 2437 1836 2478 Cucurre-

1013 2498 1113 2534 runt
1137 2495 1286 2544 itaque
1313 2498 1356 2534 et
1380 2493 1574 2535 tulerunt
1599 2506 1697 2534 eum
1722 2492 1836 2533 inde:

1013 2551 1222 2601 stetitque
1240 2549 1284 2590 in
1302 2549 1447 2591 medio
1466 2549 1629 2602 populi,
1649 2554 1692 2590 et
1709 2548 1837 2590 altior

1013 2605 1092 2647 fuit
1109 2606 1312 2647 universo
1331 2605 1497 2658 populo
1518 2604 1573 2647 ab
1592 2605 1773 2655 humero
1794 2608 1837 2644 et

1013 2674 1196 2702 sursum.
1230 2662 1285 2702 Et
1308 2662 1367 2702 ait
1385 2660 1560 2702 Samuel
1583 2659 1639 2702 ad
1664 2671 1836 2700 omnem

1012 2717 1242 2770 populum:
1268 2717 1397 2759 Certe
1420 2716 1578 2758 videtis
1603 2727 1732 2767 quem
1752 2713 1835 2756 ele-
