2040 2976
502 228 571 261 Die
595 228 646 262 26.
671 229 826 271 Aprilis.
872 229 912 262 B.
938 229 984 262 M.
1011 229 1051 263 V.
1079 230 1123 263 de
1148 208 1256 265 Bono
1281 232 1462 266 Consilio.

1735 231 1824 275 [243]

143 344 153 349 f>
242 321 393 363 Lectio
414 323 467 363 iii.
640 325 740 376 Cap.
759 326 795 365 8.
815 326 853 366 b.

140 377 279 483 Ego
299 384 509 436 sapientia
532 385 680 427 habito
698 385 742 426 in
765 385 956 436 consilio,

229 444 272 481 et
296 440 476 481 eruditis
499 441 709 482 intersum
732 442 955 493 cogitatie-

138 495 274 537 nibus.
306 495 457 538 Timor
474 497 651 538 Demini
670 497 764 540 odit
782 498 956 539 malum:

138 552 441 602 arrogantiam,
457 557 500 594 et
513 553 771 605 superbiam,
786 559 828 596 et
841 554 956 595 viam

137 620 335 659 pravam,
368 613 412 650 et
445 621 495 650 οε
526 608 716 661 bilingue
751 610 955 652 detestor.

137 663 282 705 Meum
314 669 381 705 est
412 665 655 716 consilium,
687 671 732 707 et
761 667 955 718 aequitas,

136 731 233 760 mea
256 724 323 760 est
346 719 593 772 prudentia,
621 735 719 763 mea
745 727 811 763 est
835 722 953 764 forti-

135 774 253 817 tudo.
282 776 363 817 Per
381 789 451 817 me
470 789 595 827 reges
614 783 811 829 regnant,
835 783 878 819 et
896 778 952 819 le-

135 844 237 881 gum
273 831 522 874 conditeres
560 834 671 884 justa
706 833 953 876 decernunt.

135 887 218 928 Per
243 900 313 929 me
337 889 556 941 principes
580 892 795 942 imperant
814 895 857 931 et
876 903 952 943 po-

134 945 275 986 tentes
312 943 549 986 decernunt
583 946 799 997 justitiam.
857 947 951 998 Ego

135 999 363 1050 diligentes
386 1013 456 1042 me
482 1000 632 1051 diligo:
664 1006 708 1043 et
730 1003 802 1054 qui
826 1015 951 1044 mane

133 1056 312 1106 vigilant
331 1055 387 1098 ad
404 1069 484 1106 me,
502 1058 722 1099 invenient
739 1071 819 1100 me.

187 1118 237 1170 Rz.
260 1116 422 1158 Beatus
447 1117 579 1158 homo
606 1118 679 1169 qui
702 1120 865 1160 invenit
887 1132 950 1160 sa-

133 1171 340 1224 pientiam
358 1177 402 1213 et
422 1173 495 1225 qui
514 1174 651 1216 affluit
668 1175 912 1227 prudentia:
929 1178 951 1202 *

132 1227 264 1268 Primi
306 1233 349 1270 θῖ
385 1230 605 1281 purissimi
644 1231 809 1272 fructus
850 1234 951 1284 ejus.

132 1280 182 1332 V.
217 1284 454 1326 Pretiosior
487 1291 554 1327 est
587 1288 753 1328 cunctis
783 1288 949 1340 opibus,

133 1343 177 1381 et
206 1340 350 1382 emnia
383 1354 481 1394 quae
514 1341 818 1385 desiderantur
850 1344 950 1386 huic

131 1408 218 1437 non
237 1396 382 1440 valent
396 1400 651 1451 comparari.
677 1400 822 1440 Primi.
851 1401 950 1442 Glo-

131 1451 196 1493 ria
212 1452 342 1494 Patri.
370 1454 513 1495 Primi.

353 1529 402 1567 In
428 1529 478 1569 ΙΙ.
506 1530 725 1571 Nocturno.

184 1592 282 1634 Ant.
307 1595 331 1634 J
333 1594 419 1635 usti
438 1599 537 1636 sunt
556 1607 707 1636 omnes
728 1598 949 1638 sermones

131 1648 233 1698 mei,
263 1661 351 1690 non
376 1655 443 1691 est
466 1651 510 1691 in
535 1650 597 1692 eis
621 1664 804 1703 pravum
831 1653 949 1704 quid,

132 1716 273 1756 neque
290 1708 554 1758 perversum.

183 1767 281 1808 Ant.
316 1766 552 1808 Consilium
576 1767 689 1808 illius
716 1768 827 1809 sicut
852 1768 949 1810 fons

131 1820 232 1862 vitae
254 1823 488 1874 permanet.

112 1914 115 1918 .
183 1879 281 1920 Ant.
310 1878 425 1920 Audi
450 1879 693 1930 consilium,
713 1885 757 1922 et
777 1881 949 1934 suscipe

133 1932 419 1986 disciplinam,
446 1939 494 1976 ut
521 1936 580 1977 sis
605 1937 779 1988 sapiens
805 1937 849 1977 in
874 1950 948 1979 no-

132 1989 320 2031 vissimis
339 1991 436 2032 tuis.

183 2040 233 2091 V.
268 2046 396 2087 Viam
432 2048 658 2100 sapientiae
694 2050 948 2091 monstrabo

131 2100 221 2142 tibi.
266 2102 316 2153 R.
358 2103 527 2144 Ducam
570 2109 613 2145 te
653 2118 733 2157 per
774 2106 948 2148 semitas

132 2158 361 2210 aequitatis.

253 2230 403 2273 Sermo
431 2234 568 2275 sancti
595 2234 827 2285 Augustini

432 2290 651 2342 Episcopi.

271 2347 314 2381 In
337 2347 455 2381 natali
479 2347 514 2382 S.
538 2348 674 2382 Joann.
698 2348 806 2391 Bapt.

426 2399 577 2440 Lectio
595 2401 647 2441 iv.

140 2458 250 2509 ῗῑῖζ
263 2455 451 2497 ominem
483 2458 683 2510 concepit
714 2458 947 2510 Elisabeth,

138 2506 146 2546 l
248 2515 249 2568 l
277 2510 496 2554 heminem
521 2513 673 2555 Maria:
709 2514 787 2555 sed
813 2514 947 2556 Elisa-

144 2572 145 2575 ’
177 2558 213 2582 ‘²
231 2570 249 2590 ἒ
277 2567 382 2610 beth
400 2569 541 2610 solum
559 2569 792 2619 h6minem,
812 2570 948 2611 Maria

131 2622 273 2663 Deum
300 2628 343 2665 et
367 2624 597 2666 heminem.
642 2626 751 2666 Mira
775 2638 845 2666 res
871 2631 947 2675 θεῖ,

133 2679 353 2730 quemodo
372 2681 565 2733 potuerit
583 2684 812 2733 concipere
832 2694 946 2723 crea-

130 2737 228 2775 tara
249 2735 512 2778 Creatorem.
546 2737 659 2787 Quid
677 2742 743 2778 est
762 2750 865 2789 ergo
885 2739 945 2778 in·

1007 326 1307 377 telligendum‚
1326 327 1482 368 fratres
1501 328 1600 377 mei,
1624 328 1706 368 nisi
1726 327 1826 380 quia

1007 382 1100 434 ipse
1124 382 1207 423 sibi
1229 383 1332 424 fecit
1356 395 1530 424 carnem
1553 383 1608 425 de
1627 384 1720 425 sola
1738 396 1825 424 ma-

1006 443 1084 488 tre,
1100 439 1173 490 qui
1188 439 1290 480 fecit
1303 439 1489 491 primum
1502 439 1720 481 heminem
1733 440 1825 481 sine

1006 500 1130 547 patre
1151 499 1193 536 et
1212 495 1370 536 matre?
1398 496 1567 536 Primus
1586 495 1658 537 ille
1676 500 1826 537 noster

1008 563 1133 592 casus
1178 551 1273 601 fuit,
1319 551 1493 603 quando
1531 552 1702 602 femina,
1746 564 1825 604 per

1008 620 1137 658 quam
1154 608 1315 648 mortui
1334 620 1491 658 sumus,
1511 608 1555 648 in
1575 608 1707 650 corde
1724 621 1822 649 con-

1007 663 1124 716 cepit
1149 665 1317 704 venena
1341 664 1565 716 serpentis.
1602 664 1824 706 Persuasit

1007 720 1119 760 enim
1139 732 1318 771 serpens
1337 721 1580 771 peccatum,
1605 725 1647 762 et
1667 720 1822 762 admis-

1006 788 1079 816 sus
1111 780 1176 817 est
1207 775 1319 816 male
1351 775 1548 816 suadens.
1589 777 1633 818 Si
1660 777 1823 828 primus

1005 836 1153 873 noster
1173 844 1299 872 casus
1319 832 1412 881 fuit,
1432 844 1526 872 cum
1549 832 1705 873 femina
1725 845 1823 874 con-

1005 888 1122 939 cepit
1141 887 1273 929 corde
1292 890 1459 929 venena
1479 890 1708 940 serpentis;
1735 901 1822 929 non

1004 943 1257 992 mirandum,
1278 944 1395 995 quod
1414 944 1530 985 salus
1546 949 1695 985 nostra
1709 945 1823 986 facta

1005 1004 1085 1048 est,
1111 1012 1209 1040 cum
1232 1000 1390 1041 femina
1414 1000 1616 1052 concepit
1634 1000 1678 1040 in
1695 1004 1821 1041 atero

1004 1068 1177 1097 carnem
1193 1056 1525 1108 Omnipotentis.
1548 1057 1741 1107 Uterque
1757 1069 1822 1098 ce-

1004 1111 1170 1152 ciderat
1178 1124 1323 1160 sexus,
1341 1114 1524 1164 uterque
1544 1112 1685 1153 fuerat
1702 1125 1823 1164 repa-

1004 1166 1175 1209 randus.
1202 1168 1286 1209 Per
1304 1168 1528 1209 mulierem
1545 1168 1589 1208 in
1603 1169 1822 1209 interitum

1003 1223 1125 1264 missi
1144 1226 1330 1274 eramus,
1355 1237 1434 1276 per
1452 1224 1677 1265 mulierem
1695 1225 1822 1266 nobis

1002 1280 1172 1322 reddita
1192 1285 1258 1322 θεῖ
1274 1281 1401 1322 salus.

1059 1339 1107 1389 Rg.
1120 1337 1201 1377 Fili
1221 1336 1394 1378 custodi
1411 1337 1552 1388 legem
1572 1342 1703 1389 atque
1722 1349 1820 1378 con-

1002 1392 1144 1444 silium
1171 1396 1191 1419 *
1217 1393 1273 1434 Et
1306 1393 1386 1434 erit
1417 1394 1505 1434 vita
1536 1393 1692 1434 animae
1722 1398 1821 1443 tuae,

1002 1454 1046 1490 et
1076 1449 1215 1500 gratia
1246 1449 1442 1490 faucibus
1474 1450 1570 1491 tuis.
1620 1446 1668 1498 V.
1697 1449 1821 1490 Tunc

1002 1505 1245 1546 ambulabis
1274 1504 1532 1547 fiducialiter
1563 1505 1607 1546 in
1634 1506 1704 1547 via
1734 1510 1821 1555 tua,

1002 1566 1046 1603 et
1068 1574 1147 1613 pes
1168 1566 1267 1603 tuus
1290 1574 1378 1603 non
1401 1562 1621 1614 impinget.
1648 1563 1704 1603 Et
1729 1562 1820 1603 erit.

1136 1625 1287 1667 Sermo
1315 1626 1452 1667 sancti
1478 1626 1694 1677 Fulgentii

1303 1683 1521 1734 Episcopi.

1056 1741 1112 1775 De
1138 1742 1237 1776 laud.
1264 1741 1394 1774 Mariae
1419 1751 1466 1774 ex
1490 1745 1601 1783 partu
1624 1740 1764 1774 Salvat.

1312 1789 1461 1829 Lectio
1482 1802 1518 1826 v.

1089 1843 1263 1884 ueniam
1300 1842 1503 1883 diabolus
1536 1854 1614 1894 per
1646 1844 1819 1894 serpen-

1103 1903 1192 1940 tem
1218 1898 1326 1939 Evae
1353 1898 1582 1950 loquutus,
1609 1911 1688 1950 per
1715 1898 1820 1939 Evae

1000 1968 1127 1997 aures
1144 1954 1307 1996 mundo
1327 1954 1469 1995 intulit
1486 1959 1681 2003 mortem,
1699 1954 1819 1995 Deus

999 2025 1078 2065 per
1105 2010 1322 2062 Angelum
1349 2009 1406 2051 ad
1432 2010 1614 2051 Mariam
1641 2010 1820 2062 pertulit

999 2067 1181 2110 verbum
1214 2072 1256 2108 et
1288 2066 1454 2108 cunctis
1487 2066 1658 2107 saeculis
1685 2066 1818 2107 vitam

1001 2123 1164 2166 effudit.
1198 2122 1393 2173 Angelus
1420 2124 1665 2164 sermonem
1684 2123 1819 2174 ejecit,

1001 2185 1044 2222 et
1068 2179 1289 2220 Christum
1307 2178 1445 2229 Virgo
1471 2179 1683 2231 concepit.
1719 2179 1819 2220 Hoc

999 2235 1234 2288 splendere
1277 2234 1519 2286 concipitur
1554 2234 1638 2276 Dei
1673 2235 1819 2284 Filius,

999 2292 1081 2333 hac
1099 2290 1310 2332 munditia
1328 2293 1570 2341 generatur.
1604 2291 1672 2332 De
1696 2290 1817 2332 coelis

997 2347 1192 2389 medicus
1228 2346 1443 2388 transiens
1478 2359 1558 2399 per
1593 2347 1818 2397 Virginem

998 2408 1101 2456 post
1119 2403 1350 2444 transitum
1373 2415 1499 2444 suum
1516 2402 1698 2443 illaesam
1717 2402 1818 2444 fecit

998 2460 1223 2510 Virginem
1259 2461 1525 2511 permanere.
1585 2458 1668 2508 Quj
1703 2458 1816 2499 enim

999 2515 1197 2567 disrupta
1212 2517 1446 2567 corporum
1459 2514 1653 2556 membra
1666 2514 1709 2554 in
1721 2513 1815 2554 aliis

998 2573 1172 2623 peterat
1189 2571 1406 2622 integrare
1423 2570 1658 2621 tangendo,
1684 2582 1815 2621 quan-

997 2632 1044 2668 to
1063 2628 1198 2678 magis
1217 2628 1261 2668 in
1279 2640 1357 2668 sua
1375 2628 1531 2676 Matre,
1562 2625 1680 2678 quod
1702 2626 1815 2666 inve-

997 2683 1060 2724 nit
1090 2686 1322 2734 integrum,
1360 2683 1503 2736 petuit
1533 2694 1621 2723 non
1653 2681 1833 2723 violare,

997 2738 1239 2781 nascendo?
1270 2739 1415 2781 Crevit
1439 2738 1552 2780 enim
1576 2738 1666 2789 ejus
1684 2741 1813 2789 partu
