2040 2976
181 199 275 246 [292]

576 204 617 237 Β,
644 204 689 237 M.
716 204 758 237 Y.
785 204 855 237 sub
882 204 993 238 titulo
1020 204 1065 237 dc
1093 204 1283 246 Perpetuo
1309 204 1511 237 Succursu.

178 300 266 349 bat,
287 312 457 341 summa
473 299 711 341 devotiene
728 304 795 342 est
812 300 1012 353 frequen-

178 358 331 397 tatum.
366 355 535 406 Quibus
561 355 764 397 omnibus
784 360 1013 409 permotus

181 412 384 454 Clemens
407 411 667 454 undecimus
693 413 899 455 Pontifex
923 414 1012 455 Ma-

179 469 322 510 ximus
352 469 377 509 J
380 470 567 510 oannem
599 469 882 511 Franciscum
913 470 1013 512 bea-

179 527 345 575 torum,
373 525 576 567 Clemens
595 539 702 567 vero
723 526 1013 568 duodecimus

180 583 434 623 sanctorum
462 582 586 624 tastis
616 583 802 624 solemni
828 584 915 625 ritu
939 583 1011 625 ad-

181 638 376 691 scripsit,
419 638 489 680 die
527 638 698 681 decima
734 645 860 682 sexta
895 640 1013 682 Junii

181 694 378 746 ejusdem
415 695 693 738 celebrandae
727 697 956 739 festivitati
988 709 1014 738 a

180 751 424 794 Benedicto
479 752 651 795 decimo
704 758 863 806 quarto
910 753 1014 794 assi-

180 811 323 860 gnata.

236 868 287 919 R.
304 866 394 907 Iste
413 865 559 908 homo.
579 866 660 919 [72]

237 928 275 961 Iu
303 927 365 961 Ill.
390 927 587 960 Nocturno
614 926 784 959 Homiliu
811 925 848 958 in
867 926 1011 968 Evang.

188 974 272 1009 Sint
286 974 418 1009 lumbi.
438 975 483 1008 dc
503 975 638 1008 codem
657 974 762 1008 Com.
784 974 809 1007 l.
828 975 924 1007 loco.
944 975 1013 1019 [74]

182 1057 414 1099 Dominica
443 1063 544 1100 ante
571 1058 732 1105 festum
759 1058 1013 1100 Nativitatis

355 1115 395 1157 S.
414 1115 439 1155 J
442 1115 596 1156 oannis
615 1114 843 1167 Baptistae.

393 1185 444 1226 B.
464 1184 640 1226 Mariae
659 1184 799 1234 Virg.

500 1239 570 1271 sub
590 1239 701 1272 titulo

285 1289 346 1330 de
371 1289 623 1340 Perpetuo
646 1289 908 1330 succursu.

441 1352 594 1394 Duplex
621 1352 754 1391 maius,

235 1408 371 1442 Omnia
408 1414 447 1442 ut
482 1409 519 1441 in
556 1408 681 1442 Festis
713 1408 754 1442 B.
789 1408 835 1441 M.
867 1408 910 1441 V.
945 1418 1014 1451 per

184 1468 324 1491 annum
350 1456 441 1500 [133]
465 1463 607 1500 practer
633 1467 738 1500 sequ.

404 1529 519 1570 InI.
540 1529 792 1579 vesperis.

236 1594 392 1637 Xutiph.
420 1597 455 1627 ct
481 1592 605 1635 C1pit.
632 1593 678 1627 dc
706 1592 735 1625 I
739 1592 824 1626 aud
851 1591 944 1635 [295]

237 1648 303 1687 Hx
309 1660 445 1686 mnus
481 1646 569 1684 Ave
589 1642 733 1683 maris.
753 1642 858 1695 [135]

236 1701 286 1752 V.
304 1703 441 1746 Facta
461 1717 508 1745 es
527 1703 657 1746 nobis
676 1704 898 1746 Domina
887 1718 932 1745 m
950 1718 1014 1747 re-

182 1759 358 1812 fugium.
391 1763 440 1814 hs.
468 1760 708 1812 Adiutrix
696 1774 741 1801 1n
759 1762 1015 1814 opportuni-

182 1816 357 1866 tatibus,
376 1817 420 1858 in
438 1816 731 1859 tribulatione.

236 1878 307 1918 Ad
332 1878 505 1929 Magnif.
544 1880 643 1920 Ant.
682 1880 842 1920 Sancta
864 1879 1015 1928 Maria,

183 1937 389 1976 succurre
423 1935 611 1985 miseris,
654 1936 755 1988 juva
790 1936 1014 1988 pusiHani-

182 2003 292 2041 mes,
325 1991 477 2033 refove
507 1967 694 2040 flebiles,
728 2004 807 2034 ora
825 2005 910 2045 pro
938 1995 1014 2046 pe-

182 2023 306 2099 pulo⁷,
332 2047 546 2090 interveni
566 2062 649 2101 pro
670 2049 808 2099 clero,
833 2049 1015 2092 interce-

185 2102 240 2144 de
263 2116 345 2156 pro
370 2103 534 2147 devoto
558 2105 747 2148 femineo
768 2119 892 2148 sexu:
920 2108 1014 2148 sen-

183 2158 294 2200 tiant
327 2172 479 2202 omnes
513 2166 636 2203 tuum
668 2163 886 2214 juvamen,
925 2164 1015 2216 qui-

185 2218 375 2268 cumque
405 2217 629 2260 celebrant
664 2224 786 2261 tuam
819 2224 1015 2262 sanctam

184 2272 502 2316 Festivitatem.

522 2331 684 2372 Oratio.

269 2398 522 2448 mnipotens
546 2402 589 2438 et
611 2399 863 2440 misericors
883 2399 1016 2450 Deus,

287 2452 362 2504 qui
395 2452 556 2495 dedisti
588 2453 717 2495 nobis
749 2455 1016 2497 beatissimae

186 2508 420 2551 Genitricis
448 2514 537 2551 tuae
565 2510 807 2561 Imaginem
836 2511 892 2553 de
914 2512 1016 2554 Per-

184 2566 321 2617 petuo
341 2565 560 2608 Succursu
587 2567 768 2619 speciali
792 2568 921 2609 titulo
945 2581 1016 2610 ve-

185 2622 344 2663 nerari:
372 2621 566 2664 concede
590 2623 824 2675 propitius;
851 2624 911 2665 ita
934 2638 1016 2666 nos

186 2678 298 2720 inter
323 2691 476 2721 omnes
501 2679 583 2720 viae
607 2684 652 2721 et
676 2680 780 2720 vitae
800 2680 925 2731 hujus
945 2694 1015 2722 va-

186 2734 366 2776 rietates
398 2738 604 2778 continua
636 2735 833 2787 ejusdem
862 2736 1016 2777 Imma-

1066 301 1223 342 culatae
1250 302 1514 353 semperque
1533 301 1727 352 Virginis
1745 301 1898 344 Mariae

1065 357 1343 410 protectione
1357 357 1526 407 muniri,
1546 363 1595 400 ut
1614 360 1792 400 aeternae
1809 362 1898 400 tuae

1066 413 1386 467 redemptionis
1401 414 1583 466 praemia
1599 415 1811 468 consequi
1819 428 1900 458 me-

1066 473 1253 512 reamur:
1273 470 1358 521 Qui
1377 470 1488 512 vivis
1507 476 1552 513 et
1569 484 1738 523 regnas.

1119 534 1166 567 Et
1191 534 1231 567 fit
1256 534 1452 568 comme’m.
1477 534 1629 568 Domin.
1654 544 1799 569 occurr.

1230 626 1318 667 Ad
1344 625 1735 668 matutinum.

1121 687 1242 728 [nvit.
1271 687 1430 729 Sancta
1450 692 1494 730 et
1512 688 1792 731 immaculata
1809 689 1898 731 Ma-

1066 746 1130 785 ria
1152 744 1237 786 Dei
1263 744 1464 785 Genitrix
1482 744 1637 795 Virgo:
1663 747 1686 772 *
1707 745 1898 788 Assidue

1065 800 1307 900 {ngmbis
1339 802 1523 854 precare
1555 801 1580 843 J
1583 814 1707 843 esum
1740 802 1898 844 Filium

1120 891 1199 961 Ps.⁸
1218 922 1380 969 Venite,
1401 919 1680 961 exsultemus.
1699 921 1736 961 2.

1119 986 1163 1019 -In
1195 986 1221 1019 I.
1252 986 1453 1019 Nocturno
1485 985 1690 1019 Lectiones
1723 985 1806 1029 Ego
1839 995 1899 1020 sa-

1066 1033 1222 1078 pientia.
1247 1033 1338 1077 [137]

1301 1126 1350 1164 In
1370 1126 1420 1165 ΙΙ.
1440 1125 1664 1166 Nocturno.

1215 1189 1369 1230 Sermo
1400 1188 1540 1230 sancti
1568 1188 1748 1230 Joannis

1327 1244 1644 1298 Chrysostomi.

1263 1304 1381 1347 Apud
1405 1304 1704 1347 Metaphrastcn.

1372 1361 1557 1402 Lectio
1547 1375 1600 1401 iv.

1152 1432 1242 1495 “gei
1260 1431 1397 1473 Filius
1417 1444 1506 1473 non
1526 1431 1723 1480 divitem,
1745 1437 1821 1474 aut
1838 1431 1899 1474 lo·

1081 1531 1083 1533 .
1106 1487 1169 1543 5³4·st
1190 1491 1194 1526 ῑ
1218 1488 1440 1541 cupletem
1471 1488 1663 1540 aliquam
1694 1488 1901 1529 feminam

1081 1544 1086 1570 ‘-
1106 1535 1194 1570 *L
1218 1545 1303 1587 sibi
1320 1550 1506 1587 matrem
1525 1545 1671 1596 elegit,
1700 1544 1780 1587 sed
1797 1544 1899 1587 bea-

1066 1607 1158 1645 tam
1183 1602 1413 1653 Virginem
1437 1602 1572 1652 illam,
1607 1602 1728 1654 cujus
1757 1601 1901 1643 anima

1067 1658 1303 1701 virtutibus
1331 1661 1486 1701 ornata
1512 1663 1616 1701 erat.
1652 1658 1763 1700 Cum
1786 1658 1901 1700 enim

1067 1716 1200 1758 beata
1223 1715 1364 1757 Maria
1387 1728 1523 1768 supra
1547 1727 1724 1757 omnem
1749 1714 1900 1756 huma-

1067 1785 1169 1814 nam
1191 1775 1394 1814 naturam
1418 1772 1669 1814 castitatem
1693 1774 1900 1821 servaret,

1073 1831 1312 1882 propterea
1341 1828 1564 1870 Christum
1590 1828 1830 1870 Deminum
1855 1827 1901 1869 in

1067 1891 1220 1928 ventre
1251 1886 1467 1938 concepit.
1521 1885 1595 1927 Ad
1625 1885 1738 1926 hanc
1768 1884 1900 1935 igitur

1068 1943 1388 1985 sanctissimam
1403 1942 1632 1994 Virginem
1651 1947 1695 1984 et
1711 1941 1796 1984 Dei
1809 1940 1899 1983 Ma-

1067 2005 1181 2042 trem
1213 2001 1510 2050 accurrentes,
1543 1999 1634 2051 ejus
1664 1998 1900 2052 patrocinii

1067 2057 1303 2098 utilitatem
1312 2058 1610 2108 assequamur.
1623 2056 1781 2108 Itaque
1791 2068 1900 2108 quae-

1068 2117 1257 2166 cumque
1281 2113 1388 2156 estis
1406 2113 1612 2165 virgines,
1637 2112 1695 2154 ad
1712 2112 1899 2154 Matrem

1067 2170 1249 2212 Demini
1277 2170 1512 2221 confugite.
1551 2169 1634 2211 Illa
1662 2169 1779 2211 enim
1805 2168 1899 2221 pul-

1068 2227 1344 2277 cherrimam,
1374 2226 1740 2280 pretiosissimam
1768 2230 1812 2268 et
1838 2225 1899 2266 in-

1068 2284 1403 2337 corruptibilem
1417 2284 1748 2339 possessienem
1761 2287 1901 2336 patro-

1069 2341 1183 2383 cinio
1212 2354 1293 2382 suo
1321 2341 1449 2383 vobis
1478 2340 1768 2383 conservabit.
1809 2339 1897 2381 Ma-

1068 2411 1202 2449 gnum
1233 2399 1387 2439 revera
1421 2397 1696 2447 miraculum,
1739 2397 1898 2439 fratres

1070 2454 1352 2505 dilectissimi,
1372 2455 1452 2496 fuit
1466 2454 1597 2496 beata
1613 2467 1787 2507 semper
1801 2453 1897 2496 Vir-

1068 2524 1124 2562 go
1144 2511 1294 2553 Maria.
1323 2510 1439 2562 Quid
1459 2523 1649 2563 namque
1667 2510 1742 2552 illa
1761 2511 1898 2562 majus

1069 2573 1144 2610 aut
1180 2568 1390 2609 illustrius
1428 2568 1517 2609 ullo
1550 2579 1759 2620 umquam
1793 2568 1898 2609 tem-

1054 2638 1179 2677 -pore
1202 2625 1427 2666 inventum
1451 2629 1534 2674 est,
1562 2637 1641 2666 seu
1660 2622 1897 2676 aliquando

1070 2681 1253 2723 inveniri
1273 2681 1458 2734 poterit?
1487 2681 1598 2723 Haec
1623 2680 1719 2722 sola
1737 2679 1898 2722 coelum

1069 2750 1121 2779 ac
1139 2742 1302 2779 terram
1320 2736 1608 2790 amplitudine
1629 2735 1866 2790 superavit.
