2040 2976
199 219 243 253 66
758 215 864 249 Furia
892 219 1024 257 quarta
1051 212 1097 245 ad
1126 210 1359 244 Matutinum.

202 316 370 358 virtutis
407 320 493 355 tuae
534 311 794 353 mentientur
831 308 908 349 tibi
944 306 1019 347 ini-

202 373 299 413 mici
318 371 388 412 tui.

255 427 403 469 Omnis
423 431 537 467 terra
557 423 709 465 aduret
727 427 781 470 te,
801 426 844 463 et
862 418 1019 472 psallat

203 484 293 526 tibi:
312 484 334 508 *
354 482 569 535 psalmum
588 479 703 521 dicat
722 477 883 519 nemini
901 482 989 517 tuo.

253 541 429 587 Venite,
467 543 510 579 et
536 536 679 578 videte
713 537 845 587 Opera
872 532 968 573 Dei:
995 532 1018 556 *

203 595 404 638 terribilis
440 595 482 635 in
519 592 708 635 consiliis
743 603 874 642 super
906 587 1019 629 filios

203 652 434 693 heminum.

255 709 337 758 Qui
357 706 569 749 convertit
587 717 705 745 mare
723 704 766 743 in
784 701 959 750 aridam,
978 701 1020 741 in

205 765 379 806 flumine
408 760 730 816 pertransibunt
756 757 884 811 pede:
911 759 934 782 *
962 756 1021 798 ibi

204 820 447 862 laetabimur
465 820 507 859 in
526 819 632 871 ipso.

257 877 339 926 Qui
364 876 609 917 dominatur
632 874 674 913 in
698 873 855 913 virtute
879 883 957 911 sua
979 870 1022 909 in

206 935 429 981 aeternum,
458 931 570 972 Oculi
598 930 687 981 ejus
710 941 840 980 super
859 927 1022 968 Gentes

207 989 454 1041 respiciunt:
486 989 508 1012 *
543 987 614 1038 qui
646 987 905 1037 exasperant
935 995 1021 1022 non

207 1045 447 1087 exaltentur
465 1044 507 1084 in
527 1041 781 1094 semetipsis.

259 1100 507 1142 Benedicite
553 1098 716 1139 Gentes
760 1097 902 1138 Deum
949 1108 1022 1136 no-

207 1163 357 1198 strum:
381 1158 403 1182 *
428 1161 471 1197 et
498 1154 688 1196 auditam
716 1154 843 1194 facite
870 1165 1022 1193 vocem

207 1212 345 1254 laudis
365 1213 465 1263 ejus.

259 1270 340 1319 Qui
359 1268 505 1321 pesuit
524 1268 708 1309 animam
731 1279 871 1307 meam
891 1265 947 1306 ad
967 1266 1023 1306 vi-

206 1331 308 1367 tam:
331 1326 354 1350 *
383 1330 426 1366 et
453 1337 538 1365 non
565 1324 684 1365 dedit
706 1323 749 1363 in
773 1322 1023 1364 commotie-

206 1395 304 1423 nem
324 1381 459 1434 pedes
481 1393 612 1422 meos.

258 1438 470 1488 Quuniam
501 1436 698 1489 probasti
725 1449 804 1477 nos
837 1436 972 1476 Deus:
1001 1436 1024 1461 *

207 1495 304 1544 igne
328 1506 407 1534 nos
433 1493 702 1542 examinasti,
732 1493 842 1533 sicut
869 1492 1024 1532 exami-

208 1553 334 1590 natur
353 1551 587 1600 argentum.

261 1605 473 1646 Induxisti
492 1618 571 1645 nos
590 1605 633 1645 in
656 1605 874 1657 laqueum,
898 1617 1025 1656 posue

210 1662 281 1703 isti
299 1660 596 1702 tribulationes
615 1661 658 1701 in
678 1660 808 1702 dorso
828 1661 1026 1702 nostroz*

210 1718 454 1770 imposuisti
488 1716 684 1758 hemines
721 1730 851 1769 super
884 1717 1027 1768 capita

211 1779 368 1815 nostra.

258 1830 553 1870 Transivimus
563 1843 641 1882 per
650 1830 793 1880 ignem
804 1835 847 1872 et
858 1843 1027 1882 aquam:

211 1887 235 1911 *
255 1891 298 1927 et
317 1885 503 1927 eduxisti
521 1898 601 1926 nos
620 1886 663 1926 in
682 1886 958 1937 refrigerium.

264 1941 458 1983 Introibo
483 1942 526 1982 in
556 1942 732 1983 domum
755 1948 873 1984 tuam
892 1943 935 1983 in
954 1943 1028 1984 h0-

212 1998 433 2039 locaustis:
452 1999 475 2023 *
494 1997 673 2039 reddam
697 1999 774 2040 tibi
798 2004 900 2040 vota
922 2012 1028 2049 mea,

215 2067 311 2106 quae
331 2054 616 2096 distinxerunt
634 2055 747 2096 labia
768 2068 876 2097 mea.

265 2110 321 2151 Et
348 2110 540 2151 locutum
569 2116 635 2152 est
667 2124 717 2152 os
749 2124 909 2161 meum,
936 2112 959 2137 *
987 2112 1029 2152 in

213 2165 488 2207 tribulatiene
508 2179 614 2208 mea.

266 2222 535 2263 Holocausta
579 2222 813 2264 medullata
852 2223 1031 2265 efferam

214 2277 291 2319 tibi
319 2291 416 2319 cum
447 2279 621 2320 incenso
655 2282 850 2320 arietum:
877 2281 900 2305 *
929 2280 1030 2321 effe-

215 2347 306 2375 ram
325 2333 402 2376 tibi
422 2334 558 2376 boves
577 2348 674 2376 cum
693 2335 833 2376 hircis.

267 2391 434 2439 Venite,
450 2391 606 2440 audite,
617 2397 660 2432 et
670 2391 865 2441 narrabo,
882 2405 1032 2434 omnes

218 2447 289 2511 qui
317 2447 476 2488 timetis
504 2447 661 2496 Deum,
688 2449 710 2473 *
741 2454 900 2500 quanta
933 2449 1033 2490 feeit

216 2515 370 2544 ammae
389 2515 509 2544 meae.

268 2558 339 2599 Ad
359 2559 499 2611 ipsum
519 2572 594 2600 ore
613 2572 711 2601 meo
732 2560 929 2610 clamavi,
949 2562 971 2586 *
991 2566 1034 2602 et

217 2615 403 2656 exaltavi
423 2615 502 2656 sub
523 2615 666 2665 lingua
684 2629 791 2657 mea.

268 2671 544 2723 Iniquitatem
579 2672 613 2712 si
645 2673 794 2724 aspexi
826 2673 868 2713 in
902 2673 1034 2715 corde

216 2740 325 2777 meo,
344 2729 367 2752 *
387 2740 473 2769 non
493 2728 694 2770 exaudiet
712 2729 935 2770 Deminus.

1122 304 1360 355 Propterea
1388 298 1609 342 exaudivit
1635 297 1772 346 Deus,
1798 296 1823 322 *
1850 301 1895 338 et

1072 358 1255 402 attendit
1274 357 1371 398 voci
1391 353 1712 408 deprecatienis
1730 365 1852 394 meae.

1124 414 1386 457 Benedictus
1401 413 1534 461 Deus,
1548 412 1571 436 *
1588 410 1661 463 qui
1675 415 1763 451 non
1778 411 1893 450 amu-

1073 474 1134 514 vit
1154 471 1394 514 orationem
1412 481 1571 517 meam,
1591 471 1635 509 et
1653 466 1894 508 misericer-

1073 529 1188 571 diam
1207 540 1330 568 suam
1349 539 1375 567 a
1392 537 1473 566 me.

1349 585 1545 625 Psalmus
1565 584 1628 624 67.

1075 642 1335 747 Exsurgat
1370 641 1507 688 Deus,
1552 643 1596 680 et
1632 636 1897 690 dissipentur

1175 698 1335 739 inimici
1363 698 1470 749 ejus,
1498 696 1521 721 *
1549 699 1594 736 et
1624 694 1790 745 fugiant
1824 693 1898 746 qui

1074 756 1259 798 oderunt
1279 767 1387 803 eum,
1407 766 1431 794 a
1450 752 1560 794 facie
1580 751 1681 804 ejus.

1125 813 1243 854 Sicut
1271 810 1417 852 deficit
1444 809 1607 857 fumus,
1636 806 1854 849 deficiant:
1874 806 1897 832 *

1075 870 1186 910 sicut
1217 868 1311 909 fluit
1342 879 1443 908 cera
1474 878 1499 906 a
1530 864 1640 906 facie
1671 863 1801 915 ignis,
1836 863 1898 905 sic

1075 928 1255 978 pereant
1274 924 1530 976 peccateres
1550 934 1575 962 a
1594 920 1703 962 facie
1721 919 1816 961 Dei.

1126 982 1182 1023 Et
1208 981 1307 1033 justi
1335 979 1580 1032 epulentur,
1609 982 1653 1019 et
1681 975 1900 1018 exsultent

1074 1039 1117 1079 in
1141 1039 1379 1090 conspectu
1401 1035 1500 1076 Dei:
1517 1035 1541 1060 *
1562 1039 1605 1076 et
1629 1033 1900 1075 delectentur

1076 1096 1117 1135 in
1137 1095 1297 1136 laetitia.

1129 1152 1310 1192 Caritate
1351 1150 1468 1197 Deo,
1511 1146 1728 1201 psalmum
1769 1146 1899 1188 dieite

1076 1208 1238 1249 nemini
1271 1207 1378 1258 ejus:
1406 1206 1428 1231 *
1456 1205 1539 1246 iter
1570 1204 1700 1246 facite
1734 1203 1803 1253 ei‚‘
1827 1202 1901 1255 qui

1076 1263 1271 1305 ascendit
1294 1275 1426 1315 super
1445 1263 1664 1303 occasum:
1686 1259 1901 1301 Duminus

1075 1333 1234 1362 nomen
1253 1320 1324 1360 illi.

1128 1376 1354 1418 Exsultate
1391 1376 1435 1416 in
1472 1375 1713 1427 conspectu
1745 1373 1850 1425 ejus:
1877 1372 1901 1398 ¹⁸

1076 1433 1367 1475 turbabuntur
1403 1445 1428 1473 a
1463 1431 1575 1472 facie
1617 1431 1724 1484 ejus,
1764 1428 1902 1482 patris

1078 1490 1382 1543 orphaerum,
1403 1493 1446 1530 et
1465 1487 1618 1540 judicis
1637 1485 1877 1528 viduarum.

1128 1547 1249 1588 Deus
1267 1547 1310 1586 in
1333 1545 1432 1587 loco
1453 1549 1605 1586 sancto
1625 1555 1720 1584 suo:
1738 1542 1762 1568 *
1780 1542 1903 1583 Deus

1079 1604 1152 1656 qui
1187 1602 1429 1644 inhabitare
1465 1601 1568 1642 facit
1603 1601 1729 1642 unius
1768 1597 1903 1639 moris

1078 1660 1120 1700 in
1140 1659 1286 1701 domo:

1131 1716 1213 1766 Qui
1233 1715 1379 1757 educit
1393 1715 1562 1756 vinctos
1577 1714 1621 1754 in
1635 1710 1904 1754 fortitudine:

1079 1773 1101 1798 *
1123 1772 1317 1814 similiter
1338 1785 1414 1813 eos
1435 1771 1510 1824 qui
1530 1772 1807 1823 exasperant,
1832 1767 1906 1820 qui

1079 1828 1276 1870 habitant
1295 1829 1338 1869 in
1358 1827 1611 1881 sepulchris.

1131 1886 1270 1935 DeuS‚
1303 1898 1402 1927 cum
1433 1883 1704 1936 egredereris
1732 1882 1776 1923 in
1804 1893 1903 1923 con-

1081 1944 1234 1994 spectu
1252 1942 1406 1995 pupuli
1429 1941 1507 1991 tui,
1527 1942 1550 1967 *
1570 1953 1669 1982 cum
1686 1943 1904 1992 pertrans-

1080 2000 1166 2040 ires
1193 1999 1237 2039 in
1263 1998 1458 2040 deserto:

1132 2055 1269 2096 Terra
1293 2060 1412 2096 mota
1438 2059 1519 2104 est,
1548 2053 1708 2095 etenim
1726 2051 1827 2093 coeli
1845 2049 1905 2092 di-

1082 2111 1351 2152 stillaverunt
1379 2124 1404 2152 a
1433 2111 1543 2152 facie
1571 2109 1655 2151 Dei
1682 2107 1814 2157 Sinai,
1833 2107 1856 2133 *
1880 2120 1906 2148 a

1082 2168 1191 2209 facie
1210 2168 1294 2208 Dei
1312 2167 1458 2208 Israel.
1771 2178 1776 2182 ·

1134 2223 1330 2265 Pluviam
1349 2223 1638 2265 voluntariam
1655 2220 1906 2273 segregabis

1083 2280 1202 2321 Deus
1221 2279 1467 2322 haereditati
1485 2285 1587 2322 tuae:
1598 2280 1621 2304 *
1633 2284 1677 2320 et
1690 2278 1907 2319 infirmata

1085 2342 1159 2385 est,
1178 2342 1226 2378 tu
1244 2349 1350 2378 vero
1369 2336 1591 2389 perfecisti
1612 2349 1719 2377 eam.

1137 2393 1351 2434 Animalia
1369 2399 1443 2434 tua
1461 2392 1719 2434 habitabunt
1737 2392 1780 2432 in
1800 2403 1866 2432 ea:
1883 2390 1907 2415 *

1084 2450 1249 2545 {aram
1281 2450 1324 2490 in
1357 2449 1585 2491 dulcedine
1618 2454 1694 2490 tua
1722 2446 1907 2501 pauperi

1129 2518 1215 2546 eus.

1136 2562 1348 2603 Dominus
1373 2561 1493 2603 dabit
1517 2561 1700 2603 verbum
1727 2571 1908 2610 evange-

1085 2617 1324 2667 lizantibus,
1343 2618 1366 2643 *
1387 2618 1545 2659 virtute
1564 2617 1710 2659 multa.

1140 2674 1234 2714 Rex
1252 2675 1459 2715 virtutum
1479 2674 1626 2715 dilecti
1644 2673 1805 2715 dilecti:
1823 2673 1846 2698 *
1866 2677 1910 2714 et

1087 2730 1247 2783 speciei
1267 2730 1422 2772 domus
1442 2729 1637 2773 dividere
1658 2729 1809 2784 spolia.
