<?xml version="1.0" encoding="UTF-8"?>
<!DOCTYPE html PUBLIC "-//W3C//DTD XHTML 1.0 Transitional//EN"
    "http://www.w3.org/TR/xhtml1/DTD/xhtml1-transitional.dtd">
<html xmlns="http://www.w3.org/1999/xhtml" xml:lang="en" lang="en">
 <head>
  <title>
</title>
<meta http-equiv="Content-Type" content="text/html;charset=utf-8" />
  <meta name='ocr-system' content='tesseract 3.04.00' />
  <meta name='ocr-capabilities' content='ocr_page ocr_carea ocr_par ocr_line ocrx_word'/>
</head>
<body>
  <div class='ocr_page' id='page_1' title='image "./p3breviariumroma00cathuoft_0045.png"; bbox 0 0 2040 2976; ppageno 0'>
   <div class='ocr_carea' id='block_1_1' title="bbox 774 187 1861 223">
    <p class='ocr_par' dir='ltr' id='par_1_1' title="bbox 774 187 1861 223">
     <span class='ocr_line' id='line_1_1' title="bbox 774 187 1861 223; baseline 0.001 -2"><span class='ocrx_word' id='word_1_1' title='bbox 774 187 978 222; x_wconf 81' lang='lat' dir='ltr'>Dominica</span> <span class='ocrx_word' id='word_1_2' title='bbox 1004 188 1051 222; x_wconf 82' lang='lat' dir='ltr'>ad</span> <span class='ocrx_word' id='word_1_3' title='bbox 1077 189 1239 223; x_wconf 78' lang='lat' dir='ltr'>Laudes.</span> <span class='ocrx_word' id='word_1_4' title='bbox 1819 188 1861 222; x_wconf 88' lang='lat'>15</span> 
     </span>
    </p>
   </div>
   <div class='ocr_carea' id='block_1_2' title="bbox 148 245 1865 259">
    <p class='ocr_par' dir='ltr' id='par_1_2' title="bbox 148 245 1865 259">
     <span class='ocr_line' id='line_1_2' title="bbox 148 245 1865 259; baseline 0 2717"><span class='ocrx_word' id='word_1_5' title='bbox 148 245 1865 259; x_wconf 95' lang='lat' dir='ltr'> </span> 
     </span>
    </p>
   </div>
   <div class='ocr_carea' id='block_1_3' title="bbox 100 282 981 2303">
    <p class='ocr_par' dir='ltr' id='par_1_3' title="bbox 152 282 981 618">
     <span class='ocr_line' id='line_1_3' title="bbox 153 282 981 334; baseline -0.001 -10"><span class='ocrx_word' id='word_1_6' title='bbox 153 282 457 325; x_wconf 68' lang='lat' dir='ltr'>misericerdia</span> <span class='ocrx_word' id='word_1_7' title='bbox 489 283 593 334; x_wconf 86' lang='lat' dir='ltr'>ejus,</span> <span class='ocrx_word' id='word_1_8' title='bbox 626 282 649 308; x_wconf 89' lang='lat'>*</span> <span class='ocrx_word' id='word_1_9' title='bbox 682 287 726 324; x_wconf 87' lang='lat' dir='ltr'>et</span> <span class='ocrx_word' id='word_1_10' title='bbox 761 295 899 334; x_wconf 90' lang='lat' dir='ltr'>usque</span> <span class='ocrx_word' id='word_1_11' title='bbox 936 282 981 322; x_wconf 92' lang='lat' dir='ltr'>in</span> 
     </span>
     <span class='ocr_line' id='line_1_4' title="bbox 152 339 979 390; baseline -0.002 -9"><span class='ocrx_word' id='word_1_12' title='bbox 152 340 481 390; x_wconf 74' lang='lat' dir='ltr'>generaticnem</span> <span class='ocrx_word' id='word_1_13' title='bbox 501 344 544 380; x_wconf 91' lang='lat' dir='ltr'>et</span> <span class='ocrx_word' id='word_1_14' title='bbox 563 339 891 390; x_wconf 66' lang='lat' dir='ltr'>generationem</span> <span class='ocrx_word' id='word_1_15' title='bbox 910 340 979 380; x_wconf 82' lang='lat' dir='ltr'>ve-</span> 
     </span>
     <span class='ocr_line' id='line_1_5' title="bbox 153 396 380 448; baseline -0.004 -11"><span class='ocrx_word' id='word_1_16' title='bbox 153 396 258 438; x_wconf 85' lang='lat' dir='ltr'>ritas</span> <span class='ocrx_word' id='word_1_17' title='bbox 279 397 380 448; x_wconf 89' lang='lat' dir='ltr'>ejus.</span> 
     </span>
     <span class='ocr_line' id='line_1_6' title="bbox 427 451 706 492; baseline 0.004 -2"><span class='ocrx_word' id='word_1_18' title='bbox 427 451 623 492; x_wconf 76' lang='lat' dir='ltr'>Psalmus</span> <span class='ocrx_word' id='word_1_19' title='bbox 643 452 706 491; x_wconf 80' lang='lat'>62.</span> 
     </span>
     <span class='ocr_line' id='line_1_7' title="bbox 242 508 979 550; baseline 0 0"><span class='ocrx_word' id='word_1_20' title='bbox 242 522 318 550; x_wconf 91' lang='lat' dir='ltr'>eus</span> <span class='ocrx_word' id='word_1_21' title='bbox 337 509 458 550; x_wconf 91' lang='lat' dir='ltr'>Deus</span> <span class='ocrx_word' id='word_1_22' title='bbox 478 521 602 550; x_wconf 92' lang='lat' dir='ltr'>meus</span> <span class='ocrx_word' id='word_1_23' title='bbox 621 509 644 534; x_wconf 89' lang='lat'>*</span> <span class='ocrx_word' id='word_1_24' title='bbox 665 508 721 550; x_wconf 93' lang='lat' dir='ltr'>ad</span> <span class='ocrx_word' id='word_1_25' title='bbox 744 513 787 550; x_wconf 91' lang='lat' dir='ltr'>te</span> <span class='ocrx_word' id='word_1_26' title='bbox 809 508 863 550; x_wconf 92' lang='lat' dir='ltr'>de</span> <span class='ocrx_word' id='word_1_27' title='bbox 882 508 979 550; x_wconf 92' lang='lat' dir='ltr'>luce</span> 
     </span>
     <span class='ocr_line' id='line_1_8' title="bbox 152 512 411 618; baseline -0.004 -11"><span class='ocrx_word' id='word_1_28' title='bbox 152 512 237 618; x_wconf 89' lang='lat' dir='ltr'>D</span> <span class='ocrx_word' id='word_1_29' title='bbox 266 566 411 616; x_wconf 88' lang='lat' dir='ltr'>vigilo.</span> 
     </span>
    </p>

    <p class='ocr_par' dir='ltr' id='par_1_4' title="bbox 153 621 979 732">
     <span class='ocr_line' id='line_1_9' title="bbox 205 621 979 674; baseline -0.003 -10"><span class='ocrx_word' id='word_1_30' title='bbox 205 623 350 665; x_wconf 86' lang='lat' dir='ltr'>Sitivit</span> <span class='ocrx_word' id='word_1_31' title='bbox 372 622 417 663; x_wconf 90' lang='lat' dir='ltr'>in</span> <span class='ocrx_word' id='word_1_32' title='bbox 440 627 484 663; x_wconf 84' lang='lat' dir='ltr'>te</span> <span class='ocrx_word' id='word_1_33' title='bbox 509 621 653 662; x_wconf 79' lang='lat' dir='ltr'>anima</span> <span class='ocrx_word' id='word_1_34' title='bbox 672 635 784 671; x_wconf 87' lang='lat' dir='ltr'>mea,</span> <span class='ocrx_word' id='word_1_35' title='bbox 804 622 827 647; x_wconf 91' lang='lat'>*</span> <span class='ocrx_word' id='word_1_36' title='bbox 849 634 979 674; x_wconf 91' lang='lat' dir='ltr'>quam</span> 
     </span>
     <span class='ocr_line' id='line_1_10' title="bbox 153 677 802 732; baseline -0.003 -11"><span class='ocrx_word' id='word_1_37' title='bbox 153 679 452 732; x_wconf 84' lang='lat' dir='ltr'>multipliciter</span> <span class='ocrx_word' id='word_1_38' title='bbox 470 677 552 720; x_wconf 87' lang='lat' dir='ltr'>tibi</span> <span class='ocrx_word' id='word_1_39' title='bbox 571 691 674 720; x_wconf 92' lang='lat' dir='ltr'>caro</span> <span class='ocrx_word' id='word_1_40' title='bbox 694 691 802 719; x_wconf 89' lang='lat' dir='ltr'>mea.</span> 
     </span>
    </p>

    <p class='ocr_par' dir='ltr' id='par_1_5' title="bbox 151 735 980 957">
     <span class='ocr_line' id='line_1_11' title="bbox 204 735 978 785; baseline -0.003 -8"><span class='ocrx_word' id='word_1_41' title='bbox 204 737 256 777; x_wconf 86' lang='lat' dir='ltr'>In</span> <span class='ocrx_word' id='word_1_42' title='bbox 275 741 392 778; x_wconf 89' lang='lat' dir='ltr'>terra</span> <span class='ocrx_word' id='word_1_43' title='bbox 412 735 602 784; x_wconf 81' lang='lat' dir='ltr'>deserta,</span> <span class='ocrx_word' id='word_1_44' title='bbox 629 740 672 776; x_wconf 92' lang='lat' dir='ltr'>et</span> <span class='ocrx_word' id='word_1_45' title='bbox 690 735 824 785; x_wconf 86' lang='lat' dir='ltr'>invia,</span> <span class='ocrx_word' id='word_1_46' title='bbox 851 741 894 776; x_wconf 90' lang='lat' dir='ltr'>et</span> <span class='ocrx_word' id='word_1_47' title='bbox 918 736 978 775; x_wconf 93' lang='lat' dir='ltr'>in-</span> 
     </span>
     <span class='ocr_line' id='line_1_12' title="bbox 153 792 980 845; baseline -0.001 -11"><span class='ocrx_word' id='word_1_48' title='bbox 153 795 338 845; x_wconf 72' lang='lat' dir='ltr'>aqucsa:</span> <span class='ocrx_word' id='word_1_49' title='bbox 370 793 392 818; x_wconf 90' lang='lat'>*</span> <span class='ocrx_word' id='word_1_50' title='bbox 426 792 488 833; x_wconf 86' lang='lat' dir='ltr'>sic</span> <span class='ocrx_word' id='word_1_51' title='bbox 526 792 570 832; x_wconf 93' lang='lat' dir='ltr'>in</span> <span class='ocrx_word' id='word_1_52' title='bbox 607 797 760 833; x_wconf 90' lang='lat' dir='ltr'>sancto</span> <span class='ocrx_word' id='word_1_53' title='bbox 795 793 980 844; x_wconf 78' lang='lat' dir='ltr'>apparui</span> 
     </span>
     <span class='ocr_line' id='line_1_13' title="bbox 151 849 980 898; baseline -0.001 -7"><span class='ocrx_word' id='word_1_54' title='bbox 151 849 246 898; x_wconf 90' lang='lat' dir='ltr'>tibi,</span> <span class='ocrx_word' id='word_1_55' title='bbox 270 855 318 891; x_wconf 92' lang='lat' dir='ltr'>ut</span> <span class='ocrx_word' id='word_1_56' title='bbox 337 849 532 890; x_wconf 83' lang='lat' dir='ltr'>viderem</span> <span class='ocrx_word' id='word_1_57' title='bbox 551 849 758 890; x_wconf 85' lang='lat' dir='ltr'>virtutem</span> <span class='ocrx_word' id='word_1_58' title='bbox 776 854 911 898; x_wconf 88' lang='lat' dir='ltr'>tuam,</span> <span class='ocrx_word' id='word_1_59' title='bbox 938 854 980 890; x_wconf 93' lang='lat' dir='ltr'>et</span> 
     </span>
     <span class='ocr_line' id='line_1_14' title="bbox 152 906 488 957; baseline 0 -11"><span class='ocrx_word' id='word_1_60' title='bbox 152 906 338 957; x_wconf 67' lang='lat' dir='ltr'>gloriam</span> <span class='ocrx_word' id='word_1_61' title='bbox 356 911 488 948; x_wconf 87' lang='lat' dir='ltr'>tuam.</span> 
     </span>
    </p>

    <p class='ocr_par' dir='ltr' id='par_1_6' title="bbox 152 962 980 1118">
     <span class='ocr_line' id='line_1_15' title="bbox 205 962 979 1013; baseline -0.003 -9"><span class='ocrx_word' id='word_1_62' title='bbox 205 963 422 1013; x_wconf 75' lang='lat' dir='ltr'>Qudniam</span> <span class='ocrx_word' id='word_1_63' title='bbox 454 962 607 1003; x_wconf 80' lang='lat' dir='ltr'>melior</span> <span class='ocrx_word' id='word_1_64' title='bbox 640 967 707 1004; x_wconf 91' lang='lat' dir='ltr'>est</span> <span class='ocrx_word' id='word_1_65' title='bbox 736 962 979 1003; x_wconf 66' lang='lat' dir='ltr'>misericer-</span> 
     </span>
     <span class='ocr_line' id='line_1_16' title="bbox 154 1018 980 1072; baseline -0.002 -11"><span class='ocrx_word' id='word_1_66' title='bbox 154 1019 225 1062; x_wconf 92' lang='lat' dir='ltr'>dia</span> <span class='ocrx_word' id='word_1_67' title='bbox 258 1024 334 1061; x_wconf 93' lang='lat' dir='ltr'>tua</span> <span class='ocrx_word' id='word_1_68' title='bbox 366 1032 498 1072; x_wconf 92' lang='lat' dir='ltr'>super</span> <span class='ocrx_word' id='word_1_69' title='bbox 530 1019 656 1060; x_wconf 90' lang='lat' dir='ltr'>vitas:</span> <span class='ocrx_word' id='word_1_70' title='bbox 685 1019 708 1044; x_wconf 88' lang='lat'>*</span> <span class='ocrx_word' id='word_1_71' title='bbox 734 1018 850 1060; x_wconf 79' lang='lat' dir='ltr'>labia</span> <span class='ocrx_word' id='word_1_72' title='bbox 882 1032 980 1060; x_wconf 90' lang='lat' dir='ltr'>mea</span> 
     </span>
     <span class='ocr_line' id='line_1_17' title="bbox 152 1076 467 1118; baseline -0.003 -1"><span class='ocrx_word' id='word_1_73' title='bbox 152 1076 394 1118; x_wconf 78' lang='lat' dir='ltr'>laudabunt</span> <span class='ocrx_word' id='word_1_74' title='bbox 413 1081 467 1118; x_wconf 87' lang='lat' dir='ltr'>te.</span> 
     </span>
    </p>

    <p class='ocr_par' dir='ltr' id='par_1_7' title="bbox 151 1132 980 1288">
     <span class='ocr_line' id='line_1_18' title="bbox 203 1132 980 1175; baseline -0.004 0"><span class='ocrx_word' id='word_1_75' title='bbox 203 1133 275 1175; x_wconf 91' lang='lat' dir='ltr'>Sic</span> <span class='ocrx_word' id='word_1_76' title='bbox 298 1132 556 1175; x_wconf 84' lang='lat' dir='ltr'>benedicam</span> <span class='ocrx_word' id='word_1_77' title='bbox 577 1137 621 1174; x_wconf 84' lang='lat' dir='ltr'>te</span> <span class='ocrx_word' id='word_1_78' title='bbox 644 1132 690 1172; x_wconf 93' lang='lat' dir='ltr'>in</span> <span class='ocrx_word' id='word_1_79' title='bbox 713 1132 803 1173; x_wconf 88' lang='lat' dir='ltr'>vita</span> <span class='ocrx_word' id='word_1_80' title='bbox 827 1145 938 1173; x_wconf 89' lang='lat' dir='ltr'>mea:</span> <span class='ocrx_word' id='word_1_81' title='bbox 956 1132 980 1158; x_wconf 86' lang='lat'>*</span> 
     </span>
     <span class='ocr_line' id='line_1_19' title="bbox 152 1188 980 1232; baseline -0.002 -1"><span class='ocrx_word' id='word_1_82' title='bbox 152 1194 196 1232; x_wconf 90' lang='lat' dir='ltr'>et</span> <span class='ocrx_word' id='word_1_83' title='bbox 227 1189 273 1230; x_wconf 92' lang='lat' dir='ltr'>in</span> <span class='ocrx_word' id='word_1_84' title='bbox 305 1189 482 1231; x_wconf 64' lang='lat' dir='ltr'>nemine</span> <span class='ocrx_word' id='word_1_85' title='bbox 518 1194 595 1231; x_wconf 91' lang='lat' dir='ltr'>tuo</span> <span class='ocrx_word' id='word_1_86' title='bbox 633 1188 789 1230; x_wconf 79' lang='lat' dir='ltr'>levabo</span> <span class='ocrx_word' id='word_1_87' title='bbox 825 1201 980 1229; x_wconf 89' lang='lat' dir='ltr'>manus</span> 
     </span>
     <span class='ocr_line' id='line_1_20' title="bbox 151 1259 283 1288; baseline 0 -1"><span class='ocrx_word' id='word_1_88' title='bbox 151 1259 283 1288; x_wconf 86' lang='lat' dir='ltr'>meas.</span> 
     </span>
    </p>

    <p class='ocr_par' dir='ltr' id='par_1_8' title="bbox 151 1301 978 1458">
     <span class='ocr_line' id='line_1_21' title="bbox 204 1301 978 1355; baseline -0.003 -11"><span class='ocrx_word' id='word_1_89' title='bbox 204 1303 325 1345; x_wconf 91' lang='lat' dir='ltr'>Sicut</span> <span class='ocrx_word' id='word_1_90' title='bbox 341 1302 470 1355; x_wconf 77' lang='lat' dir='ltr'>adipe</span> <span class='ocrx_word' id='word_1_91' title='bbox 482 1307 525 1343; x_wconf 93' lang='lat' dir='ltr'>et</span> <span class='ocrx_word' id='word_1_92' title='bbox 539 1301 803 1355; x_wconf 80' lang='lat' dir='ltr'>pinguedine</span> <span class='ocrx_word' id='word_1_93' title='bbox 814 1301 978 1354; x_wconf 76' lang='lat' dir='ltr'>replea-</span> 
     </span>
     <span class='ocr_line' id='line_1_22' title="bbox 151 1358 978 1401; baseline -0.002 0"><span class='ocrx_word' id='word_1_94' title='bbox 151 1364 222 1401; x_wconf 88' lang='lat' dir='ltr'>tur</span> <span class='ocrx_word' id='word_1_95' title='bbox 244 1359 388 1400; x_wconf 82' lang='lat' dir='ltr'>anima</span> <span class='ocrx_word' id='word_1_96' title='bbox 408 1372 520 1400; x_wconf 88' lang='lat' dir='ltr'>mea:</span> <span class='ocrx_word' id='word_1_97' title='bbox 539 1359 562 1384; x_wconf 91' lang='lat'>*</span> <span class='ocrx_word' id='word_1_98' title='bbox 583 1363 626 1400; x_wconf 91' lang='lat' dir='ltr'>et</span> <span class='ocrx_word' id='word_1_99' title='bbox 646 1358 774 1400; x_wconf 78' lang='lat' dir='ltr'>labiis</span> <span class='ocrx_word' id='word_1_100' title='bbox 794 1358 978 1400; x_wconf 82' lang='lat' dir='ltr'>exsulta-</span> 
     </span>
     <span class='ocr_line' id='line_1_23' title="bbox 151 1414 747 1458; baseline -0.003 -1"><span class='ocrx_word' id='word_1_101' title='bbox 151 1416 284 1458; x_wconf 73' lang='lat' dir='ltr'>tidnis</span> <span class='ocrx_word' id='word_1_102' title='bbox 303 1414 500 1457; x_wconf 67' lang='lat' dir='ltr'>laudabit</span> <span class='ocrx_word' id='word_1_103' title='bbox 519 1428 569 1456; x_wconf 94' lang='lat' dir='ltr'>os</span> <span class='ocrx_word' id='word_1_104' title='bbox 590 1428 747 1456; x_wconf 91' lang='lat' dir='ltr'>meum.</span> 
     </span>
    </p>

    <p class='ocr_par' dir='ltr' id='par_1_9' title="bbox 150 1472 979 1638">
     <span class='ocr_line' id='line_1_24' title="bbox 203 1472 979 1524; baseline -0.003 -10"><span class='ocrx_word' id='word_1_105' title='bbox 203 1473 249 1514; x_wconf 91' lang='lat' dir='ltr'>Si</span> <span class='ocrx_word' id='word_1_106' title='bbox 272 1484 441 1513; x_wconf 90' lang='lat' dir='ltr'>memor</span> <span class='ocrx_word' id='word_1_107' title='bbox 464 1472 527 1513; x_wconf 90' lang='lat' dir='ltr'>fui</span> <span class='ocrx_word' id='word_1_108' title='bbox 548 1472 612 1513; x_wconf 91' lang='lat' dir='ltr'>tui</span> <span class='ocrx_word' id='word_1_109' title='bbox 637 1484 769 1524; x_wconf 89' lang='lat' dir='ltr'>super</span> <span class='ocrx_word' id='word_1_110' title='bbox 794 1476 979 1513; x_wconf 89' lang='lat' dir='ltr'>stratum</span> 
     </span>
     <span class='ocr_line' id='line_1_25' title="bbox 151 1527 979 1579; baseline -0.001 -10"><span class='ocrx_word' id='word_1_111' title='bbox 151 1542 315 1579; x_wconf 86' lang='lat' dir='ltr'>meum,</span> <span class='ocrx_word' id='word_1_112' title='bbox 339 1528 385 1569; x_wconf 92' lang='lat' dir='ltr'>in</span> <span class='ocrx_word' id='word_1_113' title='bbox 409 1528 635 1570; x_wconf 81' lang='lat' dir='ltr'>matutinis</span> <span class='ocrx_word' id='word_1_114' title='bbox 659 1527 908 1569; x_wconf 82' lang='lat' dir='ltr'>meditabor</span> <span class='ocrx_word' id='word_1_115' title='bbox 934 1528 979 1568; x_wconf 92' lang='lat' dir='ltr'>in</span> 
     </span>
     <span class='ocr_line' id='line_1_26' title="bbox 150 1584 854 1638; baseline -0.003 -11"><span class='ocrx_word' id='word_1_116' title='bbox 150 1590 209 1627; x_wconf 83' lang='lat' dir='ltr'>te:</span> <span class='ocrx_word' id='word_1_117' title='bbox 228 1586 251 1611; x_wconf 90' lang='lat'>*</span> <span class='ocrx_word' id='word_1_118' title='bbox 273 1585 374 1638; x_wconf 91' lang='lat' dir='ltr'>quia</span> <span class='ocrx_word' id='word_1_119' title='bbox 392 1585 511 1626; x_wconf 87' lang='lat' dir='ltr'>fuisti</span> <span class='ocrx_word' id='word_1_120' title='bbox 530 1584 702 1637; x_wconf 83' lang='lat' dir='ltr'>adjutor</span> <span class='ocrx_word' id='word_1_121' title='bbox 720 1597 854 1626; x_wconf 90' lang='lat' dir='ltr'>meus.</span> 
     </span>
    </p>

    <p class='ocr_par' dir='ltr' id='par_1_10' title="bbox 151 1641 979 1808">
     <span class='ocr_line' id='line_1_27' title="bbox 202 1641 979 1684; baseline -0.001 -1"><span class='ocrx_word' id='word_1_122' title='bbox 202 1643 260 1684; x_wconf 90' lang='lat' dir='ltr'>Et</span> <span class='ocrx_word' id='word_1_123' title='bbox 278 1642 323 1682; x_wconf 94' lang='lat' dir='ltr'>in</span> <span class='ocrx_word' id='word_1_124' title='bbox 342 1641 589 1684; x_wconf 81' lang='lat' dir='ltr'>velamento</span> <span class='ocrx_word' id='word_1_125' title='bbox 615 1641 781 1682; x_wconf 77' lang='lat' dir='ltr'>alarum</span> <span class='ocrx_word' id='word_1_126' title='bbox 805 1643 979 1682; x_wconf 80' lang='lat' dir='ltr'>tuarum</span> 
     </span>
     <span class='ocr_line' id='line_1_28' title="bbox 152 1698 979 1750; baseline 0 -10"><span class='ocrx_word' id='word_1_127' title='bbox 152 1698 394 1748; x_wconf 81' lang='lat' dir='ltr'>exsultabo,</span> <span class='ocrx_word' id='word_1_128' title='bbox 409 1698 595 1740; x_wconf 78' lang='lat' dir='ltr'>adhaesit</span> <span class='ocrx_word' id='word_1_129' title='bbox 606 1698 750 1739; x_wconf 81' lang='lat' dir='ltr'>anima</span> <span class='ocrx_word' id='word_1_130' title='bbox 764 1711 863 1739; x_wconf 90' lang='lat' dir='ltr'>mea</span> <span class='ocrx_word' id='word_1_131' title='bbox 876 1703 979 1750; x_wconf 90' lang='lat' dir='ltr'>post</span> 
     </span>
     <span class='ocr_line' id='line_1_29' title="bbox 151 1754 860 1808; baseline -0.003 -11"><span class='ocrx_word' id='word_1_132' title='bbox 151 1761 210 1798; x_wconf 90' lang='lat' dir='ltr'>te:</span> <span class='ocrx_word' id='word_1_133' title='bbox 226 1756 250 1782; x_wconf 88' lang='lat'>*</span> <span class='ocrx_word' id='word_1_134' title='bbox 269 1768 340 1797; x_wconf 91' lang='lat' dir='ltr'>me</span> <span class='ocrx_word' id='word_1_135' title='bbox 359 1755 554 1808; x_wconf 80' lang='lat' dir='ltr'>suscepit</span> <span class='ocrx_word' id='word_1_136' title='bbox 573 1754 754 1796; x_wconf 81' lang='lat' dir='ltr'>dextera</span> <span class='ocrx_word' id='word_1_137' title='bbox 774 1759 860 1796; x_wconf 85' lang='lat' dir='ltr'>tua.</span> 
     </span>
    </p>

    <p class='ocr_par' dir='ltr' id='par_1_11' title="bbox 150 1811 979 2036">
     <span class='ocr_line' id='line_1_30' title="bbox 203 1811 979 1866; baseline -0.001 -12"><span class='ocrx_word' id='word_1_138' title='bbox 203 1813 296 1866; x_wconf 88' lang='lat' dir='ltr'>Ipsi</span> <span class='ocrx_word' id='word_1_139' title='bbox 320 1824 426 1854; x_wconf 85' lang='lat' dir='ltr'>vero</span> <span class='ocrx_word' id='word_1_140' title='bbox 452 1812 496 1852; x_wconf 94' lang='lat' dir='ltr'>in</span> <span class='ocrx_word' id='word_1_141' title='bbox 522 1825 683 1853; x_wconf 90' lang='lat' dir='ltr'>vanum</span> <span class='ocrx_word' id='word_1_142' title='bbox 711 1811 979 1864; x_wconf 79' lang='lat' dir='ltr'>quaesierunt</span> 
     </span>
     <span class='ocr_line' id='line_1_31' title="bbox 152 1868 978 1918; baseline -0.001 -8"><span class='ocrx_word' id='word_1_143' title='bbox 152 1870 341 1911; x_wconf 80' lang='lat' dir='ltr'>animam</span> <span class='ocrx_word' id='word_1_144' title='bbox 360 1882 518 1918; x_wconf 88' lang='lat' dir='ltr'>meam,</span> <span class='ocrx_word' id='word_1_145' title='bbox 542 1868 786 1910; x_wconf 88' lang='lat' dir='ltr'>introibunt</span> <span class='ocrx_word' id='word_1_146' title='bbox 808 1869 853 1909; x_wconf 92' lang='lat' dir='ltr'>in</span> <span class='ocrx_word' id='word_1_147' title='bbox 874 1868 978 1910; x_wconf 91' lang='lat' dir='ltr'>infe-</span> 
     </span>
     <span class='ocr_line' id='line_1_32' title="bbox 151 1925 978 1968; baseline -0.001 -1"><span class='ocrx_word' id='word_1_148' title='bbox 151 1927 270 1968; x_wconf 83' lang='lat' dir='ltr'>ri6ra</span> <span class='ocrx_word' id='word_1_149' title='bbox 292 1931 437 1968; x_wconf 84' lang='lat' dir='ltr'>terrae:</span> <span class='ocrx_word' id='word_1_150' title='bbox 456 1927 479 1952; x_wconf 88' lang='lat'>*</span> <span class='ocrx_word' id='word_1_151' title='bbox 498 1925 727 1968; x_wconf 82' lang='lat' dir='ltr'>tradentur</span> <span class='ocrx_word' id='word_1_152' title='bbox 753 1925 798 1966; x_wconf 91' lang='lat' dir='ltr'>in</span> <span class='ocrx_word' id='word_1_153' title='bbox 823 1938 978 1966; x_wconf 86' lang='lat' dir='ltr'>manus</span> 
     </span>
     <span class='ocr_line' id='line_1_33' title="bbox 150 1982 836 2036; baseline -0.003 -12"><span class='ocrx_word' id='word_1_154' title='bbox 150 1982 295 2034; x_wconf 77' lang='lat' dir='ltr'>gladii,</span> <span class='ocrx_word' id='word_1_155' title='bbox 313 1987 461 2036; x_wconf 88' lang='lat' dir='ltr'>partes</span> <span class='ocrx_word' id='word_1_156' title='bbox 480 1982 678 2035; x_wconf 83' lang='lat' dir='ltr'>vulpium</span> <span class='ocrx_word' id='word_1_157' title='bbox 698 1987 836 2023; x_wconf 89' lang='lat' dir='ltr'>erunt.</span> 
     </span>
    </p>

    <p class='ocr_par' dir='ltr' id='par_1_12' title="bbox 100 2038 977 2262">
     <span class='ocr_line' id='line_1_34' title="bbox 203 2038 976 2088; baseline -0.004 -6"><span class='ocrx_word' id='word_1_158' title='bbox 203 2040 300 2082; x_wconf 83' lang='lat' dir='ltr'>Rex</span> <span class='ocrx_word' id='word_1_159' title='bbox 319 2052 424 2082; x_wconf 87' lang='lat' dir='ltr'>vero</span> <span class='ocrx_word' id='word_1_160' title='bbox 444 2038 667 2081; x_wconf 80' lang='lat' dir='ltr'>laetabitur</span> <span class='ocrx_word' id='word_1_161' title='bbox 690 2039 735 2080; x_wconf 94' lang='lat' dir='ltr'>in</span> <span class='ocrx_word' id='word_1_162' title='bbox 754 2039 867 2088; x_wconf 84' lang='lat' dir='ltr'>Deo,</span> <span class='ocrx_word' id='word_1_163' title='bbox 889 2038 976 2080; x_wconf 87' lang='lat' dir='ltr'>lau-</span> 
     </span>
     <span class='ocr_line' id='line_1_35' title="bbox 152 2095 977 2148; baseline -0.004 -10"><span class='ocrx_word' id='word_1_164' title='bbox 152 2096 373 2139; x_wconf 80' lang='lat' dir='ltr'>dabuntur</span> <span class='ocrx_word' id='word_1_165' title='bbox 400 2109 552 2138; x_wconf 88' lang='lat' dir='ltr'>omnes</span> <span class='ocrx_word' id='word_1_166' title='bbox 580 2095 654 2148; x_wconf 91' lang='lat' dir='ltr'>qui</span> <span class='ocrx_word' id='word_1_167' title='bbox 679 2096 821 2148; x_wconf 91' lang='lat' dir='ltr'>jurant</span> <span class='ocrx_word' id='word_1_168' title='bbox 844 2095 889 2135; x_wconf 90' lang='lat' dir='ltr'>in</span> <span class='ocrx_word' id='word_1_169' title='bbox 910 2108 977 2137; x_wconf 90' lang='lat' dir='ltr'>eo:</span> 
     </span>
     <span class='ocr_line' id='line_1_36' title="bbox 150 2152 976 2205; baseline -0.002 -11"><span class='ocrx_word' id='word_1_170' title='bbox 150 2153 174 2178; x_wconf 89' lang='grc'><em>*</em></span> <span class='ocrx_word' id='word_1_171' title='bbox 200 2154 301 2205; x_wconf 90' lang='lat' dir='ltr'>quia</span> <span class='ocrx_word' id='word_1_172' title='bbox 328 2153 604 2195; x_wconf 81' lang='lat' dir='ltr'>obstructum</span> <span class='ocrx_word' id='word_1_173' title='bbox 629 2157 695 2194; x_wconf 89' lang='lat' dir='ltr'>est</span> <span class='ocrx_word' id='word_1_174' title='bbox 722 2164 772 2193; x_wconf 92' lang='lat' dir='ltr'>os</span> <span class='ocrx_word' id='word_1_175' title='bbox 797 2152 976 2204; x_wconf 82' lang='lat' dir='ltr'>loquen-</span> 
     </span>
     <span class='ocr_line' id='line_1_37' title="bbox 100 2209 437 2262; baseline 0.003 -12"><span class='ocrx_word' id='word_1_176' title='bbox 100 2242 102 2244; x_wconf 52' lang='grc'>,</span> <span class='ocrx_word' id='word_1_177' title='bbox 150 2209 259 2251; x_wconf 86' lang='lat' dir='ltr'>tium</span> <span class='ocrx_word' id='word_1_178' title='bbox 278 2210 437 2262; x_wconf 90' lang='lat' dir='ltr'>iniqua.</span> 
     </span>
    </p>

    <p class='ocr_par' dir='ltr' id='par_1_13' title="bbox 203 2265 808 2303">
     <span class='ocr_line' id='line_1_38' title="bbox 203 2265 808 2303; baseline -0.003 -1"><span class='ocrx_word' id='word_1_179' title='bbox 203 2268 276 2302; x_wconf 92' lang='lat' dir='ltr'>Hic</span> <span class='ocrx_word' id='word_1_180' title='bbox 291 2279 369 2303; x_wconf 92' lang='lat' dir='ltr'>non</span> <span class='ocrx_word' id='word_1_181' title='bbox 387 2269 527 2303; x_wconf 89' lang='lat' dir='ltr'>dicitur</span> <span class='ocrx_word' id='word_1_182' title='bbox 542 2265 677 2301; x_wconf 70' lang='lat' dir='ltr'>Gldria</span> <span class='ocrx_word' id='word_1_183' title='bbox 692 2265 808 2301; x_wconf 85' lang='lat' dir='ltr'>Patri.</span> 
     </span>
    </p>
   </div>
   <div class='ocr_carea' id='block_1_4' title="bbox 149 2326 975 2758">
    <p class='ocr_par' dir='ltr' id='par_1_14' title="bbox 149 2326 975 2758">
     <span class='ocr_line' id='line_1_39' title="bbox 421 2326 705 2366; baseline 0 0"><span class='ocrx_word' id='word_1_184' title='bbox 421 2326 619 2366; x_wconf 87' lang='lat' dir='ltr'>Psalmus</span> <span class='ocrx_word' id='word_1_185' title='bbox 640 2328 705 2366; x_wconf 77' lang='lat'>66.</span> 
     </span>
     <span class='ocr_line' id='line_1_40' title="bbox 151 2376 975 2481; baseline 0.004 -64"><span class='ocrx_word' id='word_1_186' title='bbox 151 2376 317 2481; x_wconf 90' lang='lat' dir='ltr'>Deus</span> <span class='ocrx_word' id='word_1_187' title='bbox 354 2378 612 2420; x_wconf 80' lang='lat' dir='ltr'>misereatur</span> <span class='ocrx_word' id='word_1_188' title='bbox 640 2379 799 2428; x_wconf 88' lang='lat' dir='ltr'>nostri,</span> <span class='ocrx_word' id='word_1_189' title='bbox 833 2383 876 2420; x_wconf 89' lang='lat' dir='ltr'>et</span> <span class='ocrx_word' id='word_1_190' title='bbox 902 2378 975 2420; x_wconf 91' lang='lat' dir='ltr'>be-</span> 
     </span>
     <span class='ocr_line' id='line_1_41' title="bbox 258 2433 974 2477; baseline 0.003 -3"><span class='ocrx_word' id='word_1_191' title='bbox 258 2433 432 2475; x_wconf 87' lang='lat' dir='ltr'>nedicat</span> <span class='ocrx_word' id='word_1_192' title='bbox 451 2434 597 2476; x_wconf 85' lang='lat' dir='ltr'>nobis:</span> <span class='ocrx_word' id='word_1_193' title='bbox 614 2435 638 2461; x_wconf 88' lang='lat'>*</span> <span class='ocrx_word' id='word_1_194' title='bbox 655 2435 870 2477; x_wconf 85' lang='lat' dir='ltr'>illuminet</span> <span class='ocrx_word' id='word_1_195' title='bbox 884 2435 974 2476; x_wconf 84' lang='lat' dir='ltr'>vul-</span> 
     </span>
     <span class='ocr_line' id='line_1_42' title="bbox 149 2492 975 2543; baseline 0.001 -11"><span class='ocrx_word' id='word_1_196' title='bbox 149 2495 243 2532; x_wconf 90' lang='lat' dir='ltr'>tum</span> <span class='ocrx_word' id='word_1_197' title='bbox 258 2504 385 2531; x_wconf 92' lang='lat' dir='ltr'>suum</span> <span class='ocrx_word' id='word_1_198' title='bbox 401 2504 532 2543; x_wconf 91' lang='lat' dir='ltr'>super</span> <span class='ocrx_word' id='word_1_199' title='bbox 547 2504 639 2542; x_wconf 81' lang='lat' dir='ltr'>nos,</span> <span class='ocrx_word' id='word_1_200' title='bbox 660 2497 703 2533; x_wconf 91' lang='lat' dir='ltr'>et</span> <span class='ocrx_word' id='word_1_201' title='bbox 716 2492 975 2534; x_wconf 78' lang='lat' dir='ltr'>misereatur</span> 
     </span>
     <span class='ocr_line' id='line_1_43' title="bbox 151 2547 299 2588; baseline 0 0"><span class='ocrx_word' id='word_1_202' title='bbox 151 2547 299 2588; x_wconf 87' lang='lat' dir='ltr'>nostri.</span> 
     </span>
     <span class='ocr_line' id='line_1_44' title="bbox 202 2603 975 2654; baseline 0.003 -10"><span class='ocrx_word' id='word_1_203' title='bbox 202 2603 262 2645; x_wconf 91' lang='lat' dir='ltr'>Ut</span> <span class='ocrx_word' id='word_1_204' title='bbox 290 2606 608 2654; x_wconf 81' lang='lat' dir='ltr'>cognoscamus</span> <span class='ocrx_word' id='word_1_205' title='bbox 640 2604 685 2644; x_wconf 92' lang='lat' dir='ltr'>in</span> <span class='ocrx_word' id='word_1_206' title='bbox 714 2609 831 2645; x_wconf 89' lang='lat' dir='ltr'>terra</span> <span class='ocrx_word' id='word_1_207' title='bbox 859 2604 975 2646; x_wconf 90' lang='lat' dir='ltr'>viam</span> 
     </span>
     <span class='ocr_line' id='line_1_45' title="bbox 150 2659 973 2703; baseline 0.004 -3"><span class='ocrx_word' id='word_1_208' title='bbox 150 2664 287 2701; x_wconf 87' lang='lat' dir='ltr'>tuam:</span> <span class='ocrx_word' id='word_1_209' title='bbox 301 2661 325 2686; x_wconf 90' lang='lat'>*</span> <span class='ocrx_word' id='word_1_210' title='bbox 340 2660 384 2700; x_wconf 92' lang='lat' dir='ltr'>in</span> <span class='ocrx_word' id='word_1_211' title='bbox 404 2659 606 2701; x_wconf 73' lang='lat' dir='ltr'>Omnibus</span> <span class='ocrx_word' id='word_1_212' title='bbox 627 2660 843 2703; x_wconf 84' lang='lat' dir='ltr'>Gentibus</span> <span class='ocrx_word' id='word_1_213' title='bbox 863 2662 973 2703; x_wconf 90' lang='lat' dir='ltr'>salu-</span> 
     </span>
     <span class='ocr_line' id='line_1_46' title="bbox 150 2718 397 2758; baseline -0.004 0"><span class='ocrx_word' id='word_1_214' title='bbox 150 2718 244 2758; x_wconf 76' lang='lat' dir='ltr'>tare</span> <span class='ocrx_word' id='word_1_215' title='bbox 263 2721 397 2758; x_wconf 84' lang='lat' dir='ltr'>tuum.</span> 
     </span>
    </p>
   </div>
   <div class='ocr_carea' id='block_1_5' title="bbox 1032 282 1860 891">
    <p class='ocr_par' dir='ltr' id='par_1_15' title="bbox 1034 282 1860 392">
     <span class='ocr_line' id='line_1_47' title="bbox 1087 282 1860 336; baseline 0.003 -13"><span class='ocrx_word' id='word_1_216' title='bbox 1087 282 1390 324; x_wconf 83' lang='lat' dir='ltr'>Confiteantur</span> <span class='ocrx_word' id='word_1_217' title='bbox 1410 282 1489 325; x_wconf 91' lang='lat' dir='ltr'>tibi</span> <span class='ocrx_word' id='word_1_218' title='bbox 1508 283 1662 336; x_wconf 66' lang='lat' dir='ltr'>pepuli</span> <span class='ocrx_word' id='word_1_219' title='bbox 1682 284 1817 325; x_wconf 91' lang='lat' dir='ltr'>Deus:</span> <span class='ocrx_word' id='word_1_220' title='bbox 1837 285 1860 310; x_wconf 93' lang='lat'>*</span> 
     </span>
     <span class='ocr_line' id='line_1_48' title="bbox 1034 338 1782 392; baseline 0.003 -13"><span class='ocrx_word' id='word_1_221' title='bbox 1034 339 1326 380; x_wconf 82' lang='lat' dir='ltr'>confiteantur</span> <span class='ocrx_word' id='word_1_222' title='bbox 1346 338 1426 380; x_wconf 91' lang='lat' dir='ltr'>tibi</span> <span class='ocrx_word' id='word_1_223' title='bbox 1446 340 1598 392; x_wconf 66' lang='lat' dir='ltr'>pepuli</span> <span class='ocrx_word' id='word_1_224' title='bbox 1620 353 1782 382; x_wconf 90' lang='lat' dir='ltr'>omnes.</span> 
     </span>
    </p>

    <p class='ocr_par' dir='ltr' id='par_1_16' title="bbox 1032 395 1859 561">
     <span class='ocr_line' id='line_1_49' title="bbox 1084 395 1859 439; baseline 0.003 -4"><span class='ocrx_word' id='word_1_225' title='bbox 1084 395 1310 436; x_wconf 82' lang='lat' dir='ltr'>Laetentur</span> <span class='ocrx_word' id='word_1_226' title='bbox 1329 401 1372 437; x_wconf 93' lang='lat' dir='ltr'>et</span> <span class='ocrx_word' id='word_1_227' title='bbox 1393 396 1611 438; x_wconf 81' lang='lat' dir='ltr'>exsultent</span> <span class='ocrx_word' id='word_1_228' title='bbox 1631 397 1812 439; x_wconf 90' lang='lat' dir='ltr'>Gentes:</span> <span class='ocrx_word' id='word_1_229' title='bbox 1835 399 1859 423; x_wconf 85' lang='lat'>*</span> 
     </span>
     <span class='ocr_line' id='line_1_50' title="bbox 1034 451 1859 507; baseline 0.005 -15"><span class='ocrx_word' id='word_1_230' title='bbox 1034 452 1242 504; x_wconf 67' lang='lat' dir='ltr'>queniam</span> <span class='ocrx_word' id='word_1_231' title='bbox 1266 451 1433 503; x_wconf 82' lang='lat' dir='ltr'>judicas</span> <span class='ocrx_word' id='word_1_232' title='bbox 1454 453 1643 505; x_wconf 74' lang='lat' dir='ltr'>pcpulos</span> <span class='ocrx_word' id='word_1_233' title='bbox 1663 454 1707 494; x_wconf 90' lang='lat' dir='ltr'>in</span> <span class='ocrx_word' id='word_1_234' title='bbox 1727 455 1859 507; x_wconf 81' lang='lat' dir='ltr'>aequi-</span> 
     </span>
     <span class='ocr_line' id='line_1_51' title="bbox 1032 508 1756 561; baseline 0.003 -12"><span class='ocrx_word' id='word_1_235' title='bbox 1032 511 1134 557; x_wconf 71' lang='lat' dir='ltr'>tate,</span> <span class='ocrx_word' id='word_1_236' title='bbox 1155 514 1198 550; x_wconf 93' lang='lat' dir='ltr'>et</span> <span class='ocrx_word' id='word_1_237' title='bbox 1213 508 1379 550; x_wconf 88' lang='lat' dir='ltr'>Gentes</span> <span class='ocrx_word' id='word_1_238' title='bbox 1398 509 1440 549; x_wconf 91' lang='lat' dir='ltr'>in</span> <span class='ocrx_word' id='word_1_239' title='bbox 1460 514 1576 550; x_wconf 90' lang='lat' dir='ltr'>terra</span> <span class='ocrx_word' id='word_1_240' title='bbox 1597 510 1756 561; x_wconf 84' lang='lat' dir='ltr'>dirigis.</span> 
     </span>
    </p>

    <p class='ocr_par' dir='ltr' id='par_1_17' title="bbox 1032 565 1859 720">
     <span class='ocr_line' id='line_1_52' title="bbox 1085 565 1859 618; baseline 0.004 -12"><span class='ocrx_word' id='word_1_241' title='bbox 1085 565 1386 606; x_wconf 78' lang='lat' dir='ltr'>Confiteantur</span> <span class='ocrx_word' id='word_1_242' title='bbox 1422 565 1500 607; x_wconf 91' lang='lat' dir='ltr'>tibi</span> <span class='ocrx_word' id='word_1_243' title='bbox 1540 567 1693 618; x_wconf 67' lang='lat' dir='ltr'>pepuli</span> <span class='ocrx_word' id='word_1_244' title='bbox 1728 568 1859 617; x_wconf 86' lang='lat' dir='ltr'>Deus,</span> 
     </span>
     <span class='ocr_line' id='line_1_53' title="bbox 1033 622 1859 675; baseline 0.004 -13"><span class='ocrx_word' id='word_1_245' title='bbox 1033 622 1323 663; x_wconf 78' lang='lat' dir='ltr'>confiteantur</span> <span class='ocrx_word' id='word_1_246' title='bbox 1351 622 1429 663; x_wconf 89' lang='lat' dir='ltr'>tibi</span> <span class='ocrx_word' id='word_1_247' title='bbox 1459 623 1611 675; x_wconf 76' lang='lat' dir='ltr'>pcpuli</span> <span class='ocrx_word' id='word_1_248' title='bbox 1644 636 1809 665; x_wconf 86' lang='lat' dir='ltr'>omnes:</span> <span class='ocrx_word' id='word_1_249' title='bbox 1837 626 1859 650; x_wconf 87' lang='lat'>*</span> 
     </span>
     <span class='ocr_line' id='line_1_54' title="bbox 1032 678 1653 720; baseline 0.002 -1"><span class='ocrx_word' id='word_1_250' title='bbox 1032 684 1149 720; x_wconf 89' lang='lat' dir='ltr'>terra</span> <span class='ocrx_word' id='word_1_251' title='bbox 1169 678 1290 720; x_wconf 91' lang='lat' dir='ltr'>dedit</span> <span class='ocrx_word' id='word_1_252' title='bbox 1310 679 1497 720; x_wconf 90' lang='lat' dir='ltr'>fructum</span> <span class='ocrx_word' id='word_1_253' title='bbox 1518 693 1653 720; x_wconf 92' lang='lat' dir='ltr'>suum.</span> 
     </span>
    </p>

    <p class='ocr_par' dir='ltr' id='par_1_18' title="bbox 1032 735 1860 891">
     <span class='ocr_line' id='line_1_55' title="bbox 1084 735 1859 788; baseline 0.004 -12"><span class='ocrx_word' id='word_1_254' title='bbox 1084 735 1324 777; x_wconf 83' lang='lat' dir='ltr'>Benedicat</span> <span class='ocrx_word' id='word_1_255' title='bbox 1334 749 1415 777; x_wconf 90' lang='lat' dir='ltr'>nos</span> <span class='ocrx_word' id='word_1_256' title='bbox 1426 737 1557 785; x_wconf 78' lang='lat' dir='ltr'>Deus,</span> <span class='ocrx_word' id='word_1_257' title='bbox 1570 737 1690 778; x_wconf 92' lang='lat' dir='ltr'>Deus</span> <span class='ocrx_word' id='word_1_258' title='bbox 1700 743 1859 788; x_wconf 82' lang='lat' dir='ltr'>noster,</span> 
     </span>
     <span class='ocr_line' id='line_1_56' title="bbox 1032 791 1860 836; baseline 0.001 -2"><span class='ocrx_word' id='word_1_259' title='bbox 1032 791 1263 834; x_wconf 81' lang='lat' dir='ltr'>benedicat</span> <span class='ocrx_word' id='word_1_260' title='bbox 1291 805 1370 833; x_wconf 89' lang='lat' dir='ltr'>nos</span> <span class='ocrx_word' id='word_1_261' title='bbox 1398 793 1533 834; x_wconf 87' lang='lat' dir='ltr'>Deus:</span> <span class='ocrx_word' id='word_1_262' title='bbox 1553 794 1575 818; x_wconf 91' lang='lat'>*</span> <span class='ocrx_word' id='word_1_263' title='bbox 1601 799 1644 835; x_wconf 87' lang='lat' dir='ltr'>et</span> <span class='ocrx_word' id='word_1_264' title='bbox 1666 796 1860 836; x_wconf 84' lang='lat' dir='ltr'>metuant</span> 
     </span>
     <span class='ocr_line' id='line_1_57' title="bbox 1034 849 1592 891; baseline 0 -1"><span class='ocrx_word' id='word_1_265' title='bbox 1034 862 1132 890; x_wconf 92' lang='lat' dir='ltr'>eum</span> <span class='ocrx_word' id='word_1_266' title='bbox 1153 862 1304 890; x_wconf 91' lang='lat' dir='ltr'>omnes</span> <span class='ocrx_word' id='word_1_267' title='bbox 1324 849 1432 890; x_wconf 91' lang='lat' dir='ltr'>fines</span> <span class='ocrx_word' id='word_1_268' title='bbox 1452 854 1592 891; x_wconf 86' lang='lat' dir='ltr'>terrae.</span> 
     </span>
    </p>
   </div>
   <div class='ocr_carea' id='block_1_6' title="bbox 1026 910 1910 2761">
    <p class='ocr_par' dir='ltr' id='par_1_19' title="bbox 1086 910 1910 965">
     <span class='ocr_line' id='line_1_58' title="bbox 1086 910 1910 965; baseline -0.004 -14"><span class='ocrx_word' id='word_1_269' title='bbox 1086 910 1237 951; x_wconf 72' lang='lat' dir='ltr'>Gldria</span> <span class='ocrx_word' id='word_1_270' title='bbox 1256 911 1386 951; x_wconf 90' lang='lat' dir='ltr'>Patri.</span> <span class='ocrx_word' id='word_1_271' title='bbox 1909 962 1910 965; x_wconf 11' lang='grc' dir='ltr'><strong>Ἴ</strong></span> 
     </span>
    </p>

    <p class='ocr_par' dir='ltr' id='par_1_20' title="bbox 1033 970 1859 1080">
     <span class='ocr_line' id='line_1_59' title="bbox 1091 970 1859 1024; baseline 0.007 -15"><span class='ocrx_word' id='word_1_272' title='bbox 1091 970 1169 1011; x_wconf 77' lang='lat' dir='ltr'>Per</span> <span class='ocrx_word' id='word_1_273' title='bbox 1190 971 1373 1011; x_wconf 67' lang='lat' dir='ltr'>Annum.</span> <span class='ocrx_word' id='word_1_274' title='bbox 1405 974 1501 1013; x_wconf 74' lang='lat' dir='ltr'>Ant.</span> <span class='ocrx_word' id='word_1_275' title='bbox 1537 972 1734 1024; x_wconf 74' lang='lat' dir='ltr'>Alleluja‚</span> <span class='ocrx_word' id='word_1_276' title='bbox 1760 973 1859 1015; x_wconf 84' lang='lat' dir='ltr'>alle-</span> 
     </span>
     <span class='ocr_line' id='line_1_60' title="bbox 1033 1029 1128 1080; baseline 0 -11"><span class='ocrx_word' id='word_1_277' title='bbox 1033 1029 1128 1080; x_wconf 78' lang='lat' dir='ltr'>luja.</span> 
     </span>
    </p>

    <p class='ocr_par' dir='ltr' id='par_1_21' title="bbox 1088 1090 1480 1141">
     <span class='ocr_line' id='line_1_61' title="bbox 1088 1090 1480 1141; baseline -0.003 -10"><span class='ocrx_word' id='word_1_278' title='bbox 1088 1091 1186 1131; x_wconf 81' lang='lat' dir='ltr'>Ant.</span> <span class='ocrx_word' id='word_1_279' title='bbox 1216 1092 1325 1131; x_wconf 88' lang='lat' dir='ltr'>Tres</span> <span class='ocrx_word' id='word_1_280' title='bbox 1344 1090 1480 1141; x_wconf 83' lang='lat' dir='ltr'>pueri.</span> 
     </span>
    </p>

    <p class='ocr_par' dir='ltr' id='par_1_22' title="bbox 1033 1176 1860 1459">
     <span class='ocr_line' id='line_1_62' title="bbox 1126 1176 1767 1228; baseline 0.006 -14"><span class='ocrx_word' id='word_1_281' title='bbox 1126 1176 1348 1215; x_wconf 74' lang='lat' dir='ltr'>Canticum</span> <span class='ocrx_word' id='word_1_282' title='bbox 1372 1176 1498 1215; x_wconf 82' lang='lat' dir='ltr'>trium</span> <span class='ocrx_word' id='word_1_283' title='bbox 1523 1191 1767 1228; x_wconf 75' lang='lat' dir='ltr'>puerorum.</span> 
     </span>
     <span class='ocr_line' id='line_1_63' title="bbox 1314 1242 1581 1277; baseline 0.007 -2"><span class='ocrx_word' id='word_1_284' title='bbox 1314 1242 1487 1276; x_wconf 73' lang='lat' dir='ltr'>Danielis</span> <span class='ocrx_word' id='word_1_285' title='bbox 1504 1244 1533 1276; x_wconf 66' lang='lat'>33.</span> <span class='ocrx_word' id='word_1_286' title='bbox 1553 1254 1581 1277; x_wconf 83' lang='lat' dir='ltr'>c.</span> 
     </span>
     <span class='ocr_line' id='line_1_64' title="bbox 1115 1304 1860 1357; baseline 0.003 -13"><span class='ocrx_word' id='word_1_287' title='bbox 1115 1304 1327 1346; x_wconf 92' lang='lat' dir='ltr'>enedicite</span> <span class='ocrx_word' id='word_1_288' title='bbox 1353 1306 1497 1346; x_wconf 66' lang='lat' dir='ltr'>emnia</span> <span class='ocrx_word' id='word_1_289' title='bbox 1523 1307 1658 1357; x_wconf 74' lang='lat' dir='ltr'>dpera</span> <span class='ocrx_word' id='word_1_290' title='bbox 1684 1306 1860 1346; x_wconf 73' lang='lat' dir='ltr'>Dcmini</span> 
     </span>
     <span class='ocr_line' id='line_1_65' title="bbox 1140 1361 1859 1414; baseline 0.003 -13"><span class='ocrx_word' id='word_1_291' title='bbox 1140 1361 1345 1402; x_wconf 73' lang='lat' dir='ltr'>Do&#39;minoz</span> <span class='ocrx_word' id='word_1_292' title='bbox 1377 1362 1400 1387; x_wconf 88' lang='lat'>*</span> <span class='ocrx_word' id='word_1_293' title='bbox 1432 1361 1608 1403; x_wconf 74' lang='lat' dir='ltr'>laudate</span> <span class='ocrx_word' id='word_1_294' title='bbox 1637 1367 1680 1403; x_wconf 93' lang='lat' dir='ltr'>et</span> <span class='ocrx_word' id='word_1_295' title='bbox 1712 1375 1859 1414; x_wconf 92' lang='lat' dir='ltr'>super-</span> 
     </span>
     <span class='ocr_line' id='line_1_66' title="bbox 1033 1417 1593 1459; baseline 0.002 -2"><span class='ocrx_word' id='word_1_296' title='bbox 1033 1417 1222 1459; x_wconf 77' lang='lat' dir='ltr'>exaltate</span> <span class='ocrx_word' id='word_1_297' title='bbox 1242 1431 1341 1459; x_wconf 91' lang='lat' dir='ltr'>eum</span> <span class='ocrx_word' id='word_1_298' title='bbox 1360 1418 1403 1458; x_wconf 94' lang='lat' dir='ltr'>in</span> <span class='ocrx_word' id='word_1_299' title='bbox 1424 1418 1593 1459; x_wconf 75' lang='lat' dir='ltr'>saecula.</span> 
     </span>
    </p>

    <p class='ocr_par' dir='ltr' id='par_1_23' title="bbox 1031 1473 1859 1573">
     <span class='ocr_line' id='line_1_67' title="bbox 1084 1473 1859 1525; baseline 0.003 -11"><span class='ocrx_word' id='word_1_300' title='bbox 1084 1473 1338 1516; x_wconf 89' lang='lat' dir='ltr'>Benedicite</span> <span class='ocrx_word' id='word_1_301' title='bbox 1371 1474 1527 1525; x_wconf 90' lang='lat' dir='ltr'>Angeli</span> <span class='ocrx_word' id='word_1_302' title='bbox 1563 1475 1740 1515; x_wconf 68' lang='lat' dir='ltr'>Domini</span> <span class='ocrx_word' id='word_1_303' title='bbox 1772 1475 1859 1516; x_wconf 77' lang='lat' dir='ltr'>Dc-</span> 
     </span>
     <span class='ocr_line' id='line_1_68' title="bbox 1031 1530 1812 1573; baseline 0.004 -3"><span class='ocrx_word' id='word_1_304' title='bbox 1031 1530 1165 1571; x_wconf 90' lang='lat' dir='ltr'>mino:</span> <span class='ocrx_word' id='word_1_305' title='bbox 1184 1531 1208 1556; x_wconf 88' lang='lat'>*</span> <span class='ocrx_word' id='word_1_306' title='bbox 1227 1530 1471 1572; x_wconf 80' lang='lat' dir='ltr'>benedicite</span> <span class='ocrx_word' id='word_1_307' title='bbox 1492 1531 1591 1572; x_wconf 86' lang='lat' dir='ltr'>coeli</span> <span class='ocrx_word' id='word_1_308' title='bbox 1610 1531 1812 1573; x_wconf 68' lang='lat' dir='ltr'>Demino.</span> 
     </span>
    </p>

    <p class='ocr_par' dir='ltr' id='par_1_24' title="bbox 1031 1587 1859 1798">
     <span class='ocr_line' id='line_1_69' title="bbox 1084 1587 1859 1640; baseline 0.001 -12"><span class='ocrx_word' id='word_1_309' title='bbox 1084 1587 1336 1629; x_wconf 91' lang='lat' dir='ltr'>Benedicite</span> <span class='ocrx_word' id='word_1_310' title='bbox 1353 1601 1479 1640; x_wconf 87' lang='lat' dir='ltr'>aquae</span> <span class='ocrx_word' id='word_1_311' title='bbox 1496 1600 1658 1637; x_wconf 79' lang='lat' dir='ltr'>omneS‚</span> <span class='ocrx_word' id='word_1_312' title='bbox 1679 1602 1776 1640; x_wconf 80' lang='lat' dir='ltr'>quae</span> <span class='ocrx_word' id='word_1_313' title='bbox 1793 1602 1859 1629; x_wconf 92' lang='lat' dir='ltr'>su-</span> 
     </span>
     <span class='ocr_line' id='line_1_70' title="bbox 1031 1644 1859 1696; baseline 0.001 -11"><span class='ocrx_word' id='word_1_314' title='bbox 1031 1657 1110 1696; x_wconf 89' lang='lat' dir='ltr'>per</span> <span class='ocrx_word' id='word_1_315' title='bbox 1130 1644 1268 1685; x_wconf 89' lang='lat' dir='ltr'>coelos</span> <span class='ocrx_word' id='word_1_316' title='bbox 1289 1650 1398 1694; x_wconf 83' lang='lat' dir='ltr'>sunt,</span> <span class='ocrx_word' id='word_1_317' title='bbox 1418 1645 1624 1686; x_wconf 75' lang='lat' dir='ltr'>Dcmino:</span> <span class='ocrx_word' id='word_1_318' title='bbox 1644 1646 1666 1670; x_wconf 85' lang='lat'>*</span> <span class='ocrx_word' id='word_1_319' title='bbox 1685 1644 1859 1687; x_wconf 87' lang='lat' dir='ltr'>benedi-</span> 
     </span>
     <span class='ocr_line' id='line_1_71' title="bbox 1033 1701 1859 1743; baseline 0.001 -2"><span class='ocrx_word' id='word_1_320' title='bbox 1033 1701 1116 1742; x_wconf 91' lang='lat' dir='ltr'>cite</span> <span class='ocrx_word' id='word_1_321' title='bbox 1154 1713 1307 1743; x_wconf 90' lang='lat' dir='ltr'>omnes</span> <span class='ocrx_word' id='word_1_322' title='bbox 1343 1702 1526 1743; x_wconf 78' lang='lat' dir='ltr'>virtutes</span> <span class='ocrx_word' id='word_1_323' title='bbox 1563 1702 1740 1742; x_wconf 68' lang='lat' dir='ltr'>Demini</span> <span class='ocrx_word' id='word_1_324' title='bbox 1772 1702 1859 1743; x_wconf 66' lang='lat' dir='ltr'>Dc&gt;-</span> 
     </span>
     <span class='ocr_line' id='line_1_72' title="bbox 1031 1757 1160 1798; baseline 0 -1"><span class='ocrx_word' id='word_1_325' title='bbox 1031 1757 1160 1798; x_wconf 90' lang='lat' dir='ltr'>mino.</span> 
     </span>
    </p>

    <p class='ocr_par' dir='ltr' id='par_1_25' title="bbox 1031 1813 1859 1913">
     <span class='ocr_line' id='line_1_73' title="bbox 1083 1813 1859 1857; baseline 0.001 -3"><span class='ocrx_word' id='word_1_326' title='bbox 1083 1813 1337 1856; x_wconf 85' lang='lat' dir='ltr'>Benedicite</span> <span class='ocrx_word' id='word_1_327' title='bbox 1366 1814 1433 1856; x_wconf 91' lang='lat' dir='ltr'>sol</span> <span class='ocrx_word' id='word_1_328' title='bbox 1461 1820 1504 1857; x_wconf 90' lang='lat' dir='ltr'>et</span> <span class='ocrx_word' id='word_1_329' title='bbox 1528 1815 1630 1856; x_wconf 90' lang='lat' dir='ltr'>luna</span> <span class='ocrx_word' id='word_1_330' title='bbox 1654 1815 1859 1856; x_wconf 73' lang='lat' dir='ltr'>Dcmino:</span> 
     </span>
     <span class='ocr_line' id='line_1_74' title="bbox 1031 1869 1818 1913; baseline 0 -1"><span class='ocrx_word' id='word_1_331' title='bbox 1031 1870 1054 1895; x_wconf 89' lang='lat'>*</span> <span class='ocrx_word' id='word_1_332' title='bbox 1073 1869 1318 1912; x_wconf 91' lang='lat' dir='ltr'>benedicite</span> <span class='ocrx_word' id='word_1_333' title='bbox 1338 1871 1476 1912; x_wconf 89' lang='lat' dir='ltr'>stellae</span> <span class='ocrx_word' id='word_1_334' title='bbox 1497 1871 1597 1913; x_wconf 88' lang='lat' dir='ltr'>coeli</span> <span class='ocrx_word' id='word_1_335' title='bbox 1616 1871 1818 1913; x_wconf 71' lang='lat' dir='ltr'>Demino.</span> 
     </span>
    </p>

    <p class='ocr_par' dir='ltr' id='par_1_26' title="bbox 1030 1926 1858 2082">
     <span class='ocr_line' id='line_1_75' title="bbox 1082 1926 1858 1970; baseline 0.001 -2"><span class='ocrx_word' id='word_1_336' title='bbox 1082 1926 1337 1969; x_wconf 90' lang='lat' dir='ltr'>Benedicite</span> <span class='ocrx_word' id='word_1_337' title='bbox 1370 1929 1509 1969; x_wconf 91' lang='lat' dir='ltr'>omnis</span> <span class='ocrx_word' id='word_1_338' title='bbox 1541 1927 1679 1970; x_wconf 92' lang='lat' dir='ltr'>imber</span> <span class='ocrx_word' id='word_1_339' title='bbox 1712 1934 1755 1970; x_wconf 90' lang='lat' dir='ltr'>et</span> <span class='ocrx_word' id='word_1_340' title='bbox 1786 1940 1858 1969; x_wconf 90' lang='lat' dir='ltr'>ros</span> 
     </span>
     <span class='ocr_line' id='line_1_76' title="bbox 1030 1983 1857 2038; baseline 0.001 -14"><span class='ocrx_word' id='word_1_341' title='bbox 1030 1984 1238 2025; x_wconf 67' lang='lat' dir='ltr'>Domino:</span> <span class='ocrx_word' id='word_1_342' title='bbox 1257 1985 1280 2010; x_wconf 91' lang='lat'>*</span> <span class='ocrx_word' id='word_1_343' title='bbox 1298 1983 1544 2026; x_wconf 88' lang='lat' dir='ltr'>benedicite</span> <span class='ocrx_word' id='word_1_344' title='bbox 1565 1997 1716 2026; x_wconf 90' lang='lat' dir='ltr'>omnes</span> <span class='ocrx_word' id='word_1_345' title='bbox 1737 1985 1857 2038; x_wconf 90' lang='lat' dir='ltr'>spiri-</span> 
     </span>
     <span class='ocr_line' id='line_1_77' title="bbox 1030 2041 1423 2082; baseline 0.003 -1"><span class='ocrx_word' id='word_1_346' title='bbox 1030 2045 1101 2082; x_wconf 91' lang='lat' dir='ltr'>tus</span> <span class='ocrx_word' id='word_1_347' title='bbox 1120 2041 1203 2082; x_wconf 92' lang='lat' dir='ltr'>Dei</span> <span class='ocrx_word' id='word_1_348' title='bbox 1221 2041 1423 2082; x_wconf 82' lang='lat' dir='ltr'>D6mino.</span> 
     </span>
    </p>

    <p class='ocr_par' dir='ltr' id='par_1_27' title="bbox 1028 2097 1856 2252">
     <span class='ocr_line' id='line_1_78' title="bbox 1082 2097 1856 2149; baseline -0.001 -10"><span class='ocrx_word' id='word_1_349' title='bbox 1082 2097 1336 2139; x_wconf 91' lang='lat' dir='ltr'>Benedicite</span> <span class='ocrx_word' id='word_1_350' title='bbox 1372 2098 1483 2149; x_wconf 87' lang='lat' dir='ltr'>ignis</span> <span class='ocrx_word' id='word_1_351' title='bbox 1520 2103 1563 2140; x_wconf 89' lang='lat' dir='ltr'>et</span> <span class='ocrx_word' id='word_1_352' title='bbox 1599 2103 1732 2139; x_wconf 85' lang='lat' dir='ltr'>aestus</span> <span class='ocrx_word' id='word_1_353' title='bbox 1769 2098 1856 2138; x_wconf 72' lang='lat' dir='ltr'>Dc-</span> 
     </span>
     <span class='ocr_line' id='line_1_79' title="bbox 1029 2153 1856 2206; baseline 0.001 -13"><span class='ocrx_word' id='word_1_354' title='bbox 1029 2153 1162 2195; x_wconf 91' lang='lat' dir='ltr'>mino:</span> <span class='ocrx_word' id='word_1_355' title='bbox 1181 2154 1204 2180; x_wconf 90' lang='lat'>*</span> <span class='ocrx_word' id='word_1_356' title='bbox 1227 2153 1473 2196; x_wconf 87' lang='lat' dir='ltr'>benedicite</span> <span class='ocrx_word' id='word_1_357' title='bbox 1497 2155 1631 2206; x_wconf 85' lang='lat' dir='ltr'>frigus</span> <span class='ocrx_word' id='word_1_358' title='bbox 1657 2159 1700 2196; x_wconf 88' lang='lat' dir='ltr'>et</span> <span class='ocrx_word' id='word_1_359' title='bbox 1723 2159 1856 2195; x_wconf 85' lang='lat' dir='ltr'>aestus</span> 
     </span>
     <span class='ocr_line' id='line_1_80' title="bbox 1028 2208 1621 2252; baseline 0.003 -2"><span class='ocrx_word' id='word_1_360' title='bbox 1028 2210 1230 2252; x_wconf 68' lang='lat' dir='ltr'>Demino.</span> <span class='ocrx_word' id='word_1_361' title='bbox 1612 2208 1621 2217; x_wconf 83' lang='lat'><em>&#39;</em></span> 
     </span>
    </p>

    <p class='ocr_par' dir='ltr' id='par_1_28' title="bbox 1028 2266 1855 2421">
     <span class='ocr_line' id='line_1_81' title="bbox 1080 2266 1855 2319; baseline 0 -12"><span class='ocrx_word' id='word_1_362' title='bbox 1080 2266 1333 2309; x_wconf 89' lang='lat' dir='ltr'>Benedicite</span> <span class='ocrx_word' id='word_1_363' title='bbox 1366 2279 1488 2309; x_wconf 84' lang='lat' dir='ltr'>rores</span> <span class='ocrx_word' id='word_1_364' title='bbox 1517 2272 1560 2308; x_wconf 86' lang='lat' dir='ltr'>et</span> <span class='ocrx_word' id='word_1_365' title='bbox 1586 2269 1741 2319; x_wconf 88' lang='lat' dir='ltr'>pruina</span> <span class='ocrx_word' id='word_1_366' title='bbox 1768 2267 1855 2307; x_wconf 72' lang='lat' dir='ltr'>Dc-</span> 
     </span>
     <span class='ocr_line' id='line_1_82' title="bbox 1028 2323 1854 2374; baseline 0 -11"><span class='ocrx_word' id='word_1_367' title='bbox 1028 2323 1161 2364; x_wconf 93' lang='lat' dir='ltr'>mino:</span> <span class='ocrx_word' id='word_1_368' title='bbox 1188 2324 1212 2349; x_wconf 86' lang='lat'>*</span> <span class='ocrx_word' id='word_1_369' title='bbox 1239 2323 1485 2366; x_wconf 87' lang='lat' dir='ltr'>benedicite</span> <span class='ocrx_word' id='word_1_370' title='bbox 1517 2323 1618 2374; x_wconf 89' lang='lat' dir='ltr'>gelu</span> <span class='ocrx_word' id='word_1_371' title='bbox 1650 2328 1693 2365; x_wconf 91' lang='lat' dir='ltr'>et</span> <span class='ocrx_word' id='word_1_372' title='bbox 1720 2323 1854 2374; x_wconf 89' lang='lat' dir='ltr'>frigus</span> 
     </span>
     <span class='ocr_line' id='line_1_83' title="bbox 1028 2380 1230 2421; baseline 0.005 -1"><span class='ocrx_word' id='word_1_373' title='bbox 1028 2380 1230 2421; x_wconf 81' lang='lat' dir='ltr'>D6mino.</span> 
     </span>
    </p>

    <p class='ocr_par' dir='ltr' id='par_1_29' title="bbox 1027 2436 1853 2591">
     <span class='ocr_line' id='line_1_84' title="bbox 1080 2436 1852 2487; baseline -0.003 -9"><span class='ocrx_word' id='word_1_374' title='bbox 1080 2436 1333 2478; x_wconf 89' lang='lat' dir='ltr'>Benedicite</span> <span class='ocrx_word' id='word_1_375' title='bbox 1360 2437 1523 2487; x_wconf 77' lang='lat' dir='ltr'>glacies</span> <span class='ocrx_word' id='word_1_376' title='bbox 1552 2441 1595 2478; x_wconf 86' lang='lat' dir='ltr'>et</span> <span class='ocrx_word' id='word_1_377' title='bbox 1621 2437 1742 2478; x_wconf 86' lang='lat' dir='ltr'>nives</span> <span class='ocrx_word' id='word_1_378' title='bbox 1766 2437 1852 2476; x_wconf 76' lang='lat' dir='ltr'>Dc-</span> 
     </span>
     <span class='ocr_line' id='line_1_85' title="bbox 1027 2492 1853 2535; baseline -0.001 -2"><span class='ocrx_word' id='word_1_379' title='bbox 1027 2493 1159 2534; x_wconf 90' lang='lat' dir='ltr'>mino:</span> <span class='ocrx_word' id='word_1_380' title='bbox 1187 2494 1210 2519; x_wconf 92' lang='lat'>*</span> <span class='ocrx_word' id='word_1_381' title='bbox 1237 2493 1482 2535; x_wconf 90' lang='lat' dir='ltr'>benedicite</span> <span class='ocrx_word' id='word_1_382' title='bbox 1509 2498 1661 2534; x_wconf 88' lang='lat' dir='ltr'>noctes</span> <span class='ocrx_word' id='word_1_383' title='bbox 1690 2497 1733 2533; x_wconf 91' lang='lat' dir='ltr'>et</span> <span class='ocrx_word' id='word_1_384' title='bbox 1761 2492 1853 2533; x_wconf 89' lang='lat' dir='ltr'>dies</span> 
     </span>
     <span class='ocr_line' id='line_1_86' title="bbox 1027 2550 1229 2591; baseline 0 -1"><span class='ocrx_word' id='word_1_385' title='bbox 1027 2550 1229 2591; x_wconf 66' lang='lat' dir='ltr'>Demino.</span> 
     </span>
    </p>

    <p class='ocr_par' dir='ltr' id='par_1_30' title="bbox 1026 2604 1850 2761">
     <span class='ocr_line' id='line_1_87' title="bbox 1078 2604 1850 2648; baseline -0.004 -1"><span class='ocrx_word' id='word_1_386' title='bbox 1078 2605 1332 2648; x_wconf 88' lang='lat' dir='ltr'>Benedicite</span> <span class='ocrx_word' id='word_1_387' title='bbox 1363 2606 1437 2647; x_wconf 83' lang='lat' dir='ltr'>lux</span> <span class='ocrx_word' id='word_1_388' title='bbox 1469 2611 1512 2647; x_wconf 88' lang='lat' dir='ltr'>et</span> <span class='ocrx_word' id='word_1_389' title='bbox 1543 2604 1735 2647; x_wconf 81' lang='lat' dir='ltr'>tenebrae</span> <span class='ocrx_word' id='word_1_390' title='bbox 1763 2604 1850 2644; x_wconf 76' lang='lat' dir='ltr'>Dc-</span> 
     </span>
     <span class='ocr_line' id='line_1_88' title="bbox 1026 2662 1850 2714; baseline 0 -12"><span class='ocrx_word' id='word_1_391' title='bbox 1026 2663 1160 2703; x_wconf 87' lang='lat' dir='ltr'>mino:</span> <span class='ocrx_word' id='word_1_392' title='bbox 1187 2663 1210 2688; x_wconf 89' lang='lat'>*</span> <span class='ocrx_word' id='word_1_393' title='bbox 1238 2662 1482 2705; x_wconf 87' lang='lat' dir='ltr'>benedicite</span> <span class='ocrx_word' id='word_1_394' title='bbox 1510 2662 1679 2714; x_wconf 77' lang='lat' dir='ltr'>fulgura</span> <span class='ocrx_word' id='word_1_395' title='bbox 1708 2664 1751 2702; x_wconf 89' lang='lat' dir='ltr'>et</span> <span class='ocrx_word' id='word_1_396' title='bbox 1777 2673 1850 2702; x_wconf 93' lang='lat' dir='ltr'>nu-</span> 
     </span>
     <span class='ocr_line' id='line_1_89' title="bbox 1026 2718 1325 2761; baseline 0 0"><span class='ocrx_word' id='word_1_397' title='bbox 1026 2718 1105 2761; x_wconf 86' lang='lat' dir='ltr'>bes</span> <span class='ocrx_word' id='word_1_398' title='bbox 1124 2719 1325 2761; x_wconf 75' lang='lat' dir='ltr'>Dcmino.</span> 
     </span>
    </p>
   </div>
  </div>
 </body>
</html>
