2040 2976
651 220 695 254 In
719 221 846 255 Festis
870 221 911 255 B.
936 221 1070 257 Mariae
1094 222 1137 256 V.
1163 233 1232 265 per
1257 234 1408 257 annum.

170 316 365 366 thronus,
402 315 613 356 Ecclesiae
648 320 813 357 nostrae
851 315 1001 365 decus,

170 372 311 423 gleria
352 377 396 413 et
437 372 780 422 firmamentum,
825 372 1000 414 assidue

169 441 252 480 pro
285 427 413 470 nobis
445 429 628 480 precare
659 429 685 469 J
688 441 810 469 esum
842 428 1000 469 Filium

168 489 302 534 tuum,
318 489 362 526 et
375 484 615 525 Deminum
629 489 842 525 nostrum:
857 489 905 525 ut
918 496 997 536 per

168 545 212 582 te
245 540 594 582 misericerdiam
624 541 819 582 invenire
849 541 894 580 in
926 540 997 581 die

167 596 331 648 judieii,
363 601 407 638 et
441 609 540 648 quae
573 597 769 649 repesita
801 601 902 638 sunt
927 596 997 645 iis,

169 653 242 704 qui
261 652 446 703 diligunt
463 653 622 702 Deum,
648 652 766 694 bona
785 653 997 704 censequi

166 711 397 760 possimus,
411 709 554 759 gratia
569 713 613 750 et
626 708 897 760 benignitate
907 708 994 749 1)ό-

165 765 271 805 mini
294 765 434 806 nostri
452 765 477 805 J
480 777 557 806 esu
582 764 756 806 Christi:
781 778 882 806 cum
907 777 994 816 quo

164 820 286 862 Patri
311 820 439 862 simul
464 825 507 862 et
531 825 683 863 sancto
702 821 882 873 Spiritui
903 820 994 871 gle—

165 876 243 926 ria,
275 881 320 918 et
341 876 499 927 honor,
533 881 577 918 et
601 877 847 930 imperium,
879 890 994 918 nune

166 937 210 974 et
240 945 414 986 semper
444 933 489 974 in
525 933 688 974 saecula
720 933 994 975 saeculerum.

163 989 317 1031 Amen.

215 1068 267 1119 Rz.
291 1068 504 1110 Ornatam
519 1070 754 1112 monilibus
773 1069 908 1110 filiam
927 1069 951 1109 J
955 1082 994 1110 e-

164 1123 355 1165 rusalem
373 1124 590 1167 Deminus
613 1125 880 1178 concupivit:
896 1130 919 1154 *
939 1125 995 1166 Et

102 1210 107 1215 .
163 1180 364 1222 videntes
393 1194 490 1223 eam
517 1182 620 1224 filiae
649 1183 770 1231 Sion,
797 1182 994 1223 beatissi-

162 1249 279 1277 mam
315 1237 685 1289 praedicaverunt,
721 1238 938 1279 dicentes:
968 1242 991 1265 *

163 1291 443 1342 Unguentum
467 1294 653 1335 effusum
675 1307 836 1336 nomen
859 1299 994 1335 tuum.

161 1342 212 1396 V.
242 1349 397 1391 Astitit
421 1353 572 1401 regina
597 1364 622 1392 a
648 1351 814 1392 dextris
838 1350 925 1391 tuis
951 1351 994 1391 in

162 1407 325 1446 vestitu
357 1405 590 1456 deaurato,
625 1405 896 1448 circumdata
923 1419 993 1447 va-

163 1460 330 1502 rietate.
366 1462 423 1503 Et
442 1462 652 1504 videntes.
689 1463 846 1503 Gleria
863 1463 994 1504 Patri.

162 1516 452 1567 Unguentum.

380 1606 430 1645 In
449 1607 520 1646 111,
540 1608 575 1646 N
578 1609 764 1649 octurno.

216 1677 316 1716 Ant.
344 1675 498 1717 Gaude
517 1676 656 1719 Maria
674 1678 825 1730 Virgo,
844 1679 868 1705 *
891 1693 991 1721 cun-

162 1734 255 1771 ctas
294 1730 486 1773 haereses
525 1733 621 1774 sola
658 1734 916 1776 interemisti
946 1737 990 1776 in

159 1787 365 1828 universo
384 1787 560 1829 mundo.

425 1862 624 1902 Psalmus
653 1864 719 1903 95.

164 1934 642 1994 j>,j3,g,3'a11tteD6mino
670 1937 890 1979 canticum
916 1951 989 1980 no-

164 2021 175 2045 3
288 2003 404 2031 vum:
414 1990 439 2016 *
450 1993 625 2033 cantate
639 1992 832 2034 Demino
848 1994 990 2035 omnis

166 2044 188 2057 ““
209 2053 217 2056 χ
287 2050 415 2087 terra.

212 2101 395 2144 Cantate
426 2103 633 2153 Deman
666 2109 710 2145 et
740 2104 988 2148 bened1'cite

158 2157 323 2199 nemini
352 2159 460 2210 ejus:
488 2160 512 2186 *
540 2161 795 2202 annuntiate
828 2161 883 2203 de
917 2162 988 2204 die

158 2214 203 2254 in
231 2214 348 2255 diem
375 2215 566 2257 salutare
595 2217 697 2268 ejus.

211 2270 480 2312 Annuntiate
495 2271 609 2313 inter
623 2272 789 2326 Gentes
804 2274 990 2324 gleriam

160 2326 267 2377 ejus,
298 2327 322 2353 *
354 2326 398 2367 in
426 2327 630 2369 omnibus
657 2329 835 2381 populis
863 2331 989 2372 mira-

160 2381 264 2423 bilia
293 2382 394 2434 ejus.

213 2438 430 2487 Queniam
461 2451 645 2502 magnus
675 2441 910 2494 D6minus,
946 2448 990 2485 et

159 2493 392 2535 laudabilis
428 2494 574 2535 nimis:
612 2497 637 2523 *
673 2497 884 2539 terribilis
923 2504 990 2541 est

160 2562 293 2601 super
321 2562 472 2591 omnes
501 2550 620 2592 deos.

213 2606 431 2655 Queniam
446 2618 596 2648 omnes
613 2607 673 2649 dii
683 2608 893 2651 Gentium
903 2610 988 2652 dae-

121 2687 126 2690 -
160 2662 322 2757 1menia:
356 2663 380 2689 *
416 2662 632 2705 1)όωί11118
669 2669 816 2707 autem
851 2666 988 2708 coelos

178 2717 274 2759 ecit.

1107 315 1346 366 Confessio,
1362 320 1405 357 et
1425 315 1709 368 pulchritudo
1725 315 1769 355 in
1785 327 1884 356 con-

1054 373 1209 424 spectu
1236 373 1343 423 ejus:
1368 373 1392 399 *
1418 372 1706 413 sanctimenia
1731 376 1774 412 et
1798 384 1884 412 ma-

1053 427 1304 479 gnificentia
1331 428 1374 468 in
1408 428 1754 470 sanctificatiene
1782 428 1885 478 ejus.

1105 483 1270 525 Afferte
1285 485 1477 525 Demino
1493 485 1650 537 patriae
1667 484 1885 534 Gentium,

1053 539 1206 581 afferte
1234 540 1426 582 Demino
1454 540 1642 591 gleriam
1675 544 1718 581 et
1747 539 1883 581 hone-

1051 609 1159 637 rem:
1179 597 1203 623 *
1222 595 1374 638 afferte
1393 597 1585 638 Demino
1605 596 1792 647 gleriam
1808 598 1883 637 11ό-

1051 652 1158 693 mini
1187 653 1288 703 ejus.

1106 708 1269 749 Tollite
1309 707 1496 760 hestias,
1534 714 1578 751 et
1620 710 1799 751 introite
1840 709 1884 749 in

1052 765 1163 806 atria
1187 766 1293 816 ejus:
1316 766 1340 791 *
1366 765 1550 807 adorate
1571 766 1812 806 Dominum
1839 765 1884 805 in

1051 821 1163 862 atrio
1192 825 1344 862 sancto
1374 823 1475 873 ejus.

1104 877 1445 919 Commoveatur
1476 891 1502 919 a
1534 878 1645 919 facie
1674 879 1765 930 ejus
1793 877 1882 919 uni-

1050 935 1177 974 versa
1204 938 1339 974 terra:
1366 935 1391 961 *
1423 933 1557 976 dieite
1588 935 1633 975 in
1666 933 1883 975 Gentibus

1051 989 1154 1041 quia
1180 990 1396 1030 Deminus
1423 991 1632 1042 regnavit.

1102 1046 1279 1088 Etenim
1320 1047 1513 1088 correxit
1554 1046 1709 1088 orbem
1751 1051 1882 1088 terrae
1930 1083 1932 1087 ,

1051 1102 1125 1154 qui
1156 1115 1245 1144 non
1273 1102 1638 1144 commovebitur:
1670 1104 1694 1131 *
1722 1102 1881 1154 judica-

1049 1157 1114 1199 bit
1141 1158 1333 1210 pepulos
1360 1159 1404 1199 in
1433 1159 1654 1211 aequitate.

1100 1214 1326 1256 Laetentur
1346 1215 1458 1265 coeli,
1479 1220 1523 1256 et
1541 1215 1731 1257 exsultet
1749 1220 1881 1256 terra:

1048 1273 1379 1312 commoveatur
1406 1284 1542 1321 mare,
1578 1276 1622 1313 et
1648 1271 1879 1324 plenitudo
1930 1297 1932 1300 >

1049 1328 1158 1378 eius:
1177 1328 1201 1354 *
1219 1326 1475 1377 gaudebunt
1497 1328 1652 1380 campi,
1671 1332 1715 1369 et
1734 1328 1881 1369 emnia

1050 1395 1149 1434 quae
1177 1383 1222 1423 in
1250 1383 1312 1424 eis
1341 1389 1452 1424 sunt.

1100 1438 1226 1480 Tunc
1261 1439 1541 1481 exsultabunt
1578 1441 1723 1482 emnia
1763 1440 1881 1492 ligna

1047 1494 1258 1536 silvarum
1282 1508 1307 1536 a
1328 1495 1440 1537 facie
1463 1496 1652 1546 Demini‚
1682 1497 1785 1548 quia
1809 1509 1880 1537 ve-

1046 1550 1123 1592 nit:
1149 1552 1173 1579 *
1201 1551 1409 1604 queniam
1432 1553 1553 1594 venit
1577 1553 1770 1605 judicare
1795 1557 1878 1594 ter-

1046 1619 1150 1648 ram.

1097 1663 1321 1706 ‚Iudicabit
1348 1665 1502 1707 orbem
1528 1670 1659 1707 terrae
1684 1666 1728 1706 in
1748 1665 1879 1717 aequi-

1045 1720 1146 1770 tate,
1165 1721 1190 1747 *
1216 1725 1260 1762 et
1287 1721 1480 1773 pepulos
1507 1722 1551 1762 in
1575 1722 1762 1763 veritate
1790 1734 1880 1762 sua.

1096 1790 1197 1830 Ant.
1236 1789 1392 1831 Gaude
1420 1790 1560 1831 Maria
1587 1790 1744 1840 Virgo,
1777 1802 1878 1830 cun-

1046 1848 1139 1884 ctas
1175 1843 1368 1886 haereses
1405 1846 1500 1887 sola
1539 1846 1799 1887 interemisti
1835 1845 1879 1885 in

1044 1900 1249 1942 universo
1268 1901 1445 1943 mundo.

1097 1970 1198 2010 Ant.
1236 1970 1431 2021 Dignare
1459 1983 1529 2012 me
1557 1971 1581 1996 *
1608 1970 1789 2011 laudare
1817 1975 1878 2019 te,

1044 2024 1183 2075 Virgo
1216 2028 1404 2067 sacrata:
1441 2026 1499 2068 da
1530 2026 1638 2067 mihi
1670 2026 1877 2068 virtutem

1045 2085 1199 2121 contra
1218 2081 1371 2123 hostes
1390 2087 1502 2123 tuos.

1317 2155 1516 2196 Psalmus
1536 2158 1603 2197 96.

1133 2223 1305 2264 eminus
1320 2223 1529 2274 regnavit,
1541 2225 1731 2267 exsultet
1744 2230 1876 2267 terra:

1156 2278 1179 2303 *
1198 2278 1401 2320 laetentur
1420 2279 1574 2321 insulae
1592 2281 1754 2323 multae.

1096 2333 1260 2384 Nubes,
1280 2339 1323 2376 et
1342 2335 1514 2386 caligo'
1503 2350 1548 2377 m
1566 2337 1751 2379 circuitu
1771 2339 1875 2389 ejus:

1043 2390 1262 2487 Hijsugtliltsiffi
1290 2395 1334 2432 et
1350 2391 1556 2443 Judleium
1575 2394 1791 2435 correctio
1811 2406 1874 2435 se·
1924 2431 1926 2433 ,

1094 2460 1233 2553 Igrl1is
1238 2503 1369 2544 ante
1358 2517 1502 2556 1psum
1522 2505 1761 2570 praecede-t,
1779 2506 1804 2531 *
1831 2511 1875 2547 et

1042 2557 1330 2601 inflammAbit
1366 2560 1411 2601 in
1449 2562 1632 2603 circuitu
1674 2562 1873 2603 inimicos

1043 2614 1337 2713 ejlffiuxerunt
1358 2672 1531 2724 fulgura
1553 2675 1644 2726 ejus
1669 2672 1766 2714 orbi
1789 2678 1872 2714 ter-

1043 2738 1118 2767 rae:
1137 2727 1161 2753 *
1180 2727 1299 2778 vidit,
1328 2733 1372 2770 et
1391 2731 1613 2771 commeta
1632 2734 1699 2771 est
1717 2733 1846 2771 terra.
