2040 2976
569 205 636 238 Dic
661 206 694 237 2<
704 210 719 237 ).
747 204 776 236 A
784 216 842 246 ug.

193 304 240 341 ut
259 311 389 350 quem
405 298 648 341 Doctorem
667 300 770 341 vitae
788 300 1019 342 habuimus

192 355 235 396 in
254 355 393 405 terris,
412 355 748 398 intercesserem
764 356 925 398 habere
940 370 1020 399 me·

193 414 365 453 reamur
385 412 428 452 in
448 412 583 454 coelis.
610 413 695 454 Per
714 413 962 455 Deminum.

244 490 393 524 Deinde
412 490 451 524 fit
468 500 663 524 commem.
682 488 761 524 Oct.
779 490 975 532 Assumpt.

248 552 344 592 Ant.
384 551 525 593 Hodie
550 552 687 593 Maria
711 552 849 603 Virgo
878 551 1016 593 coelos

193 605 402 648 ascendit:
427 607 632 658 gaudete,
659 609 759 661 quia
783 622 881 650 cum
899 608 1016 650 Chri-

192 669 261 705 sto
281 669 434 714 regnat
451 665 495 705 in
515 667 737 706 aeternum.

245 725 293 775 X.
322 729 527 771 Exaltata
556 736 622 772 est
649 736 798 772 sancta
824 731 907 772 Dei
934 731 1016 772 Ge-

192 785 333 827 nitrix.
382 787 430 837 Rg.
463 787 604 839 Super
635 787 794 829 choros
828 787 1015 839 Angele-

192 854 287 883 rum
307 842 363 884 ad
382 843 578 886 coelestia
596 857 740 895 regna.

526 917 687 957 Oratio.

271 978 513 1019 amulerum
541 982 729 1029 tu6rum‚
765 982 1016 1032 quaesumus

296 1034 501 1084 Do'mine,
539 1035 708 1078 delictis
739 1037 932 1087 ignosce:
968 1042 1016 1078 ut

193 1090 267 1141 qui
289 1090 368 1132 tibi
392 1091 565 1142 placere
592 1092 647 1134 de
667 1093 835 1134 aetibus
855 1093 1016 1134 nostris

191 1159 279 1187 non
311 1147 522 1198 valemus3
559 1149 793 1191 Genitricis
826 1149 923 1190 Filii
953 1149 1017 1191 tui

191 1203 369 1244 Domini
388 1205 527 1246 nostri
547 1205 859 1247 intercessiene
879 1206 1016 1248 salve-

190 1272 300 1300 mur:
320 1261 403 1310 Qui
421 1266 567 1303 tecum
586 1263 693 1303 vivit
712 1268 756 1304 et
774 1269 938 1314 regnat.

244 1350 282 1383 In
316 1349 340 1382 Ι.
374 1350 570 1382 Noc-turno
604 1349 805 1382 Lectiones
840 1349 885 1382 dc
919 1349 1016 1383 Scri-

192 1404 300 1440 ptura
326 1404 561 1432 occurrente,
588 1404 626 1431 ut
650 1398 792 1431 dictum
814 1398 925 1431 estin
944 1398 1016 1431 Ru-

192 1446 295 1480 brica
322 1453 406 1480 ante
434 1446 581 1479 Domin.
607 1446 670 1479 ΙΙΙ.
699 1446 795 1489 Aug.
831 1446 906 1481 246.

423 1525 471 1563 In
492 1525 541 1564 ΙΙ.
562 1525 784 1563 Nocturno.

492 1594 642 1635 Lectio
663 1594 715 1634 iv.

203 1652 786 1714 3³2;-„·⁷1ei·na‚rc111s‚Fontanis
827 1655 871 1696 in
907 1656 1016 1697 Bur-

207 1700 298 1766 &5³4
319 1708 481 1759 gandia
517 1708 703 1752 honesto
741 1711 840 1754 loco
878 1718 1016 1764 natus,

205 1761 298 1787 44³
320 1764 577 1808 adolescens
595 1772 780 1820 propter
797 1769 1017 1820 egregiam

191 1821 377 1862 formam
401 1822 682 1865 vehementer
706 1824 966 1867 sollicitatus
991 1839 1016 1867 a

190 1877 453 1929 mulieribus,
473 1893 710 1932 numquam
729 1880 784 1922 de
802 1883 1016 1929 sententia

192 1935 387 1976 colendae
403 1937 616 1978 castitatis
632 1936 846 1980 dimoveri
860 1940 1016 1992 petuit.

193 1992 310 2042 Quas
343 1991 507 2034 diaboli
537 1994 802 2036 tentationes
832 2001 880 2037 ut
912 1996 1016 2038 effu-

192 2053 328 2098 geret,
353 2048 462 2090 duos
484 2055 527 2091 et
547 2050 700 2102 viginti
719 2064 857 2093 annos
876 2058 1016 2103 natus,

191 2106 503 2146 monasterium
549 2106 850 2159 Cisterciense,
900 2109 1016 2151 unde

193 2159 264 2201 hic
284 2160 393 2203 ordo
414 2162 585 2215 incepit,
605 2169 650 2205 et
671 2164 790 2216 quod
808 2170 901 2206 tum
921 2179 1015 2208 san·

193 2217 344 2259 etitate
363 2218 563 2270 florebat,
588 2220 756 2271 ingredi
780 2223 1016 2265 constituit.

194 2275 290 2324 Quo
334 2273 547 2317 Bernardi
593 2278 776 2320 consilio
822 2280 1015 2330 cognito,

193 2330 349 2371 fratres
400 2335 677 2385 summepere
723 2336 870 2378 conati
915 2342 1017 2380 sunt

193 2399 292 2428 eum
311 2399 336 2428 a
354 2389 585 2440 proposito
605 2390 841 2433 deterrere:
863 2393 906 2433 in
928 2406 1016 2446 quo

193 2443 288 2495 ipse
327 2444 603 2496 eloquentior
640 2459 691 2488 ac
728 2447 894 2490 felicior
926 2449 1017 2492 fuit.

193 2499 307 2541 Nam
338 2500 402 2541 sic
440 2513 516 2542 eos
550 2501 747 2554 aliosque
778 2504 939 2546 multos
973 2507 1016 2547 in

194 2569 318 2597 suam
336 2557 543 2609 perduxit
562 2560 831 2610 sententiam,
851 2566 900 2603 ut
919 2574 1017 2603 cum

195 2626 247 2656 eo
278 2614 455 2666 triginta
485 2615 662 2666 juvenes
694 2616 893 2658 eamdem
922 2618 1016 2659 reli·

192 2670 366 2722 gienem
387 2671 670 2723 susceperint.
702 2672 942 2715 Menachus
961 2675 1015 2726 je-

192 2727 309 2779 junio
336 2727 396 2769 ita
425 2726 599 2770 deditus
628 2734 738 2779 erat,
768 2734 816 2771 ut
845 2731 1016 2782 queties

890 204 924 238 S.
948 204 1133 238 Bernardi
1161 203 1324 237 Abbatis
1350 208 1386 236 ct
1410 202 1518 236 Doct.

1072 298 1308 340 sumendus
1338 302 1458 340 esset
1483 297 1624 350 cibus,
1650 297 1785 340 teties
1811 302 1900 339 tor-

1071 356 1265 396 mentum
1289 354 1436 396 subire
1456 353 1690 396 videretur.
1724 354 1776 395 In
1796 354 1900 406 vigi-

1070 411 1138 452 liis
1172 411 1302 452 etiam
1336 416 1380 453 et
1413 409 1686 452 oratienibus
1716 410 1900 453 mirifice

1072 480 1119 508 se
1144 467 1396 509 exercebat:
1425 472 1468 509 et
1492 466 1773 508 christianam
1796 479 1900 520 pau·

1071 526 1288 577 pertatem
1316 523 1482 571 colens,
1517 523 1642 576 quasi
1675 523 1901 565 coelestem

1071 581 1206 622 vitam
1240 580 1400 631 agebat
1431 580 1474 620 in
1506 579 1652 629 terris,
1693 579 1749 622 ab
1783 580 1902 622 omni

1072 636 1336 679 caducarum
1362 649 1507 678 rerum
1536 649 1640 678 cura
1666 641 1710 677 et
1734 635 1899 689 cupidi-

1070 696 1162 736 tate
1181 693 1376 734 alienam.

1126 759 1177 811 R.
1204 759 1453 800 Honestum
1479 758 1583 800 fecit
1605 757 1728 799 illum
1751 758 1900 800 Demi-

1070 829 1167 865 nus,
1187 820 1230 857 et
1250 815 1491 857 custodivit
1509 828 1609 857 eum
1627 814 1681 856 ab
1702 815 1900 866 inimicis,

1071 877 1115 914 et
1144 885 1170 913 a
1198 871 1506 914 seductoribus
1528 872 1690 914 tutavit
1717 871 1854 913 illum:
1878 874 1902 898 ¹⁸¹

1069 929 1127 970 Et
1155 928 1278 970 dedit
1310 929 1373 970 illi
1405 929 1650 971 claritatem
1681 930 1901 971 aeternam.

1073 979 1323 1032 V.-Justum
1357 985 1542 1028 deduxit
1569 986 1786 1027 Deminus
1818 998 1899 1039 per

1071 1042 1164 1083 vias
1184 1047 1340 1092 rectas,
1360 1047 1404 1084 et
1424 1042 1618 1085 ostendit
1637 1042 1699 1083 illi
1719 1055 1900 1095 regnum

1070 1099 1166 1140 Dei.
1198 1099 1256 1140 Et
1275 1099 1408 1141 dedit.

1382 1181 1534 1221 Lectio
1558 1195 1594 1221 V.

1157 1251 1332 1293 lucebat
1353 1252 1398 1293 in
1426 1264 1479 1293 eo
1507 1251 1748 1302 humilitas,
1775 1250 1901 1293 mise-

1174 1308 1383 1358 ricordia,
1413 1308 1674 1360 benignitas:
1709 1311 1901 1349 contem-

1069 1365 1254 1419 platieni
1283 1370 1431 1407 autem
1465 1365 1528 1406 sic
1560 1363 1763 1406 addictus
1796 1368 1901 1414 erat,

1069 1427 1118 1463 ut
1137 1423 1211 1463 vix
1231 1421 1448 1471 sensibus,
1471 1422 1555 1463 nisi
1573 1420 1630 1463 ad
1650 1420 1795 1463 officia
1813 1421 1902 1474 pie-

1069 1479 1190 1529 tatis,
1227 1480 1441 1520 uteretur:
1476 1478 1522 1519 in
1559 1477 1718 1531 quibus
1754 1482 1903 1520 tamen

1069 1535 1318 1588 prudentiae
1349 1534 1479 1577 laude
1509 1534 1762 1577 excellebat.
1802 1535 1900 1586 Quo

1070 1592 1113 1632 in
1142 1591 1289 1633 studio
1318 1595 1577 1645 occupatus,
1606 1592 1901 1640 Genuensem,

1071 1661 1122 1690 ac
1154 1648 1544 1700 Mediolanensem,
1581 1648 1780 1701 aliesque
1813 1648 1900 1701 epi-

1071 1707 1280 1758 scopatus
1313 1705 1490 1747 oblatos
1522 1705 1759 1756 recusavit,
1800 1718 1900 1758 pro-

1070 1761 1211 1803 fessus
1237 1774 1284 1803 se
1308 1762 1420 1803 tanti
1443 1761 1577 1804 officii
1594 1765 1774 1804 munere
1792 1761 1900 1803 indi-

1069 1831 1203 1869 gnum
1236 1831 1345 1860 esse.
1395 1818 1549 1861 Abbas
1580 1819 1723 1861 factus
1757 1818 1901 1861 Clara-

1070 1875 1286 1923 vallensis,
1306 1876 1454 1918 multis
1474 1876 1518 1917 in
1536 1875 1645 1918 locis
1665 1875 1902 1918 aedificavit

1069 1933 1351 1983 monasteria,
1395 1933 1440 1974 in
1485 1932 1644 1986 quibus
1685 1931 1902 1986 praeclara

1070 1988 1286 2031 Bernardi
1326 1989 1542 2032 institutio
1580 2002 1632 2032 ac
1669 1988 1902 2042 disciplina

1070 2045 1145 2087 diu
1164 2047 1313 2097 viguit.
1342 2047 1510 2096 Romae,
1530 2048 1784 2088 sanctorum
1796 2046 1900 2088 Vin-

1070 2102 1200 2143 centii
1228 2108 1272 2145 et
1297 2103 1520 2144 Anastasii
1546 2103 1815 2145 monasterio
1844 2101 1900 2144 ab

1069 2158 1326 2201 Innocentio
1347 2159 1543 2201 secando
1556 2160 1679 2212 Papa
1694 2159 1899 2201 restituto

1069 2215 1269 2267 praefecit
1292 2215 1498 2258 abbatem
1520 2215 1659 2266 illum,
1687 2216 1762 2269 qui
1779 2218 1900 2269 pest-

1070 2284 1121 2313 ea
1144 2272 1366 2323 Eugenius
1390 2273 1546 2315 tertius
1565 2273 1768 2315 Summus
1787 2272 1899 2314 Pen-

1067 2328 1177 2369 tifex
1204 2329 1300 2379 fuit,
1333 2328 1390 2371 ad
1423 2342 1554 2381 quem
1581 2329 1712 2370 etiam
1739 2328 1900 2370 librum

1068 2385 1186 2428 misit
1206 2385 1261 2427 de
1282 2385 1657 2428 Consideratiene.

1126 2450 1175 2501 R.
1197 2451 1375 2492 Amavit
1397 2463 1497 2492 eum
1515 2451 1750 2502 Deminus,
1769 2455 1814 2493 et
1833 2463 1898 2492 or-

1067 2507 1189 2548 navit
1222 2520 1336 2549 eum:
1375 2508 1536 2550 stolam
1572 2507 1724 2560 gleriae
1757 2507 1899 2550 induit

1069 2576 1178 2614 eum,
1199 2564 1221 2588 *
1236 2564 1293 2606 Et
1313 2563 1370 2606 ad
1422 2570 1542 2606 ortas
1560 2564 1754 2618 paradisi
1773 2576 1897 2605 coro-

1067 2621 1188 2662 navit
1217 2633 1327 2662 eum.
1377 2653 1383 2666 Δ
1414 2653 1421 2660 .
1445 2621 1592 2664 Induit
1621 2634 1720 2663 eum
1746 2621 1896 2662 Domi-

1068 2690 1148 2717 nus
1171 2677 1354 2719 loricam
1377 2677 1497 2730 fidei,
1524 2683 1568 2720 et
1591 2677 1763 2720 ornavit
1788 2690 1897 2719 eum.

1069 2733 1125 2775 Et
1144 2733 1200 2775 ad
1219 2739 1383 2786 portas.
