2040 2976
179 218 245 252 532

516 308 677 348 Oratio.

262 368 507 410 amulorum
533 367 726 414 tuorum,
759 365 1010 416 quaesumus

286 424 492 472 Domine,
530 422 701 463 delictis
733 421 926 470 ignesce:
965 422 1011 458 ut

184 482 257 534 qui
283 481 363 522 tibi
386 480 561 533 placere
587 477 641 519 de
662 475 831 518 actibus
850 473 1010 516 nostris

183 551 270 579 non
305 537 518 585 valemus;
551 533 786 576 Genitricis
819 531 915 573 Filii
948 529 1011 570 tui

183 593 360 635 Demini
379 591 518 634 nostri
540 590 853 632 intercessic'me
875 586 1010 627 salve-

183 663 293 691 mur:
313 650 397 699 Qui
416 654 561 690 tecum
581 647 688 688 vivit
706 652 749 688 et
767 648 929 695 regnat.

242 731 278 763 In
314 730 336 762 Ι.
368 729 565 761 Nocturno
603 725 801 758 Lectiones
836 723 881 755 de
913 720 1009 754 Scri-

187 785 295 821 ptura
317 782 549 810 occurrente.
574 779 611 807 ut
637 773 778 806 (lictum
804 777 858 804 cst
882 770 916 803 in
941 770 1008 802 Ix‘u-

188 827 291 859 bricu
310 834 395 858 ante
417 824 567 857 Domiu.
587 822 648 855 ΙΙΙ.
669 819 843 863 Augusti.
859 816 934 850 246.

420 905 467 942 In
487 903 536 942 ΙΙ,
557 902 778 940 Nocturno.

489 976 640 1016 Lectio
661 975 713 1014 iv.

204 1066 222 1087 24
263 1046 442 1097 oanna
469 1044 703 1083 Francisca
731 1039 926 1081 Fremiot
957 1038 1012 1079 de

203 1063 235 1166 ξ]
258 1094 295 1151 ἑ
320 1100 517 1147 Chantal‚
544 1097 731 1139 Divione
751 1098 794 1137 in
814 1097 1012 1147 Burgun-

193 1146 220 1173 w
252 1151 291 1173 Α
318 1157 390 1198 dia
408 1154 658 1197 clarissimis
674 1159 769 1195 orta
785 1152 1013 1202 natalibus,

188 1213 242 1256 ab
267 1214 441 1255 ineunte
466 1214 596 1254 aetate
613 1211 787 1252 eximiae
808 1209 1012 1250 sanctita-

187 1271 242 1312 tis
275 1283 363 1311 non
395 1269 606 1310 obscuras
635 1265 772 1308 edidit
801 1265 1012 1316 significa-

187 1327 339 1368 tiones.
393 1326 502 1366 Eam
528 1324 644 1366 enim
673 1323 745 1363 vix
778 1322 1014 1375 quinquen-

187 1397 286 1424 nem
326 1381 517 1424 nobilem
559 1379 793 1432 quemdam
830 1378 1014 1420 Calvini-

188 1446 300 1482 stam
338 1437 480 1480 solida
516 1450 649 1490 supra
682 1438 860 1477 aetatem
892 1448 1014 1486 argu-

187 1496 453 1537 mentatione
498 1494 807 1547 perstrinxisse
852 1492 1014 1540 ferunt,

188 1553 484 1604 collatumque
522 1551 576 1592 ab
619 1563 672 1591 eo
709 1548 1015 1590 munusculum

189 1609 373 1650 flammis
406 1608 523 1650 illico
558 1605 811 1654 tradidisse,
844 1606 888 1646 in
919 1605 1015 1646 haec

189 1666 337 1707 verba:
355 1665 421 1705 En
442 1663 666 1716 quomodo
685 1662 882 1703 haeretici
897 1660 1017 1714 apud

189 1723 352 1764 inferos
373 1721 700 1768 comburentur,
727 1720 800 1771 qui
819 1719 1016 1771 loquenti

193 1779 365 1820 Christo
398 1778 530 1819 fidem
562 1776 819 1818 detrectant.
875 1776 1016 1816 Matre

191 1835 362 1885 orbata,
399 1835 604 1887 Deiparae
636 1833 830 1883 Virginis
866 1832 1016 1873 tutelae

191 1905 237 1933 se
257 1890 591 1939 commendavit,
611 1895 654 1931 et
673 1889 890 1938 famulam,
917 1900 1015 1940 quae

191 1948 247 1989 ad
271 1947 419 1989 mundi
444 1949 638 1988 amorem
665 1959 762 1987 eam
788 1945 1016 1994 alliciebat,

192 2004 247 2046 ab
268 2018 314 2045 se
333 2004 491 2056 rejecit.
523 2003 644 2044 Nihil
667 2002 835 2056 puerile
859 2002 902 2042 in
926 2004 1015 2043 mo-

191 2061 311 2102 ribus
331 2061 593 2112 exprimens,
622 2073 647 2100 a
671 2059 821 2100 saeculi
850 2058 1017 2100 deliciis

193 2116 449 2164 abhorrens,
499 2115 842 2168 martyriumque
888 2114 1015 2156 anhe-

192 2173 302 2222 lans,
330 2173 527 2223 religioni
557 2185 609 2214 ac
636 2172 792 2224 pietati
818 2172 1016 2224 impense

193 2228 408 2271 studebat.
447 2229 610 2270 Bar6ni
643 2227 697 2270 de
727 2228 910 2270 Chantal
941 2231 1016 2268 nu-

192 2286 287 2338 ptui
311 2298 336 2326 a
361 2290 487 2338 patre
511 2284 686 2334 tradita,
714 2284 949 2326 virtutibus
974 2286 1017 2326 ό·

192 2341 365 2382 mnibus
394 2340 644 2382 excolendis
677 2343 857 2393 operam
886 2339 1018 2390 dedit,

193 2398 368 2447 liberos,
388 2396 584 2444 famulos,
604 2396 802 2448 aliusque
819 2396 902 2437 sibi
920 2396 1018 2438 sub-

194 2455 332 2506 jectos
359 2453 402 2493 in
430 2450 533 2493 fidei
561 2451 776 2502 doctrina,
803 2452 1019 2505 bonisque

194 2509 389 2551 moribus
420 2507 615 2550 imbuere
648 2510 863 2559 satagens.
915 2509 1019 2550 Pro—

195 2567 291 2608 fusa
300 2565 562 2607 liberalitate
572 2568 815 2617 pauperum
828 2565 1021 2617 inopiam

197 2621 475 2670 sublevabat,
504 2623 676 2662 annena
703 2620 911 2661 divinitus
936 2633 1023 2661 non

195 2691 294 2720 raro
314 2677 618 2730 multiplicata:
646 2689 733 2728 quo
758 2676 921 2718 factum
946 2682 1023 2725 est,

198 2741 247 2777 ut
274 2734 435 2776 nemini
463 2746 510 2774 se
534 2746 742 2785 umquam
762 2732 924 2774 Christi
950 2735 1024 2774 no-

363 212 429 245 l)ic
447 210 497 243 21.
518 210 612 249 Aug.
639 209 672 240 S.
692 207 854 239 Jozmmu
877 204 1092 238 Franciscae
1114 202 1278 235 Fremiot
1297 201 1343 234 de
1362 199 1525 233 Chautal
1544 199 1693 232 Viduae.

1063 302 1179 343 mine
1199 301 1372 352 roganti
1391 300 1552 352 stipem
1577 299 1894 350 abnegaturam

1064 357 1367 411 spoponderit.

1118 418 1169 468 R.
1206 415 1394 467 Propter
1425 413 1669 462 veritatem,
1702 418 1746 454 et
1775 425 1892 454 man-

1065 471 1356 520 suetudinem,
1385 476 1428 512 et
1455 469 1678 522 justitiam,
1702 469 1796 511 *Et
1821 469 1892 511 de-

1065 528 1197 570 ducet
1232 533 1276 570 te
1308 526 1563 568 mirabiliter
1595 525 1777 568 dextera
1807 531 1894 568 tua.

1067 582 1117 633 V
1133 585 1287 637 Specie
1307 589 1392 633 tua,
1413 589 1457 625 et
1475 581 1801 635 pulchritudine
1819 587 1895 626 tua

1064 640 1254 690 intende,
1283 643 1498 693 prospere
1522 638 1732 692 procede,
1761 644 1805 680 et
1830 651 1895 680 re·

1064 710 1159 749 gna.
1188 698 1245 739 Et
1264 696 1466 739 deducet.

1380 754 1530 794 Lectio
1551 768 1588 793 v.

1069 806 1223 912 Viro
1262 812 1305 852 in
1341 810 1575 852 venatione
1615 810 1896 863 interempto,

1178 867 1454 921 perfecti6ris
1507 867 1611 908 vitae
1666 866 1898 908 consilium

1065 925 1215 973 iniens,
1230 924 1509 966 continentiae
1525 929 1632 965 voto
1648 936 1696 964 se
1711 923 1898 965 obstrin-

1066 982 1140 1023 xit.
1180 981 1276 1023 Viri
1301 993 1455 1022 necem
1485 992 1572 1021 non
1599 980 1743 1021 solum
1767 992 1898 1032 aequo

1067 1039 1212 1080 animo
1240 1037 1356 1087 tulit,
1384 1037 1479 1087 sed,
1511 1037 1555 1077 in
1583 1036 1810 1090 publicum
1837 1036 1897 1077 in-

1067 1093 1205 1136 dultae
1224 1094 1365 1135 veniae
1391 1093 1705 1143 testimenium,
1732 1093 1898 1135 occiso-

1067 1151 1126 1192 ris
1154 1151 1292 1192 filium
1321 1163 1345 1192 e
1374 1163 1500 1191 sacro
1527 1150 1648 1191 fonte
1674 1152 1899 1202 suscipere

1067 1208 1134 1249 sui
1161 1207 1318 1249 victrix
1344 1207 1486 1262 elegit.
1522 1206 1700 1248 Modica
1725 1206 1899 1256 familia,

1067 1265 1188 1306 tenui
1215 1263 1335 1306 victu
1370 1269 1503 1316 atque
1530 1265 1695 1305 vestitu
1723 1264 1899 1304 conten-

1066 1326 1129 1371 ta,
1162 1320 1382 1374 pretiesas
1413 1325 1562 1362 vestes
1593 1321 1638 1361 in
1667 1319 1766 1373 pios
1793 1331 1899 1361 usus

1068 1378 1296 1419 convertit.
1339 1376 1565 1428 Quidquid
1592 1389 1618 1417 a
1646 1375 1900 1418 domesticis

1069 1435 1183 1476 curis
1199 1436 1429 1487 supererat
1443 1433 1667 1486 temporis,
1681 1431 1900 1486 precibus,

1068 1492 1152 1544 piis
1172 1490 1450 1541 lectffinibus,
1478 1490 1710 1542 laborique
1735 1489 1900 1542 impen-

1068 1547 1212 1590 debat.
1239 1547 1493 1599 Numquam
1512 1545 1674 1589 adduci
1689 1545 1835 1599 p6tuit
1853 1549 1902 1587 ut

1069 1605 1230 1646 alteras
1250 1604 1447 1656 nuptias,
1474 1603 1674 1656 quamvis
1699 1602 1831 1644 utiles
1857 1606 1902 1644 et

1067 1661 1353 1711 honorificas,
1392 1661 1533 1702 iniret.
1586 1659 1656 1702 Ne
1693 1664 1840 1701 autem
1877 1671 1902 1700 a

1068 1719 1302 1771 proposito
1321 1717 1592 1760 castimoniae
1608 1715 1901 1759 observandae

1068 1776 1112 1816 in
1156 1778 1385 1828 posterum
1427 1773 1742 1823 dimoveretur‚
1786 1772 1902 1813 illius

1070 1837 1175 1874 voto
1195 1832 1424 1882 innovato,
1451 1831 1778 1873 sanctissimum
1795 1829 1821 1870 J
1823 1841 1902 1870 esu

1071 1888 1231 1930 Christi
1258 1901 1418 1930 nomen
1447 1887 1652 1930 candenti
1681 1887 1798 1928 ferro
1825 1886 1899 1939 pe-

1071 1945 1183 1987 ctori
1201 1944 1442 1998 insculpsit.
1476 1944 1719 1986 Ardentius
1742 1943 1786 1984 in
1806 1942 1901 1984 dies

1069 2002 1251 2043 caritate
1262 2002 1525 2051 fervescens,
1535 2004 1768 2055 pauperes,
1779 1998 1900 2041 dere-

1069 2058 1209 2108 lictos,
1226 2071 1382 2110 aegros,
1395 2058 1721 2110 teterrimisque
1734 2055 1901 2098 morbis

1070 2115 1256 2156 infectos
1272 2114 1329 2157 ad
1344 2128 1391 2156 se
1404 2113 1691 2156 adducendos
1702 2112 1902 2163 curabat;

1070 2173 1235 2223 eosque
1260 2184 1349 2213 non
1378 2171 1572 2224 hospitio
1597 2175 1769 2213 tantum
1788 2169 1902 2211 exci-

1069 2227 1234 2280 piebat,
1260 2228 1510 2278 solabatur,
1530 2227 1725 2277 fovebat,
1750 2239 1903 2269 verum

1071 2284 1202 2325 etiam
1237 2285 1440 2326 sordidas
1470 2284 1727 2326 eorumdem
1755 2287 1902 2324 vestes

1071 2339 1362 2392 depurgabat‚
1389 2341 1559 2382 laceras
1585 2339 1830 2388 reficiebat,
1860 2343 1904 2380 et

1071 2397 1350 2438 manantibus
1373 2396 1528 2438 fo'etido
1548 2409 1659 2450 pure
1683 2394 1904 2438 ulceribus

1072 2453 1187 2494 labia
1208 2453 1446 2494 admovere
1466 2466 1554 2495 non
1574 2451 1852 2495 exhorrebat.

1130 2509 1179 2561 R.
1207 2510 1411 2551 Dilexisti
1439 2510 1665 2562 justitiam,
1699 2514 1743 2551 et
1771 2507 1905 2550 odisti

1074 2567 1366 2619 iniquitatem:
1394 2566 1416 2588 *
1441 2566 1683 2619 Propterea
1709 2564 1905 2606 unxit‘te

1075 2622 1212 2673 Deus,
1264 2623 1386 2664 Deus
1435 2628 1537 2664 tuus
1583 2621 1682 2663 oleo
1726 2620 1905 2662 laetitiae.

1078 2674 1128 2725 V.
1153 2679 1340 2731 Propter
1361 2680 1609 2727 veritatem,
1637 2682 1681 2718 et
1707 2688 1904 2717 mansue-

1075 2734 1285 2785 tudinem,
1305 2740 1349 2776 et
1367 2735 1585 2787 justitiam.
1612 2734 1866 2786 Propterea.
