2040 2976
562 196 633 230 Dic
659 198 689 230 9.
714 197 819 230 Julii.
867 198 901 231 S.
928 197 1133 232 Veronieae
1159 198 1205 231 de
1230 198 1398 232 Julianis
1421 198 1527 241 Virg.

186 293 399 336 industria
423 294 616 346 piarum,
643 296 766 336 eruta
794 307 920 336 sacra
945 297 1015 337 eo-

186 364 281 392 rum
307 363 409 392 ossa
434 350 491 392 ad
513 356 663 404 partes
686 351 1016 397 Catholicorum

184 407 348 449 vicinas
368 406 515 449 delata
535 413 651 458 sunt,
669 408 746 450 ubi
765 422 870 451 mox
888 412 1014 454 mira-

182 463 291 505 culis
312 464 554 507 clarescere
575 467 817 519 coeperunt.
846 467 1014 517 Quibus

181 523 411 573 permetus
438 521 640 564 Clemens
668 523 791 575 Papa
817 523 1014 567 decimus

183 590 261 618 eos
285 577 328 618 in
354 577 497 619 beatis
515 578 782 632 Martyribus
809 579 1014 623 adnume-

182 634 304 675 ravit.
332 635 436 676 Pius
456 648 562 677 vero
581 636 703 688 Papa
722 649 863 677 nonus
882 638 1013 680 tertio

181 690 405 732 Kalendas
418 692 442 733 J
444 692 521 733 ulii
536 692 637 733 anni
652 692 871 734 millesimi
888 695 1015 735 octin-

181 748 413 797 gentesimi
432 749 693 800 sexagesimi
708 750 894 801 septimi,
915 763 1014 791 cum

181 803 411 846 saecularia
425 805 747 858 Apostolomm
761 806 1014 859 Principum

182 860 396 902 solemnia
430 861 713 911 haberentur,
759 865 1012 904 sanctorum

181 916 305 958 fastis
324 917 573 971 adscripsit.

236 976 286 1026 Rg.
311 973 568 1027 Tamquam.
589 976 664 1028 [41]

235 1045 276 1078 ln
302 1045 364 1078 ΠΙ.
388 1045 586 1079 Nocturno
614 1046 782 1080 Hornilia
807 1048 844 1080 in
867 1048 1011 1091 Evang.

186 1093 279 1128 Cum
313 1094 524 1129 audieritis.
562 1094 608 1127 de
641 1095 775 1129 eodem
810 1096 1013 1131 Communi

184 1142 211 1175 1.
236 1142 332 1175 loco.
357 1142 426 1186 [43]

457 1232 625 1274 Eadem
644 1232 740 1274 Die.

207 1294 250 1335 S.
270 1295 531 1339 Veronicae
552 1297 612 1338 de
630 1297 847 1339 Julianis
868 1299 987 1349 Virg.

514 1361 677 1404 Duplex.

234 1416 369 1450 Omnia
396 1418 442 1451 de
468 1418 612 1451 Comm.
639 1418 743 1462 Virg.
771 1419 842 1464 [83]
872 1426 1013 1463 praeter

182 1466 394 1508 sequentia.

519 1518 681 1559 Oratio.

268 1580 412 1622 emine
444 1581 549 1623 Jesu
582 1582 771 1633 Christe,
805 1584 879 1636 qui
910 1584 1011 1627 bea-

275 1641 365 1678 tam
384 1637 650 1680 Verenicam
666 1639 894 1690 Virginem
913 1655 1010 1694 pas-

181 1692 315 1734 sionis
340 1698 428 1735 tuae
453 1694 587 1745 signis
606 1696 851 1738 mirabilem
871 1697 1010 1739 effeci-

181 1749 251 1790 sti:
280 1750 474 1792 concede
499 1752 733 1804 propitius,
760 1758 809 1794 ut
834 1766 1011 1796 carnem

180 1806 503 1858 crucifigentes,
550 1807 607 1850 ad
647 1808 808 1859 gaudia
848 1812 1011 1852 aeterna

179 1865 409 1914 pervenire
427 1867 689 1906 mereamur:
718 1866 801 1916 Qui
820 1867 943 1909 vivis.

234 1924 275 1957 In
310 1924 334 1958 Ι.
365 1924 563 1960 Nocturno
596 1925 799 1961 Lectiones
834 1928 880 1962 de
913 1929 1010 1963 Scri-

183 1979 292 2015 ptura
319 1981 550 2007 occurrente.

416 2039 464 2077 In
483 2039 533 2077 Π.
553 2040 776 2081 Nocturno.

483 2100 635 2141 Lectio
657 2101 709 2140 iv.

184 2187 194 2191 ψ
227 2164 512 2219 affigmeronica
551 2164 606 2207 de
644 2166 843 2217 Julianis„
882 2169 1011 2210 antea

254 2201 320 2294 (A
354 2220 511 2262 Ursula
570 2221 704 2274 dicta,
766 2223 1011 2266 Mercatelli

184 2277 255 2301 ἨΞ
353 2277 474 2329 quod
518 2279 732 2331 oppidum
768 2286 835 2322 est
872 2281 1009 2324 Urba-

179 2334 342 2375 niensis
369 2332 589 2384 dioecesis,
615 2336 700 2388 piis
725 2337 1010 2391 honestisque

180 2389 434 2443 parentibus
462 2396 581 2441 nata,
616 2392 670 2434 ab
699 2393 806 2446 ipsis
834 2395 1010 2437 incuna-

179 2446 292 2488 bulis
320 2447 430 2488 mira
454 2447 612 2489 futurae
636 2451 879 2493 sanctitatis
903 2451 1011 2494 indi-

181 2503 246 2544 cia
274 2503 474 2556 praebuit.
528 2504 643 2545 Nam
673 2506 884 2550 infantula
911 2521 1010 2551 cum

181 2559 289 2601 alias
315 2561 546 2613 copiesum
564 2561 633 2604 lac
651 2566 844 2615 sugeret,
868 2565 1010 2607 tribus

180 2615 475 2660 hebdomadae
500 2618 655 2660 diebus
679 2632 843 2671 paucas
866 2625 1008 2672 guttu-

180 2673 245 2714 las
263 2686 390 2716 mane
410 2680 454 2716 et
473 2677 658 2728 vespere
677 2676 894 2726 gustabat.
921 2679 1009 2720 Vix

182 2742 259 2771 sex
282 2743 457 2773 menses
480 2738 598 2782 nata,
627 2732 698 2774 die
723 2735 1010 2776 sanctissimae

1068 293 1272 334 Trinitati
1298 292 1444 335 dicato
1474 305 1498 334 e
1523 293 1621 334 sinu
1649 293 1802 335 matris
1826 294 1896 336 fir-

1068 350 1150 391 mis
1181 348 1369 402 pedibus
1396 349 1598 402 prosiliit.
1651 348 1811 391 Adhuc
1836 354 1897 392 te-

1067 406 1198 456 nella,
1234 406 1457 448 hominem
1494 405 1729 458 quemdam
1758 407 1898 458 gravi-

1067 463 1149 505 bus
1177 463 1324 506 verbis
1353 463 1408 505 ab
1440 463 1648 515 injustitia
1674 462 1898 507 deterruit.

1066 520 1290 561 Familiari
1318 520 1425 562 Jesu
1456 520 1584 573 pueri
1614 520 1898 563 beatissimae-

1067 590 1152 629 que
1171 577 1365 628 Virginis
1386 577 1704 619 consuetudine
1727 577 1898 620 frueba-

1065 639 1151 684 tur,
1182 639 1226 676 et
1251 633 1489 686 aliquando
1516 633 1688 675 divinus
1711 647 1823 686 puer
1840 634 1899 677 ad

1066 703 1163 732 eam
1182 703 1282 732 cum
1295 690 1487 732 lacrimis
1503 693 1714 741 orantem,
1733 696 1782 733 ut
1796 704 1897 734 con-

1065 747 1297 797 solaretur,
1342 747 1584 797 descendit;
1631 747 1897 802 quandoque

1065 804 1197 846 etiam
1222 804 1277 846 ab
1297 804 1395 856 ipsa
1414 804 1609 858 Deipara
1634 804 1758 846 illum
1776 808 1896 848 acce-

1063 862 1146 914 pit,
1172 861 1469 914 praenuntiato
1496 861 1692 914 ejusdem
1711 875 1812 904 cum
1829 863 1854 903 J
1856 875 1897 905 e-

1065 931 1116 959 su
1145 918 1361 971 spirituali
1387 918 1664 970 sponsalitio‚
1693 918 1897 971 adjuncta

1064 975 1202 1025 arrha,
1222 974 1340 1017 bello
1362 975 1542 1025 scilicet,
1563 974 1684 1028 quod
1701 975 1787 1028 ipsi
1805 989 1896 1018 sus-

1064 1031 1291 1074 tinendum
1308 1033 1389 1075 fuit
1408 1032 1463 1074 ab
1479 1031 1744 1083 hominibus,
1764 1038 1898 1085 atque

1063 1089 1243 1130 infernis
1269 1089 1482 1132 hostibus,
1542 1089 1616 1131 Ad
1643 1089 1731 1131 hoc
1758 1090 1896 1132 Vero-

1063 1146 1179 1196 nica‚
1213 1159 1312 1188 cum
1340 1145 1537 1188 nondum
1564 1147 1799 1199 pueritiam
1826 1159 1895 1188 ex-

1065 1205 1289 1252 cessisset,
1318 1215 1416 1244 sese
1441 1203 1630 1244 accinxit
1651 1202 1896 1246 humilitate

1065 1272 1245 1309 summa,
1265 1262 1451 1313 parique
1471 1258 1738 1309 obedientia,
1763 1264 1807 1302 et
1826 1272 1896 1302 ve·
1914 1270 1922 1281 ’

1064 1317 1257 1359 hementi
1292 1316 1514 1358 Christum
1544 1316 1783 1358 Dominum
1813 1330 1896 1370 pro

1064 1373 1193 1415 nobis
1225 1386 1406 1426 passum
1440 1378 1484 1416 et
1516 1373 1774 1415 crucifixum
1803 1374 1896 1415 imi-

1063 1430 1186 1472 tandi
1207 1429 1438 1472 desiderio.
1476 1431 1535 1473 Ut
1558 1435 1705 1472 autem
1725 1430 1771 1472 id
1794 1430 1896 1473 ube-

1064 1487 1155 1529 rius
1184 1489 1547 1541 consequeretur,
1577 1487 1635 1529 ad
1663 1488 1896 1530 sanctimo-

1063 1545 1201 1586 niales
1222 1545 1496 1598 Capuccinas
1514 1545 1776 1597 TifernateS,
1797 1558 1896 1598 quae

1064 1601 1321 1654 primaevam
1345 1607 1510 1644 sanctae
1536 1601 1678 1643 Clarae
1702 1602 1897 1654 regulam

1063 1658 1344 1710 profitentur,
1382 1659 1603 1712 superatis
1641 1658 1896 1700 domesticis

1064 1717 1345 1767 externisque
1365 1715 1618 1766 obstaculis,
1637 1715 1844 1766 confugit.

1118 1777 1169 1828 R.
1204 1772 1394 1824 Propter
1421 1772 1670 1822 veritatem,
1702 1776 1747 1814 et
1777 1784 1895 1813 man-

1063 1828 1358 1878 suetudinem,
1386 1833 1430 1870 et
1454 1828 1677 1881 justitiam:
1699 1834 1723 1858 ²*
1739 1829 1796 1871 Et
1822 1828 1895 1871 de-

1063 1884 1196 1927 ducet
1229 1890 1275 1928 te
1308 1884 1567 1927 mirabiliter
1600 1884 1783 1927 dextera
1807 1890 1895 1927 tua.

1067 1940 1117 1992 V.
1132 1942 1289 1995 Specie
1309 1947 1384 1984 tua
1404 1947 1448 1984 et
1472 1940 1800 1995 pulchritudine
1819 1947 1895 1984 tua

1063 1998 1258 2049 intende,
1285 2001 1499 2052 prospere
1523 1998 1732 2052 procede,
1761 2003 1805 2041 et
1830 2011 1894 2041 re-

1063 2068 1159 2106 gna.
1188 2056 1244 2098 Et
1264 2055 1466 2098 deducet.

1378 2113 1531 2155 Lectio
1552 2127 1589 2154 v.

1141 2169 1170 2211 b
1195 2169 1294 2222 ipso
1317 2169 1523 2212 tirocinio
1549 2168 1794 2221 perfectum
1819 2168 1893 2210 ali-

1169 2225 1275 2279 quid
1295 2231 1339 2268 et
1360 2227 1709 2268 consummatum
1728 2226 1812 2277 jam
1833 2230 1893 2267 at-

1062 2283 1214 2335 tigisse
1229 2282 1472 2325 videbatur.
1500 2282 1712 2324 Sustinuit
1730 2282 1894 2324 invicto

1062 2341 1245 2393 pectore
1283 2352 1309 2381 a
1341 2339 1543 2381 daemone
1573 2338 1788 2381 excitatas
1821 2338 1893 2380 ad-

1063 2397 1307 2439 versitates
1341 2396 1585 2438 Uberrimis
1609 2395 1776 2437 interea
1799 2398 1893 2446 gra-

1062 2453 1134 2496 tiae
1160 2466 1252 2495 suae
1279 2452 1408 2495 donis
1432 2453 1656 2494 victricem
1683 2464 1893 2504 sponsam

1062 2509 1362 2562 locupletabat
1380 2510 1405 2550 J
1408 2522 1520 2551 esus.
1553 2508 1698 2551 Sacris
1718 2508 1892 2559 stigma-

1062 2566 1180 2608 tibus
1209 2579 1305 2608 eam
1338 2566 1472 2607 fuisse
1502 2566 1733 2616 signatam,
1770 2565 1892 2606 item-

1064 2636 1148 2675 que
1169 2625 1332 2665 corona
1352 2623 1575 2675 spinarum
1594 2621 1682 2663 alte
1702 2620 1892 2662 confixa-

1063 2693 1170 2729 rum‚
1190 2685 1233 2721 et
1249 2680 1468 2732 passienis
1484 2678 1724 2730 insignibus
1740 2678 1784 2719 in
1798 2690 1891 2719 cor-

1064 2736 1119 2778 de
1138 2736 1405 2786 decoratam,
1426 2748 1477 2777 ac
1495 2734 1668 2787 jugibus
1687 2746 1800 2788 pene
1820 2745 1891 2775 ex-
