2040 2976
193 210 292 253 [260]

194 305 359 357 jejuniis
379 303 560 345 domare
581 303 732 355 coepit,
758 303 1026 344 eremiticam

194 374 328 412 agens
347 361 482 402 vitam
497 360 646 412 potius
663 372 794 410 quam
808 359 1026 400 rusticam.

194 417 478 458 Ferventiore
498 421 644 457 autem
665 415 709 455 in
728 415 871 456 Deum
890 415 1025 467 pieta-

193 479 237 515 te
256 474 477 522 incensus,
506 485 606 513 cum
630 484 719 512 non
742 476 896 523 posset
922 483 1026 522 quo-

194 529 318 578 tidie,
347 534 394 570 ut
414 527 617 580 optabat,
648 528 783 568 sacris
808 527 1026 579 mysteriis

193 586 423 633 interesse,
457 597 590 634 grege
619 583 676 625 ad
704 583 804 624 loca
831 582 1025 624 solitaria

195 640 443 693 compulso,
467 641 562 692 ipse
583 645 683 681 ante
705 652 880 681 crucem
900 638 1026 679 arbo-

195 710 291 738 rum
317 696 554 738 corticibus
582 696 764 737 incisam
791 694 864 736 diu
889 697 1027 743 orare,

196 766 332 804 seque
358 753 516 794 acriter
541 752 764 802 flagellare
790 753 1026 792 consueve-

195 815 277 859 rat;
324 809 404 850 sed
441 814 484 850 et
522 807 759 860 aliquando
796 806 948 857 glebas
985 807 1028 846 in

195 878 301 916 agro
335 867 524 914 vertere,
557 865 774 915 simulque
806 863 950 904 Sacris
985 863 1028 902 in

194 921 362 974 templo
389 920 546 962 adesse
566 921 685 960 visus
711 924 789 960 est.
826 918 949 959 Alias
968 918 1027 958 in-

194 983 262 1019 ter
283 977 496 1019 arandum
516 975 778 1024 furentibus,
809 987 919 1026 quos
939 975 1027 1025 jun-

195 1039 336 1082 xerat,
383 1032 608 1074 indomitis
653 1031 863 1083 juvencis,
909 1030 1029 1071 humi

196 1095 376 1139 stratus,
406 1094 449 1130 et
473 1091 620 1129 aratro
647 1086 917 1139 superducto
938 1087 1028 1139 pla-

194 1158 248 1186 ne
267 1144 628 1198 proscindendus,
648 1144 841 1184 lacerata
862 1143 1028 1184 dumta-

194 1207 270 1242 xat
299 1206 439 1250 veste,
478 1200 667 1242 surrexit
700 1199 875 1240 illaesus.
930 1199 1028 1249 Quo

194 1258 408 1309 periculo,
434 1262 482 1298 ut
507 1256 563 1298 ad
582 1256 793 1297 tutiorem
816 1254 1028 1308 regularis

197 1312 441 1365 disciplinae
465 1312 719 1365 palaestram
742 1311 919 1352 vocanti
945 1311 1029 1361 jam

195 1369 367 1421 pridem
401 1370 499 1410 Deo
535 1370 728 1421 pareret,
767 1367 1029 1417 admonitus,

195 1426 360 1466 rustica
376 1425 637 1478 supellectili
653 1423 924 1476 pauperibus
943 1422 1026 1465 dis-

194 1481 327 1521 tribui
368 1482 499 1532 jussa,
537 1480 594 1522 ad
631 1480 789 1521 fratres
823 1480 1028 1529 Minores,

197 1550 308 1588 quos
334 1537 609 1589 Capuccinos
632 1540 811 1585 vocant,
837 1538 1029 1588 propere

195 1605 243 1634 se
263 1594 458 1635 contulit.

248 1669 296 1719 R.
325 1667 575 1707 Honestum
602 1666 704 1707 fecit
732 1665 854 1706 illum
879 1665 1029 1706 Domi-

196 1735 288 1768 nus,
316 1727 359 1764 et
378 1721 618 1763 custodivit
638 1734 738 1763 eum
759 1721 813 1762 ab
833 1721 1030 1771 inimicis,

197 1783 240 1818 et
268 1791 293 1819 a
321 1777 630 1820 seductoribus
659 1778 819 1819 tutavit
847 1777 983 1818 illum:
1004 1779 1026 1800 *

195 1834 253 1875 Et
285 1833 408 1875 dedit
440 1834 502 1875 illi
535 1834 781 1875 claritatem
809 1835 1029 1874 aeternam.

194 1888 243 1937 V.
280 1890 453 1931 Justum
486 1890 670 1932 deduxit
701 1890 917 1931 Dominus
949 1903 1030 1942 per

196 1946 288 1986 vias
308 1952 466 1996 rectas,
492 1952 535 1988 et
554 1945 747 1987 ostendit
766 1945 828 1986 illi
847 1959 1030 1997 regnum

198 2002 291 2042 Dei.
319 2002 376 2043 Et
396 2002 528 2044 dedit.

507 2081 658 2120 Lectio
681 2094 717 2119 v.

275 2152 390 2194 dhuc
419 2157 535 2204 tyro,
567 2152 756 2194 necdum
783 2159 889 2195 vota
918 2154 1028 2195 sole-

300 2209 416 2249 mnia
436 2209 672 2260 professus,
695 2209 914 2261 religiosae
932 2223 1028 2263 per-

196 2264 397 2305 fectionis
427 2265 598 2316 apicem
629 2266 714 2316 jam
743 2267 940 2316 attigisse
969 2267 1028 2307 vi-

198 2319 394 2362 debatur.
431 2320 706 2362 Obedientiae
733 2322 912 2363 sedulus
942 2323 1028 2364 cul-

196 2381 277 2425 tor,
297 2376 354 2418 ad
369 2377 667 2428 praecipientis
682 2390 769 2418 non
784 2378 920 2419 modo
935 2391 1027 2420 ver-

196 2431 311 2482 bum,
332 2431 411 2474 sed
428 2433 558 2474 etiam
572 2438 724 2475 nutum
739 2440 904 2486 praesto
922 2439 1029 2485 erat3

197 2500 333 2539 seque
353 2488 543 2530 coenobii
560 2490 797 2539 jumentum
812 2490 1029 2540 dictitans,

196 2543 407 2585 vilissima
437 2557 624 2596 quaeque
652 2546 889 2587 ministeria
918 2559 1026 2587 sem-

196 2612 276 2652 per
296 2601 494 2652 arripuit,
524 2613 575 2642 ac
599 2600 788 2642 ludibria
814 2607 857 2642 et
877 2607 1026 2643 contu-

195 2656 348 2698 melias
362 2656 488 2697 hilari
503 2657 626 2698 vultu
641 2657 901 2709 excipiebat.
920 2658 1028 2699 Pau-

195 2713 379 2764 pertatis
409 2725 541 2764 quam
569 2718 687 2755 esset
715 2713 955 2763 studiosus,
983 2714 1028 2753 il-

579 205 648 238 Die
674 206 724 237 21.
752 205 850 245 Maii.
898 204 932 237 S.
959 204 1099 237 Felicis
1126 215 1145 236 a
1174 202 1390 235 (tantalicio
1415 201 1523 235 Conf.

1079 302 1205 342 lustri
1225 301 1491 343 documento
1510 301 1632 342 Deus
1652 300 1748 353 ipse
1768 299 1910 342 decla-

1079 358 1203 398 ravit.
1241 358 1447 398 Ostiatim
1474 357 1590 398 enim
1614 369 1694 408 per
1720 356 1843 397 vicos
1868 361 1912 397 et

1079 414 1250 466 plateas
1292 413 1460 454 alendis
1503 412 1710 454 fratribus
1747 411 1911 453 mendi-

1081 482 1184 510 cans
1214 469 1351 520 (quod
1379 469 1452 510 ille
1481 481 1638 509 munus
1665 480 1746 520 per
1774 480 1912 509 annos

1081 525 1369 577 quadraginta
1389 525 1517 566 nudis
1537 525 1627 566 fere
1648 537 1821 576 semper
1838 526 1930 576 pe-‘

1081 581 1208 622 dibus
1231 581 1398 632 obivit),
1423 594 1523 622 cum
1547 580 1617 622 die
1643 580 1834 632 quadam
1851 581 1911 621 in-

1079 638 1243 679 usitato
1270 637 1467 689 pondere
1493 650 1540 678 se
1568 636 1758 689 opprimi
1784 639 1911 678 senti-

1080 698 1162 744 ret,
1188 694 1424 735 manticam
1448 695 1683 738 scrutatus,
1709 693 1914 743 injectum

1081 749 1194 790 clam
1225 763 1451 790 nummum
1483 747 1790 801 deprehendit:
1826 761 1912 800 quo

1080 806 1296 857 projecto,
1349 818 1430 846 nec
1477 805 1570 845 sine
1615 803 1913 855 indignatione

1082 859 1360 913 proculc‘ato,
1405 861 1551 902 alacer
1589 866 1632 902 et
1669 860 1778 901 levis
1811 860 1913 902 inde

1082 917 1200 958 abiit.
1239 918 1513 966 Castitatem,
1540 929 1672 968 quam
1697 929 1836 968 usque
1857 916 1914 958 ad

1082 972 1253 1015 obitum
1275 973 1468 1014 servavit
1489 972 1703 1014 illibatam
1722 973 1914 1022 (sanctus

1082 1031 1269 1082 corpore
1296 1035 1339 1071 et
1365 1030 1522 1082 spiritu
1547 1042 1572 1070 a
1596 1029 1735 1070 Paulo
1751 1029 1914 1080 quinto

1082 1088 1321 1138 propterea
1349 1085 1630 1138 appellatus),
1662 1084 1783 1135 vigili
1814 1098 1915 1126 ocu-

1081 1141 1224 1183 lorum
1250 1141 1452 1184 custodia
1476 1146 1520 1183 et
1546 1141 1795 1182 voluntario
1819 1143 1914 1182 cor-

1081 1199 1203 1250 poris
1225 1199 1423 1240 cruciatu
1443 1197 1743 1247 communivit,
1769 1199 1914 1250 asper-

1083 1254 1194 1296 rimo
1232 1255 1407 1306 flagello
1444 1267 1491 1296 se
1529 1253 1728 1306 quotidie
1765 1256 1914 1295 cruen-

1081 1316 1198 1361 tans,
1226 1324 1278 1352 ac
1302 1311 1445 1352 ferreo
1474 1310 1615 1352 cilicio
1641 1312 1915 1360 constrictus,

1083 1372 1255 1420 septem
1274 1368 1407 1408 etiam
1422 1366 1553 1409 Urbis
1573 1366 1777 1408 basilicas
1796 1366 1914 1408 iden-

1082 1422 1222 1464 tidem
1265 1423 1469 1464 invisens.
1533 1423 1557 1463 J
1560 1423 1702 1474 ejunia
1748 1421 1915 1464 ordinis

1082 1479 1227 1520 inedia
1256 1479 1523 1531 quandoque
1552 1478 1799 1520 cumulavit.
1836 1479 1914 1520 Le-

1083 1540 1180 1577 ctus
1200 1536 1291 1587 ejus
1311 1535 1478 1576 doloris
1497 1535 1648 1588 potius
1672 1548 1804 1587 quam
1824 1536 1914 1587 qui-

1083 1591 1165 1632 etis
1185 1596 1293 1633 erat:
1319 1591 1500 1632 brevem
1525 1591 1688 1644 quippe
1714 1604 1916 1633 somnum

1083 1648 1208 1688 flexis
1236 1647 1354 1688 nuda
1382 1659 1516 1700 super
1542 1647 1694 1689 tabula
1720 1647 1915 1698 genibus,

1082 1716 1135 1745 ac
1161 1704 1280 1745 fasce
1308 1706 1629 1745 sarmentorum
1657 1704 1790 1756 capiti
1815 1717 1914 1757 sup-

1081 1760 1243 1812 posito,
1264 1759 1484 1812 carpebat.

1136 1835 1185 1885 Rv.
1212 1833 1390 1874 Amavit
1409 1845 1509 1874 eum
1528 1833 1761 1883 Dominus,
1783 1838 1827 1875 et
1847 1846 1913 1875 or-

1081 1890 1202 1930 navit
1236 1902 1349 1930 eum:
1390 1889 1551 1930 stolam
1585 1888 1740 1940 gloriae
1774 1889 1915 1932 induit

1082 1958 1196 1994 eum,
1222 1948 1244 1970 *
1270 1946 1327 1987 Et
1355 1944 1413 1987 ad
1440 1950 1594 1998 portas
1621 1944 1816 1998 paradisi
1844 1958 1914 1987 co-

1082 2002 1256 2043 ronavit
1284 2015 1394 2043 eum.
1447 1997 1498 2047 V.
1525 2000 1674 2042 Induit
1699 2013 1799 2042 eum
1824 2001 1914 2043 Do-

1082 2057 1224 2099 minus
1270 2058 1453 2099 loricam
1494 2057 1616 2106 fidei,
1657 2062 1702 2098 et
1743 2058 1916 2099 ornavit

1083 2126 1193 2154 eum.
1239 2115 1295 2155 Et
1319 2114 1375 2155 ad
1399 2118 1562 2166 portas.

1389 2198 1541 2238 Lectio
1561 2197 1614 2236 vi.

1084 2249 1247 2355 Vitae
1271 2264 1526 2305 austeritate
1547 2263 1630 2305 sibi
1650 2276 1795 2316 asper,
1819 2264 1915 2305 aliis

1179 2334 1305 2362 carus
1318 2323 1628 2372 acceptusque,
1639 2321 1802 2361 sanctis
1812 2333 1916 2373 prae-

1083 2378 1233 2418 sertim
1263 2377 1424 2418 Carolo
1458 2381 1501 2417 et
1529 2375 1734 2428 Philippo
1763 2376 1915 2426 Nerio,

1083 2433 1363 2485 simplicitate
1383 2438 1516 2484 atque
1535 2432 1785 2473 innocentia
1805 2445 1913 2473 sern-

1081 2503 1161 2541 per
1197 2489 1288 2530 fuit.
1328 2490 1378 2529 In
1412 2489 1611 2530 oratione
1639 2490 1915 2541 pernoctans,

1083 2545 1380 2586 dulcissimam
1430 2545 1681 2596 frequenter
1731 2544 1914 2586 extasim

1083 2607 1150 2642 est
1178 2614 1350 2653 passus:
1384 2607 1427 2642 et
1460 2599 1697 2652 aliquando
1730 2600 1773 2640 in
1802 2595 1914 2640 ulnis

1083 2658 1172 2698 suis
1208 2657 1467 2698 reclinatum
1499 2670 1524 2697 a
1559 2656 1740 2706 Virgine
1773 2656 1913 2697 Matre

1082 2717 1269 2766 puerum
1307 2714 1458 2754 Jesum
1499 2712 1757 2754 suavissime
1797 2724 1912 2752 com-
