2040 2976
342 216 411 250 Dic
428 218 458 250 (5.
478 217 572 258 Aug.
596 216 782 258 Transfig.
798 216 841 250 D.
860 216 903 249 N.
922 216 954 249 J.
972 216 1010 250 C.
1031 235 1042 240 -
1057 219 1086 251 ἕ).
1105 219 1138 251 S.
1158 217 1335 260 Emygdii
1352 216 1478 259 Episc.
1498 222 1532 250 ct
1551 216 1654 249 Mart.

151 315 309 357 terium
331 314 524 355 Lucinae:
549 326 660 366 quos
685 313 843 355 divinis
865 326 975 366 prae-

152 371 290 423 ceptis
317 373 551 420 instruens,
583 371 855 411 sacramento
883 371 975 411 cer-

151 428 274 480 poris
287 426 450 469 Christi
464 425 813 475 communicavit3
827 425 976 478 ibique

153 484 258 526 dum
287 483 522 524 Missarum
554 481 766 523 solemnia
794 481 976 534 perficit,

153 539 485 582 advenientibus
496 540 654 580 iterum
663 538 752 590 imp
757 539 976 579 craterum

153 595 430 646 satellitibus,
463 594 503 636 ei
535 594 579 634 in
605 606 683 635 sua
711 593 816 635 sede
844 597 976 645 eaput

153 651 435 695 abscinditur.
483 650 654 702 Corpus
690 663 789 691 cum
822 649 977 691 eadem

154 708 260 750 sede
279 709 520 760 conspersa
532 706 737 758 Martyris
758 705 977 756 sanguine,

154 778 180 806 a
198 764 368 807 clericis
388 763 609 817 sepultum
629 767 696 804 est
713 762 757 803 in
776 763 977 803 coemete-

154 821 220 863 rio
241 820 418 871 Callisti,
440 825 596 873 quarto
611 819 763 861 Nonas
778 817 978 869 Augusti.

154 878 277 920 Vixit
320 877 365 918 in
401 877 661 930 pontificatu
705 887 842 916 annos
878 879 979 922 tres,

155 946 328 976 menses
345 939 447 982 tres,
468 933 561 975 dies
576 932 727 984 viginti
742 931 864 972 duos.
892 930 978 971 Ha-

156 991 251 1033 buit
269 989 568 1032 ordinationes
594 989 703 1031 duas
727 1000 876 1029 mense
895 987 978 1027 De-

158 1047 340 1096 cembri,
374 1046 532 1099 quibus
565 1045 730 1087 creavit
756 1043 979 1096 presbyte-

156 1116 231 1146 ros
250 1116 338 1154 sex,
358 1102 570 1145 diaconos
590 1101 792 1154 quinque,
813 1101 979 1152 episco-

157 1173 242 1213 pos
261 1165 363 1202 tres.

208 1219 257 1270 Ει.
277 1216 400 1259 Stola
417 1213 708 1268 jucunditatis
770 1256 774 1258 .

207 1278 250 1312 In
270 1278 335 1312 III.
354 1277 554 1311 Nocturno
579 1275 750 1310 Homilia
774 1275 813 1309 in
833 1275 977 1316 Evang.

160 1326 202 1362 Si
224 1325 312 1371 quis
327 1325 421 1362 vult.
444 1325 491 1359 de
516 1324 652 1359 eodem
668 1323 811 1357 Cornrn.
835 1323 864 1356 2.
881 1323 978 1355 loco.

394 1408 477 1450 Die
496 1409 533 1448 6.
552 1405 751 1457 Augusti.

194 1469 672 1522 'transfigurationis
692 1469 746 1510 D.
765 1469 817 1509 N.
837 1468 878 1509 J.
899 1467 943 1508 Ο.

217 1531 331 1566 Titul.
356 1530 652 1566 Archibasilicae
674 1529 917 1563 Lateranens.

251 1583 407 1628 Duplex
431 1584 458 1618 1.
484 1583 595 1617 class.
621 1591 704 1615 curn
731 1581 885 1614 Octava.

297 1635 474 1670 Officium
498 1640 538 1669 ut
562 1636 599 1668 in
623 1633 835 1668 Breviario.

211 1693 361 1738 Hymni¹
395 1692 567 1736 ejusdem
604 1691 713 1725 mctri
759 1699 827 1733 per
864 1691 980 1722 totam

159 1741 345 1776 Octavam
370 1741 426 1775 sic
449 1740 715 1775 terminantur:

190 1793 302 1842 Jesu,
319 1789 401 1833 tibi
420 1789 476 1831 sit
493 1788 645 1840 gleria,

240 1847 326 1897 Qui
342 1851 387 1889 te
407 1845 578 1887 revelas
595 1842 802 1897 parvulis,

241 1903 351 1945 Cum
367 1903 498 1945 Patre
518 1907 561 1943 et
580 1901 696 1942 almo
715 1897 879 1951 Spiritu

240 1961 292 2001 In
309 1960 576 2013 sempiterna
594 1955 764 1998 saecula.
792 1954 943 1995 Amen.

213 2021 258 2056 In
276 2021 342 2056 III.
356 2021 469 2056 Noct.
489 2019 634 2055 omissa
650 2018 751 2052 Lect.
773 2017 829 2052 Ss.
845 2016 983 2059 Marty-

162 2079 258 2113 rum,
270 2070 421 2113 legatur
435 2069 485 2104 ix.
501 2068 601 2102 Lect.
623 2066 679 2100 Tu
693 2073 787 2103 vero
803 2060 985 2097 Matthaei.

162 2121 205 2153 ut
227 2118 267 2152 in
290 2117 402 2152 Brev.

206 2165 272 2247 lPe
294 2165 352 2202 Ss.
368 2164 613 2200 Felicissimo
637 2167 674 2198 et
691 2162 861 2205 Agapito
878 2160 984 2195 Mart.

163 2213 204 2248 ni
234 2213 272 2248 il.

214 2261 259 2296 In
287 2261 414 2296 Festis
443 2260 544 2295 infra
573 2259 758 2294 Octavam
789 2266 986 2292 occurren-

164 2309 267 2344 tibus
302 2309 344 2344 fit
377 2318 573 2344 commem.
610 2304 986 2349 Transfigurationis,

165 2368 234 2401 per
248 2358 347 2393 Ant..
362 2352 409 2398 V.
426 2361 463 2391 et
478 2356 700 2390 Orationem
717 2354 763 2387 de
782 2353 843 2386 die
860 2352 985 2385 Festo.

397 2431 481 2471 Die
500 2430 536 2470 9.
556 2426 753 2478 Augusti.

199 2501 242 2561 S.
260 2497 494 2550 Emygdii
499 2498 657 2590 1{Epilse
678 2501 720 2536 et
740 2493 953 2544 Martyris.

536 2566 586 2599 up
605 2565 661 2589 ex.

378 2634 440 2674 In
465 2632 500 2672 Ι.
528 2626 775 2678 vesperis.

222 2695 311 2730 Ant.
335 2700 372 2730 et
395 2695 520 2738 Capit.
545 2693 591 2727 de
615 2691 733 2726 Laud.
756 2689 834 2731 25*;
862 2689 922 2722 Ps.
947 2693 987 2722 ut

168 2743 208 2777 in
232 2743 259 2777 I.
275 2743 391 2787 Vesp.
417 2743 464 2777 de
489 2739 689 2777 Communi
712 2738 849 2781 Apost.

219 2870 311 2902 Propr.
327 2876 374 2901 pro
391 2868 467 2893 Clero
482 2866 558 2890 Rom.
590 2864 654 2889 Pars
671 2862 778 2886 AEstiva.

1780 213 1844 249 21*

1332 314 1536 364 Hymnus.

1029 365 1218 469 Aidiat
1235 369 1367 409 miras
1388 368 1531 410 oriens
1551 367 1798 419 cadensque

1146 425 1222 466 Sol
1254 429 1352 466 tuas
1383 424 1535 465 laudes
1565 423 1846 474 celebresque

1337 480 1515 533 palmas,

1079 536 1847 589 PraesulEmygdi,celumen,tua'eque

1183 593 1333 634 Gleria
1352 593 1502 643 gentis.

1030 660 1066 699 O
1089 657 1211 708 jubar
1230 657 1330 698 coeli
1349 655 1482 698 radiis
1504 656 1723 705 decorum,

1083 714 1121 755 O
1136 718 1294 766 potens
1310 713 1453 763 signis,
1469 713 1722 764 meritisque
1738 711 1848 760 felix,

1082 770 1349 820 QuemDeus
1356 769 1488 820 gestis
1497 768 1850 810 adhiberesuevit

1186 825 1436 867 Grandibus
1456 825 1569 866 olim.

1030 891 1218 933 Ethnico
1246 891 1435 943 primum
1463 889 1633 940 genitus
1657 889 1850 941 parente,

1081 948 1206 988 Illico
1225 960 1383 989 nomen
1403 946 1573 998 superis
1593 944 1761 992 dedisti,

1082 1003 1239 1045 Patriis
1258 1003 1416 1056 spretis
1437 1002 1604 1054 Opibus,
1622 1001 1753 1042 beata

1188 1061 1341 1110 Regna
1362 1061 1596 1111 requirens.

1036 1125 1156 1166 Miles
1166 1125 1267 1166 hinc
1275 1125 1462 1176 scriptus
1469 1121 1641 1163 Triadis
1652 1123 1852 1173 supernae

1085 1181 1208 1222 Italis
1226 1181 1357 1222 infers
1377 1192 1500 1221 sacra
1518 1178 1633 1220 bella
1651 1177 1802 1230 plagis,

1086 1238 1270 1279 Instruis
1288 1236 1436 1286 verbo,
1454 1235 1696 1287 tribuisque
1715 1233 1823 1274 mira

1187 1294 1316 1335 Dona
1335 1292 1496 1334 salutis.

1039 1358 1202 1407 Victor,
1222 1363 1266 1399 et
1285 1357 1406 1399 dives
1425 1355 1588 1409 speliis,
1608 1354 1788 1397 deorum

1085 1414 1270 1467 Templa
1294 1413 1526 1462 subvertis,
1554 1411 1783 1453 simulacra
1811 1414 1854 1451 et

1343 1482 1452 1518 aras,

1088 1528 1192 1569 Mox
1251 1527 1364 1569 feras
1417 1529 1570 1577 gentes
1623 1523 1855 1563 numerosa

1342 1581 1491 1624 reddis

1190 1640 1377 1691 Agmina
1406 1637 1591 1680 Christo.

1039 1707 1102 1748 Sit
1121 1706 1237 1747 salus
1255 1705 1327 1754 illi,
1347 1704 1480 1746 decus
1499 1707 1630 1753 atque
1648 1700 1795 1748 virtus,

1089 1763 1173 1812 Qui
1199 1774 1329 1814 super
1349 1760 1450 1802 coeli
1476 1758 1587 1800 solio
1611 1759 1856 1809 coruscans,

1089 1818 1245 1860 Tetius
1264 1817 1413 1859 mundi
1432 1815 1588 1856 seriem
1607 1812 1818 1864 gubernat

1191 1874 1350 1915 Trinus
1370 1878 1413 1914 et
1431 1883 1551 1913 unus.
1603 1869 1755 1909 Amen.

1090 1932 1140 1984 V.
1183 1935 1320 1976 Terra
1362 1931 1538 1975 tremuit
1591 1934 1635 1971 et
1683 1926 1856 1980 quievit.

1039 1995 1089 2047 R.
1123 1992 1239 2032 Dum
1274 2002 1355 2042 pro
1387 1988 1514 2030 nobis
1547 1985 1856 2038 deprecaretur

1037 2046 1286 2100 Emygdius.

1092 2104 1162 2146 Ad
1184 2102 1355 2153 Magnis.
1387 2103 1485 2141 Ant.
1510 2096 1749 2150 Emygdius
1772 2096 1855 2147 spi-

1038 2161 1123 2202 ritu
1155 2159 1243 2200 oris
1276 2157 1342 2199 sui
1371 2155 1590 2198 idolerum
1622 2152 1785 2194 cultum
1815 2154 1857 2191 et

1038 2215 1201 2268 templa
1225 2212 1453 2255 subvertit:
1479 2222 1590 2262 quos
1615 2210 1659 2250 in
1683 2207 1855 2250 Christo

1038 2272 1186 2323 genuit
1211 2270 1335 2320 filios,
1357 2268 1456 2310 illos
1474 2265 1662 2308 fideliter
1681 2277 1706 2305 a
1723 2261 1856 2304 ruinis

1038 2329 1314 2370 terraemetus
1333 2323 1533 2367 servavit.
1644 2332 1654 2341 ’

1094 2387 1224 2422 Oratio
1248 2390 1288 2419 ut
1313 2384 1362 2418 ad
1383 2382 1546 2418 Laudes.
1569 2381 1633 2417 26*

1093 2441 1140 2475 Et
1163 2440 1204 2473 fit
1228 2439 1384 2472 comem.
1403 2435 1560 2470 Octavae
1575 2431 1856 2473 Transfigurat„

1044 2499 1086 2523 ac
1111 2487 1145 2523 S.
1170 2485 1333 2521 Romani
1357 2484 1463 2518 Mart.

1197 2550 1284 2592 Ad
1316 2547 1697 2591 matutinum.

1099 2612 1218 2652 Invit.
1255 2612 1415 2659 Regem
1444 2605 1683 2655 Martyrum
1708 2596 1856 2640 Domi-

1041 2679 1143 2708 num
1171 2668 1193 2692 *
1221 2665 1379 2707 Venite
1406 2661 1647 2702 adoremus.

1099 2725 1163 2764 Ps.
1194 2723 1349 2768 Venite,
1381 2715 1656 2759 exsultemus.
