2040 2976
177 196 270 240 [296]

451 291 519 328 Ad
541 291 744 330 Primam.

230 359 273 396 In
295 358 344 409 Κ..
366 356 426 397 br.
450 356 609 397 dicitur
629 353 678 404 Y.
710 354 794 405 Qui
813 359 942 397 natus
963 368 1010 397 es

177 410 232 452 de
252 410 391 452 Maria
409 409 604 461 Virgine.
740 407 747 413 ”

443 497 511 533 Ad
534 497 736 534 Tertiam.

229 562 328 601 Ant.
359 558 482 600 Fecit
499 558 580 601 tibi
597 571 767 610 magna.

227 626 489 678 Capitulum.
518 625 682 666 Beatus
701 623 847 667 homo.
871 625 983 678 [295]

226 693 275 743 ΒΕ.
298 691 358 731 br.
383 688 540 741 Specie
559 693 635 731 tua
652 694 673 717 *
693 690 751 733 Et
769 691 1008 743 pulchritu—

177 745 277 787 dine
300 750 387 787 tua.
423 745 580 797 Specie
603 750 690 787 tua.
732 742 782 795 Ys.
811 747 1008 797 Intende,

175 804 392 854 prospere
424 801 633 854 procede,
668 808 712 844 et
744 816 888 855 regna.
941 804 1008 846 Et.

175 858 331 900 Gloria
347 858 481 900 Patri.
509 858 666 912 Specie
683 864 770 901 tua.

227 913 276 964 Y
315 918 557 970 Adiuvabit
593 932 691 961 eam
726 921 847 962 Deus
883 921 1007 963 vultu

177 988 269 1017 suo.
311 974 362 1027 Rv.
389 975 511 1017 Deus
540 975 585 1016 in
612 976 760 1019 medio
787 978 891 1029 ejus,
920 990 1008 1019 non

178 1031 541 1074 commovebitur.

451 1118 519 1154 Ad
542 1118 731 1157 Sextam.

228 1179 326 1218 Ant.
362 1176 430 1217 Tu
449 1175 589 1226 gloria
607 1176 863 1221 Jerusalem.

228 1242 490 1295 Capitulum.
694 1243 825 1283 Eccli.
841 1244 906 1282 24.
923 1256 956 1283 c.

255 1314 313 1352 go
341 1301 485 1344 Mater
516 1302 715 1356 pulchrae
749 1303 1010 1355 dilectionis,

275 1363 319 1400 et
334 1359 517 1409 timoris,
538 1365 582 1401 et
597 1361 843 1411 agnitionis,
864 1366 908 1403 et
923 1374 1011 1403 san-

177 1419 260 1456 ctae
286 1415 392 1468 spei.
428 1416 479 1456 In
503 1429 574 1458 me
598 1418 741 1468 gratia
765 1417 906 1459 omnis
926 1418 1010 1459 viae

177 1476 220 1513 et
239 1472 452 1522 veritatis,
471 1472 514 1513 in
533 1486 603 1515 me
623 1475 764 1515 omnis
784 1487 888 1527 spes
907 1475 1010 1516 vitae

178 1533 221 1570 et
239 1528 424 1570 virtutis.

228 1592 276 1643 R.
311 1591 373 1631 br.
429 1590 670 1643 Adjuvabit
702 1605 800 1653 eam
830 1592 851 1615 *
888 1593 1010 1635 Deus

176 1646 300 1687 vultu
326 1658 417 1687 suo.
455 1647 707 1700 Adjuvabit.
741 1646 790 1691 V-
819 1650 943 1691 Deus
966 1650 1010 1690 in

176 1702 324 1744 medio
363 1703 470 1753 ejus,
515 1716 604 1745 non
646 1706 1010 1748 commovebitur.

176 1759 311 1800 Deus.
340 1759 492 1801 Gloria
510 1759 643 1802 Patri.
671 1761 924 1814 Adjuvabit.

227 1816 276 1867 Yf.
306 1819 452 1870 Elegit
479 1833 576 1862 eam
595 1821 734 1874 Deus,
763 1828 807 1865 et
829 1824 1009 1876 praeele-

177 1876 241 1926 git
272 1888 381 1917 eam.
443 1880 489 1930 lx’g.
524 1877 576 1917 In
609 1878 895 1921 tabernaculo
929 1893 1010 1922 suo

177 1931 376 1974 habitare
396 1933 500 1975 facit
519 1946 627 1975 eam.

457 2020 525 2057 Ad
549 2022 734 2060 Nonam.

230 2084 329 2123 Ant.
360 2083 547 2124 Nostras
567 2083 914 2136 deprecationes.

229 2148 487 2199 Capitulum.
721 2149 845 2189 Prov.
861 2150 897 2188 8.
918 2149 956 2189 d.

176 2203 317 2309 Ego
342 2206 573 2259 diligentes
596 2223 666 2253 me
691 2210 842 2262 diligo:
869 2217 914 2254 et
938 2213 1012 2264 qui

270 2275 398 2305 mane
416 2264 596 2315 vigilant
615 2266 672 2309 ad
691 2280 772 2317 me,
791 2268 1012 2311 invenient

178 2332 261 2362 me.
292 2319 467 2362 Mecum
492 2327 593 2364 sunt
613 2322 778 2366 divitiae
797 2330 842 2366 et
860 2325 1012 2377 gloria,

180 2389 288 2429 opes
309 2376 514 2429 superbae
534 2383 579 2420 et
597 2380 778 2431 justitia:
801 2387 850 2423 ut
876 2382 1012 2424 ditem

181 2432 412 2484 diligentes
431 2446 518 2483 me,
542 2440 586 2476 et
606 2435 839 2480 thesauros
860 2441 1013 2481 eorum

181 2489 388 2542 repleam.

230 2554 280 2605 R«.
314 2552 375 2593 br.
422 2550 566 2602 Elegit
598 2564 696 2593 eam
727 2554 865 2605 Deus,
896 2554 917 2577 *
957 2557 1014 2600 Et

180 2606 410 2658 praeelegit
439 2620 547 2649 eam.
587 2608 741 2660 Elegit.
781 2605 831 2656 V.
869 2612 920 2652 In
951 2618 1013 2655 ta-

180 2662 420 2705 bernaculo
446 2677 527 2705 suo
552 2664 753 2707 habitare
777 2667 880 2709 facit
906 2681 1014 2710 eam.

180 2719 248 2760 Et.
280 2719 434 2761 Gloria
452 2721 582 2763 Patri.
609 2721 764 2773 Elegit.

671 199 743 233 Dic
768 200 819 235 25.
845 201 963 235 Junii.
1011 202 1045 237 S.
1072 203 1266 237 Gallicani
1290 203 1398 236 Mart.

1117 298 1168 345 Υ.
1199 293 1371 335 Diffusa
1406 298 1474 335 est
1510 293 1650 346 gratia
1686 293 1733 334 in
1767 294 1896 338 labiis

1063 349 1161 391 tuis.
1206 354 1257 392 R.
1291 350 1538 403 Propterea
1580 350 1808 394 benedixit
1851 356 1897 394 te

1063 406 1185 448 Deus
1203 407 1247 447 in
1267 408 1491 448 aeternum.

1270 479 1332 520 In
1353 479 1412 521 11.
1436 480 1689 531 vesperis.

1117 540 1254 575 Omnia
1279 544 1321 574 ut
1344 539 1382 574 in
1409 539 1556 583 primis,
1582 543 1724 582 praeter

1119 591 1190 633 Ad
1211 591 1385 642 Magnis.
1415 592 1514 632 Ant.
1547 589 1617 632 Ad
1639 594 1684 632 te
1704 589 1897 641 confugi-

1062 659 1160 687 mus
1180 658 1206 687 o
1227 645 1378 696 Maria,
1397 645 1498 696 vita,
1519 645 1710 688 dulcedo
1731 651 1775 688 et
1794 658 1898 699 spes

1062 707 1230 744 nostra:
1259 705 1467 744 succurre
1496 703 1687 754 cadenti,
1717 706 1898 754 surgere

1064 759 1139 812 qui
1157 764 1293 809 curat,
1308 759 1493 812 populo;
1511 764 1560 802 tu
1581 772 1680 812 quae
1699 759 1899 812 genuisti,

1062 819 1219 858 natura
1236 815 1436 866 mirante,
1455 820 1579 858 tuum
1599 821 1799 859 sanctum
1814 816 1898 858 Ge·

1063 872 1264 923 nitorem,
1284 872 1467 925 alleluja.

1118 936 1165 969 Et
1190 936 1230 969 fit
1255 945 1451 969 commem.
1476 935 1628 969 Domin.
1655 945 1800 971 occurr.

1323 1013 1408 1055 Die
1425 1014 1492 1054 25.
1510 1013 1535 1055 J
1537 1013 1638 1055 unii.

1203 1078 1246 1119 S.
1271 1077 1517 1119 Gallicani
1543 1066 1760 1129 Martyris.

1400 1136 1566 1181 Duplex.

1120 1188 1258 1222 Omnia
1279 1189 1326 1222 dc
1345 1188 1549 1224 Communi
1567 1191 1682 1225 unius
1700 1190 1808 1226 Mart.
1827 1187 1897 1232 [21]

1066 1240 1208 1279 praeter
1229 1247 1335 1280 sequ,

1406 1289 1570 1331 Oratio.

1154 1362 1248 1399 eus,
1295 1350 1370 1402 qui
1405 1348 1584 1392 beatum
1623 1348 1899 1391 Gallicanum

1158 1406 1399 1458 Martyrem
1428 1405 1485 1448 ad
1512 1406 1576 1448 tui
1600 1405 1899 1457 cognitionem

1063 1463 1322 1505 mirabiliter
1340 1463 1603 1516 perduxisti,
1632 1468 1676 1505 et
1698 1476 1780 1516 per
1798 1476 1899 1505 eum

1062 1533 1180 1562 novo
1199 1519 1446 1562 Ecclesiam
1468 1525 1590 1562 tuam
1611 1519 1808 1562 caritatis
1825 1532 1898 1562 ex-

1064 1577 1211 1630 emplo
1234 1576 1456 1619 illustrare
1481 1577 1688 1628 dignatus
1711 1589 1773 1618 es:
1797 1589 1897 1618 con-

1064 1634 1174 1676 cede
1199 1634 1436 1686 propitius;
1461 1639 1510 1676 ut
1537 1634 1735 1687 ejusdem
1758 1633 1898 1687 preci-

1063 1690 1145 1733 bus
1171 1695 1214 1732 et
1239 1691 1503 1741 imitatione,
1527 1693 1748 1744 promissa
1771 1690 1898 1732 mise-

1062 1746 1312 1789 ricordibus
1345 1748 1528 1800 praemia
1562 1749 1898 1800 consequemur.

1062 1804 1148 1846 Per
1165 1804 1415 1845 Dominum.

1117 1864 1160 1897 In
1189 1863 1216 1897 Ι.
1240 1862 1351 1895 Noct.
1380 1861 1482 1895 Lect.
1514 1861 1560 1895 de
1586 1861 1723 1905 Script.
1754 1872 1898 1898 occurr.

1291 1923 1340 1962 In
1367 1923 1418 1962 11.
1447 1923 1672 1963 Nocturno.

1369 1983 1525 2025 Lectio
1545 1984 1599 2024 iv.

1075 2046 1432 2097 „Nallicanuffi
1463 2046 1530 2089 vir
1563 2046 1823 2097 consularis,
1855 2051 1899 2088 et

1100 2095 1194 2163 pgr
1217 2102 1473 2156 triumphali
1505 2103 1676 2146 honore
1711 2102 1898 2145 clarissi-

1096 2181 1108 2188 κ»
1126 2161 1189 2184 *ἢ
1218 2174 1333 2211 mus,
1360 2173 1439 2203 sua
1463 2160 1627 2203 virtute
1654 2164 1698 2202 et
1721 2159 1901 2202 militari

1063 2218 1204 2270 gloria
1252 2217 1530 2260 Constantini
1574 2217 1766 2268 Augusti
1816 2215 1900 2259 sibi

1065 2275 1252 2326 gratiam
1277 2273 1540 2316 conciliavit.
1582 2274 1725 2325 Magis
1751 2278 1900 2316 autem

1067 2344 1167 2383 quae
1194 2331 1279 2373 Dei
1305 2336 1406 2373 sunt
1431 2343 1653 2383 quaerens,
1683 2343 1710 2372 a
1734 2329 1904 2372 sanctis'
1929 2339 1941 2347 ·

1065 2389 1090 2430 J
1093 2391 1234 2430 oanne
1260 2393 1303 2430 et
1322 2387 1461 2430 Paulo
1487 2387 1659 2430 coelesti
1681 2387 1780 2430 luce
1803 2399 1899 2440 per-

1066 2445 1204 2495 fusus,
1225 2449 1269 2486 et
1287 2444 1517 2495 Evangelii
1536 2444 1739 2486 doctrina
1758 2443 1899 2486 erudi-

1065 2506 1151 2551 tus,
1182 2501 1208 2542 J
1212 2514 1290 2543 esu
1316 2500 1479 2542 Christi
1503 2500 1638 2542 fidem
1666 2513 1744 2542 ore
1771 2499 1899 2541 simul

1066 2563 1199 2610 atque
1225 2559 1360 2610 opere
1380 2557 1582 2609 profiteri
1602 2556 1749 2609 coepit.
1780 2555 1900 2597 N-am

1067 2627 1166 2656 cum
1194 2619 1348 2656 sancto
1375 2613 1576 2655 Hilarino
1601 2613 1658 2655 ad
1684 2612 1811 2655 Ostia
1828 2612 1898 2652 Ti-

1066 2670 1218 2712 berina
1238 2670 1466 2721 secedens,
1485 2670 1818 2723 peregrinorum
1837 2673 1898 2710 at-

1068 2739 1154 2778 que
1179 2727 1453 2769 infirmorum
1481 2740 1599 2769 curae
1628 2731 1672 2770 et
1697 2725 1899 2768 servituti
