<?xml version="1.0" encoding="UTF-8"?>
<!DOCTYPE html PUBLIC "-//W3C//DTD XHTML 1.0 Transitional//EN"
    "http://www.w3.org/TR/xhtml1/DTD/xhtml1-transitional.dtd">
<html xmlns="http://www.w3.org/1999/xhtml" xml:lang="en" lang="en">
 <head>
  <title>
</title>
<meta http-equiv="Content-Type" content="text/html;charset=utf-8" />
  <meta name='ocr-system' content='tesseract 3.04.00' />
  <meta name='ocr-capabilities' content='ocr_page ocr_carea ocr_par ocr_line ocrx_word'/>
</head>
<body>
  <div class='ocr_page' id='page_1' title='image "./p3breviariumroma00cathuoft_0310.png"; bbox 0 0 2040 2976; ppageno 0'>
   <div class='ocr_carea' id='block_1_1' title="bbox 621 206 1444 260">
    <p class='ocr_par' dir='ltr' id='par_1_1' title="bbox 621 206 1444 260">
     <span class='ocr_line' id='line_1_1' title="bbox 621 206 1444 260; baseline 0.001 -22"><span class='ocrx_word' id='word_1_1' title='bbox 621 206 690 239; x_wconf 78' lang='lat' dir='ltr'>Dic</span> <span class='ocrx_word' id='word_1_2' title='bbox 716 209 745 239; x_wconf 75' lang='lat'>23.</span> <span class='ocrx_word' id='word_1_3' title='bbox 772 207 871 245; x_wconf 74' lang='lat' dir='ltr'>Maii.</span> <span class='ocrx_word' id='word_1_4' title='bbox 921 206 959 239; x_wconf 85' lang='lat' dir='ltr'>ln</span> <span class='ocrx_word' id='word_1_5' title='bbox 986 207 1212 260; x_wconf 77' lang='lat' dir='ltr'>Inventione</span> <span class='ocrx_word' id='word_1_6' title='bbox 1238 206 1272 239; x_wconf 87' lang='lat' dir='ltr'>S.</span> <span class='ocrx_word' id='word_1_7' title='bbox 1299 207 1444 240; x_wconf 73' lang='lat' dir='ltr'>Crucis.</span> 
     </span>
    </p>
   </div>
   <div class='ocr_carea' id='block_1_2' title="bbox 178 300 1012 1200">
    <p class='ocr_par' dir='ltr' id='par_1_2' title="bbox 178 300 1011 744">
     <span class='ocr_line' id='line_1_2' title="bbox 180 300 1010 342; baseline 0 0"><span class='ocrx_word' id='word_1_8' title='bbox 180 301 297 342; x_wconf 90' lang='lat' dir='ltr'>vivet</span> <span class='ocrx_word' id='word_1_9' title='bbox 315 301 358 340; x_wconf 92' lang='lat' dir='ltr'>in</span> <span class='ocrx_word' id='word_1_10' title='bbox 377 300 472 341; x_wconf 90' lang='lat' dir='ltr'>illis.</span> <span class='ocrx_word' id='word_1_11' title='bbox 502 300 701 342; x_wconf 89' lang='lat' dir='ltr'>Christus</span> <span class='ocrx_word' id='word_1_12' title='bbox 721 314 802 342; x_wconf 92' lang='lat' dir='ltr'>nos</span> <span class='ocrx_word' id='word_1_13' title='bbox 824 300 1010 342; x_wconf 90' lang='lat' dir='ltr'>redemit</span> 
     </span>
     <span class='ocr_line' id='line_1_3' title="bbox 179 355 1009 409; baseline 0.002 -13"><span class='ocrx_word' id='word_1_14' title='bbox 179 356 235 397; x_wconf 89' lang='lat' dir='ltr'>de</span> <span class='ocrx_word' id='word_1_15' title='bbox 254 355 490 397; x_wconf 86' lang='lat' dir='ltr'>maledicto</span> <span class='ocrx_word' id='word_1_16' title='bbox 508 356 636 407; x_wconf 88' lang='lat' dir='ltr'>legis,</span> <span class='ocrx_word' id='word_1_17' title='bbox 661 357 802 399; x_wconf 88' lang='lat' dir='ltr'>factus</span> <span class='ocrx_word' id='word_1_18' title='bbox 827 370 910 409; x_wconf 92' lang='lat' dir='ltr'>pro</span> <span class='ocrx_word' id='word_1_19' title='bbox 935 369 1009 398; x_wconf 92' lang='lat' dir='ltr'>no-</span> 
     </span>
     <span class='ocr_line' id='line_1_4' title="bbox 179 411 1011 465; baseline 0.002 -13"><span class='ocrx_word' id='word_1_20' title='bbox 179 412 246 453; x_wconf 87' lang='lat' dir='ltr'>bis</span> <span class='ocrx_word' id='word_1_21' title='bbox 264 411 560 453; x_wconf 88' lang='lat' dir='ltr'>maledictum:</span> <span class='ocrx_word' id='word_1_22' title='bbox 581 413 683 465; x_wconf 88' lang='lat' dir='ltr'>quia</span> <span class='ocrx_word' id='word_1_23' title='bbox 700 413 911 465; x_wconf 86' lang='lat' dir='ltr'>scriptum</span> <span class='ocrx_word' id='word_1_24' title='bbox 931 418 1011 454; x_wconf 87' lang='lat' dir='ltr'>est:</span> 
     </span>
     <span class='ocr_line' id='line_1_5' title="bbox 179 467 1010 521; baseline 0 -13"><span class='ocrx_word' id='word_1_25' title='bbox 179 467 440 509; x_wconf 86' lang='lat' dir='ltr'>Maledictus</span> <span class='ocrx_word' id='word_1_26' title='bbox 477 469 618 509; x_wconf 90' lang='lat' dir='ltr'>omnis</span> <span class='ocrx_word' id='word_1_27' title='bbox 656 469 731 521; x_wconf 87' lang='lat' dir='ltr'>qui</span> <span class='ocrx_word' id='word_1_28' title='bbox 766 469 932 521; x_wconf 84' lang='lat' dir='ltr'>pendet</span> <span class='ocrx_word' id='word_1_29' title='bbox 968 469 1010 509; x_wconf 93' lang='lat' dir='ltr'>in</span> 
     </span>
     <span class='ocr_line' id='line_1_6' title="bbox 180 523 1010 574; baseline 0.002 -11"><span class='ocrx_word' id='word_1_30' title='bbox 180 523 313 574; x_wconf 86' lang='lat' dir='ltr'>ligno:</span> <span class='ocrx_word' id='word_1_31' title='bbox 349 529 398 565; x_wconf 92' lang='lat' dir='ltr'>ut</span> <span class='ocrx_word' id='word_1_32' title='bbox 435 524 479 565; x_wconf 94' lang='lat' dir='ltr'>in</span> <span class='ocrx_word' id='word_1_33' title='bbox 510 524 726 567; x_wconf 90' lang='lat' dir='ltr'>Gentibus</span> <span class='ocrx_word' id='word_1_34' title='bbox 760 524 1010 566; x_wconf 81' lang='lat' dir='ltr'>benedictio</span> 
     </span>
     <span class='ocr_line' id='line_1_7' title="bbox 180 579 1011 631; baseline 0.001 -11"><span class='ocrx_word' id='word_1_35' title='bbox 180 579 372 620; x_wconf 86' lang='lat' dir='ltr'>Abrahae</span> <span class='ocrx_word' id='word_1_36' title='bbox 399 580 526 621; x_wconf 91' lang='lat' dir='ltr'>fieret</span> <span class='ocrx_word' id='word_1_37' title='bbox 550 581 593 621; x_wconf 94' lang='lat' dir='ltr'>in</span> <span class='ocrx_word' id='word_1_38' title='bbox 621 581 796 622; x_wconf 91' lang='lat' dir='ltr'>Christo</span> <span class='ocrx_word' id='word_1_39' title='bbox 815 581 839 621; x_wconf 88' lang='lat' dir='ltr'>J</span> <span class='ocrx_word' id='word_1_40' title='bbox 843 593 937 631; x_wconf 86' lang='lat' dir='ltr'>esu,</span> <span class='ocrx_word' id='word_1_41' title='bbox 963 586 1011 621; x_wconf 91' lang='lat' dir='ltr'>ut</span> 
     </span>
     <span class='ocr_line' id='line_1_8' title="bbox 179 635 1010 689; baseline 0 -13"><span class='ocrx_word' id='word_1_42' title='bbox 179 635 541 688; x_wconf 88' lang='lat' dir='ltr'>pollicitationem</span> <span class='ocrx_word' id='word_1_43' title='bbox 586 637 775 689; x_wconf 84' lang='lat' dir='ltr'>Spiritus</span> <span class='ocrx_word' id='word_1_44' title='bbox 827 637 1010 689; x_wconf 83' lang='lat' dir='ltr'>accipia-</span> 
     </span>
     <span class='ocr_line' id='line_1_9' title="bbox 178 691 538 744; baseline 0.003 -12"><span class='ocrx_word' id='word_1_45' title='bbox 178 705 276 733; x_wconf 89' lang='lat' dir='ltr'>mus</span> <span class='ocrx_word' id='word_1_46' title='bbox 295 704 376 744; x_wconf 91' lang='lat' dir='ltr'>per</span> <span class='ocrx_word' id='word_1_47' title='bbox 393 691 538 734; x_wconf 86' lang='lat' dir='ltr'>fidem.</span> 
     </span>
    </p>

    <p class='ocr_par' dir='ltr' id='par_1_3' title="bbox 179 755 1012 1200">
     <span class='ocr_line' id='line_1_10' title="bbox 234 755 1012 809; baseline 0.001 -12"><span class='ocrx_word' id='word_1_48' title='bbox 234 759 283 809; x_wconf 74' lang='lat' dir='ltr'>R».</span> <span class='ocrx_word' id='word_1_49' title='bbox 314 756 570 798; x_wconf 91' lang='lat' dir='ltr'>Gloriosum</span> <span class='ocrx_word' id='word_1_50' title='bbox 595 755 711 798; x_wconf 91' lang='lat' dir='ltr'>diem</span> <span class='ocrx_word' id='word_1_51' title='bbox 737 769 861 798; x_wconf 88' lang='lat' dir='ltr'>sacra</span> <span class='ocrx_word' id='word_1_52' title='bbox 886 770 1012 799; x_wconf 90' lang='lat' dir='ltr'>vene-</span> 
     </span>
     <span class='ocr_line' id='line_1_11' title="bbox 180 812 1012 866; baseline 0.002 -14"><span class='ocrx_word' id='word_1_53' title='bbox 180 814 300 853; x_wconf 78' lang='lat' dir='ltr'>ratur</span> <span class='ocrx_word' id='word_1_54' title='bbox 315 812 525 862; x_wconf 76' lang='lat' dir='ltr'>Ecclesia,</span> <span class='ocrx_word' id='word_1_55' title='bbox 545 812 649 854; x_wconf 90' lang='lat' dir='ltr'>dum</span> <span class='ocrx_word' id='word_1_56' title='bbox 669 813 934 866; x_wconf 76' lang='lat' dir='ltr'>triumphale</span> <span class='ocrx_word' id='word_1_57' title='bbox 949 826 1012 854; x_wconf 91' lang='lat' dir='ltr'>re-</span> 
     </span>
     <span class='ocr_line' id='line_1_12' title="bbox 181 868 1011 922; baseline 0.002 -14"><span class='ocrx_word' id='word_1_58' title='bbox 181 871 351 910; x_wconf 78' lang='lat' dir='ltr'>seratur</span> <span class='ocrx_word' id='word_1_59' title='bbox 380 869 558 920; x_wconf 88' lang='lat' dir='ltr'>lignum:</span> <span class='ocrx_word' id='word_1_60' title='bbox 585 871 607 893; x_wconf 87' lang='lat'>*</span> <span class='ocrx_word' id='word_1_61' title='bbox 632 870 683 909; x_wconf 91' lang='lat' dir='ltr'>In</span> <span class='ocrx_word' id='word_1_62' title='bbox 710 882 797 922; x_wconf 92' lang='lat' dir='ltr'>quo</span> <span class='ocrx_word' id='word_1_63' title='bbox 825 868 1011 911; x_wconf 88' lang='lat' dir='ltr'>Redem-</span> 
     </span>
     <span class='ocr_line' id='line_1_13' title="bbox 179 925 1011 976; baseline 0.002 -12"><span class='ocrx_word' id='word_1_64' title='bbox 179 929 284 976; x_wconf 91' lang='lat' dir='ltr'>ptor</span> <span class='ocrx_word' id='word_1_65' title='bbox 315 930 467 966; x_wconf 89' lang='lat' dir='ltr'>noster</span> <span class='ocrx_word' id='word_1_66' title='bbox 505 925 660 966; x_wconf 84' lang='lat' dir='ltr'>mortis</span> <span class='ocrx_word' id='word_1_67' title='bbox 694 926 868 966; x_wconf 93' lang='lat' dir='ltr'>vincula</span> <span class='ocrx_word' id='word_1_68' title='bbox 900 938 1011 966; x_wconf 91' lang='lat' dir='ltr'>rum-</span> 
     </span>
     <span class='ocr_line' id='line_1_14' title="bbox 180 980 1012 1034; baseline 0.002 -14"><span class='ocrx_word' id='word_1_69' title='bbox 180 993 304 1032; x_wconf 80' lang='lat' dir='ltr'>penS,</span> <span class='ocrx_word' id='word_1_70' title='bbox 329 980 535 1022; x_wconf 78' lang='lat' dir='ltr'>callidum</span> <span class='ocrx_word' id='word_1_71' title='bbox 555 981 757 1033; x_wconf 72' lang='lat' dir='ltr'>aspidem</span> <span class='ocrx_word' id='word_1_72' title='bbox 777 982 1012 1034; x_wconf 79' lang='lat' dir='ltr'>superavit.</span> 
     </span>
     <span class='ocr_line' id='line_1_15' title="bbox 181 1034 1012 1089; baseline 0 -11"><span class='ocrx_word' id='word_1_73' title='bbox 181 1034 231 1085; x_wconf 90' lang='lat' dir='ltr'>Y.</span> <span class='ocrx_word' id='word_1_74' title='bbox 259 1037 308 1076; x_wconf 93' lang='lat' dir='ltr'>In</span> <span class='ocrx_word' id='word_1_75' title='bbox 337 1036 454 1086; x_wconf 86' lang='lat' dir='ltr'>ligno</span> <span class='ocrx_word' id='word_1_76' title='bbox 482 1037 680 1089; x_wconf 87' lang='lat' dir='ltr'>pendens</span> <span class='ocrx_word' id='word_1_77' title='bbox 708 1042 872 1078; x_wconf 90' lang='lat' dir='ltr'>nostrae</span> <span class='ocrx_word' id='word_1_78' title='bbox 901 1037 1012 1078; x_wconf 87' lang='lat' dir='ltr'>salu-</span> 
     </span>
     <span class='ocr_line' id='line_1_16' title="bbox 181 1092 1012 1135; baseline 0.002 -3"><span class='ocrx_word' id='word_1_79' title='bbox 181 1092 237 1133; x_wconf 86' lang='lat' dir='ltr'>tis</span> <span class='ocrx_word' id='word_1_80' title='bbox 265 1092 466 1133; x_wconf 78' lang='lat' dir='ltr'>semitam</span> <span class='ocrx_word' id='word_1_81' title='bbox 494 1093 693 1134; x_wconf 88' lang='lat' dir='ltr'>Verbum</span> <span class='ocrx_word' id='word_1_82' title='bbox 719 1094 863 1135; x_wconf 87' lang='lat' dir='ltr'>Patris</span> <span class='ocrx_word' id='word_1_83' title='bbox 897 1093 1012 1134; x_wconf 89' lang='lat' dir='ltr'>inve-</span> 
     </span>
     <span class='ocr_line' id='line_1_17' title="bbox 181 1148 470 1200; baseline 0.007 -13"><span class='ocrx_word' id='word_1_84' title='bbox 181 1148 256 1189; x_wconf 91' lang='lat' dir='ltr'>nit.</span> <span class='ocrx_word' id='word_1_85' title='bbox 300 1149 350 1188; x_wconf 95' lang='lat' dir='ltr'>In</span> <span class='ocrx_word' id='word_1_86' title='bbox 371 1161 470 1200; x_wconf 92' lang='lat' dir='ltr'>quo.</span> 
     </span>
    </p>
   </div>
   <div class='ocr_carea' id='block_1_3' title="bbox 252 1229 949 1350">
    <p class='ocr_par' dir='ltr' id='par_1_4' title="bbox 252 1229 949 1350">
     <span class='ocr_line' id='line_1_18' title="bbox 252 1229 949 1282; baseline 0.003 -14"><span class='ocrx_word' id='word_1_87' title='bbox 252 1230 314 1269; x_wconf 89' lang='lat' dir='ltr'>De</span> <span class='ocrx_word' id='word_1_88' title='bbox 334 1229 535 1281; x_wconf 84' lang='lat' dir='ltr'>Epistola</span> <span class='ocrx_word' id='word_1_89' title='bbox 555 1229 611 1270; x_wconf 89' lang='lat' dir='ltr'>ad</span> <span class='ocrx_word' id='word_1_90' title='bbox 630 1229 949 1282; x_wconf 79' lang='lat' dir='ltr'>Philippenses.</span> 
     </span>
     <span class='ocr_line' id='line_1_19' title="bbox 283 1300 907 1350; baseline 0 -12"><span class='ocrx_word' id='word_1_91' title='bbox 283 1300 435 1340; x_wconf 81' lang='lat' dir='ltr'>Lectio</span> <span class='ocrx_word' id='word_1_92' title='bbox 458 1300 496 1338; x_wconf 91' lang='lat' dir='ltr'>ii.</span> <span class='ocrx_word' id='word_1_93' title='bbox 750 1300 852 1350; x_wconf 86' lang='lat' dir='ltr'>Cap.</span> <span class='ocrx_word' id='word_1_94' title='bbox 872 1301 907 1338; x_wconf 82' lang='lat'>2.</span> 
     </span>
    </p>
   </div>
   <div class='ocr_carea' id='block_1_4' title="bbox 182 1363 1013 1468">
    <p class='ocr_par' dir='ltr' id='par_1_5' title="bbox 182 1363 1013 1468">
     <span class='ocr_line' id='line_1_20' title="bbox 182 1363 1013 1468; baseline 0.002 -62"><span class='ocrx_word' id='word_1_95' title='bbox 182 1363 327 1468; x_wconf 90' lang='lat' dir='ltr'>Hoc</span> <span class='ocrx_word' id='word_1_96' title='bbox 348 1366 461 1407; x_wconf 90' lang='lat' dir='ltr'>enim</span> <span class='ocrx_word' id='word_1_97' title='bbox 481 1369 641 1408; x_wconf 90' lang='lat' dir='ltr'>sentite</span> <span class='ocrx_word' id='word_1_98' title='bbox 660 1367 704 1407; x_wconf 90' lang='lat' dir='ltr'>in</span> <span class='ocrx_word' id='word_1_99' title='bbox 724 1366 867 1416; x_wconf 83' lang='lat' dir='ltr'>vobis,</span> <span class='ocrx_word' id='word_1_100' title='bbox 892 1367 1013 1419; x_wconf 93' lang='lat' dir='ltr'>quod</span> 
     </span>
    </p>
   </div>
   <div class='ocr_carea' id='block_1_5' title="bbox 125 1422 1013 2652">
    <p class='ocr_par' dir='ltr' id='par_1_6' title="bbox 177 1422 1013 2360">
     <span class='ocr_line' id='line_1_21' title="bbox 285 1422 1012 1474; baseline 0.001 -11"><span class='ocrx_word' id='word_1_101' title='bbox 285 1427 328 1463; x_wconf 90' lang='lat' dir='ltr'>et</span> <span class='ocrx_word' id='word_1_102' title='bbox 348 1422 390 1463; x_wconf 92' lang='lat' dir='ltr'>in</span> <span class='ocrx_word' id='word_1_103' title='bbox 412 1423 586 1464; x_wconf 91' lang='lat' dir='ltr'>Christo</span> <span class='ocrx_word' id='word_1_104' title='bbox 606 1423 630 1463; x_wconf 88' lang='lat' dir='ltr'><strong>J</strong></span> <span class='ocrx_word' id='word_1_105' title='bbox 635 1436 726 1464; x_wconf 90' lang='lat' dir='ltr'>esu:</span> <span class='ocrx_word' id='word_1_106' title='bbox 752 1423 827 1474; x_wconf 91' lang='lat' dir='ltr'>qui</span> <span class='ocrx_word' id='word_1_107' title='bbox 850 1436 950 1464; x_wconf 90' lang='lat' dir='ltr'>cum</span> <span class='ocrx_word' id='word_1_108' title='bbox 969 1424 1012 1464; x_wconf 94' lang='lat' dir='ltr'>in</span> 
     </span>
     <span class='ocr_line' id='line_1_22' title="bbox 181 1477 1012 1531; baseline 0.004 -13"><span class='ocrx_word' id='word_1_109' title='bbox 181 1477 322 1519; x_wconf 90' lang='lat' dir='ltr'>forma</span> <span class='ocrx_word' id='word_1_110' title='bbox 342 1479 425 1520; x_wconf 90' lang='lat' dir='ltr'>Dei</span> <span class='ocrx_word' id='word_1_111' title='bbox 451 1484 584 1528; x_wconf 89' lang='lat' dir='ltr'>esset,</span> <span class='ocrx_word' id='word_1_112' title='bbox 613 1492 701 1521; x_wconf 92' lang='lat' dir='ltr'>non</span> <span class='ocrx_word' id='word_1_113' title='bbox 725 1482 923 1531; x_wconf 87' lang='lat' dir='ltr'>rapinam</span> <span class='ocrx_word' id='word_1_114' title='bbox 948 1492 1012 1521; x_wconf 92' lang='lat' dir='ltr'>ar-</span> 
     </span>
     <span class='ocr_line' id='line_1_23' title="bbox 180 1533 1012 1588; baseline 0.001 -14"><span class='ocrx_word' id='word_1_115' title='bbox 180 1533 367 1576; x_wconf 78' lang='lat' dir='ltr'>bitratus</span> <span class='ocrx_word' id='word_1_116' title='bbox 387 1540 454 1577; x_wconf 89' lang='lat' dir='ltr'>est</span> <span class='ocrx_word' id='word_1_117' title='bbox 475 1548 571 1577; x_wconf 89' lang='lat' dir='ltr'>esse</span> <span class='ocrx_word' id='word_1_118' title='bbox 592 1548 638 1576; x_wconf 90' lang='lat' dir='ltr'>se</span> <span class='ocrx_word' id='word_1_119' title='bbox 663 1535 880 1588; x_wconf 78' lang='lat' dir='ltr'>aequalem</span> <span class='ocrx_word' id='word_1_120' title='bbox 900 1536 1012 1577; x_wconf 93' lang='lat' dir='ltr'>Deo:</span> 
     </span>
     <span class='ocr_line' id='line_1_24' title="bbox 179 1589 1013 1643; baseline 0.004 -13"><span class='ocrx_word' id='word_1_121' title='bbox 179 1589 259 1631; x_wconf 91' lang='lat' dir='ltr'>sed</span> <span class='ocrx_word' id='word_1_122' title='bbox 273 1594 560 1643; x_wconf 91' lang='lat' dir='ltr'>semetipsum</span> <span class='ocrx_word' id='word_1_123' title='bbox 576 1592 812 1633; x_wconf 86' lang='lat' dir='ltr'>exinanivit</span> <span class='ocrx_word' id='word_1_124' title='bbox 826 1592 1013 1633; x_wconf 90' lang='lat' dir='ltr'>formam</span> 
     </span>
     <span class='ocr_line' id='line_1_25' title="bbox 180 1647 1012 1700; baseline 0.004 -14"><span class='ocrx_word' id='word_1_125' title='bbox 180 1647 294 1688; x_wconf 88' lang='lat' dir='ltr'>servi</span> <span class='ocrx_word' id='word_1_126' title='bbox 326 1648 566 1700; x_wconf 89' lang='lat' dir='ltr'>accipiens,</span> <span class='ocrx_word' id='word_1_127' title='bbox 607 1649 650 1688; x_wconf 91' lang='lat' dir='ltr'>in</span> <span class='ocrx_word' id='word_1_128' title='bbox 683 1647 1012 1690; x_wconf 87' lang='lat' dir='ltr'>similitudinem</span> 
     </span>
     <span class='ocr_line' id='line_1_26' title="bbox 178 1702 1010 1753; baseline 0.004 -11"><span class='ocrx_word' id='word_1_129' title='bbox 178 1702 403 1744; x_wconf 89' lang='lat' dir='ltr'>hominum</span> <span class='ocrx_word' id='word_1_130' title='bbox 429 1704 587 1753; x_wconf 78' lang='lat' dir='ltr'>faetus,</span> <span class='ocrx_word' id='word_1_131' title='bbox 616 1710 660 1745; x_wconf 90' lang='lat' dir='ltr'>et</span> <span class='ocrx_word' id='word_1_132' title='bbox 685 1704 838 1745; x_wconf 79' lang='lat' dir='ltr'>habitu</span> <span class='ocrx_word' id='word_1_133' title='bbox 864 1705 1010 1746; x_wconf 90' lang='lat' dir='ltr'>inven-</span> 
     </span>
     <span class='ocr_line' id='line_1_27' title="bbox 178 1759 1010 1814; baseline 0.004 -15"><span class='ocrx_word' id='word_1_134' title='bbox 178 1763 248 1799; x_wconf 89' lang='lat' dir='ltr'>tus</span> <span class='ocrx_word' id='word_1_135' title='bbox 274 1765 322 1800; x_wconf 91' lang='lat' dir='ltr'>ut</span> <span class='ocrx_word' id='word_1_136' title='bbox 348 1759 492 1801; x_wconf 90' lang='lat' dir='ltr'>homo.</span> <span class='ocrx_word' id='word_1_137' title='bbox 529 1760 788 1802; x_wconf 76' lang='lat' dir='ltr'>Humiliavit</span> <span class='ocrx_word' id='word_1_138' title='bbox 807 1763 1010 1814; x_wconf 86' lang='lat' dir='ltr'>semetip-</span> 
     </span>
     <span class='ocr_line' id='line_1_28' title="bbox 178 1815 1009 1868; baseline 0.004 -14"><span class='ocrx_word' id='word_1_139' title='bbox 178 1827 274 1855; x_wconf 92' lang='lat' dir='ltr'>sum</span> <span class='ocrx_word' id='word_1_140' title='bbox 289 1815 429 1856; x_wconf 86' lang='lat' dir='ltr'>factus</span> <span class='ocrx_word' id='word_1_141' title='bbox 443 1815 655 1858; x_wconf 88' lang='lat' dir='ltr'>obediens</span> <span class='ocrx_word' id='word_1_142' title='bbox 670 1829 810 1868; x_wconf 92' lang='lat' dir='ltr'>usque</span> <span class='ocrx_word' id='word_1_143' title='bbox 826 1816 882 1857; x_wconf 90' lang='lat' dir='ltr'>ad</span> <span class='ocrx_word' id='word_1_144' title='bbox 897 1830 1009 1858; x_wconf 91' lang='lat' dir='ltr'>mor-</span> 
     </span>
     <span class='ocr_line' id='line_1_29' title="bbox 177 1873 1009 1920; baseline 0.004 -9"><span class='ocrx_word' id='word_1_145' title='bbox 177 1875 286 1920; x_wconf 89' lang='lat' dir='ltr'>tem,</span> <span class='ocrx_word' id='word_1_146' title='bbox 314 1878 502 1913; x_wconf 91' lang='lat' dir='ltr'>mortem</span> <span class='ocrx_word' id='word_1_147' title='bbox 530 1878 677 1914; x_wconf 90' lang='lat' dir='ltr'>autem</span> <span class='ocrx_word' id='word_1_148' title='bbox 704 1873 857 1914; x_wconf 90' lang='lat' dir='ltr'>crucis.</span> <span class='ocrx_word' id='word_1_149' title='bbox 904 1874 1009 1915; x_wconf 90' lang='lat' dir='ltr'>Pro-</span> 
     </span>
     <span class='ocr_line' id='line_1_30' title="bbox 178 1928 1010 1979; baseline 0.004 -12"><span class='ocrx_word' id='word_1_150' title='bbox 178 1931 277 1977; x_wconf 88' lang='lat' dir='ltr'>pter</span> <span class='ocrx_word' id='word_1_151' title='bbox 302 1928 422 1979; x_wconf 93' lang='lat' dir='ltr'>quod</span> <span class='ocrx_word' id='word_1_152' title='bbox 446 1933 490 1969; x_wconf 91' lang='lat' dir='ltr'>et</span> <span class='ocrx_word' id='word_1_153' title='bbox 508 1929 630 1970; x_wconf 92' lang='lat' dir='ltr'>Deus</span> <span class='ocrx_word' id='word_1_154' title='bbox 649 1929 859 1971; x_wconf 75' lang='lat' dir='ltr'>exaltavit</span> <span class='ocrx_word' id='word_1_155' title='bbox 877 1929 1010 1979; x_wconf 88' lang='lat' dir='ltr'>illum,</span> 
     </span>
     <span class='ocr_line' id='line_1_31' title="bbox 178 1981 1009 2037; baseline 0.006 -14"><span class='ocrx_word' id='word_1_156' title='bbox 178 1986 221 2023; x_wconf 86' lang='lat' dir='ltr'>et</span> <span class='ocrx_word' id='word_1_157' title='bbox 241 1981 422 2025; x_wconf 78' lang='lat' dir='ltr'>donavit</span> <span class='ocrx_word' id='word_1_158' title='bbox 439 1984 501 2025; x_wconf 87' lang='lat' dir='ltr'>illi</span> <span class='ocrx_word' id='word_1_159' title='bbox 519 1997 694 2035; x_wconf 89' lang='lat' dir='ltr'>nomen,</span> <span class='ocrx_word' id='word_1_160' title='bbox 715 1985 838 2037; x_wconf 90' lang='lat' dir='ltr'>quod</span> <span class='ocrx_word' id='word_1_161' title='bbox 855 1991 923 2027; x_wconf 90' lang='lat' dir='ltr'>est</span> <span class='ocrx_word' id='word_1_162' title='bbox 941 1999 1009 2027; x_wconf 92' lang='lat' dir='ltr'>su-</span> 
     </span>
     <span class='ocr_line' id='line_1_32' title="bbox 177 2041 1009 2090; baseline 0.005 -11"><span class='ocrx_word' id='word_1_163' title='bbox 177 2051 257 2090; x_wconf 90' lang='lat' dir='ltr'>per</span> <span class='ocrx_word' id='word_1_164' title='bbox 294 2052 423 2081; x_wconf 93' lang='lat' dir='ltr'>omne</span> <span class='ocrx_word' id='word_1_165' title='bbox 459 2053 635 2082; x_wconf 88' lang='lat' dir='ltr'>nomen:</span> <span class='ocrx_word' id='word_1_166' title='bbox 670 2046 720 2082; x_wconf 94' lang='lat' dir='ltr'>ut</span> <span class='ocrx_word' id='word_1_167' title='bbox 754 2041 798 2082; x_wconf 89' lang='lat' dir='ltr'>in</span> <span class='ocrx_word' id='word_1_168' title='bbox 833 2042 1009 2083; x_wconf 87' lang='lat' dir='ltr'>nomine</span> 
     </span>
     <span class='ocr_line' id='line_1_33' title="bbox 177 2095 1009 2147; baseline 0.005 -12"><span class='ocrx_word' id='word_1_169' title='bbox 177 2095 199 2134; x_wconf 89' lang='lat' dir='ltr'>J</span> <span class='ocrx_word' id='word_1_170' title='bbox 205 2107 282 2136; x_wconf 91' lang='lat' dir='ltr'>esu</span> <span class='ocrx_word' id='word_1_171' title='bbox 320 2108 448 2137; x_wconf 89' lang='lat' dir='ltr'>omne</span> <span class='ocrx_word' id='word_1_172' title='bbox 491 2109 605 2147; x_wconf 85' lang='lat' dir='ltr'>genu</span> <span class='ocrx_word' id='word_1_173' title='bbox 641 2097 843 2139; x_wconf 80' lang='lat' dir='ltr'>flectatur</span> <span class='ocrx_word' id='word_1_174' title='bbox 881 2098 1009 2140; x_wconf 86' lang='lat' dir='ltr'>coele-</span> 
     </span>
     <span class='ocr_line' id='line_1_34' title="bbox 178 2150 1009 2203; baseline 0.006 -13"><span class='ocrx_word' id='word_1_175' title='bbox 178 2150 324 2199; x_wconf 90' lang='lat' dir='ltr'>stium,</span> <span class='ocrx_word' id='word_1_176' title='bbox 349 2153 640 2202; x_wconf 89' lang='lat' dir='ltr'>terrestrium,</span> <span class='ocrx_word' id='word_1_177' title='bbox 665 2158 708 2194; x_wconf 87' lang='lat' dir='ltr'>et</span> <span class='ocrx_word' id='word_1_178' title='bbox 731 2153 1009 2203; x_wconf 89' lang='lat' dir='ltr'>infernorum,</span> 
     </span>
     <span class='ocr_line' id='line_1_35' title="bbox 178 2207 1010 2262; baseline 0.006 -16"><span class='ocrx_word' id='word_1_179' title='bbox 178 2211 222 2247; x_wconf 90' lang='lat' dir='ltr'>et</span> <span class='ocrx_word' id='word_1_180' title='bbox 254 2207 395 2248; x_wconf 90' lang='lat' dir='ltr'>omnis</span> <span class='ocrx_word' id='word_1_181' title='bbox 432 2207 579 2258; x_wconf 88' lang='lat' dir='ltr'>lingua</span> <span class='ocrx_word' id='word_1_182' title='bbox 611 2209 875 2251; x_wconf 75' lang='lat' dir='ltr'>confiteatur</span> <span class='ocrx_word' id='word_1_183' title='bbox 907 2211 1010 2262; x_wconf 89' lang='lat' dir='ltr'>quia</span> 
     </span>
     <span class='ocr_line' id='line_1_36' title="bbox 177 2262 1011 2317; baseline 0.007 -15"><span class='ocrx_word' id='word_1_184' title='bbox 177 2262 394 2304; x_wconf 83' lang='lat' dir='ltr'>Dominus</span> <span class='ocrx_word' id='word_1_185' title='bbox 419 2263 547 2305; x_wconf 89' lang='lat' dir='ltr'>Jesus</span> <span class='ocrx_word' id='word_1_186' title='bbox 576 2263 775 2307; x_wconf 92' lang='lat' dir='ltr'>Christus</span> <span class='ocrx_word' id='word_1_187' title='bbox 800 2266 844 2306; x_wconf 93' lang='lat' dir='ltr'>in</span> <span class='ocrx_word' id='word_1_188' title='bbox 870 2266 1011 2317; x_wconf 86' lang='lat' dir='ltr'>gloria</span> 
     </span>
     <span class='ocr_line' id='line_1_37' title="bbox 179 2318 520 2360; baseline 0.006 -2"><span class='ocrx_word' id='word_1_189' title='bbox 179 2323 246 2359; x_wconf 88' lang='lat' dir='ltr'>est</span> <span class='ocrx_word' id='word_1_190' title='bbox 263 2318 348 2359; x_wconf 92' lang='lat' dir='ltr'>Dei</span> <span class='ocrx_word' id='word_1_191' title='bbox 365 2319 520 2360; x_wconf 91' lang='lat' dir='ltr'>Patris.</span> 
     </span>
    </p>

    <p class='ocr_par' dir='ltr' id='par_1_7' title="bbox 125 2375 1011 2652">
     <span class='ocr_line' id='line_1_38' title="bbox 230 2375 1009 2426; baseline 0.006 -12"><span class='ocrx_word' id='word_1_192' title='bbox 230 2376 281 2426; x_wconf 66' lang='lat' dir='ltr'>Rv.</span> <span class='ocrx_word' id='word_1_193' title='bbox 310 2375 428 2416; x_wconf 85' lang='lat' dir='ltr'>Crux</span> <span class='ocrx_word' id='word_1_194' title='bbox 446 2375 604 2425; x_wconf 89' lang='lat' dir='ltr'>fidelis,</span> <span class='ocrx_word' id='word_1_195' title='bbox 631 2377 744 2418; x_wconf 91' lang='lat' dir='ltr'>inter</span> <span class='ocrx_word' id='word_1_196' title='bbox 769 2390 922 2419; x_wconf 90' lang='lat' dir='ltr'>omnes</span> <span class='ocrx_word' id='word_1_197' title='bbox 945 2392 1009 2419; x_wconf 90' lang='lat' dir='ltr'>ar-</span> 
     </span>
     <span class='ocr_line' id='line_1_39' title="bbox 178 2430 1011 2475; baseline 0.005 -4"><span class='ocrx_word' id='word_1_198' title='bbox 178 2430 262 2472; x_wconf 88' lang='lat' dir='ltr'>bor</span> <span class='ocrx_word' id='word_1_199' title='bbox 286 2443 373 2472; x_wconf 88' lang='lat' dir='ltr'>una</span> <span class='ocrx_word' id='word_1_200' title='bbox 398 2431 573 2472; x_wconf 86' lang='lat' dir='ltr'>nobilis:</span> <span class='ocrx_word' id='word_1_201' title='bbox 596 2433 716 2473; x_wconf 91' lang='lat' dir='ltr'>nulla</span> <span class='ocrx_word' id='word_1_202' title='bbox 739 2433 850 2474; x_wconf 91' lang='lat' dir='ltr'>silva</span> <span class='ocrx_word' id='word_1_203' title='bbox 877 2434 1011 2475; x_wconf 90' lang='lat' dir='ltr'>talem</span> 
     </span>
     <span class='ocr_line' id='line_1_40' title="bbox 177 2486 1008 2539; baseline 0.005 -13"><span class='ocrx_word' id='word_1_204' title='bbox 177 2486 361 2538; x_wconf 85' lang='lat' dir='ltr'>profert,</span> <span class='ocrx_word' id='word_1_205' title='bbox 392 2486 566 2535; x_wconf 90' lang='lat' dir='ltr'>fronde,</span> <span class='ocrx_word' id='word_1_206' title='bbox 599 2488 724 2537; x_wconf 89' lang='lat' dir='ltr'>flore,</span> <span class='ocrx_word' id='word_1_207' title='bbox 758 2489 967 2539; x_wconf 84' lang='lat' dir='ltr'>germine:</span> <span class='ocrx_word' id='word_1_208' title='bbox 986 2492 1008 2515; x_wconf 85' lang='lat'>*</span> 
     </span>
     <span class='ocr_line' id='line_1_41' title="bbox 125 2542 1010 2594; baseline 0.007 -14"><span class='ocrx_word' id='word_1_209' title='bbox 125 2575 127 2578; x_wconf 97' lang='lat'>.</span> <span class='ocrx_word' id='word_1_210' title='bbox 177 2542 318 2583; x_wconf 89' lang='lat' dir='ltr'>Dulce</span> <span class='ocrx_word' id='word_1_211' title='bbox 336 2542 512 2593; x_wconf 85' lang='lat' dir='ltr'>lignum,</span> <span class='ocrx_word' id='word_1_212' title='bbox 532 2543 684 2585; x_wconf 93' lang='lat' dir='ltr'>dulces</span> <span class='ocrx_word' id='word_1_213' title='bbox 703 2544 862 2594; x_wconf 88' lang='lat' dir='ltr'>clavos,</span> <span class='ocrx_word' id='word_1_214' title='bbox 883 2545 1010 2587; x_wconf 80' lang='lat' dir='ltr'>dulce</span> 
     </span>
     <span class='ocr_line' id='line_1_42' title="bbox 178 2595 1011 2652; baseline 0.005 -14"><span class='ocrx_word' id='word_1_215' title='bbox 178 2597 353 2650; x_wconf 88' lang='lat' dir='ltr'>pondus</span> <span class='ocrx_word' id='word_1_216' title='bbox 374 2599 589 2640; x_wconf 85' lang='lat' dir='ltr'>sustinuit.</span> <span class='ocrx_word' id='word_1_217' title='bbox 626 2595 676 2646; x_wconf 66' lang='lat' dir='ltr'>V.</span> <span class='ocrx_word' id='word_1_218' title='bbox 698 2600 839 2652; x_wconf 87' lang='lat' dir='ltr'>Super</span> <span class='ocrx_word' id='word_1_219' title='bbox 865 2601 1011 2642; x_wconf 90' lang='lat' dir='ltr'>omnia</span> 
     </span>
    </p>
   </div>
   <div class='ocr_carea' id='block_1_6' title="bbox 177 2653 1011 2751">
    <p class='ocr_par' dir='ltr' id='par_1_8' title="bbox 177 2653 1011 2751">
     <span class='ocr_line' id='line_1_43' title="bbox 177 2653 1011 2751; baseline 0.004 -57"><span class='ocrx_word' id='word_1_220' title='bbox 177 2653 294 2751; x_wconf 45' lang='lat' dir='ltr'>{gutia</span> <span class='ocrx_word' id='word_1_221' title='bbox 324 2653 558 2696; x_wconf 87' lang='lat' dir='ltr'>cedrorum</span> <span class='ocrx_word' id='word_1_222' title='bbox 586 2659 634 2696; x_wconf 89' lang='lat' dir='ltr'>tu</span> <span class='ocrx_word' id='word_1_223' title='bbox 662 2655 757 2696; x_wconf 87' lang='lat' dir='ltr'>sola</span> <span class='ocrx_word' id='word_1_224' title='bbox 785 2656 1011 2698; x_wconf 86' lang='lat' dir='ltr'>excelsior.</span> 
     </span>
     <span class='ocr_line' id='line_1_44' title="bbox 268 2722 331 2751; baseline -0.016 0"><span class='ocrx_word' id='word_1_225' title='bbox 268 2722 331 2751; x_wconf 88' lang='lat' dir='ltr'>ce.</span> 
     </span>
    </p>
   </div>
   <div class='ocr_carea' id='block_1_7' title="bbox 1061 300 1900 2032">
    <p class='ocr_par' dir='ltr' id='par_1_9' title="bbox 1140 300 1820 416">
     <span class='ocr_line' id='line_1_45' title="bbox 1140 300 1820 353; baseline -0.003 -10"><span class='ocrx_word' id='word_1_226' title='bbox 1140 304 1203 343; x_wconf 90' lang='lat' dir='ltr'>De</span> <span class='ocrx_word' id='word_1_227' title='bbox 1221 300 1425 353; x_wconf 88' lang='lat' dir='ltr'>Epistola</span> <span class='ocrx_word' id='word_1_228' title='bbox 1443 300 1501 342; x_wconf 87' lang='lat' dir='ltr'>ad</span> <span class='ocrx_word' id='word_1_229' title='bbox 1521 301 1820 343; x_wconf 88' lang='lat' dir='ltr'>Colossenses.</span> 
     </span>
     <span class='ocr_line' id='line_1_46' title="bbox 1171 364 1794 416; baseline 0.003 -13"><span class='ocrx_word' id='word_1_230' title='bbox 1171 364 1325 405; x_wconf 89' lang='lat' dir='ltr'>Lectio</span> <span class='ocrx_word' id='word_1_231' title='bbox 1345 364 1400 403; x_wconf 94' lang='lat' dir='ltr'>iii.</span> <span class='ocrx_word' id='word_1_232' title='bbox 1585 365 1688 416; x_wconf 88' lang='lat' dir='ltr'>Cap.</span> <span class='ocrx_word' id='word_1_233' title='bbox 1703 366 1739 404; x_wconf 89' lang='grc'>2.</span> <span class='ocrx_word' id='word_1_234' title='bbox 1755 364 1794 405; x_wconf 92' lang='lat' dir='ltr'>b.</span> 
     </span>
    </p>

    <p class='ocr_par' dir='ltr' id='par_1_10' title="bbox 1110 417 1894 471">
     <span class='ocr_line' id='line_1_47' title="bbox 1110 417 1894 471; baseline 0 -12"><span class='ocrx_word' id='word_1_235' title='bbox 1110 431 1138 459; x_wconf 93' lang='lat' dir='ltr'>n</span> <span class='ocrx_word' id='word_1_236' title='bbox 1159 417 1336 459; x_wconf 86' lang='lat' dir='ltr'>Christo</span> <span class='ocrx_word' id='word_1_237' title='bbox 1359 417 1574 460; x_wconf 77' lang='lat' dir='ltr'>inhabitat</span> <span class='ocrx_word' id='word_1_238' title='bbox 1597 418 1739 460; x_wconf 86' lang='lat' dir='ltr'>omnis</span> <span class='ocrx_word' id='word_1_239' title='bbox 1757 418 1894 471; x_wconf 90' lang='lat' dir='ltr'>pleni-</span> 
     </span>
    </p>

    <p class='ocr_par' dir='ltr' id='par_1_11' title="bbox 1063 473 1900 1593">
     <span class='ocr_line' id='line_1_48' title="bbox 1127 473 1896 526; baseline 0.001 -11"><span class='ocrx_word' id='word_1_240' title='bbox 1127 474 1237 515; x_wconf 87' lang='lat' dir='ltr'>tudo</span> <span class='ocrx_word' id='word_1_241' title='bbox 1258 473 1498 516; x_wconf 76' lang='lat' dir='ltr'>divinitatis</span> <span class='ocrx_word' id='word_1_242' title='bbox 1517 474 1825 526; x_wconf 77' lang='lat' dir='ltr'>corporaliter:</span> <span class='ocrx_word' id='word_1_243' title='bbox 1851 479 1896 516; x_wconf 87' lang='lat' dir='ltr'>et</span> 
     </span>
     <span class='ocr_line' id='line_1_49' title="bbox 1064 530 1896 583; baseline 0 -11"><span class='ocrx_word' id='word_1_244' title='bbox 1064 531 1169 572; x_wconf 89' lang='lat' dir='ltr'>estis</span> <span class='ocrx_word' id='word_1_245' title='bbox 1195 530 1239 570; x_wconf 93' lang='lat' dir='ltr'>in</span> <span class='ocrx_word' id='word_1_246' title='bbox 1264 530 1340 571; x_wconf 93' lang='lat' dir='ltr'>illo</span> <span class='ocrx_word' id='word_1_247' title='bbox 1364 530 1536 583; x_wconf 90' lang='lat' dir='ltr'>repleti,</span> <span class='ocrx_word' id='word_1_248' title='bbox 1565 530 1641 582; x_wconf 91' lang='lat' dir='ltr'>qui</span> <span class='ocrx_word' id='word_1_249' title='bbox 1668 535 1735 572; x_wconf 85' lang='lat' dir='ltr'>est</span> <span class='ocrx_word' id='word_1_250' title='bbox 1762 536 1896 583; x_wconf 89' lang='lat' dir='ltr'>caput</span> 
     </span>
     <span class='ocr_line' id='line_1_50' title="bbox 1065 586 1895 639; baseline 0 -11"><span class='ocrx_word' id='word_1_251' title='bbox 1065 587 1207 628; x_wconf 89' lang='lat' dir='ltr'>omnis</span> <span class='ocrx_word' id='word_1_252' title='bbox 1239 586 1530 639; x_wconf 77' lang='lat' dir='ltr'>principatus,</span> <span class='ocrx_word' id='word_1_253' title='bbox 1571 590 1615 627; x_wconf 88' lang='lat' dir='ltr'>et</span> <span class='ocrx_word' id='word_1_254' title='bbox 1644 587 1895 638; x_wconf 73' lang='lat' dir='ltr'>potestatis:</span> 
     </span>
     <span class='ocr_line' id='line_1_51' title="bbox 1063 642 1896 695; baseline 0.001 -12"><span class='ocrx_word' id='word_1_255' title='bbox 1063 643 1107 683; x_wconf 91' lang='lat' dir='ltr'>in</span> <span class='ocrx_word' id='word_1_256' title='bbox 1134 656 1222 695; x_wconf 91' lang='lat' dir='ltr'>quo</span> <span class='ocrx_word' id='word_1_257' title='bbox 1248 648 1291 684; x_wconf 89' lang='lat' dir='ltr'>et</span> <span class='ocrx_word' id='word_1_258' title='bbox 1317 642 1562 684; x_wconf 89' lang='lat' dir='ltr'>circumcisi</span> <span class='ocrx_word' id='word_1_259' title='bbox 1587 642 1692 683; x_wconf 90' lang='lat' dir='ltr'>estis</span> <span class='ocrx_word' id='word_1_260' title='bbox 1715 642 1896 684; x_wconf 89' lang='lat' dir='ltr'>circum·</span> 
     </span>
     <span class='ocr_line' id='line_1_52' title="bbox 1065 698 1897 752; baseline 0.001 -13"><span class='ocrx_word' id='word_1_261' title='bbox 1065 699 1230 740; x_wconf 91' lang='lat' dir='ltr'>cisione</span> <span class='ocrx_word' id='word_1_262' title='bbox 1257 711 1345 740; x_wconf 92' lang='lat' dir='ltr'>non</span> <span class='ocrx_word' id='word_1_263' title='bbox 1373 711 1505 740; x_wconf 92' lang='lat' dir='ltr'>manu</span> <span class='ocrx_word' id='word_1_264' title='bbox 1529 698 1646 740; x_wconf 89' lang='lat' dir='ltr'>facta</span> <span class='ocrx_word' id='word_1_265' title='bbox 1669 698 1713 739; x_wconf 93' lang='lat' dir='ltr'>in</span> <span class='ocrx_word' id='word_1_266' title='bbox 1739 711 1897 752; x_wconf 87' lang='lat' dir='ltr'>exspo-</span> 
     </span>
     <span class='ocr_line' id='line_1_53' title="bbox 1063 753 1897 807; baseline 0.001 -12"><span class='ocrx_word' id='word_1_267' title='bbox 1063 755 1241 797; x_wconf 90' lang='lat' dir='ltr'>liatione</span> <span class='ocrx_word' id='word_1_268' title='bbox 1262 755 1462 807; x_wconf 91' lang='lat' dir='ltr'>corporis</span> <span class='ocrx_word' id='word_1_269' title='bbox 1481 755 1636 804; x_wconf 85' lang='lat' dir='ltr'>carnis,</span> <span class='ocrx_word' id='word_1_270' title='bbox 1655 753 1735 796; x_wconf 89' lang='lat' dir='ltr'>sed</span> <span class='ocrx_word' id='word_1_271' title='bbox 1754 755 1798 795; x_wconf 88' lang='lat' dir='ltr'>in</span> <span class='ocrx_word' id='word_1_272' title='bbox 1817 755 1897 796; x_wconf 90' lang='lat' dir='ltr'>cir-</span> 
     </span>
     <span class='ocr_line' id='line_1_54' title="bbox 1065 810 1898 863; baseline 0 -11"><span class='ocrx_word' id='word_1_273' title='bbox 1065 812 1331 853; x_wconf 90' lang='lat' dir='ltr'>cumcisione</span> <span class='ocrx_word' id='word_1_274' title='bbox 1366 811 1544 852; x_wconf 90' lang='lat' dir='ltr'>Christi:</span> <span class='ocrx_word' id='word_1_275' title='bbox 1577 810 1826 863; x_wconf 77' lang='lat' dir='ltr'>consepulti</span> <span class='ocrx_word' id='word_1_276' title='bbox 1857 810 1898 852; x_wconf 90' lang='lat' dir='ltr'>ei</span> 
     </span>
     <span class='ocr_line' id='line_1_55' title="bbox 1064 867 1896 920; baseline 0.001 -13"><span class='ocrx_word' id='word_1_277' title='bbox 1064 867 1107 907; x_wconf 92' lang='lat' dir='ltr'>in</span> <span class='ocrx_word' id='word_1_278' title='bbox 1131 867 1371 920; x_wconf 86' lang='lat' dir='ltr'>baptismo,</span> <span class='ocrx_word' id='word_1_279' title='bbox 1399 867 1443 907; x_wconf 92' lang='lat' dir='ltr'>in</span> <span class='ocrx_word' id='word_1_280' title='bbox 1473 879 1561 919; x_wconf 91' lang='lat' dir='ltr'>quo</span> <span class='ocrx_word' id='word_1_281' title='bbox 1591 871 1635 908; x_wconf 89' lang='lat' dir='ltr'>et</span> <span class='ocrx_word' id='word_1_282' title='bbox 1660 868 1896 908; x_wconf 88' lang='lat' dir='ltr'>resurrexi-</span> 
     </span>
     <span class='ocr_line' id='line_1_56' title="bbox 1065 922 1897 975; baseline -0.001 -11"><span class='ocrx_word' id='word_1_283' title='bbox 1065 923 1143 964; x_wconf 90' lang='lat' dir='ltr'>stis</span> <span class='ocrx_word' id='word_1_284' title='bbox 1161 936 1242 975; x_wconf 90' lang='lat' dir='ltr'>per</span> <span class='ocrx_word' id='word_1_285' title='bbox 1260 922 1394 964; x_wconf 91' lang='lat' dir='ltr'>fidem</span> <span class='ocrx_word' id='word_1_286' title='bbox 1413 922 1681 975; x_wconf 87' lang='lat' dir='ltr'>operationis</span> <span class='ocrx_word' id='word_1_287' title='bbox 1699 922 1799 973; x_wconf 86' lang='lat' dir='ltr'>Dei,</span> <span class='ocrx_word' id='word_1_288' title='bbox 1823 922 1897 974; x_wconf 92' lang='lat' dir='ltr'>qui</span> 
     </span>
     <span class='ocr_line' id='line_1_57' title="bbox 1066 978 1898 1021; baseline -0.001 -1"><span class='ocrx_word' id='word_1_289' title='bbox 1066 980 1294 1021; x_wconf 75' lang='lat' dir='ltr'>suscitavit</span> <span class='ocrx_word' id='word_1_290' title='bbox 1316 979 1437 1020; x_wconf 92' lang='lat' dir='ltr'>illum</span> <span class='ocrx_word' id='word_1_291' title='bbox 1461 992 1486 1020; x_wconf 92' lang='lat' dir='ltr'>a</span> <span class='ocrx_word' id='word_1_292' title='bbox 1509 978 1705 1020; x_wconf 83' lang='lat' dir='ltr'>mortuis.</span> <span class='ocrx_word' id='word_1_293' title='bbox 1739 979 1798 1020; x_wconf 91' lang='lat' dir='ltr'>Et</span> <span class='ocrx_word' id='word_1_294' title='bbox 1816 991 1898 1020; x_wconf 90' lang='lat' dir='ltr'>vos</span> 
     </span>
     <span class='ocr_line' id='line_1_58' title="bbox 1066 1034 1899 1085; baseline 0 -9"><span class='ocrx_word' id='word_1_295' title='bbox 1066 1048 1166 1076; x_wconf 91' lang='lat' dir='ltr'>cum</span> <span class='ocrx_word' id='word_1_296' title='bbox 1190 1036 1353 1077; x_wconf 88' lang='lat' dir='ltr'>mortui</span> <span class='ocrx_word' id='word_1_297' title='bbox 1382 1035 1536 1077; x_wconf 91' lang='lat' dir='ltr'>essetis</span> <span class='ocrx_word' id='word_1_298' title='bbox 1563 1035 1607 1075; x_wconf 90' lang='lat' dir='ltr'>in</span> <span class='ocrx_word' id='word_1_299' title='bbox 1636 1034 1826 1085; x_wconf 88' lang='lat' dir='ltr'>delictis,</span> <span class='ocrx_word' id='word_1_300' title='bbox 1854 1040 1899 1076; x_wconf 90' lang='lat' dir='ltr'>et</span> 
     </span>
     <span class='ocr_line' id='line_1_59' title="bbox 1065 1090 1898 1144; baseline -0.001 -11"><span class='ocrx_word' id='word_1_301' title='bbox 1065 1092 1285 1144; x_wconf 81' lang='lat' dir='ltr'>praeputio</span> <span class='ocrx_word' id='word_1_302' title='bbox 1310 1092 1453 1133; x_wconf 90' lang='lat' dir='ltr'>carnis</span> <span class='ocrx_word' id='word_1_303' title='bbox 1473 1097 1649 1141; x_wconf 87' lang='lat' dir='ltr'>vestrae,</span> <span class='ocrx_word' id='word_1_304' title='bbox 1676 1090 1898 1132; x_wconf 90' lang='lat' dir='ltr'>convivifi-</span> 
     </span>
     <span class='ocr_line' id='line_1_60' title="bbox 1066 1147 1899 1198; baseline 0 -10"><span class='ocrx_word' id='word_1_305' title='bbox 1066 1148 1182 1189; x_wconf 66' lang='lat' dir='ltr'>cAvit</span> <span class='ocrx_word' id='word_1_306' title='bbox 1201 1161 1301 1189; x_wconf 92' lang='lat' dir='ltr'>cum</span> <span class='ocrx_word' id='word_1_307' title='bbox 1319 1147 1407 1198; x_wconf 84' lang='lat' dir='ltr'>illo,</span> <span class='ocrx_word' id='word_1_308' title='bbox 1427 1147 1595 1189; x_wconf 90' lang='lat' dir='ltr'>donans</span> <span class='ocrx_word' id='word_1_309' title='bbox 1610 1147 1737 1189; x_wconf 89' lang='lat' dir='ltr'>vobis</span> <span class='ocrx_word' id='word_1_310' title='bbox 1753 1147 1899 1189; x_wconf 90' lang='lat' dir='ltr'>omnia</span> 
     </span>
     <span class='ocr_line' id='line_1_61' title="bbox 1067 1203 1898 1255; baseline -0.001 -11"><span class='ocrx_word' id='word_1_311' title='bbox 1067 1203 1244 1245; x_wconf 90' lang='lat' dir='ltr'>delicta:</span> <span class='ocrx_word' id='word_1_312' title='bbox 1268 1203 1420 1245; x_wconf 92' lang='lat' dir='ltr'>delens</span> <span class='ocrx_word' id='word_1_313' title='bbox 1445 1203 1567 1255; x_wconf 93' lang='lat' dir='ltr'>quod</span> <span class='ocrx_word' id='word_1_314' title='bbox 1585 1203 1797 1245; x_wconf 88' lang='lat' dir='ltr'>adversus</span> <span class='ocrx_word' id='word_1_315' title='bbox 1816 1216 1898 1244; x_wconf 92' lang='lat' dir='ltr'>nos</span> 
     </span>
     <span class='ocr_line' id='line_1_62' title="bbox 1067 1258 1899 1312; baseline -0.001 -11"><span class='ocrx_word' id='word_1_316' title='bbox 1067 1265 1161 1301; x_wconf 87' lang='lat' dir='ltr'>erat</span> <span class='ocrx_word' id='word_1_317' title='bbox 1188 1259 1529 1312; x_wconf 80' lang='lat' dir='ltr'>chirographum</span> <span class='ocrx_word' id='word_1_318' title='bbox 1557 1259 1744 1309; x_wconf 90' lang='lat' dir='ltr'>decreti,</span> <span class='ocrx_word' id='word_1_319' title='bbox 1778 1258 1899 1312; x_wconf 92' lang='lat' dir='ltr'>quod</span> 
     </span>
     <span class='ocr_line' id='line_1_63' title="bbox 1066 1315 1900 1368; baseline -0.001 -11"><span class='ocrx_word' id='word_1_320' title='bbox 1066 1321 1161 1358; x_wconf 88' lang='lat' dir='ltr'>erat</span> <span class='ocrx_word' id='word_1_321' title='bbox 1193 1316 1462 1357; x_wconf 73' lang='lat' dir='ltr'>contrarium</span> <span class='ocrx_word' id='word_1_322' title='bbox 1494 1315 1640 1364; x_wconf 88' lang='lat' dir='ltr'>nobis,</span> <span class='ocrx_word' id='word_1_323' title='bbox 1678 1320 1722 1357; x_wconf 90' lang='lat' dir='ltr'>et</span> <span class='ocrx_word' id='word_1_324' title='bbox 1753 1315 1900 1368; x_wconf 88' lang='lat' dir='ltr'>ipsum</span> 
     </span>
     <span class='ocr_line' id='line_1_64' title="bbox 1065 1371 1899 1422; baseline -0.001 -9"><span class='ocrx_word' id='word_1_325' title='bbox 1065 1372 1166 1413; x_wconf 87' lang='lat' dir='ltr'>tulit</span> <span class='ocrx_word' id='word_1_326' title='bbox 1184 1372 1239 1414; x_wconf 92' lang='lat' dir='ltr'>de</span> <span class='ocrx_word' id='word_1_327' title='bbox 1256 1371 1415 1422; x_wconf 88' lang='lat' dir='ltr'>medio,</span> <span class='ocrx_word' id='word_1_328' title='bbox 1436 1371 1619 1422; x_wconf 85' lang='lat' dir='ltr'>affigens</span> <span class='ocrx_word' id='word_1_329' title='bbox 1638 1371 1746 1413; x_wconf 90' lang='lat' dir='ltr'>illud</span> <span class='ocrx_word' id='word_1_330' title='bbox 1765 1371 1899 1413; x_wconf 92' lang='lat' dir='ltr'>cruci:</span> 
     </span>
     <span class='ocr_line' id='line_1_65' title="bbox 1065 1427 1897 1481; baseline -0.001 -12"><span class='ocrx_word' id='word_1_331' title='bbox 1065 1434 1109 1470; x_wconf 90' lang='lat' dir='ltr'>et</span> <span class='ocrx_word' id='word_1_332' title='bbox 1128 1428 1381 1481; x_wconf 87' lang='lat' dir='ltr'>exspolians</span> <span class='ocrx_word' id='word_1_333' title='bbox 1399 1427 1687 1480; x_wconf 82' lang='lat' dir='ltr'>principatus,</span> <span class='ocrx_word' id='word_1_334' title='bbox 1713 1432 1757 1469; x_wconf 91' lang='lat' dir='ltr'>et</span> <span class='ocrx_word' id='word_1_335' title='bbox 1773 1432 1897 1479; x_wconf 91' lang='lat' dir='ltr'>pote·</span> 
     </span>
     <span class='ocr_line' id='line_1_66' title="bbox 1066 1482 1899 1536; baseline -0.002 -10"><span class='ocrx_word' id='word_1_336' title='bbox 1066 1486 1204 1526; x_wconf 75' lang='lat' dir='ltr'>states</span> <span class='ocrx_word' id='word_1_337' title='bbox 1223 1483 1420 1526; x_wconf 79' lang='lat' dir='ltr'>traduxit</span> <span class='ocrx_word' id='word_1_338' title='bbox 1438 1482 1728 1533; x_wconf 86' lang='lat' dir='ltr'>confidenter,</span> <span class='ocrx_word' id='word_1_339' title='bbox 1753 1483 1899 1536; x_wconf 85' lang='lat' dir='ltr'>palam</span> 
     </span>
     <span class='ocr_line' id='line_1_67' title="bbox 1065 1540 1794 1593; baseline -0.003 -11"><span class='ocrx_word' id='word_1_340' title='bbox 1065 1540 1339 1593; x_wconf 89' lang='lat' dir='ltr'>triumphans</span> <span class='ocrx_word' id='word_1_341' title='bbox 1360 1540 1460 1582; x_wconf 92' lang='lat' dir='ltr'>illos</span> <span class='ocrx_word' id='word_1_342' title='bbox 1479 1540 1522 1580; x_wconf 90' lang='lat' dir='ltr'>in</span> <span class='ocrx_word' id='word_1_343' title='bbox 1542 1541 1794 1592; x_wconf 88' lang='lat' dir='ltr'>semetipso.</span> 
     </span>
    </p>

    <p class='ocr_par' dir='ltr' id='par_1_12' title="bbox 1061 1595 1898 2032">
     <span class='ocr_line' id='line_1_68' title="bbox 1118 1595 1898 1650; baseline -0.003 -12"><span class='ocrx_word' id='word_1_344' title='bbox 1118 1599 1169 1650; x_wconf 71' lang='lat' dir='ltr'>R.</span> <span class='ocrx_word' id='word_1_345' title='bbox 1194 1598 1306 1639; x_wconf 87' lang='lat' dir='ltr'>Haec</span> <span class='ocrx_word' id='word_1_346' title='bbox 1326 1602 1394 1639; x_wconf 89' lang='lat' dir='ltr'>est</span> <span class='ocrx_word' id='word_1_347' title='bbox 1412 1596 1546 1638; x_wconf 89' lang='lat' dir='ltr'>arbor</span> <span class='ocrx_word' id='word_1_348' title='bbox 1565 1595 1836 1646; x_wconf 84' lang='lat' dir='ltr'>dignissima,</span> <span class='ocrx_word' id='word_1_349' title='bbox 1854 1596 1898 1636; x_wconf 91' lang='lat' dir='ltr'>in</span> 
     </span>
     <span class='ocr_line' id='line_1_69' title="bbox 1063 1652 1898 1706; baseline -0.002 -11"><span class='ocrx_word' id='word_1_350' title='bbox 1063 1652 1257 1706; x_wconf 90' lang='lat' dir='ltr'>paradisi</span> <span class='ocrx_word' id='word_1_351' title='bbox 1289 1652 1436 1694; x_wconf 88' lang='lat' dir='ltr'>medio</span> <span class='ocrx_word' id='word_1_352' title='bbox 1469 1652 1647 1702; x_wconf 78' lang='lat' dir='ltr'>situata,</span> <span class='ocrx_word' id='word_1_353' title='bbox 1677 1654 1701 1679; x_wconf 84' lang='lat'>*</span> <span class='ocrx_word' id='word_1_354' title='bbox 1726 1653 1778 1693; x_wconf 92' lang='lat' dir='ltr'>In</span> <span class='ocrx_word' id='word_1_355' title='bbox 1812 1666 1898 1705; x_wconf 89' lang='lat' dir='ltr'>qua</span> 
     </span>
     <span class='ocr_line' id='line_1_70' title="bbox 1064 1707 1897 1761; baseline -0.001 -11"><span class='ocrx_word' id='word_1_356' title='bbox 1064 1710 1218 1751; x_wconf 88' lang='lat' dir='ltr'>salutis</span> <span class='ocrx_word' id='word_1_357' title='bbox 1242 1715 1396 1751; x_wconf 89' lang='lat' dir='ltr'>auctor</span> <span class='ocrx_word' id='word_1_358' title='bbox 1421 1707 1605 1761; x_wconf 87' lang='lat' dir='ltr'>propria</span> <span class='ocrx_word' id='word_1_359' title='bbox 1622 1713 1765 1750; x_wconf 91' lang='lat' dir='ltr'>morte</span> <span class='ocrx_word' id='word_1_360' title='bbox 1784 1721 1897 1750; x_wconf 92' lang='lat' dir='ltr'>mor—</span> 
     </span>
     <span class='ocr_line' id='line_1_71' title="bbox 1063 1763 1898 1817; baseline -0.001 -10"><span class='ocrx_word' id='word_1_361' title='bbox 1063 1771 1153 1807; x_wconf 93' lang='lat' dir='ltr'>tem</span> <span class='ocrx_word' id='word_1_362' title='bbox 1189 1766 1382 1807; x_wconf 91' lang='lat' dir='ltr'>omnium</span> <span class='ocrx_word' id='word_1_363' title='bbox 1420 1764 1656 1817; x_wconf 74' lang='lat' dir='ltr'>superavit.</span> <span class='ocrx_word' id='word_1_364' title='bbox 1701 1763 1754 1814; x_wconf 66' lang='lat' dir='ltr'>V.</span> <span class='ocrx_word' id='word_1_365' title='bbox 1781 1765 1898 1806; x_wconf 88' lang='lat' dir='ltr'>Crux</span> 
     </span>
     <span class='ocr_line' id='line_1_72' title="bbox 1062 1819 1898 1874; baseline 0 -12"><span class='ocrx_word' id='word_1_366' title='bbox 1062 1821 1335 1874; x_wconf 79' lang='lat' dir='ltr'>praecellenti</span> <span class='ocrx_word' id='word_1_367' title='bbox 1363 1820 1526 1862; x_wconf 88' lang='lat' dir='ltr'>decore</span> <span class='ocrx_word' id='word_1_368' title='bbox 1553 1819 1736 1871; x_wconf 87' lang='lat' dir='ltr'>fulgida,</span> <span class='ocrx_word' id='word_1_369' title='bbox 1765 1833 1898 1873; x_wconf 91' lang='lat' dir='ltr'>quam</span> 
     </span>
     <span class='ocr_line' id='line_1_73' title="bbox 1062 1876 1895 1919; baseline 0 -1"><span class='ocrx_word' id='word_1_370' title='bbox 1062 1878 1232 1919; x_wconf 89' lang='lat' dir='ltr'>Helena</span> <span class='ocrx_word' id='word_1_371' title='bbox 1260 1876 1535 1919; x_wconf 86' lang='lat' dir='ltr'>Constantini</span> <span class='ocrx_word' id='word_1_372' title='bbox 1565 1881 1706 1917; x_wconf 90' lang='lat' dir='ltr'>mater</span> <span class='ocrx_word' id='word_1_373' title='bbox 1738 1889 1895 1918; x_wconf 91' lang='lat' dir='ltr'>concu-</span> 
     </span>
     <span class='ocr_line' id='line_1_74' title="bbox 1062 1932 1894 1986; baseline -0.001 -11"><span class='ocrx_word' id='word_1_374' title='bbox 1062 1934 1249 1986; x_wconf 91' lang='lat' dir='ltr'>piscenti</span> <span class='ocrx_word' id='word_1_375' title='bbox 1268 1934 1413 1975; x_wconf 78' lang='lat' dir='ltr'>animo</span> <span class='ocrx_word' id='word_1_376' title='bbox 1431 1932 1669 1984; x_wconf 89' lang='lat' dir='ltr'>requisivit.</span> <span class='ocrx_word' id='word_1_377' title='bbox 1700 1932 1762 1973; x_wconf 92' lang='lat' dir='ltr'>In.</span> <span class='ocrx_word' id='word_1_378' title='bbox 1793 1933 1894 1974; x_wconf 91' lang='lat' dir='ltr'>Glo-</span> 
     </span>
     <span class='ocr_line' id='line_1_75' title="bbox 1061 1991 1364 2032; baseline -0.003 -1"><span class='ocrx_word' id='word_1_379' title='bbox 1061 1991 1125 2032; x_wconf 87' lang='lat' dir='ltr'>ria</span> <span class='ocrx_word' id='word_1_380' title='bbox 1143 1991 1275 2032; x_wconf 88' lang='lat' dir='ltr'>Patri.</span> <span class='ocrx_word' id='word_1_381' title='bbox 1301 1991 1364 2031; x_wconf 90' lang='lat' dir='ltr'>In.</span> 
     </span>
    </p>
   </div>
   <div class='ocr_carea' id='block_1_8' title="bbox 1061 2056 1897 2755">
    <p class='ocr_par' dir='ltr' id='par_1_13' title="bbox 1301 2056 1665 2096">
     <span class='ocr_line' id='line_1_76' title="bbox 1301 2056 1665 2096; baseline -0.003 0"><span class='ocrx_word' id='word_1_382' title='bbox 1301 2057 1351 2096; x_wconf 90' lang='lat' dir='ltr'>In</span> <span class='ocrx_word' id='word_1_383' title='bbox 1369 2056 1420 2096; x_wconf 94' lang='lat' dir='ltr'>II.</span> <span class='ocrx_word' id='word_1_384' title='bbox 1438 2056 1665 2096; x_wconf 81' lang='lat' dir='ltr'>Nocturno.</span> 
     </span>
    </p>

    <p class='ocr_par' dir='ltr' id='par_1_14' title="bbox 1061 2113 1894 2270">
     <span class='ocr_line' id='line_1_77' title="bbox 1118 2113 1892 2168; baseline 0.001 -13"><span class='ocrx_word' id='word_1_385' title='bbox 1118 2117 1217 2157; x_wconf 89' lang='lat' dir='ltr'>Ant.</span> <span class='ocrx_word' id='word_1_386' title='bbox 1247 2114 1366 2156; x_wconf 91' lang='lat' dir='ltr'>Felix</span> <span class='ocrx_word' id='word_1_387' title='bbox 1388 2113 1462 2155; x_wconf 91' lang='lat' dir='ltr'>ille</span> <span class='ocrx_word' id='word_1_388' title='bbox 1484 2113 1733 2168; x_wconf 90' lang='lat' dir='ltr'>triumphus</span> <span class='ocrx_word' id='word_1_389' title='bbox 1756 2115 1806 2157; x_wconf 91' lang='lat' dir='ltr'>fit</span> <span class='ocrx_word' id='word_1_390' title='bbox 1829 2128 1892 2156; x_wconf 90' lang='lat' dir='ltr'>sa-</span> 
     </span>
     <span class='ocr_line' id='line_1_78' title="bbox 1061 2169 1894 2222; baseline -0.002 -9"><span class='ocrx_word' id='word_1_391' title='bbox 1061 2172 1130 2213; x_wconf 95' lang='lat' dir='ltr'>lus</span> <span class='ocrx_word' id='word_1_392' title='bbox 1149 2171 1295 2222; x_wconf 88' lang='lat' dir='ltr'>aegris,</span> <span class='ocrx_word' id='word_1_393' title='bbox 1323 2170 1426 2211; x_wconf 88' lang='lat' dir='ltr'>vitae</span> <span class='ocrx_word' id='word_1_394' title='bbox 1444 2169 1625 2221; x_wconf 89' lang='lat' dir='ltr'>lignum,</span> <span class='ocrx_word' id='word_1_395' title='bbox 1653 2171 1808 2213; x_wconf 90' lang='lat' dir='ltr'>mortis</span> <span class='ocrx_word' id='word_1_396' title='bbox 1830 2183 1894 2212; x_wconf 91' lang='lat' dir='ltr'>re—</span> 
     </span>
     <span class='ocr_line' id='line_1_79' title="bbox 1062 2227 1266 2270; baseline -0.005 -1"><span class='ocrx_word' id='word_1_397' title='bbox 1062 2227 1266 2270; x_wconf 91' lang='lat' dir='ltr'>medium.</span> 
     </span>
    </p>

    <p class='ocr_par' dir='ltr' id='par_1_15' title="bbox 1065 2282 1897 2375">
     <span class='ocr_line' id='line_1_80' title="bbox 1119 2282 1897 2318; baseline -0.001 -1"><span class='ocrx_word' id='word_1_398' title='bbox 1119 2283 1263 2317; x_wconf 87' lang='lat' dir='ltr'>Psalmi</span> <span class='ocrx_word' id='word_1_399' title='bbox 1285 2287 1327 2317; x_wconf 93' lang='lat' dir='ltr'>ut</span> <span class='ocrx_word' id='word_1_400' title='bbox 1351 2283 1390 2317; x_wconf 90' lang='lat' dir='ltr'>in</span> <span class='ocrx_word' id='word_1_401' title='bbox 1414 2282 1460 2316; x_wconf 92' lang='grc' dir='ltr'>Π.</span> <span class='ocrx_word' id='word_1_402' title='bbox 1485 2283 1595 2317; x_wconf 83' lang='lat' dir='ltr'>Noct.</span> <span class='ocrx_word' id='word_1_403' title='bbox 1621 2283 1668 2317; x_wconf 89' lang='lat' dir='ltr'>de</span> <span class='ocrx_word' id='word_1_404' title='bbox 1694 2283 1897 2318; x_wconf 90' lang='lat' dir='ltr'>Communi</span> 
     </span>
     <span class='ocr_line' id='line_1_81' title="bbox 1065 2330 1489 2375; baseline -0.002 -9"><span class='ocrx_word' id='word_1_405' title='bbox 1065 2332 1179 2366; x_wconf 89' lang='lat' dir='ltr'>unius</span> <span class='ocrx_word' id='word_1_406' title='bbox 1205 2331 1397 2375; x_wconf 74' lang='lat' dir='ltr'>Martyris.</span> <span class='ocrx_word' id='word_1_407' title='bbox 1420 2330 1489 2374; x_wconf 86' lang='lat'>[24]</span> 
     </span>
    </p>

    <p class='ocr_par' dir='ltr' id='par_1_16' title="bbox 1063 2377 1894 2531">
     <span class='ocr_line' id='line_1_82' title="bbox 1116 2377 1894 2420; baseline -0.003 0"><span class='ocrx_word' id='word_1_408' title='bbox 1116 2380 1215 2420; x_wconf 81' lang='lat' dir='ltr'>Ant.</span> <span class='ocrx_word' id='word_1_409' title='bbox 1257 2379 1458 2419; x_wconf 85' lang='lat' dir='ltr'>Funestae</span> <span class='ocrx_word' id='word_1_410' title='bbox 1482 2377 1638 2419; x_wconf 90' lang='lat' dir='ltr'>mortis</span> <span class='ocrx_word' id='word_1_411' title='bbox 1662 2377 1894 2419; x_wconf 71' lang='lat' dir='ltr'>damnetur</span> 
     </span>
     <span class='ocr_line' id='line_1_83' title="bbox 1063 2433 1893 2486; baseline 0 -12"><span class='ocrx_word' id='word_1_412' title='bbox 1063 2433 1338 2486; x_wconf 89' lang='lat' dir='ltr'>supplicium,</span> <span class='ocrx_word' id='word_1_413' title='bbox 1354 2433 1459 2475; x_wconf 91' lang='lat' dir='ltr'>dum</span> <span class='ocrx_word' id='word_1_414' title='bbox 1476 2433 1674 2475; x_wconf 86' lang='lat' dir='ltr'>Christus</span> <span class='ocrx_word' id='word_1_415' title='bbox 1692 2433 1738 2474; x_wconf 93' lang='lat' dir='ltr'>in</span> <span class='ocrx_word' id='word_1_416' title='bbox 1753 2433 1893 2474; x_wconf 88' lang='lat' dir='ltr'>Cruce</span> 
     </span>
     <span class='ocr_line' id='line_1_84' title="bbox 1063 2488 1894 2531; baseline -0.001 -1"><span class='ocrx_word' id='word_1_417' title='bbox 1063 2495 1216 2531; x_wconf 91' lang='lat' dir='ltr'>nostra</span> <span class='ocrx_word' id='word_1_418' title='bbox 1235 2488 1453 2531; x_wconf 84' lang='lat' dir='ltr'>destruxit</span> <span class='ocrx_word' id='word_1_419' title='bbox 1467 2489 1642 2531; x_wconf 87' lang='lat' dir='ltr'>vincula</span> <span class='ocrx_word' id='word_1_420' title='bbox 1655 2489 1894 2530; x_wconf 92' lang='lat' dir='ltr'>criminum.</span> 
     </span>
    </p>

    <p class='ocr_par' dir='ltr' id='par_1_17' title="bbox 1063 2544 1894 2755">
     <span class='ocr_line' id='line_1_85' title="bbox 1117 2544 1893 2595; baseline 0.001 -10"><span class='ocrx_word' id='word_1_421' title='bbox 1117 2546 1216 2587; x_wconf 87' lang='lat' dir='ltr'>Ant.</span> <span class='ocrx_word' id='word_1_422' title='bbox 1266 2547 1359 2587; x_wconf 87' lang='lat' dir='ltr'>Rex</span> <span class='ocrx_word' id='word_1_423' title='bbox 1392 2545 1610 2587; x_wconf 76' lang='lat' dir='ltr'>exaltatur</span> <span class='ocrx_word' id='word_1_424' title='bbox 1627 2545 1671 2585; x_wconf 90' lang='lat' dir='ltr'>in</span> <span class='ocrx_word' id='word_1_425' title='bbox 1718 2544 1893 2595; x_wconf 79' lang='lat' dir='ltr'>aethera,</span> 
     </span>
     <span class='ocr_line' id='line_1_86' title="bbox 1064 2600 1892 2654; baseline 0 -12"><span class='ocrx_word' id='word_1_426' title='bbox 1064 2614 1165 2642; x_wconf 91' lang='lat' dir='ltr'>cum</span> <span class='ocrx_word' id='word_1_427' title='bbox 1197 2601 1346 2642; x_wconf 92' lang='lat' dir='ltr'>nobile</span> <span class='ocrx_word' id='word_1_428' title='bbox 1378 2601 1629 2654; x_wconf 73' lang='lat' dir='ltr'>trophaeum</span> <span class='ocrx_word' id='word_1_429' title='bbox 1656 2600 1810 2642; x_wconf 89' lang='lat' dir='ltr'>Crucis</span> <span class='ocrx_word' id='word_1_430' title='bbox 1837 2601 1892 2642; x_wconf 91' lang='lat' dir='ltr'>ab</span> 
     </span>
     <span class='ocr_line' id='line_1_87' title="bbox 1063 2655 1894 2709; baseline 0 -12"><span class='ocrx_word' id='word_1_431' title='bbox 1063 2657 1278 2698; x_wconf 89' lang='lat' dir='ltr'>universis</span> <span class='ocrx_word' id='word_1_432' title='bbox 1293 2656 1567 2699; x_wconf 88' lang='lat' dir='ltr'>Christicolis</span> <span class='ocrx_word' id='word_1_433' title='bbox 1585 2655 1797 2698; x_wconf 79' lang='lat' dir='ltr'>adoratur</span> <span class='ocrx_word' id='word_1_434' title='bbox 1814 2669 1894 2709; x_wconf 88' lang='lat' dir='ltr'>per</span> 
     </span>
     <span class='ocr_line' id='line_1_88' title="bbox 1064 2713 1236 2755; baseline 0.006 -2"><span class='ocrx_word' id='word_1_435' title='bbox 1064 2713 1236 2755; x_wconf 77' lang='lat' dir='ltr'>saecula.</span> 
     </span>
    </p>
   </div>
   <div class='ocr_carea' id='block_1_9' title="bbox 119 146 1957 2815">
    <p class='ocr_par' dir='ltr' id='par_1_18' title="bbox 119 146 1957 2815">
     <span class='ocr_line' id='line_1_89' title="bbox 119 146 1957 2815; baseline 0 0"><span class='ocrx_word' id='word_1_436' title='bbox 119 146 1957 2815; x_wconf 95' lang='lat' dir='ltr'> </span> 
     </span>
    </p>
   </div>
  </div>
 </body>
</html>
