2040 2976
491 203 594 237 Infra
619 203 915 237 Hebdomadam
940 214 973 237 v.
998 207 1088 246 post
1114 204 1191 237 Oct.
1219 204 1475 238 Pentecoste&

126 301 259 349 caput
295 297 501 339 Isboseth
540 299 619 339 filii
655 298 758 340 Saul
795 299 957 340 inimici

125 353 203 402 tui,
223 352 298 404 qui
319 354 546 405 quaerebat
566 355 754 395 animam
772 359 904 396 tuam.

178 409 230 459 Rz.
255 408 455 450 Peccavi.
474 410 561 452 179.

436 465 589 507 Lectio
610 467 650 505 ii.

124 514 456 620 Respondens
467 526 614 563 autem
623 521 767 563 David
775 521 957 563 Rechab

220 581 264 617 et
280 576 431 617 Baana
450 577 574 618 fratri
591 578 693 628 ejus,
712 577 812 617 filiis
828 577 957 618 Rem-

124 645 228 673 mon
242 632 497 682 Berothitae,
517 632 628 674 dixit
646 632 703 674 ad
722 645 815 674 eos:
834 634 957 674 Vivit

124 688 354 738 Dominus,
381 688 454 740 qui
474 689 586 730 eruit
605 689 794 729 animam
812 702 957 730 meam

126 742 181 784 de
210 744 328 784 omni
355 746 575 795 angustia,
610 745 817 796 queniam
846 758 956 794 eum,

127 800 202 851 qui
220 800 554 842 annuntiaverat
571 801 688 851 mihi,
707 806 751 842 et
770 800 956 842 dixerat:

122 855 324 896 Mortuus
350 861 418 897 est
442 857 562 898 Saul:
596 857 670 908 qui
695 857 882 909 putabat
907 870 954 898 se

121 913 339 963 prospera
357 912 569 961 nuntiare,
591 914 723 962 tenui,
748 917 791 954 et
811 912 954 954 occidi

124 979 224 1008 eum
238 967 283 1008 in
297 967 479 1019 Siceleg,
499 969 569 1010 cui
589 969 826 1022 oportebat
845 981 954 1010 mer-

123 1022 279 1064 cedem
311 1023 416 1065 dare
448 1037 531 1077 pro
564 1025 730 1066 nuntio.
780 1026 954 1075 Quanto

122 1079 262 1130 magis
293 1092 424 1130 nunc,
464 1093 563 1122 cum
599 1081 800 1122 homines
832 1081 955 1133 impii

121 1134 434 1177 interfecerunt
470 1137 612 1178 virum
648 1137 876 1178 innoxium
911 1137 954 1177 in

123 1189 256 1232 domo
273 1203 363 1240 sua,
382 1205 515 1245 super
529 1192 694 1235 lectum
709 1205 847 1242 suum,
867 1205 955 1233 non

124 1258 319 1298 quaeram
344 1248 602 1299 sanguinem
626 1250 718 1300 ejus
744 1248 799 1289 de
824 1261 955 1288 manu

121 1307 286 1351 vestra,
319 1307 363 1344 et
395 1304 591 1345 auferam
618 1317 700 1345 vos
730 1303 786 1345 de
813 1302 971 1345 terrai*

121 1357 340 1410 Praecepit
358 1361 508 1411 itaque
522 1359 668 1401 David
686 1359 836 1412 pueris
854 1359 954 1408 suis,

123 1417 168 1454 et
186 1413 500 1456 interfecerunt
524 1427 617 1456 eos:
642 1413 954 1467 praecidentes-

123 1480 209 1519 que
218 1481 374 1510 manus
387 1475 432 1512 et
444 1470 583 1523 pedes
595 1473 758 1520 eorum,
774 1483 953 1522 suspen-

123 1523 281 1566 derunt
306 1537 383 1567 eos
409 1539 543 1579 super
567 1527 782 1579 piscinam
804 1526 849 1566 in
867 1526 954 1567 He—

121 1578 247 1621 bron:
275 1586 410 1633 caput
437 1587 586 1623 autem
613 1581 831 1626 Isboseth,
847 1581 952 1622 tule-

121 1639 238 1686 runt,
271 1640 316 1677 et
348 1637 616 1689 sepelierunt
644 1638 689 1678 in
717 1636 953 1689 sepulchro

123 1690 275 1732 Abner
292 1691 338 1732 in
355 1692 551 1734 Hebron.

178 1748 230 1800 R.
250 1748 483 1790 Exaudisti
500 1749 702 1790 Domine.
722 1749 816 1789 180.

254 1802 407 1843 Lectio
426 1801 483 1842 iii.
664 1802 768 1853 Cap.
788 1803 825 1842 5.

208 1865 227 1902 t
250 1861 464 1901 venerunt
487 1860 704 1901 universae
726 1859 868 1900 tribus
892 1859 953 1899 Is-

216 1915 308 1957 rael
335 1914 394 1957 ad
419 1915 566 1957 David
593 1916 639 1956 in
662 1914 863 1964 Hebron,
892 1914 953 1955 di-

123 1973 287 2013 centes:
311 1972 429 2013 Ecce
447 1984 541 2021 nos,
560 1984 610 2012 os
628 1977 768 2019 tuum,
787 1975 832 2012 et
851 1983 954 2011 caro

122 2031 199 2068 tua
218 2039 379 2068 sumus.
415 2026 504 2069 Sed
529 2032 572 2069 et
596 2027 691 2068 heri
713 2031 757 2068 et
777 2025 954 2067 nudius-

124 2083 280 2124 tertius
309 2096 408 2124 cum
437 2087 556 2124 esset
582 2082 686 2124 Saul
716 2094 795 2123 rex
822 2094 955 2133 super

122 2150 220 2187 nos,
245 2143 296 2180 tu
323 2151 421 2180 eras
449 2138 642 2180 educens
669 2143 713 2179 et
738 2137 954 2178 reducens

122 2194 275 2235 Israel:
294 2193 405 2236 dixit
423 2199 570 2235 autem
584 2194 801 2236 Dominus
821 2192 878 2233 ad
895 2197 954 2233 te:

123 2249 193 2290 Tu
215 2262 374 2302 pasces
397 2250 612 2303 populum
635 2262 782 2293 meum
805 2247 954 2297 Israel,

125 2310 168 2346 et
189 2309 238 2346 tu
260 2306 346 2346 eris
371 2305 462 2347 dux
480 2318 613 2358 super
630 2306 780 2346 Israel.
812 2304 953 2344 Vene-

123 2365 224 2402 runt
248 2373 424 2412 quoque
449 2366 492 2403 et
517 2361 713 2403 seniores
736 2358 874 2400 Israel
896 2357 954 2399 ad

123 2428 272 2466 regem
286 2416 331 2456 in
341 2416 536 2465 Hebron,
557 2421 601 2457 et
620 2414 840 2467 permissit
854 2426 954 2454 cum

124 2471 188 2511 eis
219 2484 298 2512 rex
327 2471 474 2512 David
509 2471 655 2512 foedus
691 2471 735 2510 in
769 2468 953 2510 Hebron

125 2538 275 2567 coram
300 2527 507 2568 Domino:
533 2529 839 2576 unxeruntque
867 2525 952 2565 Da-

124 2581 200 2623 vid
223 2582 268 2622 in
293 2595 441 2633 regem
467 2594 600 2633 super
625 2581 773 2622 Israel.
816 2580 952 2620 Filius

123 2637 301 2688 triginta
321 2641 534 2679 annorum
557 2642 650 2678 erat
668 2635 829 2684 David,
854 2648 953 2676 cum

125 2695 308 2742 regnare
337 2696 565 2746 coepisset,
594 2697 638 2733 et
662 2690 952 2743 quadraginta

1010 299 1134 340 annis
1158 300 1369 350 regnavit.
1405 302 1456 341 In
1479 301 1664 342 Hebron
1687 304 1839 352 regna-

1009 355 1072 396 vit
1101 368 1233 408 super
1259 356 1283 396 J
1285 355 1419 396 udam
1447 362 1617 409 septem
1645 358 1768 398 annis
1797 362 1841 399 et

1010 423 1088 452 sex
1106 411 1346 453 mensibus:
1369 412 1413 451 in
1431 412 1673 454 Jerusalem
1693 419 1840 454 autem

1009 468 1207 518 regnavit
1224 468 1403 518 triginta
1417 469 1556 510 tribus
1571 470 1693 510 annis
1707 483 1840 522 super

1010 535 1184 564 omnem
1203 524 1340 564 Israel
1361 529 1404 565 et
1419 525 1444 565 J
1446 524 1630 566 udaeam.
1657 526 1714 566 Et
1734 526 1840 567 abiit

1011 591 1106 629 reX‚
1135 585 1178 621 et
1203 592 1356 621 omnes
1382 581 1463 621 viri
1490 582 1564 633 qui
1590 587 1712 623 erant
1739 595 1838 623 cum

1011 647 1079 684 eo,
1119 635 1164 675 in
1194 636 1457 686 Jerusalem,
1499 636 1556 678 ad
1588 637 1839 678 Jebusaeum

1009 690 1303 732 habitatorem
1325 696 1469 733 terrae:
1494 692 1748 744 dictumque
1773 699 1840 735 est

1009 746 1155 788 David
1174 747 1229 788 ab
1250 748 1328 789 eis:
1347 748 1449 789 Non
1467 747 1724 799 ingredieris
1744 749 1839 798 huc,

1009 803 1093 843 nisi
1124 803 1360 845 abstuleris
1391 817 1536 846 caecos
1569 810 1613 846 et
1646 804 1839 855 claudos,

1009 857 1220 900 dicentes:
1258 859 1361 901 Non
1394 859 1664 910 ingredietur
1694 861 1840 902 David

1008 913 1104 955 huc.
1163 915 1294 968 Cepit
1330 921 1478 957 autem
1514 916 1660 957 David
1695 929 1840 958 arcem

1008 970 1123 1020 Sion,
1141 970 1238 1012 haec
1260 977 1327 1013 est
1346 973 1500 1013 civitas
1518 971 1676 1013 David.

1060 1029 1111 1080 Rz.
1137 1026 1255 1068 Audi
1273 1028 1473 1069 Demine.
1493 1030 1586 1069 180.

1192 1131 1378 1168 Feria
1415 1132 1656 1179 Quinta.

1112 1183 1179 1223 De
1197 1182 1311 1224 libro
1331 1183 1530 1225 secundo
1550 1184 1733 1235 Regum.

1102 1293 1105 1296 ἱ
1165 1242 1317 1283 Lectio
1337 1244 1361 1283 i.
1522 1243 1625 1293 Cap.
1646 1244 1684 1282 6.

1070 1303 1351 1353 ongregavit
1379 1308 1526 1344 autem
1554 1316 1728 1344 rursum
1751 1304 1836 1344 Da-

1010 1357 1081 1401 'zss2
1115 1357 1190 1399 vid
1218 1356 1379 1400 'omnes
1413 1359 1577 1400 electos
1615 1371 1669 1399 ex
1701 1359 1837 1400 Israel

1006 1414 1185 1464 triginta
1202 1414 1346 1455 millia.
1374 1415 1660 1466 Surrexitque
1678 1415 1836 1464 David,

1007 1474 1051 1510 et
1071 1469 1194 1517 abiit,
1224 1475 1268 1511 et
1291 1470 1520 1511 universus
1544 1469 1737 1521 populus
1763 1470 1838 1521 qui

1008 1530 1102 1566 erat
1126 1537 1226 1566 cum
1251 1538 1304 1567 eo
1331 1525 1386 1567 de
1412 1526 1516 1567 viris
1536 1525 1664 1574 Juda,
1691 1530 1740 1566 ut
1764 1525 1837 1566 ad-

1008 1580 1222 1623 ducerent
1248 1595 1396 1623 arcam
1418 1582 1518 1631 Dei,
1546 1594 1679 1633 super
1707 1594 1838 1632 quam

1006 1637 1260 1678 invocatum
1289 1642 1356 1678 est
1379 1650 1540 1679 nomen
1563 1637 1746 1678 Domini
1767 1650 1836 1678 ex-

1008 1695 1236 1742 ercituum,
1281 1693 1475 1735 sedentis
1516 1694 1561 1734 in
1600 1692 1836 1734 Cherubim

1007 1761 1140 1800 super
1161 1761 1267 1790 eam.
1292 1750 1350 1791 Et
1367 1749 1672 1801 imposuerunt
1691 1761 1838 1789 arcam

1006 1804 1091 1845 Dei
1112 1817 1245 1856 super
1264 1805 1509 1857 plaustrum
1527 1817 1705 1845 novum:
1728 1804 1835 1845 tule-

1007 1863 1197 1911 runtque
1225 1873 1323 1901 eam
1351 1860 1405 1901 de
1432 1861 1566 1901 domo
1592 1859 1837 1908 Abinadab,

1009 1915 1083 1966 qui
1108 1920 1202 1956 erat
1224 1916 1268 1956 in
1289 1916 1456 1957 Gabaa:
1486 1916 1579 1957 Oza
1604 1919 1767 1964 autem,
1794 1920 1838 1956 et

1007 1969 1124 2011 Ahio
1135 1970 1214 2011 filii
1224 1971 1469 2020 Abinadab,
1482 1970 1707 2012 minabant
1717 1970 1836 2022 plau-

1008 2030 1148 2066 strum
1168 2039 1342 2068 novum.

1062 2083 1113 2134 Rz.
1137 2082 1402 2135 Praeparate.
1421 2082 1504 2122 177.

1318 2136 1469 2177 Lectio
1489 2136 1529 2176 ii.

1086 2206 1248 2244 umque
1271 2194 1476 2235 tulissent
1500 2206 1596 2234 eam
1621 2192 1676 2234 de
1702 2191 1835 2233 domo

1099 2248 1349 2299 Abinadab,
1380 2250 1454 2301 qui
1482 2254 1576 2290 erat
1602 2249 1646 2288 in
1671 2248 1835 2297 Gabaa‚

1009 2303 1261 2345 cust6diens
1295 2318 1442 2346 arcam
1470 2305 1554 2345 Dei
1581 2304 1697 2345 Ahio
1723 2316 1834 2355 prae-

1007 2359 1193 2401 cedebat
1220 2373 1377 2401 arcam.
1419 2359 1570 2401 David
1598 2364 1760 2407 autern,
1791 2363 1835 2399 et

1007 2415 1148 2455 omnis
1170 2415 1309 2456 Israel
1336 2415 1547 2457 ludebant
1574 2427 1723 2455 coram
1746 2415 1832 2455 Do-

1005 2471 1124 2512 mino
1143 2471 1187 2510 in
1207 2471 1410 2512 omnibus
1429 2471 1556 2522 lignis
1572 2469 1833 2517 fabrefactis,

1006 2531 1050 2567 et
1075 2526 1254 2567 citharis
1280 2532 1324 2567 et
1349 2527 1455 2578 lyris
1481 2531 1525 2567 et
1550 2525 1770 2576 tympanis
1789 2528 1833 2564 et

1006 2582 1147 2623 sistris
1173 2586 1217 2622 et
1244 2581 1467 2633 cymbalis.
1500 2581 1740 2631 Postquam
1760 2591 1830 2619 au-

1004 2641 1094 2677 tem
1121 2639 1333 2678 venerunt
1364 2636 1420 2677 ad
1448 2638 1610 2676 Aream
1636 2633 1831 2682 Naehon,

1006 2692 1203 2733 extendit
1240 2692 1333 2732 Oza
1372 2704 1547 2732 manum
1587 2689 1644 2730 ad
1684 2701 1830 2728 arcam
