2040 2976
643 185 847 220 Dominica
874 183 975 218 XVI.
1001 187 1091 226 post
1115 182 1380 216 Pentecosten.

157 275 336 317 volebat
354 274 546 325 intelligi.
577 273 735 325 Neque
761 272 874 314 enim
896 276 987 313 tan-

155 336 248 373 tum
292 330 506 372 miracula
549 334 735 382 propter
777 327 988 369 miracula

156 386 361 428 faciebat:
387 386 468 428 sed
486 391 535 428 ut
553 386 643 436 illa,
669 397 769 437 quae
788 383 987 433 faciebat,

155 443 266 484 mira
280 447 428 484 essent
442 441 702 492 videntibus,
721 453 826 483 vera
841 443 988 482 essent

155 497 507 549 intelligentibus.

459 593 612 634 Lectio
632 593 685 632 ix.

241 669 585 712 uemeidmodum
600 668 674 721 qui
684 667 805 709 videt
818 666 987 708 litteras

259 727 302 767 in
335 724 489 768 codice
525 725 691 778 optime
723 723 908 775 scripto,
944 726 988 763 et

155 796 244 825 non
270 782 394 824 novit
420 781 585 832 legere,
628 779 780 821 laudat
809 777 987 830 quidem

156 837 389 891 antiquarii
414 850 609 886 manum,
641 835 863 877 admirans
898 834 986 886 aipi-

156 908 255 937 cum
272 893 659 947 pulchritudinem:
678 891 758 933 sed
778 890 884 942 quid
904 889 987 931 sibi

155 951 305 999 velint,
347 949 454 1003 quid
491 947 686 991 indicent
723 947 787 988 illi
826 947 987 999 apices,

155 1007 305 1057 nescit,
326 1011 370 1048 et
389 1011 457 1047 est
477 1005 615 1047 oculis
634 1003 848 1054 laudator,
869 1016 986 1044 men-

154 1068 199 1105 te
226 1075 316 1104 non
345 1061 556 1112 cognitor.
610 1060 736 1101 Alius
768 1064 915 1101 autem
945 1063 988 1100 et

154 1118 305 1161 laudat
332 1118 580 1167 artificium,
607 1122 651 1159 et
680 1116 799 1169 capit
821 1114 986 1156 intelle-

156 1180 290 1217 ctum:
323 1174 396 1215 ille
422 1174 594 1225 utique,
628 1173 703 1225 qui
730 1185 818 1213 non
845 1170 987 1212 solum

155 1230 305 1273 videre
338 1230 459 1282 quod
493 1232 725 1271 commune
754 1233 822 1269 est
850 1227 986 1268 Omni-

155 1287 248 1337 bus,
262 1291 422 1340 potest‚
441 1284 522 1327 sed
536 1286 668 1326 etiam
682 1285 844 1336 legere;
866 1282 988 1335 quod

157 1343 231 1395 qui
264 1355 353 1384 non
385 1341 554 1391 didicit,
586 1354 675 1382 non
705 1345 866 1394 potest.
918 1339 988 1379 Ita

157 1399 232 1450 qui
258 1398 462 1443 viderunt
490 1397 654 1439 Christi
681 1396 911 1445 miracula,
943 1400 987 1437 et

155 1467 244 1496 non
261 1454 569 1496 intellexerunt
589 1452 695 1506 quid
714 1452 797 1494 sibi
813 1451 987 1501 vellent,

155 1515 200 1552 et
241 1509 348 1563 quid
386 1509 730 1560 intelligentibus
775 1507 984 1560 quodam-

154 1566 290 1608 modo
314 1566 564 1615 innuerent,
596 1565 743 1606 mirati
767 1569 869 1605 sunt
893 1569 986 1605 tan-

154 1627 248 1664 tum
276 1622 378 1674 quia
404 1622 519 1663 facta
548 1626 663 1662 sunt:
695 1620 767 1662 alii
797 1632 905 1662 vero
944 1625 987 1661 et

156 1678 271 1720 facta
289 1678 450 1728 miram
473 1682 518 1719 et
541 1677 764 1719 intellecta
782 1675 985 1718 assecuti.

1809 175 1875 210 277

1041 269 1173 311 Tales
1205 282 1288 311 nos
1320 269 1364 309 in
1397 268 1548 310 schola
1581 269 1741 312 Christi
1773 284 1870 313 esse

1041 326 1264 368 debemus.
1656 333 1661 338 ·

1105 386 1167 425 Te
1186 383 1331 423 Deum
1350 381 1592 423 laudamus.
1615 385 1673 424 13.

1093 445 1165 485 Ad
1191 446 1353 486 Bened.
1385 446 1484 485 Ant.
1516 442 1616 484 Ibat
1639 444 1767 485 Jesus
1787 445 1873 485 *in

1041 499 1264 540 civitatem
1298 511 1397 550 quae
1430 500 1614 539 vocatur
1645 499 1791 541 Na‘im:
1831 506 1875 542 et

1041 568 1144 597 ecce
1183 555 1416 596 defunctus
1455 554 1719 597 efferebatur
1756 557 1872 598 filius

1040 611 1195 653 unicus
1215 611 1367 652 matris
1388 623 1490 651 suae.

1093 670 1144 721 V.
1174 670 1390 712 D6minus
1419 671 1634 720 regnavit,
1667 671 1874 714 decorem

1040 727 1192 769 induit.
1245 730 1296 781 R.
1327 726 1478 768 Induit
1506 727 1722 768 Dominus
1755 729 1873 770 forti-

1041 783 1250 834 tudinem,
1271 788 1314 825 et
1333 783 1566 836 praecinxit
1586 796 1633 824 se
1652 784 1826 826 virtute.

1094 853 1166 895 Ad
1190 853 1364 904 Magnif.
1399 852 1500 892 Ant.
1538 849 1762 901 Propheta
1786 863 1874 890 ma-

1040 918 1152 956 gnus
1180 906 1204 932 *
1232 905 1423 946 surrexit
1449 905 1493 945 in
1521 905 1667 954 nobis,
1702 910 1746 947 et
1774 906 1875 958 quia

1041 961 1162 1003 Deus
1182 961 1378 1003 visitavit
1395 961 1573 1014 plebem
1593 975 1728 1003 suam.

1092 1017 1142 1068 V.
1162 1021 1387 1072 Dirigaitur
1401 1022 1591 1063 D6mine
1608 1023 1749 1063 oratio
1765 1034 1874 1063 mea.

1041 1078 1090 1129 R.
1127 1078 1249 1120 Sicut
1288 1077 1515 1118 incensum
1551 1078 1595 1118 in
1632 1079 1876 1130 conspectu

1040 1139 1127 1175 tuo.

1300 1190 1616 1216 *Q*

1238 1263 1515 1312 Dominiea
1538 1262 1677 1311 XVI.

1150 1340 1292 1387 post
1335 1336 1769 1375 Pentecosten.

1379 1396 1544 1436 Oratio.

1041 1445 1175 1549 Tua
1219 1466 1319 1502 nos,
1371 1454 1623 1505 quaesumus
1668 1454 1873 1503 Domine,

1132 1510 1272 1560 gratia
1296 1522 1472 1561 semper
1496 1514 1540 1550 et
1563 1509 1806 1561 praeveniat
1831 1515 1874 1551 et

1041 1568 1266 1617 sequatur:
1296 1578 1348 1606 ac
1375 1565 1503 1606 bonis
1531 1564 1740 1617 operibus
1769 1566 1872 1617 jugi-

1039 1627 1107 1663 ter
1125 1626 1308 1674 praestet
1328 1634 1425 1663 esse
1444 1621 1649 1663 intentos.
1681 1622 1766 1663 Per
1784 1622 1872 1662 Do-

1039 1678 1204 1718 minum
1223 1683 1433 1718 nostrum.
