2040 2976
739 217 778 249 ln
804 214 1056 248 'Dedicationc
1082 212 1275 246 Ecclesiae.

161 317 415 367 interrogat,
455 313 573 367 apud
603 312 787 354 alterum
819 323 867 352 se
898 323 986 352 non

161 373 368 414 invitatus
382 371 547 412 invitat.
567 368 741 412 Sciebat
756 368 870 410 enim
884 366 986 408 ube-

162 442 255 471 rem
285 427 466 481 hospitii
497 427 564 468 sui
597 438 693 467 esse
728 423 986 466 mercedem.

162 484 250 527 Sed
268 489 425 534 tamen,
446 483 527 525 etsi
546 481 740 524 nondum
755 493 910 523 vocem
927 480 986 520 in-

162 542 338 584 vitantis
358 540 571 589 audierat,
596 539 680 591 jam
698 537 869 579 viderat
887 536 985 578 affe-

162 603 291 640 ctum.

212 666 262 716 Rg.
286 661 476 715 Lapides
497 660 679 714 pretiesi
704 672 855 701 omnes
873 659 985 700 muri

163 720 276 762 tuiz*
301 719 358 760 Et
380 722 522 759 turres
542 717 784 758 Jerusalem
802 715 984 768 gemmis

163 774 506 817 aedificabuntur.
552 771 601 822 V.
635 773 784 815 Portae
815 773 839 813 J
843 775 986 814 erusa-

161 832 247 874 lem
267 845 321 873 ex
340 830 550 884 sapphiro
570 835 614 872 et
634 828 865 880 smaragdo
886 827 986 870 aedi-

162 888 421 938 ficabuntur,
455 892 498 928 et
530 900 584 928 ex
615 886 762 940 lapide
789 885 986 939 pretioso

163 945 302 986 omnis
326 945 532 986 circuitus
555 944 669 985 muri
687 944 790 996 ejus.
826 942 882 984 Et
900 947 986 983 tur-

162 1015 243 1044 res.
274 1001 424 1043 Gleria
442 1000 572 1042 Patri.
600 1001 657 1042 Et
675 1004 828 1042 turres.

214 1068 373 1109 Bcned.
404 1066 472 1108 Ad
491 1065 756 1108 societatem.

459 1151 610 1191 Lectio
632 1151 684 1190 ix.

253 1230 375 1260 erum
388 1227 442 1256 ne
458 1227 623 1256 caecum
635 1214 756 1255 illum
766 1218 989 1266 tamquam

266 1272 480 1315 fastidiesi
506 1274 750 1324 pauperum
779 1271 866 1312 cito
894 1270 988 1312 reli-

165 1334 312 1385 quisse
338 1329 583 1377 videamur,
618 1332 660 1369 et
692 1329 901 1368 transisse
933 1326 990 1369 ad

145 1388 360 1436 divitem,
395 1386 701 1438 exspectemus
735 1397 850 1433 eum,
889 1384 990 1436 quia

164 1442 435 1497 exspectavit
451 1446 494 1483 et
507 1441 735 1482 Deminus:
754 1440 989 1492 interroge-

163 1514 259 1543 mus
275 1513 385 1548 eum,
402 1498 502 1551 quia
516 1497 802 1548 interrogavit
817 1502 860 1538 et
871 1497 989 1538 Chri-

164 1563 267 1600 stus.
286 1556 381 1598 Nos
396 1555 723 1605 interrogemus
740 1554 840 1605 quia
851 1556 986 1595 nesci-

163 1627 275 1655 mus:
300 1612 373 1654 ifle
397 1611 498 1663 quia
516 1612 708 1652 neverat.
743 1610 838 1652 Nos
861 1611 987 1652 inter-

165 1671 383 1721 rogemus,
410 1673 459 1710 ut
477 1667 665 1709 sciamus
684 1666 799 1708 unde
818 1667 901 1709 iste
920 1680 989 1709 cu-

165 1729 286 1769 ratus
297 1726 366 1767 sit:
381 1725 453 1767 ille
467 1724 765 1775 interrogavit,
783 1728 832 1765 ut
844 1724 889 1764 in
903 1737 990 1766 uno

166 1783 314 1837 plures
331 1782 608 1831 disceremus,
622 1780 738 1822 unde
753 1780 991 1821 Dominum

166 1839 315 1882 videre
340 1840 595 1880 mereamur.
631 1837 924 1889 Interrogavit
951 1850 990 1879 e-

166 1897 271 1946 nim,
294 1900 343 1937 ut
361 1895 652 1945 crederemus,
675 1895 892 1936 neminem
909 1894 992 1935 nisi

169 1953 449 1995 confitentem
467 1964 599 2004 posse
619 1951 789 1993 salvari.

223 2019 287 2059 Te
307 2017 450 2058 Deum
467 2015 707 2058 laudamus.
734 2017 792 2057 13.

433 2106 511 2147 Ad
536 2105 732 2148 Laudes

386 2175 433 2205 et
468 2181 557 2214 per
591 2170 775 2204 Horas,

220 2236 317 2276 Ant.
342 2237 370 2275 1.
398 2235 590 2276 Domum
613 2239 733 2276 tuam
759 2235 947 2278 Demine
971 2238 995 2264 *

173 2292 299 2391 gfcet
327 2290 573 2333 sanctitudo
609 2291 653 2332 in
679 2291 996 2343 longitudinem

219 2351 351 2391 erum.

225 2404 379 2445 Psalm.
414 2404 631 2446 Dominus
658 2406 867 2456 regnavit.
894 2416 991 2443 cum

170 2461 357 2511 reliquis.
386 2462 445 2502 14.

224 2519 259 2557 2.
287 2518 457 2559 Domus
482 2530 580 2559 mea
603 2518 626 2544 *
652 2517 808 2559 domus
839 2518 996 2560 oratie-

174 2575 240 2616 nis
259 2573 498 2628 vocabitur.

225 2633 260 2671 3.
290 2631 398 2672 Haec
423 2634 490 2672 est
513 2629 669 2672 domus
688 2630 865 2672 Demini
884 2631 907 2656 *
927 2631 997 2671 fir-

174 2688 301 2729 miter
326 2686 557 2736 aedificata‚
589 2685 700 2728 bene
728 2687 908 2729 fundata
933 2692 999 2729 est

177 2756 309 2798 supra
327 2744 496 2785 firmam
515 2748 696 2798 petram.

1773 200 1864 245 [121]

1086 313 1124 351 4.
1147 311 1266 350 Bene
1284 306 1467 348 fundata
1486 310 1553 347 est
1567 307 1591 333 *
1607 304 1764 346 domus
1777 303 1865 344 De-

1037 365 1142 406 mini
1161 377 1295 417 supra
1314 364 1484 404 firmam
1502 367 1684 415 petram.

1088 425 1123 463 5.
1173 420 1367 474 Lapides
1414 419 1600 472 pretiesi
1643 420 1667 445 *
1713 430 1865 459 omnes

1038 478 1152 519 muri
1170 477 1243 527 tui,
1266 482 1309 519 et
1328 483 1471 520 turres
1489 474 1732 517 Jerusalem
1751 487 1865 525 gem-

1038 535 1120 576 mis
1140 533 1485 576 aedificabuntur.

1142 606 1400 659 Capitulum.
1548 605 1683 656 Apoc.
1703 605 1759 643 21.

1130 670 1190 712 idi
1221 670 1443 712 civitatem
1471 674 1669 711 sanctam
1696 669 1720 709 J
1724 671 1867 710 erusa-

1143 728 1230 769 lem
1258 739 1417 768 novam
1446 725 1785 767 descendentem
1813 724 1868 766 de

1041 784 1155 826 coelo
1184 797 1209 825 a
1234 784 1348 833 Deo,
1376 785 1576 836 paratam
1602 783 1714 823 sicut
1740 795 1867 834 spon-

1041 854 1134 882 sam
1154 842 1353 882 ornatam
1371 840 1466 880 viro
1487 851 1578 880 suo.

1350 911 1559 961 Hymnus.

1171 977 1235 1018 lto
1256 989 1310 1018 ex
1330 975 1506 1028 Oly'mpi
1525 975 1689 1017 vertice

1196 1033 1360 1075 Summi
1379 1032 1578 1073 Parentis
1597 1031 1743 1081 Filius,

1151 1091 1242 1131 Ceu
1259 1094 1409 1131 monte
1429 1088 1632 1130 desectus
1651 1088 1763 1142 lapis

1145 1147 1307 1188 Terras
1327 1146 1369 1186 in
1390 1146 1500 1186 imas
1520 1144 1739 1196 decidens,

1145 1204 1314 1245 Domus
1334 1204 1548 1255 supernae,
1568 1206 1611 1243 et
1630 1202 1802 1252 infimae,

1143 1261 1388 1311 Utrumque
1408 1259 1546 1311 junxit
1566 1258 1782 1310 angulum.

1096 1334 1182 1375 Sed
1201 1333 1273 1374 illa
1294 1332 1422 1374 sedes
1442 1332 1638 1373 co'elitum

1107 1437 1112 1441 ἃ
1145 1391 1326 1443 Semper
1346 1389 1530 1431 resultat
1548 1388 1762 1438 laudibus,

1145 1448 1377 1498 Deumque
1396 1446 1579 1487 Trinum
1599 1450 1642 1487 et
1660 1445 1846 1487 Unicum

1146 1504 1245 1555 Jugi
1264 1505 1424 1544 canere
1444 1502 1674 1555 praedicat:

1146 1560 1215 1601 Illi
1235 1561 1441 1601 canentes
1461 1559 1676 1611 jungimur

1146 1617 1288 1658 Almae
1308 1616 1450 1657 Sienis
1470 1615 1625 1657 aemuli.

1096 1693 1204 1732 Haec
1223 1690 1397 1743 templa,
1417 1691 1515 1731 Rex
1535 1689 1791 1739 coelestium,

1146 1747 1288 1800 Imple
1306 1746 1495 1798 benigno
1515 1747 1691 1788 lumine:

1148 1805 1247 1845 Huc
1268 1816 1294 1845 o
1313 1805 1493 1855 rogatus
1513 1803 1681 1853 adveni,

1148 1860 1383 1913 Plebisque
1403 1865 1507 1901 vota
1527 1860 1712 1913 suscipe,

1148 1917 1206 1959 Et
1225 1922 1377 1959 nostra
1396 1916 1533 1958 corda
1551 1917 1705 1968 jugiter

1148 1973 1367 2015 Perfunde
1388 1973 1489 2014 coeli
1508 1973 1657 2025 gratia.

1097 2047 1183 2089 Hic
1202 2049 1438 2100 impetrent
1456 2046 1651 2088 fidelium

1148 2104 1296 2146 Voces
1316 2105 1559 2156 precesque
1579 2103 1829 2157 supplicum

1149 2162 1316 2202 Domus
1335 2160 1478 2202 beatae
1495 2164 1687 2211 munera,

1149 2218 1381 2270 Partisque
1401 2216 1528 2259 donis
1548 2216 1783 2268 gaudeant:

1151 2276 1306 2316 Donec
1326 2273 1459 2315 soluti
1480 2276 1667 2327 cerpore

1153 2331 1290 2374 Sedes
1308 2330 1463 2373 beatas
1481 2330 1703 2384 impleant.

1099 2406 1246 2447 Decus
1265 2404 1440 2446 Parenti
1459 2404 1655 2446 debitum

1151 2462 1216 2503 Sit
1234 2463 1552 2514 usquequaque
1571 2461 1811 2511 Altissimo,

1150 2518 1358 2570 Nateque
1376 2518 1521 2559 Patris
1542 2518 1681 2567 unico,

1151 2575 1208 2616 Et
1229 2574 1392 2627 inclyto
1412 2574 1644 2623 Paraclit0‚

1154 2631 1233 2673 Cui
1251 2630 1356 2680 laus,
1376 2632 1585 2684 potestas,
1608 2629 1747 2681 gleria

1151 2688 1335 2730 AEterna
1354 2688 1411 2729 sit
1429 2699 1510 2739 per
1529 2685 1701 2728 saecula.

1359 2744 1512 2786 Amen.
