2040 2976
182 219 229 253 28

235 312 358 352 Tunc
376 321 461 349 non
481 303 732 352 confundar,
751 304 774 327 ’⁸‘
794 314 891 342 cum
910 312 1004 352 per-

187 369 370 420 spexero
391 365 432 404 in
454 361 653 403 omnibus
673 357 888 400 mandatis
909 356 1005 397 tuis.

239 419 490 463 Confitebor
504 417 583 459 tibi
601 417 643 456 in
660 414 898 456 directiane
914 424 1005 452 cor-

188 479 268 520 dis:
287 479 310 502 *
329 477 371 517 in
398 487 450 516 eo
481 472 599 526 quod
625 470 757 513 didici
775 468 931 521 judicia
948 467 1006 518 ju-

188 533 315 575 stitiae
335 537 433 573 tuae.

237 589 260 629 J
263 587 574 629 ustificationes
592 589 689 624 tuas
708 579 965 622 cust6diam:
984 579 1007 603 *

187 657 274 685 non
294 656 363 684 me
384 641 659 691 derelinquas
682 637 1006 689 usquequaque.

238 701 289 740 In
337 710 422 750 quo
469 695 646 745 corrigit
690 690 1009 734 adolescentior

189 756 301 796 viam
330 751 473 794 suam?
494 752 578 792 *in
607 746 894 792 eustodiendo
923 758 1008 787 ser-

190 813 342 852 mones
361 814 470 850 tuos.

241 867 291 907 In
316 870 411 906 toto
440 863 572 904 eorde
597 873 695 902 meo
723 858 934 911 exquisivi
952 863 1010 898 te:

190 924 213 948 *
233 935 286 963 ne
306 920 490 973 repellas
509 931 578 959 me
598 931 622 958 a
640 915 855 956 mandatis
874 914 970 955 tuis.

242 978 292 1018 In
317 975 449 1017 corde
477 986 575 1015 meo
604 970 813 1013 abscendi
838 969 1011 1021 elaquia

192 1039 281 1075 tua:
300 1034 323 1058 ¹⁸¹
342 1037 389 1072 ut
408 1044 493 1071 non
514 1041 692 1082 peccem
711 1026 802 1068 tibi.

244 1086 505 1130 Benedictus
538 1098 584 1126 es
616 1083 818 1124 Domine:
850 1082 872 1107 *
902 1081 1012 1122 doce

192 1158 261 1186 me
281 1141 604 1195 justificatianes
627 1144 735 1180 tuas,

243 1201 294 1240 In
322 1198 446 1239 labiis
474 1196 599 1244 meis,
627 1195 650 1220 *
668 1193 945 1246 pronuntiavi
970 1194 1012 1232 ό-

192 1256 306 1296 mnia
325 1253 479 1305 judicia
499 1252 586 1292 oris
605 1251 677 1291 tui.

244 1312 293 1351 In
309 1310 377 1350 via
391 1307 736 1350 testimoniorum
751 1307 926 1346 tu6rum
942 1302 1012 1344 de-

193 1367 376 1408 lectatus
403 1377 518 1412 sum,
536 1363 559 1388 *
588 1362 699 1402 sicut
734 1361 777 1400 in
812 1358 1013 1401 Omnibus

194 1421 363 1463 divitiis.

245 1478 295 1518 In
313 1474 528 1516 mandatis
551 1473 636 1514 tuis
657 1471 910 1513 exercebor:
928 1471 951 1495 *
972 1475 1015 1511 et

196 1530 481 1574 considerabo
501 1529 593 1568 vias
611 1533 719 1569 tuas.

246 1589 296 1628 In
320 1583 693 1638 justificatit'mibus
719 1584 805 1624 tuis
836 1582 1014 1624 medita-

196 1643 291 1685 bor:
301 1644 324 1669 *
335 1655 421 1683 non
432 1640 663 1682 obliviscar
674 1642 896 1681 serm6nes
906 1644 1016 1680 tuos.

196 1751 446 1854 Retribue
472 1762 598 1792 servo
618 1755 713 1798 tuo,
738 1749 908 1790 vivifica
938 1762 1017 1790 me:

301 1809 325 1834 *
344 1813 387 1849 et
402 1805 645 1848 custodiam
662 1808 885 1846 sermenes
905 1811 1016 1847 tuos.

251 1863 415 1906 Revela
443 1861 593 1903 Oculos
621 1874 756 1902 meos:
775 1862 798 1887 *
819 1867 862 1902 et
881 1861 1017 1902 eonsi—

201 1919 364 1962 derabo
384 1917 595 1959 mirabilia
615 1916 668 1958 de
692 1917 787 1967 lege
806 1922 891 1958 tua.

252 1974 400 2016 Incola
428 1986 509 2024 ego
537 1986 633 2013 sum
662 1973 705 2012 in
732 1978 862 2014 terra:
886 1973 908 1998 *
933 1986 1019 2014 non

202 2029 445 2073 abscondas
466 2042 490 2069 a
507 2041 577 2069 me
595 2027 799 2069 mandata
818 2034 903 2070 tua.

256 2085 512 2137 Concupivit
545 2084 686 2124 anima
720 2097 818 2125 mea
854 2084 1019 2126 deside-

203 2145 299 2183 rare
318 2139 642 2192 justificationes
666 2145 777 2189 tuas,
796 2141 819 2165 *
838 2140 881 2180 in
905 2141 1021 2181 omni

203 2200 412 2250 tempore.

256 2252 493 2304 Increpasti
517 2252 745 2305 superbos:
763 2253 786 2277 *
804 2251 1022 2293 maledicti

207 2309 279 2361 qui
299 2307 515 2350 declinant
535 2321 559 2348 a
578 2307 792 2349 mandatis
811 2308 906 2348 tuis.

257 2363 392 2404 Aufer
412 2375 436 2403 a
454 2376 523 2404 me
545 2363 842 2415 opprabrium‚
862 2368 905 2404 et
925 2376 1022 2404 eon-

206 2421 432 2482 temptum:
468 2419 491 2443 *
529 2419 628 2470 quia
667 2419 914 2460 testimonia
949 2424 1024 2460 tua

207 2474 429 2526 exquisivi.

259 2529 429 2570 Etenim
466 2528 671 2570 sederunt
706 2530 944 2581 principes,
982 2535 1025 2571 et

207 2584 438 2625 adversum
466 2597 534 2624 me
562 2584 865 2635 loquebantur:
889 2586 912 2610 *
940 2598 1024 2626 ser-

208 2653 287 2680 vus
310 2644 453 2680 autem
478 2644 578 2680 tuus
602 2640 883 2681 exercebatur
906 2641 948 2680 in
969 2642 1024 2691 ju-

209 2694 539 2736 stificationibus
558 2695 655 2736 tuis.

713 217 750 249 In
780 214 899 248 feriali
927 212 1062 245 ‹mim›
1089 210 1136 243 ad
1163 208 1337 241 Primam.

1108 297 1222 338 Nam
1242 299 1285 336 et
1302 291 1553 335 testimania
1567 295 1643 331 tua
1656 287 1886 329 meditatio

1057 366 1154 394 mea
1182 356 1262 393 est:
1280 351 1303 375 *
1323 354 1367 391 et
1397 346 1626 389 consilium
1653 357 1801 386 meum
1827 343 1886 395 ju-

1059 407 1342 450 stificati6nes
1361 410 1461 446 tuae.

1110 462 1311 505 Adhaesit
1333 460 1584 514 pavimento
1610 457 1754 498 anima
1775 467 1888 497 mea:

1058 521 1082 546 *
1114 519 1286 560 vivifiea
1322 530 1392 558 me
1429 513 1672 557 secundum
1704 511 1889 554 verbum

1059 582 1192 617 tuum.

1112 632 1219 672 Vias
1250 642 1370 671 meas
1407 626 1644 674 enuntiavi,
1684 630 1728 667 et
1761 633 1889 666 exau-

1061 688 1164 730 disti
1182 700 1266 728 me:
1289 687 1312 712 *
1333 685 1445 727 doce
1463 696 1534 724 me
1559 681 1890 734 justificationes

1060 751 1169 787 tuas.

1112 801 1242 842 Viam
1262 797 1619 850 justificati6num
1636 796 1813 836 tuarum
1830 795 1891 834 in-

1062 862 1181 898 strue
1196 869 1281 897 me:
1295 856 1319 880 *
1335 859 1378 896 et
1398 851 1638 895 exercebor
1657 850 1701 891 in
1718 849 1891 891 mirabi-

1062 913 1175 955 libus
1195 912 1291 953 tuis.

1115 967 1380 1009 Dormitavit
1408 966 1552 1006 anima
1579 977 1678 1005 mea
1704 976 1799 1016 prae
1817 965 1893 1005 tae-

1064 1026 1151 1067 dio:
1170 1026 1193 1050 *
1213 1024 1425 1065 confirma
1443 1034 1514 1063 me
1533 1021 1577 1062 in
1595 1019 1743 1062 verbis
1761 1019 1859 1061 tuis.

1115 1082 1245 1123 Viam
1270 1078 1511 1131 iniquitatis
1537 1079 1694 1118 amove
1719 1089 1745 1117 a
1766 1088 1852 1117 me:
1870 1075 1894 1101 *

1065 1142 1108 1179 et
1129 1137 1183 1178 de
1202 1137 1298 1186 lege
1317 1141 1393 1177 tua
1411 1135 1620 1175 miserere
1638 1132 1735 1174 mei.

1116 1194 1246 1235 Viam
1283 1191 1479 1233 veritatis
1517 1190 1643 1240 elegi:
1674 1189 1698 1215 *
1736 1187 1896 1240 judicia

1065 1255 1139 1291 tua
1159 1262 1247 1290 non
1268 1261 1364 1289 sum
1384 1246 1558 1288 oblitus.

1116 1304 1299 1346 Adhaesi
1317 1302 1578 1345 testimt'miis
1592 1301 1679 1343 tuis
1693 1300 1897 1342 Domine:

1065 1363 1088 1387 *
1108 1361 1197 1402 noli
1217 1373 1286 1401 me
1307 1358 1588 1401 confundere.

1117 1417 1247 1459 Viam
1277 1415 1587 1457 mandat6rum
1618 1416 1797 1455 tuarum
1826 1425 1898 1454 cu-

1067 1473 1192 1522 curri,
1210 1474 1233 1498 *
1254 1485 1353 1514 eum
1372 1471 1566 1513 dilatasti
1584 1483 1661 1512 eor
1679 1482 1838 1511 meum.

1119 1547 1202 1587 Per
1223 1548 1406 1586 Annum.
1436 1547 1534 1585 Ant.
1569 1543 1698 1584 Beati
1717 1542 1792 1595 qui
1811 1543 1898 1582 am-

1067 1603 1219 1644 bulant
1237 1602 1279 1642 in
1299 1602 1396 1652 lege
1415 1606 1492 1642 tua
1509 1599 1711 1642 D6mine.

1172 1697 1430 1747 Capitulum.
1556 1696 1685 1737 Zaeh.
1701 1698 1737 1736 8.
1754 1696 1793 1737 d.

1152 1783 1274 1811 acem
1301 1774 1344 1811 et
1367 1769 1599 1810 veritatem
1623 1767 1810 1817 diligite,
1839 1765 1900 1807 ait

1167 1827 1382 1867 Deminus
1406 1827 1697 1877 omnipotens.
1730 1825 1780 1876 R.
1802 1822 1900 1863 Deo

1070 1883 1242 1933 gratias.

1124 1960 1169 2010 Rg.
1199 1959 1259 1998 br.
1308 1954 1479 1996 Christe
1510 1952 1595 1994 Fili
1627 1953 1712 1994 Dei
1744 1951 1849 2001 vivi,
1875 1955 1898 1979 *

1070 2012 1279 2053 Miserere
1294 2010 1432 2052 nobis.
1458 2013 1513 2052 Et
1533 2011 1759 2063 repetitur:
1783 2007 1901 2050 Chri-

1072 2073 1138 2109 ste
1165 2067 1246 2108 Fili
1272 2067 1356 2108 Dei
1384 2066 1491 2115 vivi,
1524 2066 1734 2107 miserere
1762 2063 1902 2105 nobis.

1073 2121 1119 2171 Y.
1148 2123 1231 2173 Qui
1257 2122 1384 2164 sedes
1411 2121 1467 2163 ad
1495 2121 1722 2164 dexteram
1746 2119 1902 2161 Patris.

1077 2183 1121 2233 lxssa
1137 2179 1345 2220 Miserere
1363 2178 1501 2220 nobis.
1526 2174 1576 2226 V.
1601 2177 1754 2219 Gldria
1770 2175 1902 2224 Patri,

1075 2240 1117 2276 et
1134 2235 1258 2284 Filio,
1275 2240 1318 2276 et
1332 2234 1512 2287 Spiritui
1528 2238 1693 2275 sancto.
1715 2238 1765 2288 R.
1784 2231 1902 2274 Chri-

1075 2296 1140 2332 ste
1160 2291 1240 2331 Fili
1259 2291 1343 2332 Dei
1362 2291 1466 2340 vivi,
1486 2291 1694 2332 miserere
1712 2288 1851 2330 nobis.

1127 2363 1172 2413 X'.
1204 2365 1402 2414 Exsurge
1424 2363 1610 2412 Christe,
1632 2361 1790 2414 adjuva
1811 2373 1904 2402 nos.

1075 2420 1217 2515 {xixugt
1251 2419 1388 2461 libera
1421 2431 1502 2460 nos
1533 2423 1718 2471 propter
1743 2429 1905 2481 nomen

1175 2573 1265 2624 yrie
1299 2573 1475 2614 eleison.
1521 2572 1695 2615 Christe
1728 2571 1904 2614 eleison.

1200 2630 1328 2680 Kyrie
1349 2628 1523 2670 eleison.

1140 2700 1259 2738 Pater
1278 2702 1438 2739 noster.
1458 2706 1639 2740 secreto.
