<?xml version="1.0" encoding="UTF-8"?>
<!DOCTYPE html PUBLIC "-//W3C//DTD XHTML 1.0 Transitional//EN"
    "http://www.w3.org/TR/xhtml1/DTD/xhtml1-transitional.dtd">
<html xmlns="http://www.w3.org/1999/xhtml" xml:lang="en" lang="en">
 <head>
  <title>
</title>
<meta http-equiv="Content-Type" content="text/html;charset=utf-8" />
  <meta name='ocr-system' content='tesseract 3.04.00' />
  <meta name='ocr-capabilities' content='ocr_page ocr_carea ocr_par ocr_line ocrx_word'/>
</head>
<body>
  <div class='ocr_page' id='page_1' title='image "./p3breviariumroma00cathuoft_0555.png"; bbox 0 0 2040 2976; ppageno 0'>
   <div class='ocr_carea' id='block_1_1' title="bbox 489 214 762 255">
    <p class='ocr_par' dir='ltr' id='par_1_1' title="bbox 489 214 762 255">
     <span class='ocr_line' id='line_1_1' title="bbox 489 214 762 255; baseline -0.004 -7"><span class='ocrx_word' id='word_1_1' title='bbox 489 214 561 248; x_wconf 90' lang='lat' dir='ltr'>Die</span> <span class='ocrx_word' id='word_1_2' title='bbox 589 214 640 247; x_wconf 66' lang='lat' dir='ltr'>is.</span> <span class='ocrx_word' id='word_1_3' title='bbox 665 214 762 255; x_wconf 76' lang='lat' dir='ltr'>Aug.</span> 
     </span>
    </p>
   </div>
   <div class='ocr_carea' id='block_1_2' title="bbox 140 310 965 478">
    <p class='ocr_par' dir='ltr' id='par_1_2' title="bbox 140 310 965 478">
     <span class='ocr_line' id='line_1_2' title="bbox 442 310 669 351; baseline -0.009 0"><span class='ocrx_word' id='word_1_4' title='bbox 442 311 593 351; x_wconf 78' lang='lat' dir='ltr'>Lectio</span> <span class='ocrx_word' id='word_1_5' title='bbox 615 310 669 350; x_wconf 90' lang='lat' dir='ltr'>iii.</span> 
     </span>
     <span class='ocr_line' id='line_1_3' title="bbox 140 373 965 478; baseline -0.006 -54"><span class='ocrx_word' id='word_1_6' title='bbox 140 373 336 478; x_wconf 85' lang='lat' dir='ltr'>Favus</span> <span class='ocrx_word' id='word_1_7' title='bbox 361 382 575 423; x_wconf 83' lang='lat' dir='ltr'>distillans</span> <span class='ocrx_word' id='word_1_8' title='bbox 603 379 718 421; x_wconf 90' lang='lat' dir='ltr'>labia</span> <span class='ocrx_word' id='word_1_9' title='bbox 737 383 812 420; x_wconf 90' lang='lat' dir='ltr'>tua</span> <span class='ocrx_word' id='word_1_10' title='bbox 837 391 965 431; x_wconf 92' lang='lat' dir='ltr'>spon-</span> 
     </span>
    </p>
   </div>
   <div class='ocr_carea' id='block_1_3' title="bbox 137 436 968 934">
    <p class='ocr_par' dir='ltr' id='par_1_3' title="bbox 137 436 967 934">
     <span class='ocr_line' id='line_1_4' title="bbox 228 436 966 490; baseline -0.005 -10"><span class='ocrx_word' id='word_1_11' title='bbox 228 452 294 490; x_wconf 87' lang='lat' dir='ltr'>sa,</span> <span class='ocrx_word' id='word_1_12' title='bbox 321 439 409 480; x_wconf 92' lang='lat' dir='ltr'>mel</span> <span class='ocrx_word' id='word_1_13' title='bbox 434 443 477 480; x_wconf 93' lang='lat' dir='ltr'>et</span> <span class='ocrx_word' id='word_1_14' title='bbox 499 438 568 479; x_wconf 95' lang='grc'>130</span> <span class='ocrx_word' id='word_1_15' title='bbox 595 436 676 479; x_wconf 93' lang='lat' dir='ltr'>sub</span> <span class='ocrx_word' id='word_1_16' title='bbox 703 436 850 488; x_wconf 83' lang='lat' dir='ltr'>h&#39;ngua</span> <span class='ocrx_word' id='word_1_17' title='bbox 874 440 966 477; x_wconf 90' lang='lat' dir='ltr'>tua:</span> 
     </span>
     <span class='ocr_line' id='line_1_5' title="bbox 138 494 967 538; baseline -0.006 0"><span class='ocrx_word' id='word_1_18' title='bbox 138 501 182 538; x_wconf 91' lang='lat' dir='ltr'>et</span> <span class='ocrx_word' id='word_1_19' title='bbox 226 495 338 538; x_wconf 93' lang='lat' dir='ltr'>odor</span> <span class='ocrx_word' id='word_1_20' title='bbox 382 495 745 537; x_wconf 80' lang='lat' dir='ltr'>vestimentorum</span> <span class='ocrx_word' id='word_1_21' title='bbox 791 494 967 534; x_wconf 85' lang='lat' dir='ltr'>tuorum</span> 
     </span>
     <span class='ocr_line' id='line_1_6' title="bbox 138 548 966 594; baseline -0.006 0"><span class='ocrx_word' id='word_1_22' title='bbox 138 553 250 594; x_wconf 91' lang='lat' dir='ltr'>sicut</span> <span class='ocrx_word' id='word_1_23' title='bbox 274 551 387 594; x_wconf 94' lang='lat' dir='ltr'>odor</span> <span class='ocrx_word' id='word_1_24' title='bbox 412 551 561 593; x_wconf 89' lang='lat' dir='ltr'>thuris.</span> <span class='ocrx_word' id='word_1_25' title='bbox 598 551 767 592; x_wconf 82' lang='lat' dir='ltr'>Hortus</span> <span class='ocrx_word' id='word_1_26' title='bbox 792 548 966 590; x_wconf 81' lang='grc'><strong>00110111-</strong></span> 
     </span>
     <span class='ocr_line' id='line_1_7' title="bbox 138 606 966 660; baseline -0.006 -10"><span class='ocrx_word' id='word_1_27' title='bbox 138 622 211 650; x_wconf 92' lang='lat' dir='ltr'>sus</span> <span class='ocrx_word' id='word_1_28' title='bbox 232 621 359 651; x_wconf 92' lang='lat' dir='ltr'>soror</span> <span class='ocrx_word' id='word_1_29' title='bbox 377 621 476 649; x_wconf 90' lang='lat' dir='ltr'>mea</span> <span class='ocrx_word' id='word_1_30' title='bbox 496 619 670 660; x_wconf 89' lang='lat' dir='ltr'>sponsa,</span> <span class='ocrx_word' id='word_1_31' title='bbox 691 606 846 648; x_wconf 89' lang='lat' dir='ltr'>hortus</span> <span class='ocrx_word' id='word_1_32' title='bbox 867 618 966 646; x_wconf 90' lang='lat' dir='ltr'>con-</span> 
     </span>
     <span class='ocr_line' id='line_1_8' title="bbox 138 662 967 715; baseline -0.006 -8"><span class='ocrx_word' id='word_1_33' title='bbox 138 666 303 715; x_wconf 82' lang='grc'><strong>01115115,</strong></span> <span class='ocrx_word' id='word_1_34' title='bbox 329 665 427 707; x_wconf 92' lang='lat' dir='ltr'>fons</span> <span class='ocrx_word' id='word_1_35' title='bbox 454 664 660 715; x_wconf 83' lang='lat' dir='ltr'>signatus.</span> <span class='ocrx_word' id='word_1_36' title='bbox 696 662 967 703; x_wconf 71' lang='lat' dir='ltr'>EmissiOnes</span> 
     </span>
     <span class='ocr_line' id='line_1_9' title="bbox 137 719 966 775; baseline -0.006 -11"><span class='ocrx_word' id='word_1_37' title='bbox 137 727 226 764; x_wconf 89' lang='lat' dir='ltr'>tuae</span> <span class='ocrx_word' id='word_1_38' title='bbox 266 720 498 775; x_wconf 85' lang='lat' dir='ltr'>paradisus</span> <span class='ocrx_word' id='word_1_39' title='bbox 538 720 755 761; x_wconf 84' lang='lat' dir='ltr'>malorum</span> <span class='ocrx_word' id='word_1_40' title='bbox 788 719 966 772; x_wconf 83' lang='lat' dir='ltr'>punico-</span> 
     </span>
     <span class='ocr_line' id='line_1_10' title="bbox 138 775 966 830; baseline -0.005 -10"><span class='ocrx_word' id='word_1_41' title='bbox 138 792 235 820; x_wconf 91' lang='lat' dir='ltr'>rum</span> <span class='ocrx_word' id='word_1_42' title='bbox 256 791 356 820; x_wconf 94' lang='lat' dir='ltr'>cum</span> <span class='ocrx_word' id='word_1_43' title='bbox 373 779 609 830; x_wconf 83' lang='lat' dir='ltr'>pomorum</span> <span class='ocrx_word' id='word_1_44' title='bbox 627 775 853 818; x_wconf 79' lang='lat' dir='ltr'>fructibus.</span> <span class='ocrx_word' id='word_1_45' title='bbox 887 776 966 827; x_wconf 89' lang='lat' dir='ltr'>Cy-</span> 
     </span>
     <span class='ocr_line' id='line_1_11' title="bbox 137 833 967 889; baseline -0.004 -12"><span class='ocrx_word' id='word_1_46' title='bbox 137 836 207 889; x_wconf 93' lang='lat' dir='ltr'>pri</span> <span class='ocrx_word' id='word_1_47' title='bbox 232 848 331 877; x_wconf 90' lang='lat' dir='ltr'>cum</span> <span class='ocrx_word' id='word_1_48' title='bbox 354 834 514 885; x_wconf 90' lang='lat' dir='ltr'>nardo,</span> <span class='ocrx_word' id='word_1_49' title='bbox 542 833 706 876; x_wconf 90' lang='lat' dir='ltr'>nardus</span> <span class='ocrx_word' id='word_1_50' title='bbox 733 838 776 875; x_wconf 90' lang='lat' dir='ltr'>et</span> <span class='ocrx_word' id='word_1_51' title='bbox 801 845 967 882; x_wconf 82' lang='grc'><strong>0100115,</strong></span> 
     </span>
     <span class='ocr_line' id='line_1_12' title="bbox 137 889 968 934; baseline -0.002 -2"><span class='ocrx_word' id='word_1_52' title='bbox 137 891 285 934; x_wconf 87' lang='lat' dir='ltr'>fistula</span> <span class='ocrx_word' id='word_1_53' title='bbox 318 897 362 933; x_wconf 90' lang='lat' dir='ltr'>et</span> <span class='ocrx_word' id='word_1_54' title='bbox 395 892 717 933; x_wconf 84' lang='lat' dir='ltr'>cinnamomum</span> <span class='ocrx_word' id='word_1_55' title='bbox 750 903 848 931; x_wconf 91' lang='lat' dir='ltr'>cum</span> <span class='ocrx_word' id='word_1_56' title='bbox 878 889 968 930; x_wconf 91' lang='lat' dir='ltr'>uni-</span> 
     </span>
    </p>
   </div>
   <div class='ocr_carea' id='block_1_4' title="bbox 137 946 969 1053">
    <p class='ocr_par' dir='ltr' id='par_1_4' title="bbox 137 946 969 1053">
     <span class='ocr_line' id='line_1_13' title="bbox 137 946 969 1007; baseline -0.004 -17"><span class='ocrx_word' id='word_1_57' title='bbox 137 948 276 990; x_wconf 88' lang='lat' dir='ltr'>versis</span> <span class='ocrx_word' id='word_1_58' title='bbox 318 948 447 999; x_wconf 86' lang='lat' dir='ltr'>lignis</span> <span class='ocrx_word' id='word_1_59' title='bbox 487 948 661 998; x_wconf 89' lang='lat' dir='ltr'>Libani,</span> <span class='ocrx_word' id='word_1_60' title='bbox 706 946 884 1007; x_wconf 84' lang='lat' dir='ltr'>myrrha</span> <span class='ocrx_word' id='word_1_61' title='bbox 925 951 969 987; x_wconf 91' lang='lat' dir='ltr'>et</span> 
     </span>
     <span class='ocr_line' id='line_1_14' title="bbox 139 1000 968 1053; baseline -0.004 -11"><span class='ocrx_word' id='word_1_62' title='bbox 139 1000 237 1042; x_wconf 76' lang='lat' dir='ltr'>aloe</span> <span class='ocrx_word' id='word_1_63' title='bbox 257 1014 355 1042; x_wconf 93' lang='lat' dir='ltr'>cum</span> <span class='ocrx_word' id='word_1_64' title='bbox 380 1001 581 1042; x_wconf 82' lang='lat' dir='ltr'>omnibus</span> <span class='ocrx_word' id='word_1_65' title='bbox 601 1000 754 1053; x_wconf 91' lang='lat' dir='ltr'>primis</span> <span class='ocrx_word' id='word_1_66' title='bbox 777 1000 968 1050; x_wconf 84' lang='lat' dir='ltr'>unguen-</span> 
     </span>
    </p>
   </div>
   <div class='ocr_carea' id='block_1_5' title="bbox 138 1057 968 1110">
    <p class='ocr_par' dir='ltr' id='par_1_5' title="bbox 138 1057 968 1110">
     <span class='ocr_line' id='line_1_15' title="bbox 138 1057 968 1110; baseline -0.002 -12"><span class='ocrx_word' id='word_1_67' title='bbox 138 1057 206 1098; x_wconf 87' lang='lat' dir='ltr'>tis.</span> <span class='ocrx_word' id='word_1_68' title='bbox 239 1058 357 1099; x_wconf 93' lang='lat' dir='ltr'>Fons</span> <span class='ocrx_word' id='word_1_69' title='bbox 379 1057 811 1110; x_wconf 80' lang='lat' dir='ltr'>hortorumzp1&#39;1teus</span> <span class='ocrx_word' id='word_1_70' title='bbox 836 1057 968 1108; x_wconf 91' lang='lat' dir='ltr'>aqua-</span> 
     </span>
    </p>
   </div>
   <div class='ocr_carea' id='block_1_6' title="bbox 138 1114 969 1213">
    <p class='ocr_par' dir='ltr' id='par_1_6' title="bbox 138 1114 969 1213">
     <span class='ocr_line' id='line_1_16' title="bbox 138 1114 969 1166; baseline -0.002 -11"><span class='ocrx_word' id='word_1_71' title='bbox 138 1127 235 1156; x_wconf 91' lang='lat' dir='ltr'>rum</span> <span class='ocrx_word' id='word_1_72' title='bbox 251 1114 502 1164; x_wconf 89' lang='lat' dir='ltr'>viventium,</span> <span class='ocrx_word' id='word_1_73' title='bbox 524 1127 622 1166; x_wconf 87' lang='lat' dir='ltr'>quae</span> <span class='ocrx_word' id='word_1_74' title='bbox 643 1114 783 1155; x_wconf 88' lang='lat' dir='ltr'>fluunt</span> <span class='ocrx_word' id='word_1_75' title='bbox 801 1115 969 1165; x_wconf 89' lang='lat' dir='ltr'>impetu</span> 
     </span>
     <span class='ocr_line' id='line_1_17' title="bbox 140 1170 396 1213; baseline -0.004 0"><span class='ocrx_word' id='word_1_76' title='bbox 140 1170 194 1213; x_wconf 92' lang='lat' dir='ltr'>de</span> <span class='ocrx_word' id='word_1_77' title='bbox 214 1170 396 1213; x_wconf 90' lang='lat' dir='ltr'>Libano.</span> 
     </span>
    </p>
   </div>
   <div class='ocr_carea' id='block_1_7' title="bbox 191 1241 698 1294">
    <p class='ocr_par' dir='ltr' id='par_1_7' title="bbox 191 1241 698 1294">
     <span class='ocr_line' id='line_1_18' title="bbox 191 1241 698 1294; baseline -0.002 -12"><span class='ocrx_word' id='word_1_78' title='bbox 191 1243 241 1294; x_wconf 71' lang='lat' dir='ltr'>R.</span> <span class='ocrx_word' id='word_1_79' title='bbox 268 1241 377 1291; x_wconf 91' lang='lat' dir='ltr'>Quae</span> <span class='ocrx_word' id='word_1_80' title='bbox 397 1245 464 1282; x_wconf 90' lang='lat' dir='ltr'>est</span> <span class='ocrx_word' id='word_1_81' title='bbox 483 1241 579 1282; x_wconf 90' lang='lat' dir='ltr'>ista.</span> <span class='ocrx_word' id='word_1_82' title='bbox 605 1241 698 1282; x_wconf 86' lang='lat'>510.</span> 
     </span>
    </p>
   </div>
   <div class='ocr_carea' id='block_1_8' title="bbox 370 1344 735 1384">
    <p class='ocr_par' dir='ltr' id='par_1_8' title="bbox 370 1344 735 1384">
     <span class='ocr_line' id='line_1_19' title="bbox 370 1344 735 1384; baseline -0.005 0"><span class='ocrx_word' id='word_1_83' title='bbox 370 1346 419 1384; x_wconf 90' lang='lat' dir='ltr'>In</span> <span class='ocrx_word' id='word_1_84' title='bbox 438 1346 490 1384; x_wconf 92' lang='lat'>11.</span> <span class='ocrx_word' id='word_1_85' title='bbox 512 1344 735 1384; x_wconf 76' lang='lat' dir='ltr'>Nocturno.</span> 
     </span>
    </p>
   </div>
   <div class='ocr_carea' id='block_1_9' title="bbox 229 1422 880 1522">
    <p class='ocr_par' dir='ltr' id='par_1_9' title="bbox 229 1422 880 1522">
     <span class='ocr_line' id='line_1_20' title="bbox 229 1422 880 1465; baseline -0.003 0"><span class='ocrx_word' id='word_1_86' title='bbox 229 1423 295 1465; x_wconf 87' lang='lat' dir='ltr'>De</span> <span class='ocrx_word' id='word_1_87' title='bbox 313 1423 522 1465; x_wconf 85' lang='lat' dir='ltr'>Sermone</span> <span class='ocrx_word' id='word_1_88' title='bbox 542 1423 682 1464; x_wconf 89' lang='lat' dir='ltr'>sancti</span> <span class='ocrx_word' id='word_1_89' title='bbox 701 1423 726 1463; x_wconf 87' lang='lat' dir='ltr'>J</span> <span class='ocrx_word' id='word_1_90' title='bbox 728 1422 880 1464; x_wconf 89' lang='lat' dir='ltr'>oannis</span> 
     </span>
     <span class='ocr_line' id='line_1_21' title="bbox 416 1479 690 1522; baseline 0 -2"><span class='ocrx_word' id='word_1_91' title='bbox 416 1479 690 1522; x_wconf 90' lang='lat' dir='ltr'>Damasceni.</span> 
     </span>
    </p>
   </div>
   <div class='ocr_carea' id='block_1_10' title="bbox 198 1553 911 1639">
    <p class='ocr_par' dir='ltr' id='par_1_10' title="bbox 198 1553 911 1639">
     <span class='ocr_line' id='line_1_22' title="bbox 198 1553 911 1597; baseline -0.006 -6"><span class='ocrx_word' id='word_1_92' title='bbox 198 1555 300 1591; x_wconf 87' lang='lat' dir='ltr'>Orat.</span> <span class='ocrx_word' id='word_1_93' title='bbox 323 1556 354 1591; x_wconf 82' lang='lat'>2.</span> <span class='ocrx_word' id='word_1_94' title='bbox 379 1556 426 1591; x_wconf 90' lang='lat' dir='ltr'>de</span> <span class='ocrx_word' id='word_1_95' title='bbox 451 1555 693 1590; x_wconf 89' lang='lat' dir='ltr'>Dormitione</span> <span class='ocrx_word' id='word_1_96' title='bbox 717 1553 911 1597; x_wconf 82' lang='lat' dir='ltr'>Dciparae,</span> 
     </span>
     <span class='ocr_line' id='line_1_23' title="bbox 442 1604 663 1639; baseline -0.009 0"><span class='ocrx_word' id='word_1_97' title='bbox 442 1605 514 1639; x_wconf 89' lang='lat' dir='ltr'>sub</span> <span class='ocrx_word' id='word_1_98' title='bbox 540 1604 663 1638; x_wconf 89' lang='lat' dir='ltr'>finem.</span> 
     </span>
    </p>
   </div>
   <div class='ocr_carea' id='block_1_11' title="bbox 139 1669 972 2793">
    <p class='ocr_par' dir='ltr' id='par_1_11' title="bbox 439 1669 666 1711">
     <span class='ocr_line' id='line_1_24' title="bbox 439 1669 666 1711; baseline -0.018 0"><span class='ocrx_word' id='word_1_99' title='bbox 439 1669 592 1711; x_wconf 83' lang='lat' dir='ltr'>Lectio</span> <span class='ocrx_word' id='word_1_100' title='bbox 612 1669 666 1708; x_wconf 83' lang='lat' dir='ltr'>iv.</span> 
     </span>
    </p>

    <p class='ocr_par' dir='ltr' id='par_1_12' title="bbox 139 1732 972 2793">
     <span class='ocr_line' id='line_1_25' title="bbox 254 1732 967 1785; baseline 0.001 -11.905"><span class='ocrx_word' id='word_1_101' title='bbox 254 1747 283 1773; x_wconf 85' lang='lat' dir='ltr'><strong>x</strong></span> <span class='ocrx_word' id='word_1_102' title='bbox 301 1735 480 1785; x_wconf 90' lang='lat' dir='ltr'>antiqua</span> <span class='ocrx_word' id='word_1_103' title='bbox 499 1733 750 1785; x_wconf 89' lang='lat' dir='ltr'>accepimus</span> <span class='ocrx_word' id='word_1_104' title='bbox 771 1732 967 1774; x_wconf 83' lang='lat' dir='ltr'>traditio-</span> 
     </span>
     <span class='ocr_line' id='line_1_26' title="bbox 147 1785 968 1849; baseline -0.001 -18"><span class='ocrx_word' id='word_1_105' title='bbox 147 1834 153 1842; x_wconf 26' lang='lat'>,</span> <span class='ocrx_word' id='word_1_106' title='bbox 178 1785 249 1849; x_wconf 40' lang='lat'>{3³²5</span> <span class='ocrx_word' id='word_1_107' title='bbox 271 1802 344 1839; x_wconf 88' lang='lat' dir='ltr'>ne,</span> <span class='ocrx_word' id='word_1_108' title='bbox 378 1789 499 1841; x_wconf 91' lang='lat' dir='ltr'>quod</span> <span class='ocrx_word' id='word_1_109' title='bbox 531 1791 733 1842; x_wconf 91' lang='lat' dir='ltr'>tempore</span> <span class='ocrx_word' id='word_1_110' title='bbox 761 1789 968 1840; x_wconf 83' lang='lat' dir='ltr'>gloriosae</span> 
     </span>
     <span class='ocr_line' id='line_1_27' title="bbox 161 1845 969 1897; baseline -0.001 -10"><span class='ocrx_word' id='word_1_111' title='bbox 161 1845 249 1870; x_wconf 53' lang='lat'>7³³2*</span> <span class='ocrx_word' id='word_1_112' title='bbox 272 1845 548 1888; x_wconf 84' lang='lat' dir='ltr'>dormitionis</span> <span class='ocrx_word' id='word_1_113' title='bbox 586 1846 731 1888; x_wconf 87' lang='lat' dir='ltr'>beatae</span> <span class='ocrx_word' id='word_1_114' title='bbox 762 1846 969 1897; x_wconf 85' lang='lat' dir='ltr'>Virginis,</span> 
     </span>
     <span class='ocr_line' id='line_1_28' title="bbox 139 1902 969 1956; baseline 0.001 -13"><span class='ocrx_word' id='word_1_115' title='bbox 139 1902 333 1944; x_wconf 90' lang='lat' dir='ltr'>universi</span> <span class='ocrx_word' id='word_1_116' title='bbox 365 1903 542 1955; x_wconf 91' lang='lat' dir='ltr'>quidem</span> <span class='ocrx_word' id='word_1_117' title='bbox 575 1903 715 1945; x_wconf 88' lang='lat' dir='ltr'>sancti</span> <span class='ocrx_word' id='word_1_118' title='bbox 746 1903 969 1956; x_wconf 83' lang='lat' dir='ltr'>Apostoli,</span> 
     </span>
     <span class='ocr_line' id='line_1_29' title="bbox 142 1959 969 2012; baseline 0.001 -11"><span class='ocrx_word' id='word_1_119' title='bbox 142 1960 216 2012; x_wconf 90' lang='lat' dir='ltr'>qui</span> <span class='ocrx_word' id='word_1_120' title='bbox 241 1959 396 2002; x_wconf 88' lang='lat' dir='ltr'>orbem</span> <span class='ocrx_word' id='word_1_121' title='bbox 417 1965 548 2002; x_wconf 87' lang='lat' dir='ltr'>terrae</span> <span class='ocrx_word' id='word_1_122' title='bbox 572 1960 630 2002; x_wconf 88' lang='lat' dir='ltr'>ad</span> <span class='ocrx_word' id='word_1_123' title='bbox 649 1960 837 2002; x_wconf 82' lang='lat' dir='ltr'>salutem</span> <span class='ocrx_word' id='word_1_124' title='bbox 856 1961 969 2002; x_wconf 91' lang='lat' dir='ltr'>Gen-</span> 
     </span>
     <span class='ocr_line' id='line_1_30' title="bbox 139 2015 969 2069; baseline 0.001 -12"><span class='ocrx_word' id='word_1_125' title='bbox 139 2015 249 2057; x_wconf 89' lang='lat' dir='ltr'>tium</span> <span class='ocrx_word' id='word_1_126' title='bbox 274 2016 583 2069; x_wconf 74' lang='lat' dir='ltr'>peragrabant,</span> <span class='ocrx_word' id='word_1_127' title='bbox 611 2018 835 2058; x_wconf 92' lang='lat' dir='ltr'>momento</span> <span class='ocrx_word' id='word_1_128' title='bbox 864 2018 969 2058; x_wconf 88' lang='lat' dir='ltr'>tem-</span> 
     </span>
     <span class='ocr_line' id='line_1_31' title="bbox 141 2072 971 2124; baseline 0.004 -12"><span class='ocrx_word' id='word_1_129' title='bbox 141 2072 262 2124; x_wconf 85' lang='lat' dir='ltr'>poris</span> <span class='ocrx_word' id='word_1_130' title='bbox 276 2072 321 2113; x_wconf 94' lang='lat' dir='ltr'>in</span> <span class='ocrx_word' id='word_1_131' title='bbox 337 2072 523 2114; x_wconf 89' lang='lat' dir='ltr'>sublime</span> <span class='ocrx_word' id='word_1_132' title='bbox 539 2072 651 2123; x_wconf 89' lang='lat' dir='ltr'>elati,</span> <span class='ocrx_word' id='word_1_133' title='bbox 672 2075 971 2116; x_wconf 85' lang='lat' dir='ltr'>convenerunt</span> 
     </span>
     <span class='ocr_line' id='line_1_32' title="bbox 140 2128 970 2182; baseline 0.004 -13"><span class='ocrx_word' id='word_1_134' title='bbox 140 2128 442 2181; x_wconf 81' lang='lat' dir='ltr'>Jerosolymis:</span> <span class='ocrx_word' id='word_1_135' title='bbox 474 2142 662 2182; x_wconf 91' lang='lat' dir='ltr'>cumque</span> <span class='ocrx_word' id='word_1_136' title='bbox 692 2130 781 2172; x_wconf 91' lang='grc'><strong>11110</strong></span> <span class='ocrx_word' id='word_1_137' title='bbox 812 2135 970 2180; x_wconf 85' lang='lat' dir='ltr'>essent,</span> 
     </span>
     <span class='ocr_line' id='line_1_33' title="bbox 143 2185 969 2239; baseline 0.004 -14"><span class='ocrx_word' id='word_1_138' title='bbox 143 2185 204 2226; x_wconf 87' lang='grc'>015</span> <span class='ocrx_word' id='word_1_139' title='bbox 228 2185 339 2226; x_wconf 87' lang='lat' dir='ltr'>visio</span> <span class='ocrx_word' id='word_1_140' title='bbox 365 2186 572 2239; x_wconf 88' lang='lat' dir='ltr'>apparuit</span> <span class='ocrx_word' id='word_1_141' title='bbox 595 2186 807 2238; x_wconf 87' lang='lat' dir='ltr'>angelica,</span> <span class='ocrx_word' id='word_1_142' title='bbox 834 2192 879 2228; x_wconf 85' lang='lat' dir='ltr'>et</span> <span class='ocrx_word' id='word_1_143' title='bbox 898 2201 969 2229; x_wconf 90' lang='lat' dir='ltr'>au-</span> 
     </span>
     <span class='ocr_line' id='line_1_34' title="bbox 143 2241 970 2295; baseline 0.005 -13"><span class='ocrx_word' id='word_1_144' title='bbox 143 2241 235 2283; x_wconf 89' lang='lat' dir='ltr'>dita</span> <span class='ocrx_word' id='word_1_145' title='bbox 259 2247 326 2283; x_wconf 90' lang='grc'>051</span> <span class='ocrx_word' id='word_1_146' title='bbox 350 2242 598 2295; x_wconf 84' lang='lat' dir='ltr'>psalmodia</span> <span class='ocrx_word' id='word_1_147' title='bbox 623 2244 868 2286; x_wconf 87' lang='lat' dir='ltr'>coelestium</span> <span class='ocrx_word' id='word_1_148' title='bbox 889 2245 970 2286; x_wconf 93' lang='lat' dir='ltr'>Po-</span> 
     </span>
     <span class='ocr_line' id='line_1_35' title="bbox 141 2300 971 2352; baseline 0.004 -13"><span class='ocrx_word' id='word_1_149' title='bbox 141 2300 367 2350; x_wconf 84' lang='lat' dir='ltr'>testatum;</span> <span class='ocrx_word' id='word_1_150' title='bbox 393 2304 437 2341; x_wconf 89' lang='lat' dir='ltr'>et</span> <span class='ocrx_word' id='word_1_151' title='bbox 461 2300 524 2342; x_wconf 90' lang='lat' dir='ltr'>sic</span> <span class='ocrx_word' id='word_1_152' title='bbox 547 2313 647 2342; x_wconf 93' lang='lat' dir='ltr'>cum</span> <span class='ocrx_word' id='word_1_153' title='bbox 666 2301 813 2342; x_wconf 92' lang='lat' dir='ltr'>divina</span> <span class='ocrx_word' id='word_1_154' title='bbox 831 2301 971 2352; x_wconf 83' lang='lat' dir='ltr'>gloria</span> 
     </span>
     <span class='ocr_line' id='line_1_36' title="bbox 141 2354 969 2399; baseline 0.005 -4"><span class='ocrx_word' id='word_1_155' title='bbox 141 2354 186 2395; x_wconf 89' lang='lat' dir='ltr'>in</span> <span class='ocrx_word' id='word_1_156' title='bbox 204 2368 358 2396; x_wconf 89' lang='lat' dir='ltr'>manus</span> <span class='ocrx_word' id='word_1_157' title='bbox 373 2356 457 2397; x_wconf 88' lang='lat' dir='ltr'>Dei</span> <span class='ocrx_word' id='word_1_158' title='bbox 475 2362 671 2399; x_wconf 88' lang='lat' dir='ltr'>sanctam</span> <span class='ocrx_word' id='word_1_159' title='bbox 683 2356 867 2399; x_wconf 82' lang='lat' dir='ltr'>tradidit</span> <span class='ocrx_word' id='word_1_160' title='bbox 883 2358 969 2398; x_wconf 89' lang='lat' dir='ltr'>ani-</span> 
     </span>
     <span class='ocr_line' id='line_1_37' title="bbox 141 2412 971 2466; baseline 0.006 -15"><span class='ocrx_word' id='word_1_161' title='bbox 141 2424 269 2452; x_wconf 90' lang='lat' dir='ltr'>mam.</span> <span class='ocrx_word' id='word_1_162' title='bbox 323 2412 428 2464; x_wconf 90' lang='lat' dir='ltr'>Ejus</span> <span class='ocrx_word' id='word_1_163' title='bbox 460 2418 605 2454; x_wconf 90' lang='lat' dir='ltr'>autem</span> <span class='ocrx_word' id='word_1_164' title='bbox 638 2426 815 2466; x_wconf 87' lang='lat' dir='ltr'>corpus,</span> <span class='ocrx_word' id='word_1_165' title='bbox 850 2414 971 2466; x_wconf 93' lang='lat' dir='ltr'>quod</span> 
     </span>
     <span class='ocr_line' id='line_1_38' title="bbox 141 2468 971 2522; baseline 0.005 -14"><span class='ocrx_word' id='word_1_166' title='bbox 141 2468 285 2509; x_wconf 91' lang='lat' dir='ltr'>Deum</span> <span class='ocrx_word' id='word_1_167' title='bbox 327 2468 538 2511; x_wconf 87' lang='lat' dir='ltr'>ineffabili</span> <span class='ocrx_word' id='word_1_168' title='bbox 575 2469 765 2522; x_wconf 86' lang='lat' dir='ltr'>quadam</span> <span class='ocrx_word' id='word_1_169' title='bbox 801 2470 971 2512; x_wconf 79' lang='grc'><strong>13110110</strong></span> 
     </span>
     <span class='ocr_line' id='line_1_39' title="bbox 143 2525 970 2579; baseline 0.004 -14"><span class='ocrx_word' id='word_1_170' title='bbox 143 2525 351 2577; x_wconf 78' lang='lat' dir='ltr'>suscepit,</span> <span class='ocrx_word' id='word_1_171' title='bbox 380 2538 478 2567; x_wconf 92' lang='lat' dir='ltr'>cum</span> <span class='ocrx_word' id='word_1_172' title='bbox 506 2526 701 2577; x_wconf 86' lang='lat' dir='ltr'>angelica</span> <span class='ocrx_word' id='word_1_173' title='bbox 726 2531 769 2568; x_wconf 91' lang='lat' dir='ltr'>et</span> <span class='ocrx_word' id='word_1_174' title='bbox 793 2529 970 2579; x_wconf 83' lang='lat' dir='ltr'>aposto-</span> 
     </span>
     <span class='ocr_line' id='line_1_40' title="bbox 142 2580 970 2634; baseline 0.004 -13"><span class='ocrx_word' id='word_1_175' title='bbox 142 2580 226 2622; x_wconf 90' lang='grc'><strong>1103</strong></span> <span class='ocrx_word' id='word_1_176' title='bbox 258 2581 496 2634; x_wconf 83' lang='lat' dir='ltr'>hymnodia</span> <span class='ocrx_word' id='word_1_177' title='bbox 529 2582 706 2631; x_wconf 89' lang='lat' dir='ltr'>elatum,</span> <span class='ocrx_word' id='word_1_178' title='bbox 747 2582 792 2622; x_wconf 91' lang='lat' dir='ltr'>in</span> <span class='ocrx_word' id='word_1_179' title='bbox 824 2583 970 2625; x_wconf 85' lang='grc'><strong>1001110</strong></span> 
     </span>
     <span class='ocr_line' id='line_1_41' title="bbox 143 2637 970 2692; baseline 0.004 -14"><span class='ocrx_word' id='word_1_180' title='bbox 143 2637 223 2678; x_wconf 82' lang='lat' dir='ltr'>fuit</span> <span class='ocrx_word' id='word_1_181' title='bbox 255 2638 508 2690; x_wconf 85' lang='lat' dir='ltr'>depositum</span> <span class='ocrx_word' id='word_1_182' title='bbox 540 2638 849 2680; x_wconf 88' lang='lat' dir='ltr'>Gethsemane:</span> <span class='ocrx_word' id='word_1_183' title='bbox 883 2652 970 2692; x_wconf 92' lang='lat' dir='ltr'>quo</span> 
     </span>
     <span class='ocr_line' id='line_1_42' title="bbox 142 2693 972 2746; baseline 0.004 -12"><span class='ocrx_word' id='word_1_184' title='bbox 142 2693 187 2734; x_wconf 91' lang='lat' dir='ltr'>in</span> <span class='ocrx_word' id='word_1_185' title='bbox 209 2693 310 2735; x_wconf 92' lang='grc'><strong>1000</strong></span> <span class='ocrx_word' id='word_1_186' title='bbox 335 2694 607 2746; x_wconf 83' lang='lat' dir='ltr'>Angelorum</span> <span class='ocrx_word' id='word_1_187' title='bbox 632 2699 786 2736; x_wconf 89' lang='lat' dir='ltr'>cantus</span> <span class='ocrx_word' id='word_1_188' title='bbox 811 2696 972 2737; x_wconf 89' lang='lat' dir='ltr'>mansit</span> 
     </span>
     <span class='ocr_line' id='line_1_43' title="bbox 142 2749 610 2793; baseline 0.004 -3"><span class='ocrx_word' id='word_1_189' title='bbox 142 2753 232 2791; x_wconf 88' lang='lat' dir='ltr'>tres</span> <span class='ocrx_word' id='word_1_190' title='bbox 252 2749 346 2792; x_wconf 92' lang='lat' dir='ltr'>dies</span> <span class='ocrx_word' id='word_1_191' title='bbox 366 2754 610 2793; x_wconf 88' lang='lat' dir='ltr'>continuos.</span> 
     </span>
    </p>
   </div>
   <div class='ocr_carea' id='block_1_12' title="bbox 297 2890 486 2915">
    <p class='ocr_par' dir='ltr' id='par_1_13' title="bbox 297 2890 486 2915">
     <span class='ocr_line' id='line_1_44' title="bbox 297 2890 486 2915; baseline 0.005 -1"><span class='ocrx_word' id='word_1_192' title='bbox 297 2890 361 2914; x_wconf 77' lang='lat' dir='ltr'>Pars</span> <span class='ocrx_word' id='word_1_193' title='bbox 376 2891 486 2915; x_wconf 75' lang='lat' dir='ltr'>AEstiva.</span> 
     </span>
    </p>
   </div>
   <div class='ocr_carea' id='block_1_13' title="bbox 810 211 1494 253">
    <p class='ocr_par' dir='ltr' id='par_1_14' title="bbox 810 211 1494 253">
     <span class='ocr_line' id='line_1_45' title="bbox 810 211 1494 253; baseline -0.004 -7"><span class='ocrx_word' id='word_1_194' title='bbox 810 213 953 253; x_wconf 75' lang='lat' dir='ltr'>Quarta</span> <span class='ocrx_word' id='word_1_195' title='bbox 980 212 1041 245; x_wconf 83' lang='lat' dir='ltr'>dic</span> <span class='ocrx_word' id='word_1_196' title='bbox 1067 211 1164 245; x_wconf 79' lang='lat' dir='ltr'>infra</span> <span class='ocrx_word' id='word_1_197' title='bbox 1192 211 1270 245; x_wconf 87' lang='lat' dir='ltr'>Oct.</span> <span class='ocrx_word' id='word_1_198' title='bbox 1299 211 1494 253; x_wconf 73' lang='lat' dir='ltr'>Assumpt.</span> 
     </span>
    </p>
   </div>
   <div class='ocr_carea' id='block_1_14' title="bbox 1019 309 1863 2804">
    <p class='ocr_par' dir='ltr' id='par_1_15' title="bbox 1019 309 1853 751">
     <span class='ocr_line' id='line_1_46' title="bbox 1076 309 1851 365; baseline -0.005 -11"><span class='ocrx_word' id='word_1_199' title='bbox 1076 315 1126 365; x_wconf 71' lang='lat' dir='ltr'>Rt·</span> <span class='ocrx_word' id='word_1_200' title='bbox 1144 312 1356 354; x_wconf 80' lang='lat' dir='ltr'>Ornatam</span> <span class='ocrx_word' id='word_1_201' title='bbox 1374 311 1611 353; x_wconf 92' lang='lat' dir='ltr'>monilibus</span> <span class='ocrx_word' id='word_1_202' title='bbox 1632 310 1767 351; x_wconf 86' lang='lat' dir='ltr'>filiam</span> <span class='ocrx_word' id='word_1_203' title='bbox 1784 309 1808 350; x_wconf 88' lang='lat' dir='ltr'><strong>J</strong></span> <span class='ocrx_word' id='word_1_204' title='bbox 1811 322 1851 350; x_wconf 94' lang='grc'>0-</span> 
     </span>
     <span class='ocr_line' id='line_1_47' title="bbox 1019 366 1852 420; baseline -0.005 -9"><span class='ocrx_word' id='word_1_205' title='bbox 1019 369 1211 411; x_wconf 83' lang='lat' dir='ltr'>rusalem</span> <span class='ocrx_word' id='word_1_206' title='bbox 1229 369 1447 410; x_wconf 82' lang='lat' dir='ltr'>Dominus</span> <span class='ocrx_word' id='word_1_207' title='bbox 1466 367 1733 420; x_wconf 89' lang='lat' dir='ltr'>concupivit:</span> <span class='ocrx_word' id='word_1_208' title='bbox 1757 367 1779 390; x_wconf 77' lang='grc'><em>*</em></span> <span class='ocrx_word' id='word_1_209' title='bbox 1795 366 1852 407; x_wconf 86' lang='grc' dir='ltr'>Ε1</span> 
     </span>
     <span class='ocr_line' id='line_1_48' title="bbox 1019 423 1851 474; baseline -0.004 -7"><span class='ocrx_word' id='word_1_210' title='bbox 1019 425 1220 467; x_wconf 87' lang='lat' dir='ltr'>videntes</span> <span class='ocrx_word' id='word_1_211' title='bbox 1248 438 1346 467; x_wconf 91' lang='lat' dir='ltr'>eam</span> <span class='ocrx_word' id='word_1_212' title='bbox 1372 424 1474 465; x_wconf 87' lang='lat' dir='ltr'>filiae</span> <span class='ocrx_word' id='word_1_213' title='bbox 1500 424 1622 474; x_wconf 90' lang='lat' dir='ltr'>Sion,</span> <span class='ocrx_word' id='word_1_214' title='bbox 1654 423 1851 465; x_wconf 88' lang='lat' dir='ltr'>beatissi-</span> 
     </span>
     <span class='ocr_line' id='line_1_49' title="bbox 1019 480 1851 536; baseline -0.002 -13"><span class='ocrx_word' id='word_1_215' title='bbox 1019 495 1135 524; x_wconf 91' lang='lat' dir='ltr'>mam</span> <span class='ocrx_word' id='word_1_216' title='bbox 1149 482 1513 536; x_wconf 88' lang='lat' dir='ltr'>praedicaverunt,</span> <span class='ocrx_word' id='word_1_217' title='bbox 1535 481 1746 522; x_wconf 89' lang='lat' dir='ltr'>dicentes:</span> <span class='ocrx_word' id='word_1_218' title='bbox 1766 480 1851 522; x_wconf 89' lang='lat' dir='ltr'>Un-</span> 
     </span>
     <span class='ocr_line' id='line_1_50' title="bbox 1019 538 1852 591; baseline -0.002 -11"><span class='ocrx_word' id='word_1_219' title='bbox 1019 541 1230 591; x_wconf 87' lang='lat' dir='ltr'>guentum</span> <span class='ocrx_word' id='word_1_220' title='bbox 1279 538 1467 580; x_wconf 82' lang='lat' dir='ltr'>effusum</span> <span class='ocrx_word' id='word_1_221' title='bbox 1511 550 1671 579; x_wconf 91' lang='lat' dir='ltr'>nomen</span> <span class='ocrx_word' id='word_1_222' title='bbox 1717 542 1852 578; x_wconf 94' lang='lat' dir='ltr'>tuum</span> 
     </span>
     <span class='ocr_line' id='line_1_51' title="bbox 1024 590 1853 646; baseline -0.004 -9"><span class='ocrx_word' id='word_1_223' title='bbox 1024 590 1075 643; x_wconf 66' lang='lat' dir='ltr'>V.</span> <span class='ocrx_word' id='word_1_224' title='bbox 1099 596 1252 638; x_wconf 91' lang='lat' dir='ltr'>Astitit</span> <span class='ocrx_word' id='word_1_225' title='bbox 1276 598 1428 646; x_wconf 87' lang='lat' dir='ltr'>regina</span> <span class='ocrx_word' id='word_1_226' title='bbox 1452 608 1477 636; x_wconf 88' lang='lat' dir='ltr'>a</span> <span class='ocrx_word' id='word_1_227' title='bbox 1505 594 1672 636; x_wconf 85' lang='lat' dir='ltr'>dextris</span> <span class='ocrx_word' id='word_1_228' title='bbox 1697 594 1784 636; x_wconf 91' lang='lat' dir='ltr'>tuis</span> <span class='ocrx_word' id='word_1_229' title='bbox 1809 594 1853 634; x_wconf 92' lang='lat' dir='ltr'>in</span> 
     </span>
     <span class='ocr_line' id='line_1_52' title="bbox 1022 651 1852 702; baseline -0.002 -8"><span class='ocrx_word' id='word_1_230' title='bbox 1022 655 1183 699; x_wconf 86' lang='lat' dir='ltr'>vestitu</span> <span class='ocrx_word' id='word_1_231' title='bbox 1215 652 1449 702; x_wconf 84' lang='lat' dir='ltr'>deaurato,</span> <span class='ocrx_word' id='word_1_232' title='bbox 1483 651 1753 693; x_wconf 78' lang='grc' dir='ltr'><strong>011011111ᾶ313</strong></span> <span class='ocrx_word' id='word_1_233' title='bbox 1780 663 1852 692; x_wconf 91' lang='lat' dir='ltr'>va-</span> 
     </span>
     <span class='ocr_line' id='line_1_53' title="bbox 1020 710 1284 751; baseline 0 0"><span class='ocrx_word' id='word_1_234' title='bbox 1020 710 1189 751; x_wconf 87' lang='lat' dir='ltr'>rietate.</span> <span class='ocrx_word' id='word_1_235' title='bbox 1216 710 1284 751; x_wconf 89' lang='lat' dir='ltr'>Et.</span> 
     </span>
    </p>

    <p class='ocr_par' dir='ltr' id='par_1_16' title="bbox 1336 760 1546 800">
     <span class='ocr_line' id='line_1_54' title="bbox 1336 760 1546 800; baseline -0.005 0"><span class='ocrx_word' id='word_1_236' title='bbox 1336 760 1488 800; x_wconf 83' lang='lat' dir='ltr'>Lectio</span> <span class='ocrx_word' id='word_1_237' title='bbox 1511 774 1546 799; x_wconf 88' lang='lat' dir='ltr'>v.</span> 
     </span>
    </p>

    <p class='ocr_par' dir='ltr' id='par_1_17' title="bbox 1026 813 1853 919">
     <span class='ocr_line' id='line_1_55' title="bbox 1026 813 1853 919; baseline -0.005 -57"><span class='ocrx_word' id='word_1_238' title='bbox 1026 813 1182 919; x_wconf 84' lang='lat' dir='ltr'>Post</span> <span class='ocrx_word' id='word_1_239' title='bbox 1216 825 1307 861; x_wconf 89' lang='lat' dir='ltr'>tres</span> <span class='ocrx_word' id='word_1_240' title='bbox 1344 823 1491 861; x_wconf 90' lang='lat' dir='ltr'>autem</span> <span class='ocrx_word' id='word_1_241' title='bbox 1527 818 1622 860; x_wconf 91' lang='lat' dir='ltr'>dies</span> <span class='ocrx_word' id='word_1_242' title='bbox 1655 818 1853 869; x_wconf 86' lang='lat' dir='ltr'>angelico</span> 
     </span>
    </p>

    <p class='ocr_par' dir='ltr' id='par_1_18' title="bbox 1021 874 1856 2283">
     <span class='ocr_line' id='line_1_56' title="bbox 1127 874 1856 928; baseline -0.004 -9"><span class='ocrx_word' id='word_1_243' title='bbox 1127 882 1258 919; x_wconf 92' lang='lat' dir='ltr'>cantu</span> <span class='ocrx_word' id='word_1_244' title='bbox 1299 878 1516 926; x_wconf 78' lang='lat' dir='ltr'>cessante,</span> <span class='ocrx_word' id='word_1_245' title='bbox 1560 876 1634 928; x_wconf 89' lang='lat' dir='ltr'>qui</span> <span class='ocrx_word' id='word_1_246' title='bbox 1671 874 1856 917; x_wconf 91' lang='lat' dir='ltr'>aderant</span> 
     </span>
     <span class='ocr_line' id='line_1_57' title="bbox 1021 933 1856 987; baseline -0.004 -11"><span class='ocrx_word' id='word_1_247' title='bbox 1021 934 1231 987; x_wconf 83' lang='lat' dir='ltr'>Apostoli</span> <span class='ocrx_word' id='word_1_248' title='bbox 1258 935 1372 984; x_wconf 91' lang='lat' dir='ltr'>(cum</span> <span class='ocrx_word' id='word_1_249' title='bbox 1399 946 1511 974; x_wconf 92' lang='lat' dir='ltr'>unus</span> <span class='ocrx_word' id='word_1_250' title='bbox 1536 933 1751 982; x_wconf 89' lang='lat' dir='ltr'>Thomas,</span> <span class='ocrx_word' id='word_1_251' title='bbox 1781 933 1856 984; x_wconf 90' lang='lat' dir='ltr'>qui</span> 
     </span>
     <span class='ocr_line' id='line_1_58' title="bbox 1022 990 1854 1044; baseline -0.002 -12"><span class='ocrx_word' id='word_1_252' title='bbox 1022 990 1237 1041; x_wconf 82' lang='lat' dir='ltr'>abfuerat,</span> <span class='ocrx_word' id='word_1_253' title='bbox 1256 996 1359 1044; x_wconf 91' lang='lat' dir='ltr'>post</span> <span class='ocrx_word' id='word_1_254' title='bbox 1380 991 1559 1032; x_wconf 91' lang='lat' dir='ltr'>tertium</span> <span class='ocrx_word' id='word_1_255' title='bbox 1578 990 1696 1031; x_wconf 90' lang='lat' dir='ltr'>diem</span> <span class='ocrx_word' id='word_1_256' title='bbox 1714 992 1854 1031; x_wconf 88' lang='lat' dir='ltr'>venis-</span> 
     </span>
     <span class='ocr_line' id='line_1_59' title="bbox 1023 1047 1854 1100; baseline -0.001 -11"><span class='ocrx_word' id='word_1_257' title='bbox 1023 1053 1101 1098; x_wconf 89' lang='lat' dir='ltr'>set,</span> <span class='ocrx_word' id='word_1_258' title='bbox 1122 1053 1165 1089; x_wconf 92' lang='lat' dir='ltr'>et</span> <span class='ocrx_word' id='word_1_259' title='bbox 1182 1047 1304 1100; x_wconf 92' lang='lat' dir='ltr'>quod</span> <span class='ocrx_word' id='word_1_260' title='bbox 1318 1048 1462 1089; x_wconf 91' lang='lat' dir='ltr'>Deum</span> <span class='ocrx_word' id='word_1_261' title='bbox 1478 1048 1744 1100; x_wconf 84' lang='lat' dir='ltr'>susceperat,</span> <span class='ocrx_word' id='word_1_262' title='bbox 1761 1059 1854 1088; x_wconf 90' lang='lat' dir='ltr'>cor-</span> 
     </span>
     <span class='ocr_line' id='line_1_60' title="bbox 1022 1103 1856 1157; baseline -0.002 -11"><span class='ocrx_word' id='word_1_263' title='bbox 1022 1118 1105 1157; x_wconf 93' lang='lat' dir='ltr'>pus</span> <span class='ocrx_word' id='word_1_264' title='bbox 1139 1105 1327 1147; x_wconf 87' lang='lat' dir='ltr'>adorare</span> <span class='ocrx_word' id='word_1_265' title='bbox 1359 1104 1605 1155; x_wconf 84' lang='lat' dir='ltr'>voluisset,)</span> <span class='ocrx_word' id='word_1_266' title='bbox 1639 1103 1856 1145; x_wconf 82' lang='lat' dir='ltr'>tumulum</span> 
     </span>
     <span class='ocr_line' id='line_1_61' title="bbox 1023 1160 1854 1215; baseline -0.002 -12"><span class='ocrx_word' id='word_1_267' title='bbox 1023 1163 1301 1215; x_wconf 83' lang='lat' dir='ltr'>aperuerunt3</span> <span class='ocrx_word' id='word_1_268' title='bbox 1330 1160 1409 1203; x_wconf 90' lang='lat' dir='ltr'>sed</span> <span class='ocrx_word' id='word_1_269' title='bbox 1430 1161 1549 1203; x_wconf 89' lang='lat' dir='ltr'>omni</span> <span class='ocrx_word' id='word_1_270' title='bbox 1568 1174 1623 1203; x_wconf 86' lang='lat' dir='ltr'>ex</span> <span class='ocrx_word' id='word_1_271' title='bbox 1642 1166 1769 1214; x_wconf 89' lang='lat' dir='ltr'>parte</span> <span class='ocrx_word' id='word_1_272' title='bbox 1790 1173 1854 1201; x_wconf 95' lang='lat' dir='ltr'>sa-</span> 
     </span>
     <span class='ocr_line' id='line_1_62' title="bbox 1023 1217 1854 1271; baseline -0.004 -11"><span class='ocrx_word' id='word_1_273' title='bbox 1023 1232 1146 1260; x_wconf 92' lang='lat' dir='ltr'>crum</span> <span class='ocrx_word' id='word_1_274' title='bbox 1174 1220 1265 1271; x_wconf 90' lang='lat' dir='ltr'>ejus</span> <span class='ocrx_word' id='word_1_275' title='bbox 1294 1232 1456 1271; x_wconf 92' lang='lat' dir='ltr'>corpus</span> <span class='ocrx_word' id='word_1_276' title='bbox 1486 1220 1766 1270; x_wconf 80' lang='lat' dir='ltr'>nequaquam</span> <span class='ocrx_word' id='word_1_277' title='bbox 1794 1217 1854 1258; x_wconf 93' lang='lat' dir='ltr'>in-</span> 
     </span>
     <span class='ocr_line' id='line_1_63' title="bbox 1022 1275 1856 1329; baseline -0.002 -12"><span class='ocrx_word' id='word_1_278' title='bbox 1022 1278 1170 1317; x_wconf 88' lang='lat' dir='ltr'>venire</span> <span class='ocrx_word' id='word_1_279' title='bbox 1199 1277 1450 1329; x_wconf 92' lang='lat' dir='ltr'>potuerunt.</span> <span class='ocrx_word' id='word_1_280' title='bbox 1493 1275 1603 1316; x_wconf 91' lang='lat' dir='ltr'>Cum</span> <span class='ocrx_word' id='word_1_281' title='bbox 1630 1288 1683 1316; x_wconf 90' lang='lat' dir='ltr'>ea</span> <span class='ocrx_word' id='word_1_282' title='bbox 1710 1280 1856 1316; x_wconf 89' lang='lat' dir='ltr'>autem</span> 
     </span>
     <span class='ocr_line' id='line_1_64' title="bbox 1021 1331 1855 1383; baseline -0.001 -10"><span class='ocrx_word' id='word_1_283' title='bbox 1021 1338 1192 1374; x_wconf 91' lang='lat' dir='ltr'>tantum</span> <span class='ocrx_word' id='word_1_284' title='bbox 1216 1333 1502 1382; x_wconf 90' lang='lat' dir='ltr'>invenissent,</span> <span class='ocrx_word' id='word_1_285' title='bbox 1536 1332 1581 1372; x_wconf 89' lang='lat' dir='ltr'>in</span> <span class='ocrx_word' id='word_1_286' title='bbox 1607 1331 1766 1383; x_wconf 90' lang='lat' dir='ltr'>quibus</span> <span class='ocrx_word' id='word_1_287' title='bbox 1793 1331 1855 1372; x_wconf 79' lang='lat' dir='ltr'>fu-</span> 
     </span>
     <span class='ocr_line' id='line_1_65' title="bbox 1023 1388 1856 1442; baseline -0.004 -11"><span class='ocrx_word' id='word_1_288' title='bbox 1023 1394 1118 1434; x_wconf 78' lang='lat' dir='ltr'>erat</span> <span class='ocrx_word' id='word_1_289' title='bbox 1137 1389 1448 1442; x_wconf 83' lang='lat' dir='ltr'>compositum,</span> <span class='ocrx_word' id='word_1_290' title='bbox 1469 1394 1512 1430; x_wconf 90' lang='lat' dir='ltr'>et</span> <span class='ocrx_word' id='word_1_291' title='bbox 1530 1388 1760 1438; x_wconf 86' lang='lat' dir='ltr'>ineffabili,</span> <span class='ocrx_word' id='word_1_292' title='bbox 1781 1388 1856 1440; x_wconf 91' lang='lat' dir='ltr'>qui</span> 
     </span>
     <span class='ocr_line' id='line_1_66' title="bbox 1023 1444 1855 1499; baseline -0.001 -12"><span class='ocrx_word' id='word_1_293' title='bbox 1023 1459 1077 1487; x_wconf 83' lang='lat' dir='ltr'>ex</span> <span class='ocrx_word' id='word_1_294' title='bbox 1091 1446 1143 1487; x_wconf 94' lang='lat' dir='ltr'>iis</span> <span class='ocrx_word' id='word_1_295' title='bbox 1157 1445 1535 1499; x_wconf 85' lang='lat' dir='ltr'>proficiscebatur,</span> <span class='ocrx_word' id='word_1_296' title='bbox 1552 1450 1701 1487; x_wconf 87' lang='lat' dir='ltr'>essent</span> <span class='ocrx_word' id='word_1_297' title='bbox 1716 1444 1855 1486; x_wconf 83' lang='lat' dir='ltr'>odore</span> 
     </span>
     <span class='ocr_line' id='line_1_67' title="bbox 1022 1502 1855 1556; baseline -0.001 -13"><span class='ocrx_word' id='word_1_298' title='bbox 1022 1503 1196 1556; x_wconf 84' lang='lat' dir='ltr'>repleti,</span> <span class='ocrx_word' id='word_1_299' title='bbox 1227 1503 1422 1544; x_wconf 83' lang='lat' dir='ltr'>loculum</span> <span class='ocrx_word' id='word_1_300' title='bbox 1451 1502 1713 1543; x_wconf 92' lang='lat' dir='ltr'>clauserunt.</span> <span class='ocrx_word' id='word_1_301' title='bbox 1751 1502 1855 1554; x_wconf 91' lang='lat' dir='ltr'>Ejus</span> 
     </span>
     <span class='ocr_line' id='line_1_68' title="bbox 1021 1558 1856 1612; baseline -0.002 -11"><span class='ocrx_word' id='word_1_302' title='bbox 1021 1560 1218 1612; x_wconf 84' lang='lat' dir='ltr'>mysterii</span> <span class='ocrx_word' id='word_1_303' title='bbox 1271 1559 1569 1612; x_wconf 81' lang='lat' dir='ltr'>obstupefacti</span> <span class='ocrx_word' id='word_1_304' title='bbox 1622 1558 1856 1608; x_wconf 84' lang='lat' dir='ltr'>miraculo,</span> 
     </span>
     <span class='ocr_line' id='line_1_69' title="bbox 1021 1616 1855 1669; baseline -0.002 -11"><span class='ocrx_word' id='word_1_305' title='bbox 1021 1617 1108 1658; x_wconf 91' lang='lat' dir='ltr'>hoc</span> <span class='ocrx_word' id='word_1_306' title='bbox 1158 1616 1300 1658; x_wconf 91' lang='lat' dir='ltr'>solum</span> <span class='ocrx_word' id='word_1_307' title='bbox 1351 1617 1547 1668; x_wconf 85' lang='lat' dir='ltr'>cogitare</span> <span class='ocrx_word' id='word_1_308' title='bbox 1598 1617 1855 1669; x_wconf 90' lang='lat' dir='ltr'>potuerunt,</span> 
     </span>
     <span class='ocr_line' id='line_1_70' title="bbox 1023 1672 1855 1727; baseline -0.001 -12"><span class='ocrx_word' id='word_1_309' title='bbox 1023 1673 1144 1727; x_wconf 94' lang='lat' dir='ltr'>quod</span> <span class='ocrx_word' id='word_1_310' title='bbox 1165 1674 1234 1715; x_wconf 86' lang='grc'><strong>0111</strong></span> <span class='ocrx_word' id='word_1_311' title='bbox 1253 1674 1420 1726; x_wconf 84' lang='lat' dir='ltr'>placuit</span> <span class='ocrx_word' id='word_1_312' title='bbox 1442 1686 1496 1715; x_wconf 82' lang='lat' dir='ltr'>ex</span> <span class='ocrx_word' id='word_1_313' title='bbox 1515 1673 1654 1715; x_wconf 90' lang='lat' dir='ltr'>Maria</span> <span class='ocrx_word' id='word_1_314' title='bbox 1673 1672 1855 1723; x_wconf 86' lang='lat' dir='ltr'>Virgine</span> 
     </span>
     <span class='ocr_line' id='line_1_71' title="bbox 1022 1729 1856 1780; baseline -0.002 -8"><span class='ocrx_word' id='word_1_315' title='bbox 1022 1743 1198 1772; x_wconf 92' lang='lat' dir='ltr'>carnem</span> <span class='ocrx_word' id='word_1_316' title='bbox 1225 1733 1415 1780; x_wconf 81' lang='lat' dir='ltr'>sumere,</span> <span class='ocrx_word' id='word_1_317' title='bbox 1445 1735 1488 1772; x_wconf 91' lang='lat' dir='ltr'>et</span> <span class='ocrx_word' id='word_1_318' title='bbox 1514 1730 1736 1772; x_wconf 84' lang='lat' dir='ltr'>hominem</span> <span class='ocrx_word' id='word_1_319' title='bbox 1760 1729 1856 1771; x_wconf 90' lang='lat' dir='ltr'>fieri</span> 
     </span>
     <span class='ocr_line' id='line_1_72' title="bbox 1022 1787 1856 1838; baseline -0.001 -9"><span class='ocrx_word' id='word_1_320' title='bbox 1022 1793 1066 1830; x_wconf 89' lang='lat' dir='ltr'>et</span> <span class='ocrx_word' id='word_1_321' title='bbox 1084 1788 1223 1838; x_wconf 89' lang='lat' dir='ltr'>nasci,</span> <span class='ocrx_word' id='word_1_322' title='bbox 1244 1800 1344 1828; x_wconf 91' lang='lat' dir='ltr'>cum</span> <span class='ocrx_word' id='word_1_323' title='bbox 1364 1792 1482 1829; x_wconf 88' lang='lat' dir='ltr'>esset</span> <span class='ocrx_word' id='word_1_324' title='bbox 1501 1787 1623 1828; x_wconf 90' lang='lat' dir='ltr'>Deus</span> <span class='ocrx_word' id='word_1_325' title='bbox 1642 1787 1856 1836; x_wconf 89' lang='lat' dir='ltr'>Verbum,</span> 
     </span>
     <span class='ocr_line' id='line_1_73' title="bbox 1022 1843 1856 1896; baseline -0.002 -10"><span class='ocrx_word' id='word_1_326' title='bbox 1022 1850 1066 1886; x_wconf 93' lang='lat' dir='ltr'>et</span> <span class='ocrx_word' id='word_1_327' title='bbox 1097 1845 1314 1885; x_wconf 75' lang='lat' dir='ltr'>Deminus</span> <span class='ocrx_word' id='word_1_328' title='bbox 1346 1843 1517 1895; x_wconf 86' lang='lat' dir='ltr'>gloriae:</span> <span class='ocrx_word' id='word_1_329' title='bbox 1558 1844 1720 1896; x_wconf 91' lang='lat' dir='ltr'>quique</span> <span class='ocrx_word' id='word_1_330' title='bbox 1753 1848 1856 1896; x_wconf 91' lang='lat' dir='ltr'>post</span> 
     </span>
     <span class='ocr_line' id='line_1_74' title="bbox 1021 1899 1855 1954; baseline -0.002 -12"><span class='ocrx_word' id='word_1_331' title='bbox 1021 1906 1199 1954; x_wconf 91' lang='lat' dir='ltr'>partum</span> <span class='ocrx_word' id='word_1_332' title='bbox 1222 1901 1525 1953; x_wconf 80' lang='lat' dir='ltr'>incorruptam</span> <span class='ocrx_word' id='word_1_333' title='bbox 1551 1899 1743 1942; x_wconf 89' lang='lat' dir='ltr'>servavit</span> <span class='ocrx_word' id='word_1_334' title='bbox 1764 1900 1855 1951; x_wconf 87' lang='lat' dir='ltr'>ejus</span> 
     </span>
     <span class='ocr_line' id='line_1_75' title="bbox 1022 1956 1856 2009; baseline 0 -11"><span class='ocrx_word' id='word_1_335' title='bbox 1022 1957 1338 2008; x_wconf 85' lang='lat' dir='ltr'>virginitatem,</span> <span class='ocrx_word' id='word_1_336' title='bbox 1371 1957 1515 1999; x_wconf 90' lang='lat' dir='ltr'>eidem</span> <span class='ocrx_word' id='word_1_337' title='bbox 1539 1957 1670 1998; x_wconf 89' lang='lat' dir='ltr'>etiam</span> <span class='ocrx_word' id='word_1_338' title='bbox 1689 1956 1856 2009; x_wconf 90' lang='lat' dir='ltr'>placuit</span> 
     </span>
     <span class='ocr_line' id='line_1_76' title="bbox 1023 2013 1855 2067; baseline -0.002 -11"><span class='ocrx_word' id='word_1_339' title='bbox 1023 2019 1067 2056; x_wconf 94' lang='lat' dir='ltr'>et</span> <span class='ocrx_word' id='word_1_340' title='bbox 1086 2014 1241 2067; x_wconf 88' lang='lat' dir='ltr'>ipsius,</span> <span class='ocrx_word' id='word_1_341' title='bbox 1269 2019 1510 2067; x_wconf 91' lang='lat' dir='ltr'>postquam</span> <span class='ocrx_word' id='word_1_342' title='bbox 1534 2014 1754 2065; x_wconf 88' lang='lat' dir='ltr'>migravit,</span> <span class='ocrx_word' id='word_1_343' title='bbox 1778 2013 1855 2054; x_wconf 91' lang='lat' dir='ltr'>im-</span> 
     </span>
     <span class='ocr_line' id='line_1_77' title="bbox 1021 2071 1856 2124; baseline -0.001 -12"><span class='ocrx_word' id='word_1_344' title='bbox 1021 2071 1288 2113; x_wconf 85' lang='lat' dir='ltr'>maculatum</span> <span class='ocrx_word' id='word_1_345' title='bbox 1325 2083 1504 2124; x_wconf 87' lang='lat' dir='ltr'>corpus,</span> <span class='ocrx_word' id='word_1_346' title='bbox 1549 2071 1856 2124; x_wconf 74' lang='lat' dir='ltr'>incorraptum</span> 
     </span>
     <span class='ocr_line' id='line_1_78' title="bbox 1023 2127 1855 2177; baseline -0.002 -8"><span class='ocrx_word' id='word_1_347' title='bbox 1023 2130 1262 2177; x_wconf 87' lang='lat' dir='ltr'>servatum,</span> <span class='ocrx_word' id='word_1_348' title='bbox 1306 2127 1592 2170; x_wconf 85' lang='lat' dir='ltr'>translatione</span> <span class='ocrx_word' id='word_1_349' title='bbox 1634 2127 1855 2169; x_wconf 88' lang='lat' dir='ltr'>honorare</span> 
     </span>
     <span class='ocr_line' id='line_1_79' title="bbox 1022 2183 1854 2226; baseline -0.002 0"><span class='ocrx_word' id='word_1_350' title='bbox 1022 2190 1123 2226; x_wconf 90' lang='lat' dir='ltr'>ante</span> <span class='ocrx_word' id='word_1_351' title='bbox 1162 2187 1441 2226; x_wconf 80' lang='lat' dir='ltr'>communem</span> <span class='ocrx_word' id='word_1_352' title='bbox 1481 2189 1525 2226; x_wconf 91' lang='lat' dir='ltr'>et</span> <span class='ocrx_word' id='word_1_353' title='bbox 1560 2183 1854 2226; x_wconf 85' lang='lat' dir='ltr'>universalem</span> 
     </span>
     <span class='ocr_line' id='line_1_80' title="bbox 1022 2242 1400 2283; baseline -0.003 0"><span class='ocrx_word' id='word_1_354' title='bbox 1022 2242 1400 2283; x_wconf 85' lang='lat' dir='ltr'>resurrectionem.</span> 
     </span>
    </p>

    <p class='ocr_par' dir='ltr' id='par_1_19' title="bbox 1022 2297 1863 2631">
     <span class='ocr_line' id='line_1_81' title="bbox 1077 2297 1854 2352; baseline 0 -13"><span class='ocrx_word' id='word_1_355' title='bbox 1077 2300 1129 2352; x_wconf 60' lang='grc' dir='ltr'>Κ.</span> <span class='ocrx_word' id='word_1_356' title='bbox 1150 2298 1336 2339; x_wconf 88' lang='lat' dir='ltr'>Beatam</span> <span class='ocrx_word' id='word_1_357' title='bbox 1354 2310 1424 2339; x_wconf 88' lang='lat' dir='ltr'>me</span> <span class='ocrx_word' id='word_1_358' title='bbox 1444 2297 1591 2340; x_wconf 90' lang='lat' dir='ltr'>dicent</span> <span class='ocrx_word' id='word_1_359' title='bbox 1611 2310 1764 2341; x_wconf 90' lang='lat' dir='ltr'>omnes</span> <span class='ocrx_word' id='word_1_360' title='bbox 1783 2310 1854 2348; x_wconf 86' lang='lat' dir='ltr'>ge-</span> 
     </span>
     <span class='ocr_line' id='line_1_82' title="bbox 1022 2351 1863 2420; baseline 0.001 -26"><span class='ocrx_word' id='word_1_361' title='bbox 1022 2354 1286 2396; x_wconf 77' lang='lat' dir='ltr'>neratic&#39;mes:</span> <span class='ocrx_word' id='word_1_362' title='bbox 1314 2356 1336 2379; x_wconf 84' lang='lat'>*</span> <span class='ocrx_word' id='word_1_363' title='bbox 1362 2355 1475 2420; x_wconf 91' lang='lat' dir='ltr'>Quia</span> <span class='ocrx_word' id='word_1_364' title='bbox 1502 2354 1606 2396; x_wconf 88' lang='lat' dir='ltr'>fecit</span> <span class='ocrx_word' id='word_1_365' title='bbox 1626 2351 1740 2395; x_wconf 92' lang='lat' dir='ltr'>mihi</span> <span class='ocrx_word' id='word_1_366' title='bbox 1766 2354 1854 2395; x_wconf 84' lang='lat' dir='ltr'>Do·</span> <span class='ocrx_word' id='word_1_367' title='bbox 1860 2406 1863 2409; x_wconf 18' lang='grc' dir='ltr'><strong>Δ</strong></span> 
     </span>
     <span class='ocr_line' id='line_1_83' title="bbox 1022 2411 1854 2464; baseline 0.001 -13"><span class='ocrx_word' id='word_1_368' title='bbox 1022 2411 1165 2452; x_wconf 91' lang='lat' dir='ltr'>minus</span> <span class='ocrx_word' id='word_1_369' title='bbox 1196 2424 1354 2462; x_wconf 89' lang='lat' dir='ltr'>magna</span> <span class='ocrx_word' id='word_1_370' title='bbox 1387 2412 1463 2463; x_wconf 93' lang='lat' dir='ltr'>qui</span> <span class='ocrx_word' id='word_1_371' title='bbox 1493 2416 1653 2464; x_wconf 91' lang='lat' dir='ltr'>potens</span> <span class='ocrx_word' id='word_1_372' title='bbox 1686 2416 1770 2460; x_wconf 88' lang='lat' dir='ltr'>est,</span> <span class='ocrx_word' id='word_1_373' title='bbox 1810 2415 1854 2452; x_wconf 86' lang='lat' dir='ltr'>et</span> 
     </span>
     <span class='ocr_line' id='line_1_84' title="bbox 1024 2463 1854 2536; baseline 0.001 -29"><span class='ocrx_word' id='word_1_374' title='bbox 1024 2472 1223 2509; x_wconf 90' lang='lat' dir='ltr'>sanctum</span> <span class='ocrx_word' id='word_1_375' title='bbox 1250 2481 1411 2510; x_wconf 91' lang='lat' dir='ltr'>nomen</span> <span class='ocrx_word' id='word_1_376' title='bbox 1436 2469 1539 2536; x_wconf 46' lang='lat' dir='ltr'>ejus:</span> <span class='ocrx_word' id='word_1_377' title='bbox 1575 2463 1625 2515; x_wconf 68' lang='lat' dir='ltr'>V.</span> <span class='ocrx_word' id='word_1_378' title='bbox 1650 2468 1708 2509; x_wconf 88' lang='lat' dir='ltr'>Et</span> <span class='ocrx_word' id='word_1_379' title='bbox 1728 2467 1854 2508; x_wconf 90' lang='lat' dir='ltr'>mise-</span> 
     </span>
     <span class='ocr_line' id='line_1_85' title="bbox 1022 2523 1854 2577; baseline 0 -13"><span class='ocrx_word' id='word_1_380' title='bbox 1022 2523 1214 2565; x_wconf 76' lang='lat' dir='ltr'>ricerdia</span> <span class='ocrx_word' id='word_1_381' title='bbox 1236 2525 1327 2576; x_wconf 90' lang='lat' dir='ltr'>ejus</span> <span class='ocrx_word' id='word_1_382' title='bbox 1353 2537 1378 2565; x_wconf 89' lang='lat' dir='ltr'>a</span> <span class='ocrx_word' id='word_1_383' title='bbox 1401 2524 1613 2577; x_wconf 87' lang='lat' dir='ltr'>progenie</span> <span class='ocrx_word' id='word_1_384' title='bbox 1636 2524 1680 2565; x_wconf 92' lang='lat' dir='ltr'>in</span> <span class='ocrx_word' id='word_1_385' title='bbox 1698 2525 1854 2576; x_wconf 85' lang='lat' dir='ltr'>proge-</span> 
     </span>
     <span class='ocr_line' id='line_1_86' title="bbox 1022 2580 1794 2631; baseline 0 -11"><span class='ocrx_word' id='word_1_386' title='bbox 1022 2580 1117 2621; x_wconf 91' lang='lat' dir='ltr'>nies</span> <span class='ocrx_word' id='word_1_387' title='bbox 1136 2580 1391 2623; x_wconf 90' lang='lat' dir='ltr'>timentibus</span> <span class='ocrx_word' id='word_1_388' title='bbox 1410 2593 1520 2622; x_wconf 89' lang='lat' dir='ltr'>eum.</span> <span class='ocrx_word' id='word_1_389' title='bbox 1549 2581 1662 2631; x_wconf 88' lang='lat' dir='ltr'>Quia</span> <span class='ocrx_word' id='word_1_390' title='bbox 1679 2580 1794 2621; x_wconf 90' lang='lat' dir='ltr'>fecit.</span> 
     </span>
    </p>

    <p class='ocr_par' dir='ltr' id='par_1_20' title="bbox 1102 2637 1854 2804">
     <span class='ocr_line' id='line_1_87' title="bbox 1326 2637 1554 2679; baseline -0.009 0"><span class='ocrx_word' id='word_1_391' title='bbox 1326 2637 1554 2679; x_wconf 79' lang='lat' dir='ltr'>Lectiovi.</span> 
     </span>
     <span class='ocr_line' id='line_1_88' title="bbox 1102 2695 1853 2749; baseline -0.004 -11"><span class='ocrx_word' id='word_1_392' title='bbox 1102 2696 1258 2738; x_wconf 88' lang='lat' dir='ltr'>derant</span> <span class='ocrx_word' id='word_1_393' title='bbox 1275 2702 1381 2739; x_wconf 92' lang='lat' dir='ltr'>tunc</span> <span class='ocrx_word' id='word_1_394' title='bbox 1397 2709 1496 2738; x_wconf 90' lang='lat' dir='ltr'>cum</span> <span class='ocrx_word' id='word_1_395' title='bbox 1511 2695 1742 2749; x_wconf 83' lang='lat' dir='ltr'>Apostolis</span> <span class='ocrx_word' id='word_1_396' title='bbox 1759 2707 1853 2736; x_wconf 86' lang='lat' dir='ltr'>san-</span> 
     </span>
     <span class='ocr_line' id='line_1_89' title="bbox 1133 2751 1854 2804; baseline -0.004 -9"><span class='ocrx_word' id='word_1_397' title='bbox 1133 2753 1353 2796; x_wconf 87' lang='lat' dir='ltr'>ctissimus</span> <span class='ocrx_word' id='word_1_398' title='bbox 1381 2753 1658 2802; x_wconf 75' lang='lat' dir='ltr'>Timetheus,</span> <span class='ocrx_word' id='word_1_399' title='bbox 1685 2751 1854 2804; x_wconf 88' lang='lat' dir='ltr'>primus</span> 
     </span>
    </p>
   </div>
   <div class='ocr_carea' id='block_1_15' title="bbox 77 151 1916 2850">
    <p class='ocr_par' dir='ltr' id='par_1_21' title="bbox 77 151 1916 2850">
     <span class='ocr_line' id='line_1_90' title="bbox 77 151 1916 2850; baseline 0 0"><span class='ocrx_word' id='word_1_400' title='bbox 77 151 1916 2850; x_wconf 95' lang='lat' dir='ltr'> </span> 
     </span>
    </p>
   </div>
   <div class='ocr_carea' id='block_1_16' title="bbox 1581 2881 1646 2915">
    <p class='ocr_par' dir='ltr' id='par_1_22' title="bbox 1581 2881 1646 2915">
     <span class='ocr_line' id='line_1_91' title="bbox 1581 2881 1646 2915; baseline 0 0"><span class='ocrx_word' id='word_1_401' title='bbox 1581 2881 1646 2915; x_wconf 89' lang='lat'>34*</span> 
     </span>
    </p>
   </div>
  </div>
 </body>
</html>
