2040 2976
187 201 255 236 318

874 201 929 232 ὃς.
956 198 1095 231 ‹Im-dis
1120 199 1224 231 Jcsu.

189 301 310 341 Jesu:
343 297 531 350 amplius
559 297 658 337 lava
685 309 756 337 me
784 295 840 337 ab
867 295 1020 346 iniqui-

188 359 278 397 tate
296 367 404 403 mea,
425 359 468 395 et
489 366 513 394 a
531 354 718 405 peccato
738 364 838 393 meo
858 351 1020 392 munda

187 425 272 453 me:
306 417 354 452 ut
387 409 643 463 purificatus
676 421 755 461 per
788 414 850 457 te,
886 407 943 449 ad
976 413 1019 449 te

187 468 470 521 purissimum
488 466 657 518 possim
676 465 899 514 accedere,
915 469 958 506 et
976 464 1019 504 in

189 523 334 566 Corde
367 528 444 564 tuo
483 521 685 563 omnibus
722 520 879 576 diebus
916 521 1018 561 vitae

187 594 297 622 meae
317 582 488 621 merear
507 578 718 627 habitare,
740 583 783 620 et
803 583 850 620 ut
869 577 1019 619 videre

187 637 331 686 simul,
357 642 400 678 et
428 636 574 677 facere
600 639 722 676 tuam
748 634 920 676 valeam
945 646 1018 675 vo-

185 693 414 736 luntatem!

241 756 289 806 R.
315 750 436 791 Sicut
459 749 556 790 ovis
576 748 633 790 ad
652 748 919 790 occisionem
943 747 1018 788 du-

187 813 282 849 ctus
308 811 386 854 est,
412 811 456 847 et
479 805 584 846 dum
606 805 720 846 male
744 805 1019 853 tractaretur,

186 876 275 905 non
302 863 472 915 aperuit
498 874 549 902 os
574 875 715 902 suum:
739 859 927 902 traditus
953 865 1020 901 est

186 919 243 962 ad
267 925 467 968 mortem,
490 924 510 946 *
530 918 588 959 Ut
614 918 857 959 vivificaret
879 919 1018 970 popu-

186 977 275 1018 lum
301 989 438 1017 suum.
474 975 520 1025 Y.
535 973 740 1016 Tradidit
764 974 808 1014 in
830 978 1019 1015 mortem

187 1034 376 1074 animam
401 1045 540 1080 suam,
569 1037 612 1073 et
637 1031 750 1073 inter
779 1030 1019 1072 sceleratos

187 1092 417 1142 reputatus
438 1093 515 1130 est.
543 1088 603 1129 Ut
622 1088 876 1129 vivificaret.

480 1147 631 1187 Lectio
653 1148 705 1187 vi.

261 1201 289 1243 d
303 1201 388 1243 hoc
405 1203 519 1243 enim
533 1202 806 1255 perforatum
822 1205 889 1242 est
903 1199 1018 1241 latus

289 1263 423 1307 tuum,
443 1264 491 1300 ut
515 1258 643 1299 nobis
662 1259 863 1310 patescat
887 1257 1018 1298 intro-

184 1314 282 1356 itus.
323 1314 396 1355 Ad
424 1314 510 1356 hoc
534 1314 813 1355 vulneratum
838 1318 905 1355 est
931 1313 1019 1354 Cor

185 1376 318 1420 tuum,
335 1376 383 1412 ut
402 1371 445 1411 in
465 1370 552 1421 illo,
568 1376 612 1412 et
629 1370 674 1411 in
692 1375 736 1411 te
757 1369 812 1412 ab
833 1370 1018 1427 exterio-

184 1427 304 1468 ribus
314 1427 722 1480 perturbationibus
739 1426 933 1468 absoluti
944 1425 1018 1467 ha-

184 1483 326 1525 bitare
362 1486 596 1536 possimus.
640 1482 938 1524 Nihilominus
976 1488 1020 1524 et

184 1542 425 1593 propterea
450 1541 728 1582 vulneratum
754 1545 838 1589 est,
865 1544 914 1581 ut
938 1552 1019 1592 per

185 1597 342 1638 vulnus
362 1597 533 1638 visibile
553 1596 711 1638 vulnus
731 1596 893 1637 amoris
912 1596 1017 1636 invi-

185 1654 310 1695 sibile
329 1652 570 1695 videamus.
605 1652 841 1703 Quomodo
861 1652 932 1694 hic
953 1665 1017 1693 ar-

186 1710 268 1752 dor
277 1710 432 1751 melius
449 1710 622 1751 ostendi
632 1715 792 1763 potest,
802 1709 886 1751 nisi
898 1709 1019 1762 quod

184 1780 273 1808 non
310 1767 454 1808 solum
490 1779 667 1819 corpus,
700 1779 854 1808 verum
888 1766 1018 1807 etiam

184 1823 330 1875 ipsum
359 1823 445 1864 Cor
481 1823 636 1864 lancea
667 1822 889 1864 vulnerari
920 1835 1018 1874 per-

184 1878 324 1921 misit?
345 1879 530 1921 Carnale
550 1892 656 1930 ergo
676 1879 844 1930 vulnus,
860 1878 1018 1921 vulnus

185 1936 412 1988 spirituale
437 1936 639 1978 ostendit.
670 1937 777 1986 Quis
800 1935 909 1977 illud
931 1936 1018 1978 Cor

184 1998 275 2034 tam
294 1992 570 2034 vulneratum
588 2005 677 2034 non
697 1991 875 2044 diligat?
911 1993 1018 2043 Quis

184 2054 275 2090 tam
295 2061 445 2090 amans
460 2062 548 2090 non
563 2047 784 2090 redamet?
805 2049 912 2099 Quis
926 2054 1018 2090 tam

186 2110 355 2147 castum
373 2118 461 2146 non
480 2103 796 2158 amplectatur?
825 2105 922 2147 Nos
940 2106 1016 2157 igi-

185 2167 256 2204 tur
293 2161 437 2203 adhuc
472 2162 515 2202 in
553 2164 742 2215 corpore
778 2164 1017 2212 manentes,

188 2222 399 2270 quantum
422 2220 671 2271 possumus,
695 2220 903 2268 amemus,
921 2217 1018 2260 red-

186 2276 393 2324 amemus,
408 2274 725 2326 amplectamur
741 2274 1018 2316 vulneratum

185 2335 396 2380 nostrum,
425 2332 545 2382 cujus
572 2331 696 2384 impii
723 2332 931 2383 agricolae
956 2331 1017 2373 fo-

186 2386 345 2428 derunt
371 2399 527 2428 manus
561 2392 604 2428 et
636 2387 791 2439 pedes,
825 2387 941 2429 latus
974 2391 1018 2428 et

186 2443 286 2484 Cor:
318 2446 590 2495 stemusque,
625 2447 674 2484 ut
702 2456 779 2484 cor
805 2448 1017 2493 nostrum,

187 2499 344 2541 durum
365 2498 510 2540 adhuc
529 2504 572 2541 et
590 2499 881 2552 impoenitens,
901 2501 1017 2540 amo-

186 2556 246 2597 ris
270 2555 337 2597 sui
359 2555 535 2597 vinculo
561 2558 873 2607 constringere,
899 2561 943 2597 et
963 2556 1018 2607 ja-

188 2611 287 2654 culo
302 2611 533 2653 vulnerare
551 2611 764 2663 dignetur.
793 2612 935 2662 Quam
951 2624 1018 2652 ca·
1074 2621 1078 2648 J
1105 2621 1162 2649 aa>

187 2668 363 2710 ritatem
391 2668 552 2710 Christi
587 2668 814 2720 patientis,
851 2672 896 2709 et
935 2680 1018 2720 pro

187 2724 360 2775 generis
388 2723 565 2765 humani
597 2724 900 2776 redemptione
929 2736 1019 2764 mo-
1083 2738 1091 2752 2

1073 295 1235 345 rientis‚
1261 300 1396 347 atque
1419 296 1464 336 in
1491 309 1584 337 suae
1607 296 1762 338 mortis
1788 309 1906 338 com-⁴

1072 352 1438 394 memorationem
1470 353 1736 395 instituentis
1764 365 1905 394 sacra-

1072 410 1267 449 mentum
1291 409 1491 460 corporis
1515 414 1559 451 et
1578 409 1800 460 sanguinis
1826 409 1904 460 sui,

1073 470 1120 506 ut
1151 464 1304 506 fideles
1338 464 1420 506 sub
1454 465 1718 506 sanctissimi
1748 465 1906 507 Cordis

1074 521 1276 573 symbolo
1293 520 1496 564 devotius
1516 534 1568 563 ac
1585 521 1824 563 ferventius
1841 523 1904 564 re-

1074 577 1232 627 colant,
1244 577 1529 631 ejusdemque
1544 578 1712 620 fructus
1726 577 1905 620 uberius

1073 634 1334 686 percipiant,
1365 634 1567 676 Clemens
1596 634 1792 676 decimus
1818 636 1904 677 ter-

1072 690 1159 732 tius
1206 690 1410 732 Pontifex
1445 691 1664 732 Maximus
1709 689 1905 742 ejusdem

1073 748 1335 788 sanctissimi
1362 747 1518 789 Cordis
1542 747 1703 789 festum
1727 746 1904 800 quibus-

1073 803 1174 845 dam
1190 804 1443 856 petentibus
1454 804 1664 845 Ecclesiis
1680 802 1906 846 celebrare

1072 861 1281 912 permisit,
1301 873 1353 902 ac
1373 860 1562 913 denique
1581 860 1740 902 Sumus
1759 860 1905 902 Ponti-

1072 916 1144 957 fex
1163 917 1267 957 Pius
1286 929 1428 958 nonus
1447 917 1555 958 illud
1579 916 1637 958 ad
1656 916 1906 958 universam

1073 973 1270 1015 extendit
1289 973 1544 1015 Ecclesiam.

1127 1035 1177 1085 Rp.
1194 1030 1379 1081 Magnus
1398 1030 1626 1077 Dominus
1647 1034 1691 1071 et
1708 1028 1904 1071 laudabi-

1072 1085 1125 1126 lis
1149 1086 1293 1127 nimis:
1320 1092 1342 1115 *
1362 1086 1420 1128 Et
1444 1086 1672 1139 sapientiae
1699 1087 1791 1137 ejus
1816 1098 1905 1127 non

1073 1147 1147 1184 est·
1157 1146 1376 1184 nnmerus.
1404 1141 1455 1193 Y.
1474 1143 1660 1193 Magnus
1675 1142 1904 1191 Dominus,

1072 1203 1116 1240 et
1140 1211 1299 1250 magna
1318 1200 1456 1242 virtus
1477 1200 1580 1252 ejus,
1607 1204 1651 1240 et
1675 1198 1904 1252 sapientiae

1072 1255 1164 1306 ejus
1189 1268 1278 1297 non
1303 1261 1370 1298 est
1396 1255 1506 1296 finis.
1541 1255 1610 1296 Et.
1650 1255 1802 1297 Gloria
1825 1254 1905 1295 Pa-

1071 1312 1137 1353 tri.
1167 1312 1234 1354 Et.

1290 1377 1339 1416 In
1366 1378 1437 1416 ΙΙΙ.
1467 1378 1691 1418 Nocturno.

1127 1438 1225 1478 Ant.
1258 1437 1527 1480 Annuntiate
1553 1437 1608 1479 de
1633 1437 1704 1479 die
1723 1438 1767 1478 in
1787 1436 1904 1479 diem

1072 1494 1264 1536 salutare
1284 1495 1386 1546 ejus.

1124 1550 1224 1592 Ant.
1246 1550 1443 1592 Adorate
1460 1564 1559 1593 eum
1578 1563 1731 1593 omnes
1746 1548 1905 1601 Angeli

1073 1608 1180 1660 ejus:
1200 1607 1378 1658 audivit,
1398 1612 1443 1650 et
1461 1607 1613 1650 laetata
1632 1611 1700 1648 est
1718 1607 1835 1648 Sion.

1124 1663 1224 1704 Ant.
1276 1663 1493 1706 Viderunt
1534 1676 1687 1706 omnes
1729 1662 1905 1705 termini

1070 1725 1200 1762 terrae
1221 1720 1412 1762 salutare
1431 1721 1516 1762 Dei
1534 1720 1684 1762 nostri.

1126 1772 1177 1824 V.
1200 1777 1268 1817 Ex
1287 1776 1392 1818 Sion
1412 1777 1585 1830 species
1605 1776 1780 1818 decoris
1802 1775 1904 1827 ejus.

1073 1835 1123 1873 R·.
1148 1833 1270 1875 Deus
1289 1838 1441 1875 noster
1458 1833 1688 1875 manifeste
1707 1831 1866 1875 veniet.

1072 1907 1228 1949 Lectio
1252 1907 1394 1949 sancti
1414 1905 1902 1958 Evangeliisecundum

1374 1963 1399 2004 J
1401 1965 1598 2006 oannem.

1148 2032 1300 2073 Lectio
1323 2034 1390 2073 vii.
1606 2033 1786 2085 Cap.19.
1802 2033 1826 2073 f.

1068 2089 1146 2195 In
1169 2093 1244 2135 illo
1269 2095 1486 2146 tempore:
1517 2094 1541 2134 J
1545 2093 1672 2142 udeei,
1697 2092 1905 2144 quoniam

1143 2152 1385 2203 parasceve
1405 2154 1510 2199 erat,
1530 2154 1579 2191 ut
1600 2161 1690 2190 non
1709 2150 1902 2191 remane-

1069 2211 1168 2249 rent
1183 2207 1227 2248 in
1243 2219 1373 2248 cruce
1389 2208 1580 2259 corpora
1594 2202 1783 2247 sabbato
1795 2206 1904 2256 (erat

1070 2263 1187 2305 enim
1204 2275 1390 2314 magnus
1410 2261 1504 2304 dies
1523 2261 1596 2304 ille
1616 2261 1817 2312 sabbati),
1835 2273 1904 2302 ro-

1069 2320 1282 2370 gaverunt
1299 2318 1500 2368 Pilatum,
1525 2323 1574 2360 ut
1600 2318 1905 2370 frangerentur

1071 2378 1225 2418 eorum
1244 2388 1382 2425 crura,
1402 2380 1447 2416 et
1465 2375 1735 2416 tollerentur.
1763 2372 1820 2414 Et
1839 2374 1903 2414 re-

1069 2432 1200 2484 liqua.

1076 2501 1266 2544 Homilia
1275 2501 1416 2542 sancti
1431 2499 1668 2552 Augustini
1677 2497 1903 2551 Episcopi.

1190 2565 1393 2599 Tractatus
1421 2565 1564 2653 120.lin
1589 2563 1789 2651 Jominssgi.
1840 2610 1849 2619 ·

1130 2621 1177 2662 =‘„·
1206 2626 1286 2655 nus
1301 2613 1487 2654 militum
1524 2614 1659 2653 ancea
1694 2623 1719 2651 a
1771 2623 1792 2651 s
1812 2622 1903 2661 ejus

1132 2632 1192 2743 522¹!
1232 2670 1418 2722 aperuit,
1451 2674 1495 2710 et
1525 2669 1734 2709 continuo
1768 2666 1903 2707 exivit

1074 2649 1076 2661 l
1106 2657 1146 2736 Q
1175 2659 1197 2706 ,Ἀ

1176 2736 1193 2746 “
1231 2725 1408 2776 sanguis
1441 2730 1485 2767 et
1518 2735 1643 2776 aqua.
1688 2721 1903 2772 Vigilanti
