2040 2976
538 232 716 268 Officium
739 231 916 267 votivum
940 230 988 265 de
1012 230 1201 264 Passione
1225 230 1270 264 D.
1289 230 1335 264 N.
1356 229 1389 263 J.
1412 229 1451 263 C.

187 326 397 368 Clamabo
417 324 475 367 ad
489 325 633 366 Deum
652 324 926 366 altissimum:
942 324 966 350 *

133 383 278 424 Deum
299 382 373 434 qui
391 381 608 426 benefecit
626 380 742 421 mihi.

185 438 305 480 Misit
325 437 380 480 de
401 438 526 487 coelo,
551 442 595 479 et
613 436 815 479 liberavit
834 448 920 477 me:
942 436 966 461 *

134 494 256 537 dedit
295 495 340 535 in
381 493 670 547 opprcbrium
709 492 966 534 conculcan-

133 556 201 593 tes
228 563 310 592 me.

186 607 306 649 Misit
324 607 445 648 Deus
466 603 814 646 misericcrdiam
833 616 967 653 suam,

136 669 179 705 et
197 664 426 705 veritatem
445 674 578 711 suam,
594 663 617 688 *
637 666 681 702 et
701 659 860 713 eripuit
879 659 967 700 ani-

134 732 251 761 mam
282 732 426 760 meam
454 717 509 759 de
542 716 689 759 medio
722 715 968 758 catulcrum

134 776 326 817 le6num:
354 773 542 816 dormivi
570 773 868 815 conturbatus.

186 831 284 872 Filii
332 830 558 871 hcminum
607 829 760 871 dentes
815 831 968 870 e6rum

135 900 256 929 arma
274 893 318 929 et
338 889 524 937 sagittae:
543 887 567 913 *
587 891 631 928 et
649 885 796 936 lingua
816 887 967 926 ecrum

135 943 309 995 gladius
338 946 504 984 acutus.

186 1000 395 1041 Exaltare
430 1010 563 1051 super
599 997 738 1038 coelos
769 997 909 1038 Deus:
943 998 968 1023 *

136 1061 180 1098 et
205 1056 250 1096 in
277 1067 452 1097 omnem
477 1061 640 1095 terram
667 1052 808 1103 glcria
834 1058 921 1094 tua.

186 1112 414 1164 Laqueum
463 1111 730 1162 paraverunt
774 1108 967 1161 ‘pedibus

135 1168 263 1209 meis:
291 1168 315 1194 *
344 1171 388 1209 et
415 1167 752 1208 incurvaverunt
781 1166 968 1206 animam

134 1237 289 1266 meam.

186 1279 413 1322 Foderunt
439 1284 538 1321 ante
562 1279 719 1320 faciem
741 1291 885 1320 meam
908 1279 967 1320 f6-

135 1349 277 1379 veam:
305 1338 329 1364 *
357 1341 402 1378 et
427 1334 672 1377 inciderunt
699 1335 742 1374 in
771 1347 878 1375 eam.

187 1394 393 1435 Paratum
418 1405 494 1434 cor
516 1404 663 1433 meum
686 1391 819 1441 Deus,
844 1394 968 1444 para-

135 1454 228 1491 tum
248 1462 326 1491 cor
344 1462 505 1491 meum:
528 1450 552 1476 *
572 1447 772 1498 cantabo,
793 1452 836 1489 et
854 1448 968 1500 psal-

135 1519 256 1547 mum
284 1505 437 1547 dicam.

188 1563 389 1613 Exsurge
433 1561 573 1613 glcria
617 1573 736 1610 mea,
783 1563 969 1611 exsurge

135 1618 392 1671 psalterium
417 1623 460 1660 et
485 1617 664 1660 cithara:
689 1619 713 1645 *
737 1620 970 1667 exsurgam

138 1673 344 1717 diluculo.

191 1730 447 1773 Confitebor
477 1730 559 1773 tibi
591 1730 636 1771 in
671 1730 849 1783 p6pulis
882 1730 970 1770 Do-

136 1787 268 1829 mine:
295 1788 320 1815 *
345 1792 389 1829 et
412 1787 631 1840 psalmum
656 1786 800 1828 dicam
823 1786 903 1828 tibi
927 1786 971 1826 in

139 1843 369 1886 Gentibus:

191 1900 407 1950 Quoniam
433 1900 713 1950 magnificata
739 1904 806 1940 est
830 1910 971 1949 usque

139 1955 196 1998 ad
215 1956 354 1997 coelos
373 1956 675 1997 misericordia
692 1960 779 2005 tua,
797 1955 821 1981 *
841 1960 884 1996 et
902 1967 971 1995 us-

140 2025 226 2064 que
254 2012 312 2053 ad
338 2012 478 2054 nubes
505 2012 667 2053 veritas
693 2016 780 2052 tua.

191 2068 398 2110 Exaltare
432 2081 565 2121 super
602 2067 740 2109 coelos
772 2067 913 2107 Deus:
948 2066 972 2091 *

140 2129 185 2166 et
204 2137 338 2178 super
357 2137 534 2166 omnem
549 2130 713 2166 terram
730 2123 869 2174 glcria
885 2127 972 2164 tua.

195 2182 295 2223 Ant.
326 2180 422 2222 Filii
453 2180 679 2222 hcminum
712 2179 867 2221 dentes
900 2181 970 2220 ec-

140 2250 236 2278 rum
272 2249 394 2278 arma
430 2242 474 2279 et
510 2239 702 2287 sagittae,
747 2240 791 2277 et
826 2235 973 2286 lingua

142 2295 294 2334 ecrum
322 2292 494 2345 gladius
520 2296 686 2334 acutus.

195 2349 294 2390 Ant.
323 2349 609 2392 Intenderunt
628 2362 787 2390 arcum.

414 2404 614 2445 Psalmus
635 2406 700 2445 63.

143 2458 359 2563 Exaudi
394 2463 517 2504 Deus
553 2462 797 2503 oraticnem
830 2473 974 2501 meam

239 2531 338 2560 cum
367 2517 595 2570 deprecor:
622 2518 646 2543 *
675 2530 700 2558 a
727 2517 884 2558 timore
912 2516 972 2556 in-

143 2574 260 2616 imici
279 2575 399 2626 eripe
420 2574 608 2615 animam
626 2586 781 2615 meam.

194 2630 433 2671 Protexisti
458 2642 530 2671 me
559 2643 585 2670 a
612 2631 830 2671 conventu
854 2628 972 2669 mali-

144 2686 383 2738 gnantium:
402 2686 426 2711 *
446 2698 471 2726 a
493 2685 770 2727 multitudine
791 2687 973 2737 operan-

144 2743 253 2785 tium
270 2741 554 2794 iniquitatem.

1072 323 1183 372 Quia
1203 324 1471 364 exacuerunt
1495 326 1543 363 ut
1561 320 1756 372 gladium
1773 319 1851 360 lin-

1019 391 1127 429 guas
1168 392 1283 420 suas:
1319 380 1343 405 *
1379 377 1659 420 intenderunt
1702 389 1852 417 arcum

1019 448 1113 476 rem
1141 438 1354 485 amaram,
1388 439 1437 476 ut
1469 437 1677 485 sagittent
1708 433 1752 474 in
1781 445 1851 474 oc-

1022 491 1149 532 cultis
1176 491 1515 532 immaculatum.

1072 547 1226 589 Subito
1252 547 1521 598 sagittabunt
1546 559 1661 596 eum,
1696 551 1740 587 et
1763 558 1852 586 non

1019 603 1254 645 timebunt:
1282 604 1305 629 *
1334 603 1618 644 firmaverunt
1650 602 1733 643 sibi
1765 609 1851 643 ser-

1019 662 1196 701 monem
1214 672 1414 711 nequam.

1071 716 1371 757 Narraverunt
1389 720 1437 756 ut
1452 714 1776 755 abscenderent
1794 714 1853 755 la-

1022 785 1173 825 queos:
1184 772 1207 797 *
1220 771 1437 812 dixerunt:
1457 771 1563 821 Quis
1574 769 1740 811 videbit
1752 768 1852 811 eos?

1072 828 1263 870 Scrutati
1284 832 1385 868 sunt
1407 827 1674 878 iniquitates:
1694 827 1717 851 *
1738 825 1853 867 defe-

1020 887 1173 927 cerunt
1192 886 1439 925 scrutantes
1460 882 1679 924 scrutinio.

1072 940 1270 982 Accedet
1297 939 1430 981 homo
1460 938 1517 980 ad
1545 951 1622 980 cor
1650 938 1801 979 altum:
1828 938 1852 963 *

1022 1002 1066 1039 et
1086 996 1350 1038 exaltabitur
1368 996 1501 1037 Deus.

1073 1054 1253 1104 Sagittae
1280 1051 1564 1105 parvulcrum
1597 1050 1725 1091 factae
1754 1054 1855 1091 sunt

1020 1110 1163 1162 plagae
1192 1111 1358 1150 ecrum:
1378 1109 1401 1134 *
1426 1113 1469 1149 et
1492 1107 1725 1148 infirmatae
1754 1110 1855 1147 sunt

1022 1170 1175 1207 contra
1195 1178 1272 1207 eos
1291 1165 1450 1214 linguae
1471 1166 1634 1205 ecrum.

1076 1221 1335 1263 Conturbati
1354 1226 1455 1262 sunt
1474 1232 1626 1261 omnes
1649 1220 1722 1271 qui
1738 1219 1854 1260 vide-

1021 1279 1128 1320 bant
1153 1291 1245 1319 eos:
1263 1278 1287 1303 *
1308 1282 1352 1319 et
1376 1276 1520 1318 timuit
1544 1276 1685 1317 omnis
1709 1275 1855 1316 homo.

1074 1336 1131 1376 Et
1156 1334 1521 1375 annuntiaverunt
1550 1334 1686 1384 cpera
1708 1332 1807 1381 Dei,
1831 1332 1855 1357 *

1023 1396 1067 1433 et
1086 1391 1203 1447 facta
1223 1391 1314 1442 ejus
1332 1389 1650 1431 intellexerunt.

1074 1446 1318 1488 Laetabitur
1342 1446 1480 1498 justus
1506 1445 1550 1485 in
1573 1444 1783 1494 Domino,
1813 1448 1857 1485 et

1024 1503 1220 1556 sperabit
1239 1503 1282 1543 in
1303 1515 1372 1551 eo,
1391 1502 1414 1528 *
1435 1506 1479 1543 et
1498 1500 1793 1543 laudabuntur
1813 1513 1856 1541 o-

1022 1573 1147 1601 mnes
1166 1559 1275 1601 recti
1295 1558 1440 1599 corde.

1078 1617 1177 1659 Ant.
1204 1614 1489 1657 Intenderunt
1518 1627 1668 1655 arcum
1695 1625 1789 1654 rem
1816 1625 1856 1653 a-

1022 1673 1201 1721 maram,
1222 1676 1270 1713 ut
1290 1673 1497 1721 sagittent
1515 1670 1559 1711 in
1578 1669 1763 1711 occultis
1781 1669 1856 1709 im-

1023 1727 1300 1769 maculatum.

1077 1787 1178 1827 Ant.
1206 1786 1366 1825 Factus
1387 1795 1494 1824 sum.

1296 1841 1498 1882 Psalmus
1527 1840 1590 1879 87.

1116 1896 1261 1938 cmine
1284 1896 1406 1937 Deus
1434 1894 1587 1936 salutis
1612 1906 1739 1935 meae:
1766 1893 1790 1918 *
1815 1893 1859 1933 in

1131 1952 1202 1994 die
1218 1952 1415 2001 clamavi,
1431 1957 1476 1992 et
1491 1955 1622 1991 nocte
1638 1962 1787 1991 coram
1802 1954 1858 1990 te.

1077 2010 1217 2050 Intret
1249 2008 1293 2049 in
1330 2008 1573 2059 conspectu
1605 2011 1682 2047 tuo
1716 2005 1858 2047 oratio

1025 2078 1137 2106 mea:
1156 2066 1180 2092 *
1199 2064 1361 2106 inclina
1380 2076 1531 2105 aurem
1549 2067 1671 2104 tuam
1688 2061 1746 2104 ad
1761 2074 1858 2115 pre-

1027 2135 1123 2163 cem
1141 2133 1299 2162 meam:

1079 2177 1191 2228 Quia
1231 2176 1401 2229 repleta
1442 2180 1509 2218 est
1548 2175 1675 2216 malis
1715 2174 1859 2215 anima

1026 2247 1139 2276 mea:
1162 2234 1187 2261 *
1211 2238 1254 2275 et
1277 2233 1367 2274 vita
1385 2245 1484 2274 mea
1507 2232 1676 2274 inferno
1701 2243 1859 2283 appro—

1025 2290 1267 2344 pinquavit.

1078 2346 1340 2388 AEstimatus
1359 2358 1456 2387 sum
1476 2358 1576 2387 cum
1593 2343 1858 2386 descenden-

1026 2402 1143 2444 tibus
1168 2403 1213 2443 in
1236 2402 1395 2444 lacum:
1419 2403 1444 2429 *
1466 2401 1608 2443 factus
1629 2414 1726 2442 sum
1746 2400 1860 2441 sicut

1026 2459 1159 2500 homo
1176 2458 1271 2500 sine
1285 2457 1514 2510 adjuterio,
1530 2458 1644 2499 inter
1658 2458 1858 2497 m6rtu0s

1027 2514 1148 2557 liber.

1079 2571 1201 2613 Sicut
1219 2570 1436 2613 vulnerati
1452 2569 1721 2612 dormientes
1735 2568 1779 2608 in
1795 2579 1858 2608 se-

1027 2627 1240 2680 pulchris,
1276 2640 1463 2679 quorum
1494 2639 1582 2667 non
1614 2638 1661 2666 es
1690 2636 1859 2665 memor

1028 2684 1230 2736 amplius:
1252 2683 1277 2710 *
1301 2688 1345 2725 et
1367 2683 1453 2736 ipsi
1473 2682 1529 2723 de
1550 2681 1776 2722 manu'tua
1794 2692 1858 2721 re-

1026 2740 1143 2793 pulsi
1162 2744 1273 2782 sunt.
