2040 2976
499 198 602 231 Infra
629 194 923 232 Hebdomadam
948 199 996 232 iv.

451 294 602 334 Lectio
623 294 676 333 iii.

146 346 215 451 In
238 352 441 394 Omnibus
467 364 645 404 quoque
669 352 752 393 viis
777 352 866 393 suis
885 352 970 392 Da-

202 409 278 450 vid
297 407 538 462 prudenter
558 407 732 459 agebat,
760 413 804 449 et
822 407 971 448 Dami-

139 478 222 506 nus
242 469 336 506 erat
356 477 455 505 cum
473 476 538 505 eo.
565 463 690 505 Vidit
706 466 855 519 itaque
871 463 973 504 Saul

142 520 264 573 quod
286 520 483 573 prudens
508 525 625 561 esset
647 519 792 570 nimis,
822 524 866 560 et
886 532 971 560 coe-

139 577 206 629 pit
232 578 389 618 cavere
414 589 524 617 eum.
562 575 714 616 Omnis
743 580 890 616 autem
910 576 971 615 Is-

139 632 231 673 rael
256 638 300 674 et
318 632 430 674 Juda
457 631 668 683 diligebat
690 631 850 672 David:
877 631 972 683 ipse

141 688 256 729 enim
282 687 613 739 ingrediebatur
648 691 692 728 et
720 686 972 738 egredieba-

138 749 210 785 tur
230 748 330 785 ante
350 756 440 785 eos.
466 744 678 795 Dixitque
692 742 796 784 Saul
815 742 872 784 ad
887 744 972 784 Da-

139 799 229 841 vid:
256 800 375 841 Ecce
401 800 493 840 filia
517 812 616 840 mea
641 800 779 851 major
806 799 972 846 Merob‚

139 856 283 908 ipsam
311 855 427 898 dabo
453 856 535 897 tibi
561 857 759 896 uxorem:
787 858 973 897 tantum-

140 910 275 952 modo
303 917 399 953 esto
424 911 491 953 vir
517 911 662 961 fortis,
695 916 739 953 et
769 911 973 963 praeliare

139 966 257 1009 bella
275 968 465 1009 Domini.
499 968 602 1009 Saul
627 973 774 1009 autem
797 970 972 1020 reputa-

140 1022 228 1073 bat,
248 1023 414 1066 dicens:
441 1024 544 1065 Non
563 1024 620 1065 sit
638 1037 793 1064 manus
811 1036 911 1065 mea
929 1025 973 1064 in

141 1091 253 1130 eum,
272 1080 352 1122 sed
373 1080 428 1122 sit
444 1093 576 1132 super
593 1092 693 1121 eum
707 1092 861 1120 manus
876 1079 973 1120 Phi-

138 1134 427 1178 listhinorum.

195 1197 248 1247 Rt·
270 1196 388 1238 Audi
406 1195 607 1237 D6mine.
627 1196 721 1236 180.

353 1308 517 1344 Feria
547 1307 760 1355 Quinta.

277 1364 344 1405 De
362 1363 476 1406 libro
495 1363 639 1416 primo
660 1363 844 1414 Regum.

246 1428 399 1469 Lectio
419 1428 443 1468 i.
688 1428 791 1478 Cap.
811 1428 868 1467 19.

154 1507 214 1565 1
229 1495 386 1534 00111115
405 1498 472 1534 051
491 1498 637 1535 autem
652 1492 755 1534 Saul
774 1491 831 1533 ad
845 1492 868 1532 J
872 1493 972 1533 ona-

154 1548 217 1586 ηἐξ]
244 1547 351 1590 111311
369 1548 507 1590 filium
528 1562 665 1598 suum,
686 1553 729 1590 et
749 1547 806 1589 ad
821 1560 973 1589 omnes

143 1617 297 1646 servos
320 1617 441 1654 suos,
466 1609 515 1646 ut
541 1603 795 1646 occiderent
817 1602 973 1658 David.

141 1659 282 1701 Porro
308 1660 520 1704 Jonathas
553 1660 670 1701 filius
693 1659 798 1701 Saul
825 1659 973 1710 dilige-

142 1715 220 1757 bat
243 1715 390 1757 David
414 1716 555 1758 valde.
593 1717 651 1757 Et
675 1715 884 1757 indicavit
902 1716 927 1755 J
930 1717 973 1756 ό-

142 1770 298 1813 nathas
317 1771 478 1822 David,
498 1771 664 1814 dicens:
683 1771 853 1822 Quaerit
871 1771 975 1812 Saul

142 1833 269 1880 pater
301 1840 424 1869 meus
457 1828 661 1870 occidere
693 1833 752 1870 te:
786 1829 973 1879 quapro-

110 1883 112 1886 ’
141 1887 242 1936 pter
266 1883 456 1926 observa
478 1889 540 1934 te,
567 1896 738 1936 quaeso,
760 1895 905 1933 mane,
932 1888 975 1925 et

141 1938 340 1981 manebis
357 1940 481 1989 clam,
500 1944 544 1981 et
559 1938 857 1981 absconderis.
877 1939 974 1989 Ego

144 1999 291 2036 autem
322 1994 551 2046 egrediens
589 1995 717 2037 stabo
749 1995 869 2047 juxta
899 2007 973 2046 pa-

142 2055 255 2092 trem
286 2064 446 2102 meum,
493 2052 538 2092 in
570 2064 676 2102 agro
709 2051 974 2101 ubicumque

143 2106 294 2148 fueris:
322 2112 366 2148 et
392 2119 474 2158 ego
499 2107 656 2159 loquar
682 2106 737 2148 de
760 2111 805 2148 te
825 2105 882 2147 ad
900 2118 974 2158 pa·

143 2166 257 2203 trem
289 2175 450 2204 meum:
489 2167 533 2205 et
571 2162 883 2216 quodcumque
915 2163 974 2202 vi-

145 2216 266 2268 dero,
284 2218 495 2260 nuntiabo
512 2218 604 2260 tibi.

198 2276 252 2328 R.
274 2278 541 2335 Praeparate.
560 2279 645 2320 177.

356 2387 359 2390 .
459 2348 610 2392 Lectio
630 2348 669 2387 ii.

148 2404 368 2509 Locutus
390 2419 457 2456 est
473 2427 577 2466 ergo
592 2413 802 2455 Jonathas
819 2411 875 2454 de
889 2414 974 2454 Da-

250 2469 325 2510 vid
355 2470 473 2512 bona
502 2470 560 2511 ad
583 2469 687 2510 Saul
711 2474 882 2520 patrem
907 2482 974 2510 su-

145 2537 236 2565 um:
269 2525 467 2577 dixitque
493 2526 550 2566 ad
576 2538 690 2566 eum:
722 2524 790 2564 Ne
815 2536 975 2575 pecces

147 2592 226 2621 rex
254 2580 299 2620 in
330 2593 505 2622 servum
530 2586 654 2622 tuum
679 2579 840 2629 David,
874 2580 976 2632 quia

147 2647 236 2676 non
267 2636 470 2688 peccavit
501 2635 597 2684 tibi,
637 2640 680 2676 et
717 2637 852 2687 Opera
885 2636 975 2687 ejus

146 2690 264 2732 bona
300 2696 401 2732 sunt
434 2691 516 2733 tibi
547 2690 688 2732 valde.
740 2690 798 2730 Et
827 2691 976 2740 posuit

303 2826 368 2851 Pars
382 2827 492 2853 AEstiva.

1023 197 1112 242 post
1138 200 1216 234 Oct.
1244 201 1501 235 Pentecostcs.
1787 200 1856 242 189

1025 294 1214 336 animam
1234 309 1359 351 suam
1378 298 1419 337 in
1440 311 1570 339 manu
1590 312 1678 349 sua,
1700 305 1743 340 et
1759 313 1854 351 per-

1026 351 1162 392 cussit
1181 351 1499 403 philisthaeum,
1522 359 1566 395 et
1586 355 1688 396 fecit
1705 356 1855 396 Domi-

1025 420 1106 447 nus
1133 407 1320 449 salatem
1344 422 1547 460 magnam
1571 411 1775 452 universo
1795 412 1855 452 Is-

1025 462 1146 503 raeli:
1173 463 1339 514 vidisti,
1361 470 1404 506 et
1421 465 1595 507 laetatus
1616 479 1674 507 05.
1711 468 1856 517 Quare

1026 531 1133 569 ergo
1162 532 1323 572 peccas
1351 521 1394 561 in
1428 522 1637 572 sanguine
1665 523 1856 573 innoxio,

1026 575 1294 616 interficiens
1314 576 1473 627 David,
1502 578 1575 629 qui
1600 583 1667 619 est
1690 579 1857 630 absque

1026 629 1178 683 culpa?
1221 632 1351 682 Quod
1384 645 1483 674 cum
1515 633 1711 675 audisset
1742 635 1857 684 Saul,

1025 686 1225 739 placatus
1272 688 1382 730 voce
1419 690 1443 729 J
1447 690 1640 740 (mathae,
1687 691 1857 742 juravit:

1026 743 1148 785 Vivit
1158 744 1385 794 Dominus,
1403 745 1505 796 quia
1519 758 1607 786 non
1622 746 1857 788 occidetur.

1083 805 1134 856 Ru
1154 805 1275 845 Deus
1296 806 1498 846 Omnium.
1519 807 1601 846 177.

1334 877 1487 918 Lectio
1507 878 1561 917 iii.

1131 944 1253 983 otum
1286 948 1352 984 est
1385 948 1530 985 autem
1564 957 1736 986 rursum
1767 946 1856 988 bel-

1148 998 1253 1039 lum:
1286 1004 1329 1040 et
1358 1001 1560 1050 egressus
1585 1001 1748 1052 David,
1780 1016 1857 1054 pu-

1025 1054 1175 1104 gnavit
1207 1054 1418 1096 adversus
1452 1055 1729 1098 Philisthiim:
1761 1071 1857 1110 per·
1910 1079 1912 1083 ν

1027 1112 1252 1162 cussitque
1279 1124 1356 1152 eos
1379 1111 1510 1163 plaga
1533 1125 1706 1164 magna,
1736 1119 1779 1154 et
1797 1114 1857 1154 fu·
1908 1112 1911 1114 ’

1026 1167 1182 1215 gerunt
1210 1179 1236 1206 a
1263 1166 1374 1207 facie
1403 1167 1504 1218 ejus.
1545 1168 1602 1209 Et
1627 1168 1767 1210 factus
1792 1175 1858 1211 est

1027 1221 1206 1273 spiritus
1224 1222 1404 1263 Domini
1422 1223 1562 1263 malus
1581 1223 1624 1264 in
1643 1224 1756 1265 Saul.
1784 1225 1855 1266 Se-

1027 1276 1160 1318 debat
1179 1282 1326 1318 autem
1345 1277 1389 1317 in
1409 1277 1542 1319 domo
1563 1291 1657 1329 sua,
1678 1284 1721 1320 et
1739 1282 1855 1321 tene-

1026 1331 1102 1373 bat
1127 1332 1339 1374 lanceam:
1367 1346 1503 1385 porro
1530 1334 1675 1375 David
1699 1335 1856 1387 psalle-

1026 1388 1103 1429 bat
1128 1402 1260 1429 manu
1285 1402 1375 1429 sua.
1411 1389 1634 1442 Nisusque
1663 1396 1729 1432 est
1755 1391 1858 1432 Saul
1908 1431 1910 1433 ,

1027 1444 1248 1495 configere
1267 1444 1414 1494 David
1437 1445 1590 1487 lancea
1613 1447 1657 1486 in
1676 1450 1857 1498 pariete,

1027 1505 1071 1541 et
1104 1499 1341 1542 declinavit
1367 1501 1515 1543 David
1548 1515 1573 1542 a
1601 1502 1712 1544 facie
1740 1503 1858 1544 Saul:

1026 1555 1180 1597 lancea
1210 1562 1357 1598 autem
1391 1570 1517 1598 casso
1550 1558 1729 1600 vulnere
1761 1572 1857 1611 per-

1026 1612 1116 1653 lata
1136 1617 1202 1653 est
1215 1612 1259 1652 in
1273 1614 1498 1665 parietem,
1518 1618 1561 1655 et
1576 1614 1722 1655 David
1735 1615 1855 1665 fugit,

1028 1673 1071 1709 et
1091 1668 1285 1709 salvatus
1305 1674 1372 1710 est
1391 1674 1521 1710 nocte
1540 1669 1625 1710 illa.

1081 1723 1133 1775 R.
1155 1724 1384 1765 D6minus.
1404 1725 1489 1765 177.

1233 1835 1418 1871 Feria
1454 1828 1655 1872 Sexta.

1165 1891 1230 1932 De
1248 1891 1362 1946 libro
1382 1892 1525 1943 primo
1546 1894 1728 1944 Regum.

1134 1954 1288 1996 Lectio
1308 1955 1332 1994 i.
1562 1954 1665 2006 Cap.
1684 1955 1756 1993 20.

1039 2019 1208 2094 1-11311
1241 2024 1387 2084 autem
1418 2019 1563 2088 D'avid
1597 2019 1652 2061 de
1684 2021 1857 2085 Najoth‚

1040 2096 1042 2112 1
1059 2089 1111 2112 {sn
1135 2089 1233 2127 quae
1253 2081 1320 2117 est
1338 2089 1382 2130 111
1402 2075 1634 2126 Ramatha,
1662 2078 1856 2118 vemens-

1029 2144 1114 2183 que
1150 2131 1324 2173 locutus
1365 2136 1431 2173 est
1468 2144 1618 2173 coram
1654 2132 1679 2172 J
1681 2131 1857 2173 onatha:

1029 2187 1144 2236 Quid
1169 2186 1273 2228 feci?
1301 2199 1401 2238 quae
1426 2192 1494 2228 est
1518 2187 1726 2239 iniquitas
1749 2201 1857 2237 mea,

1029 2248 1072 2284 et
1088 2242 1208 2294 quod
1222 2245 1455 2295 peccatum
1469 2255 1616 2284 meum
1629 2243 1673 2283 in
1686 2249 1857 2295 patrem

1027 2303 1165 2348 tuum,
1187 2299 1288 2350 quia
1308 2299 1465 2350 quaerit
1485 2299 1674 2339 animam
1693 2298 1856 2340 meam?

1028 2354 1113 2403 Qui
1137 2354 1247 2395 dixit
1274 2354 1327 2395 ei:
1355 2353 1503 2403 Absit,
1530 2366 1619 2395 non
1641 2354 1857 2395 morieris:

1027 2422 1171 2461 neque
1187 2409 1302 2450 enim
1316 2409 1448 2450 faciet
1463 2414 1589 2461 pater
1603 2422 1726 2450 meus
1743 2409 1857 2460 quid·

1030 2478 1161 2516 quam
1174 2464 1340 2515 grande
1356 2464 1426 2505 vel
1440 2477 1627 2517 parvum
1640 2465 1724 2504 nisi
1734 2465 1855 2516 prius

1026 2519 1288 2562 indicaverit
1301 2520 1421 2560 mihi:
1439 2520 1554 2561 hunc
1574 2532 1678 2570 ergo
1699 2519 1856 2560 celavit

1027 2589 1098 2617 me
1117 2581 1244 2628 pater
1263 2588 1386 2617 meus
1406 2578 1653 2616 sermonem
1670 2577 1854 2616 tantum-

1027 2631 1186 2673 modo?
1214 2631 1506 2682 Nequaquam
1525 2630 1606 2671 erit
1624 2629 1751 2671 istud.

1085 2691 1135 2742 R.
1157 2691 1380 2732 Percussit
1398 2691 1512 2732 Saul.
1532 2690 1618 2730 178.

1586 2813 1664 2858 13*.
1685 2814 1698 2824 ·
