2040 2976
521 189 591 222 Die
615 190 670 222 28.
696 189 797 230 Maii.
844 188 878 222 S.
906 187 1114 230 Augustini
1140 188 1267 230 Episc.
1294 194 1329 221 et
1354 188 1461 222 Conf.

140 282 233 322 raci
265 281 542 332 contulisset,
575 286 798 333 quotquot
831 294 886 323 ex
917 281 970 322 iis

139 336 296 379 morbo
335 336 484 389 aliquo
518 336 663 379 affecti
695 342 835 387 erant,
872 350 971 379 cum

140 393 297 434 animae
317 393 469 443 salute,
489 394 689 446 corporis
709 406 887 446 quoque
906 406 970 434 sa-

140 449 323 490 nitatem
355 452 578 502 recepisse
616 450 841 491 memoriae
871 451 970 502 pro-

140 504 280 546 ditum
303 511 380 547 est.
415 506 440 546 J
442 518 547 547 ussu
571 506 774 557 Gregorii
798 504 970 547 ordina-

137 565 208 602 tus
245 563 499 614 episcopUS,
536 561 688 604 sedem
721 561 970 603 Cantuariae

138 616 324 658 instituit
346 617 390 658 in
414 617 600 659 ecclesia
617 617 860 659 Salvatoris
878 630 904 658 a
923 630 970 659 se

139 674 295 723 erecta,
313 673 359 714 in
379 685 465 725 qua
483 673 724 715 monachos
742 673 889 726 operis
904 673 970 714 sui

140 728 428 771 subsidiarios
466 729 716 780 collocavit,
753 735 797 772 et
831 730 970 771 sancti

138 785 258 826 Petri
271 786 597 836 monasterium,
618 785 739 838 quod
752 788 912 839 postea
927 790 970 827 et

141 854 166 882 a
191 853 273 882 suo
296 841 471 883 nomine
496 841 662 884 dictum
689 847 773 891 est,
801 842 846 882 in
871 841 969 883 sub-

139 896 318 938 urbanis
350 898 606 940 construxit.
646 897 771 940 Idem
805 898 970 949 Grego-

139 953 230 994 rius
254 966 381 994 usum
406 953 530 1006 pallii
556 967 656 996 cum
675 954 884 996 facultate
904 967 970 995 ec-

140 1008 400 1051 clesiasticae
436 1009 694 1052 hierarchiae
729 1010 774 1051 in
810 1010 971 1061 Anglia

138 1064 418 1107 instituendae
446 1066 486 1107 ei
514 1067 750 1116 concessit,
780 1079 867 1118 quo
896 1079 970 1107 no-

138 1133 238 1161 vam
281 1122 412 1163 etiam
455 1123 758 1174 operariorum
794 1135 971 1163 manum

136 1176 269 1226 misit,
315 1190 473 1230 nempe
509 1178 740 1228 Mellitum,
786 1179 970 1227 Justum,

136 1232 375 1283 Paulinum,
398 1238 441 1275 et
459 1234 754 1275 Rufinianum.

189 1303 242 1354 Rz.
274 1302 410 1343 Posui
438 1302 702 1355 adjutorium
733 1315 865 1356 super
892 1315 969 1356 po-

136 1358 318 1408 tentem,
360 1363 404 1399 et
448 1358 639 1400 exaltavi
683 1359 872 1401 electum
913 1359 969 1401 de

136 1412 267 1466 plebe
303 1413 418 1466 mea:
460 1417 484 1442 *
523 1414 680 1456 Manus
716 1415 831 1457 enim
871 1428 970 1457 mea

136 1469 414 1511 auxiliabitur
459 1470 509 1512 ei.
549 1467 600 1519 V.
628 1471 781 1513 Inveni
824 1470 970 1513 David

136 1537 311 1567 servum
343 1538 505 1576 meum,
545 1527 645 1568 oleo
681 1533 834 1570 sancto
868 1540 968 1569 meo

135 1581 239 1622 unxi
258 1594 369 1623 eum.
423 1582 578 1624 Manus
600 1583 726 1624 enim.

437 1668 591 1710 Lectio
611 1670 665 1710 vi.

138 1732 420 1838 Dispositis
457 1737 548 1788 ejus
584 1738 783 1780 ecclesiae
820 1738 967 1787 rebus,

238 1791 456 1844 synodum
505 1792 658 1836 habuit
695 1794 968 1846 Augustinus

136 1860 237 1889 cum
274 1849 497 1901 episcopis
538 1854 671 1902 atque
709 1849 968 1893 doctoribus

135 1905 334 1945 veterum
353 1904 599 1956 Britonum,
629 1907 704 1958 qui
721 1907 766 1947 in
784 1906 968 1948 Paschae

136 1959 430 2002 celebratione
475 1961 659 2014 aliisque
709 1962 866 2004 ritibus
912 1963 967 2004 ab

134 2015 334 2057 Ecclesia
348 2016 550 2058 Romana
567 2017 823 2069 jamdudum
844 2018 966 2060 dissi-

136 2071 309 2114 debant.
346 2071 435 2114 Sed
458 2085 558 2114 cum
583 2086 661 2115 eos
684 2087 828 2127 neque
847 2074 967 2127 Apo-

137 2127 306 2169 stolicae
342 2127 469 2170 Sedis
505 2130 787 2180 auctoritate,
823 2143 968 2182 neque

135 2183 356 2225 miraculis
382 2186 562 2226 movere
589 2190 744 2238 posset
771 2191 820 2227 ut
844 2185 967 2228 dissi-

137 2237 213 2280 dio
241 2241 483 2291 cessarent,
518 2241 782 2294 prophetico
811 2242 968 2294 spiritu

136 2295 199 2336 eis
228 2294 448 2336 excidium
474 2297 797 2348 praenuntiavit.
837 2297 967 2338 Deni-

137 2363 223 2402 que
246 2351 449 2392 maximis
472 2364 555 2404 pro
576 2352 750 2394 Christo
776 2353 967 2395 exantla-

135 2407 192 2448 tis
206 2406 442 2457 laboribuS,
461 2407 680 2449 miraculis
696 2409 851 2458 clarus,
868 2422 967 2450 cum

135 2461 351 2504 Mellitum
360 2462 629 2504 Londinensi
643 2464 841 2505 ecclesiae
856 2477 966 2517 prae-

137 2518 324 2568 fecisset,
339 2518 364 2558 J
366 2523 514 2559 ustum
529 2518 738 2570 Roffensi,
753 2533 845 2561 suae
855 2520 966 2561 Lau-

137 2574 339 2623 rentium,
365 2573 409 2614 in
435 2574 597 2615 coelum
614 2575 819 2626 migravit
838 2576 966 2628 septi-

136 2642 210 2671 mo
242 2629 469 2671 Kalendas
501 2630 527 2670 J
528 2630 668 2679 unias,
707 2630 966 2673 Ethelberto

137 2687 364 2736 regnante,
385 2698 436 2727 ac
456 2685 655 2738 sepultus
674 2691 741 2728 est
758 2686 801 2727 in
819 2699 966 2729 mona-

1024 280 1158 322 sterio
1194 280 1335 321 sancti
1366 280 1504 330 Petri,
1541 280 1662 332 quod
1698 281 1856 322 exinde

1024 336 1403 378 Cantuariensium
1429 336 1687 378 Antistitum
1710 342 1753 378 et
1782 337 1855 378 ali-

1024 397 1133 444 quot
1152 404 1306 442 regum
1325 391 1618 433 conditorium
1633 393 1724 435 fuit.
1751 394 1856 445 Ejus

1023 448 1189 490 cultum
1209 447 1393 488 ferventi
1409 447 1555 489 studio
1570 453 1855 501 prosequutae

1023 509 1124 545 sunt
1143 503 1388 554 Anglorum
1406 508 1575 554 gentes,
1600 517 1652 545 ac
1671 505 1763 547 Leo
1784 505 1855 547 de-

1024 560 1161 601 cimus
1202 559 1358 601 tertius
1395 560 1599 601 Pontifex
1637 561 1855 602 Maximus

1024 617 1114 667 ejus
1130 615 1335 657 Officium
1354 619 1398 656 et
1412 615 1592 656 Missam
1611 616 1668 658 ad
1687 618 1855 659 univer-

1023 685 1117 713 sam
1136 670 1333 712 extendit
1351 671 1605 712 Ecclesiam.

1079 735 1129 785 R.
1152 731 1242 773 Iste
1262 736 1330 772 est
1349 731 1434 782 qui.
1454 731 1538 783 [54]

1240 813 1289 851 In
1316 813 1387 851 III.
1417 813 1640 852 Nocturno.

1024 875 1177 917 Lectio
1203 875 1590 972 sanctiffvangelfi
1615 876 1855 918 secundum

1389 944 1526 973 ucam.

1128 1005 1281 1047 Lectio
1305 1007 1371 1046 vii.
1568 1008 1670 1058 Cap.
1692 1009 1752 1046 10.

1070 1079 1099 1106 n
1126 1065 1202 1107 illo
1231 1068 1448 1118 tempore:
1480 1066 1741 1118 Designavit
1767 1067 1854 1108 Do-

1084 1122 1228 1163 minus
1244 1127 1288 1164 et
1305 1121 1416 1163 alios
1434 1125 1714 1175 septuaginta
1730 1122 1855 1164 duos:

1023 1183 1068 1219 et
1082 1178 1201 1219 misit
1218 1178 1318 1219 illos
1337 1178 1467 1220 binos
1490 1184 1590 1220 ante
1610 1179 1768 1220 faciem
1788 1191 1854 1219 su-

1023 1247 1108 1284 am,
1132 1234 1177 1274 in
1197 1247 1373 1276 omnem
1393 1235 1617 1276 civitatem
1637 1240 1680 1276 et
1698 1235 1854 1283 locum,

1024 1303 1112 1342 quo
1132 1295 1227 1332 erat
1245 1291 1341 1343 ipse
1358 1294 1578 1332 venturus.
1604 1291 1662 1332 Et
1676 1290 1855 1342 reliqua.

1074 1371 1264 1412 Homilia
1285 1372 1424 1413 sancti
1443 1372 1649 1424 Gregorii
1667 1373 1812 1425 Papae.

1202 1441 1373 1476 Homiliu
1400 1442 1449 1476 17.
1474 1443 1513 1476 in
1539 1443 1683 1485 Evang.

1060 1510 1145 1546 r&
1158 1502 1331 1543 ominus
1373 1507 1416 1543 et
1451 1502 1653 1544 Salvator
1692 1508 1854 1552 noster,

1060 1549 1149 1606 s*
1173 1557 1329 1599 fratres
1358 1559 1587 1608 carissimi,
1617 1558 1854 1610 aliquando

1036 1618 1037 1621 ’
1061 1620 1062 1625 ’
1084 1607 1148 1639 Ἀ
1173 1627 1254 1655 nos
1288 1614 1580 1664 sermonibus,
1617 1615 1854 1667 aliquando

1022 1682 1128 1711 vero
1158 1670 1367 1723 operibus
1397 1670 1617 1713 admonet.
1662 1672 1767 1723 Ipsa
1796 1673 1854 1712 et-

1022 1725 1138 1767 enim
1177 1726 1294 1767 facta
1336 1727 1427 1778 ejus
1468 1729 1695 1780 praecepta
1737 1732 1854 1768 sunt:

1022 1781 1124 1833 quia
1139 1779 1244 1823 dum
1259 1782 1425 1834 aliquid
1441 1783 1603 1824 tacitus
1618 1782 1733 1832 facit,
1750 1782 1855 1834 quid

1021 1838 1152 1888 agere
1182 1837 1422 1879 debeamus
1451 1838 1696 1879 innotescit.
1738 1838 1853 1879 Ecce

1021 1892 1136 1934 enim
1150 1893 1278 1935 binos
1293 1893 1337 1934 in
1352 1894 1712 1946 praedicationem
1728 1894 1853 1935 disci-

1019 1948 1150 2000 pulos
1169 1949 1315 1991 mittit:
1340 1950 1443 2002 quia
1463 1949 1551 1992 duo
1570 1955 1671 1992 sunt
1688 1953 1852 2003 praece-

1020 2009 1099 2057 pta
1127 2005 1340 2055 caritatis,
1374 2006 1459 2047 Dei
1486 2006 1692 2048 videlicet
1719 2019 1853 2055 amor,

1021 2065 1065 2102 et
1092 2061 1297 2113 proximi:
1332 2067 1376 2103 et
1408 2062 1551 2103 minus
1580 2075 1713 2115 quarn
1740 2063 1854 2104 inter

1021 2116 1134 2158 duos
1177 2117 1338 2159 caritas
1378 2117 1531 2160 haberi
1571 2131 1658 2159 non
1693 2123 1853 2171 potest.

1019 2172 1163 2214 Nemo
1198 2172 1314 2214 enim
1346 2174 1528 2227 proprie
1561 2174 1618 2215 ad
1651 2177 1851 2226 semetip-

1020 2241 1117 2269 sum
1135 2228 1299 2270 habere
1324 2230 1553 2271 caritatem
1576 2229 1749 2272 dicitur:
1775 2230 1853 2271 sed

1004 2283 1200 2326 >dilectio
1220 2285 1265 2325 in
1284 2285 1471 2327 alterum
1488 2286 1646 2336 tendit,
1673 2292 1722 2328 ut
1746 2286 1851 2328 cari-

1020 2344 1089 2381 tas
1110 2353 1207 2382 esse
1226 2341 1378 2394 possit.

1074 2410 1124 2460 R.
1150 2409 1329 2451 Amavit
1347 2422 1448 2452 eum
1467 2411 1700 2460 Dominus,
1723 2415 1767 2452 et
1786 2423 1851 2452 or-

1020 2465 1142 2506 navit
1178 2477 1292 2506 eum:
1335 2466 1496 2508 stolam
1527 2467 1680 2518 gloriae
1711 2466 1851 2507 induit

1021 2533 1130 2570 eum,
1148 2522 1171 2546 *
1192 2521 1249 2562 Et
1268 2521 1326 2563 ad
1343 2527 1497 2574 portas
1516 2522 1709 2574 paradisi
1728 2534 1850 2563 coro-

1019 2577 1140 2618 navit
1155 2590 1265 2618 eum.
1287 2574 1338 2623 ys,
1357 2578 1506 2620 Induit
1521 2591 1622 2620 eum
1635 2578 1852 2618 Dominus

1019 2632 1202 2674 loricam
1225 2633 1348 2683 fidei,
1376 2639 1420 2675 et
1444 2635 1617 2675 ornavit
1640 2646 1750 2675 eum.
1793 2633 1851 2673 Et

1020 2688 1078 2730 ad
1095 2694 1259 2741 portas.
