2040 2976
646 220 718 254 Die
744 219 794 254 12.
818 218 997 262 Augusti.

142 310 285 361 giens,
330 309 374 350 in
410 311 705 363 campestrem
741 308 976 351 declinavit

143 366 385 417 ecclesiam,
409 366 560 418 ibique
584 365 638 408 ab
664 365 822 408 eedem
839 365 973 407 beato

141 424 376 466 Francisco
392 425 571 476 recepta
582 425 776 473 tonsura,
792 435 974 464 consan-

142 480 312 531 guineis
327 480 471 533 ipsam
486 479 699 522 reducere
714 479 974 521 conantibus

142 537 313 579 fertiter
333 537 507 579 restitit.
538 536 596 578 Et
620 535 810 588 denique
831 535 888 578 ad
908 549 974 578 ec-

144 593 323 635 clesiam
368 593 508 635 sancti
542 592 746 634 Damiani
779 592 860 634 fuit
895 605 975 645 per

144 649 348 692 eumdem
367 649 575 700 adducta,
601 648 676 691 ubi
701 649 740 690 ei
759 649 974 690 Deminus

143 706 292 759 plures
313 707 458 748 socias
478 706 744 757 aggregavit,
769 710 813 747 et
831 706 894 747 sic
913 706 974 758 ip-

144 776 193 804 sa
212 765 435 804 sacrarum
451 764 654 804 soterum
669 761 902 813 collegium
915 762 974 803 in-

144 819 296 869 stituit,
314 831 498 872 quarum
511 818 717 869 regimen,
734 818 866 860 nimia
881 831 975 859 san-

145 876 204 918 cti
237 876 460 918 Francisci
505 875 680 918 devicta
719 875 975 928 importuni-

145 934 252 983 tate,
278 932 456 985 recepit.
499 933 635 974 Suum
661 932 976 974 monasterium

145 988 332 1031 sollicite
373 1002 425 1031 ac
461 988 702 1042 prudenter
738 989 782 1030 in
817 989 975 1031 timo‘re

144 1045 334 1095 Demini,
350 1058 402 1087 ac
416 1045 548 1098 plena
558 1044 725 1087 ordinis
741 1045 975 1087 observan-

143 1102 215 1152 tia,
239 1102 362 1144 annis
387 1101 677 1154 quadraginta
701 1102 876 1145 duabus
900 1103 974 1144 mi-

144 1157 341 1200 rabiliter
355 1157 634 1210 gubernavit:
650 1159 742 1211 ejus
757 1159 872 1201 enim
887 1159 977 1200 vita

144 1219 238 1256 erat
254 1214 349 1256 aliis
365 1215 554 1257 eruditio
571 1219 615 1256 et
632 1214 844 1265 doctrina,
860 1215 977 1257 unde

146 1274 304 1314 ceterae
315 1271 492 1314 vivendi
508 1271 705 1323 regulam
717 1272 977 1314 didicerunt.

201 1348 254 1399 Εἰ,
282 1342 472 1395 Propter
504 1342 750 1393 veritatem,
784 1347 828 1384 et
860 1355 976 1383 man-

146 1397 439 1448 suetudinem,
468 1403 512 1440 et
538 1399 761 1450 justitiam:
784 1399 880 1441 *Et
906 1398 978 1441 de-

147 1454 279 1497 ducet
309 1460 354 1497 te
385 1455 641 1497 mirabiliter
678 1455 861 1498 dextera
892 1461 978 1497 tua.

150 1512 202 1564 V.
223 1512 380 1565 Specie
399 1517 476 1554 tua
497 1517 541 1554 et
559 1512 884 1566 pulchritudine
903 1518 978 1555 tua

145 1568 340 1619 intende,
367 1571 581 1622 prospere
607 1569 816 1623 procede,
845 1574 889 1612 et
912 1583 976 1612 re-

146 1638 242 1676 gna.
270 1626 327 1668 Et
347 1625 548 1670 deducet.

458 1719 612 1761 Lectio
632 1733 670 1760 v.

236 1789 255 1827 t
279 1797 410 1827 carne
436 1784 664 1837 depressa,
692 1785 850 1838 spiritu
879 1797 979 1827 con-

260 1841 515 1892 valesceret,
539 1841 702 1884 nudam
721 1842 911 1892 humum,
936 1847 980 1884 et

147 1899 367 1941 interdum
401 1900 620 1941 sarmenta
649 1912 732 1951 pro
762 1899 878 1941 lecto
906 1899 979 1941 ha-

149 1955 294 2005 bebat,
318 1960 362 1997 et
385 1968 468 2008 pro
493 1955 714 2008 pulvinari
732 1955 813 1997 sub
834 1957 980 2009 capite

150 2012 308 2054 durum
340 2012 517 2063 lignum.
570 2012 668 2054 Una
701 2013 850 2054 tunica
881 2026 981 2055 cum

117 2072 120 2075 ⁴
150 2068 359 2110 mantello
385 2068 440 2111 de
464 2068 540 2110 vili
565 2073 608 2111 et
633 2068 809 2122 hispido
834 2082 980 2122 panno

150 2125 374 2175 utebatur,
407 2127 566 2178 aspero
596 2125 739 2168 cilicio
771 2129 981 2167 nonnum-

153 2195 284 2234 quam
296 2181 493 2224 adhibito
506 2184 625 2235 juxta
636 2195 824 2224 carnem.
839 2183 983 2224 Tanta

152 2238 439 2280 sefraenabat
464 2238 746 2290 abstinentia,
773 2244 823 2281 ut
847 2239 982 2292 longo

152 2297 354 2348 tempore
372 2294 512 2337 tribus
534 2296 578 2336 in
595 2295 878 2339 hebdomada
897 2295 983 2338 die-

154 2352 236 2394 bus
259 2351 365 2393 nihil
387 2352 562 2404 penitus
585 2366 667 2405 pro
692 2353 759 2394 sui
783 2353 983 2405 cerporis

155 2409 360 2450 alimento
376 2409 632 2459 gustaverit:
649 2409 827 2462 reliquis
839 2414 985 2451 autem

155 2465 312 2507 diebus
345 2464 423 2506 tali
458 2477 505 2506 se
540 2465 740 2507 ciberum
766 2465 985 2518 parvitate

155 2524 435 2572 restringens,
454 2526 502 2563 ut
518 2521 627 2571 aliae,
646 2522 872 2574 quemodo
887 2522 985 2564 sub·

156 2581 311 2620 sistere
334 2580 522 2630 peterat,
546 2578 818 2620 mirarentur.
851 2579 986 2620 Binas

157 2635 393 2686 quotannis
439 2635 690 2686 (antequam
734 2637 986 2687 aegrotaret)

158 2691 516 2743 quadragesimas
545 2690 641 2732 solo
667 2703 781 2743 pane
807 2697 851 2733 et
873 2705 988 2744 aqua

157 2747 321 2790 refecta
347 2747 574 2799 jejunabat.
607 2747 780 2799 Vigiliis
808 2749 988 2801 insuper

1044 217 1079 252 S.
1105 216 1232 252 Clarae
1255 215 1361 259 Virg.
1787 209 1860 247 501

1028 313 1073 351 et
1105 307 1378 350 oratienibus
1407 309 1584 351 assidue
1619 309 1785 362 dedita,
1817 311 1860 352 in

1027 365 1095 407 his
1130 367 1356 418 praecipue
1385 365 1479 406 dies
1514 368 1756 419 noctesque
1791 381 1861 409 ex-

1026 421 1262 475 pendebat.
1298 421 1491 463 Diutinis
1525 423 1739 475 perplexa
1773 424 1861 465 lan-

1028 478 1250 530 guoribus,
1280 491 1379 519 cum
1405 477 1461 520 ad
1488 479 1745 521 exercitium
1769 493 1861 522 cor-

1028 535 1182 588 porale
1206 548 1294 576 non
1318 540 1473 588 posset
1498 538 1678 586 surgere
1706 549 1786 589 per
1815 550 1861 579 se
1930 540 1934 543 ’

1030 593 1189 645 ipsam,
1219 593 1423 633 sorerum
1451 591 1659 644 suffragio
1688 593 1862 635 levaba-

1028 654 1114 699 tur,
1144 654 1187 690 et
1211 648 1476 691 fulcimentis
1504 649 1561 690 ad
1588 654 1761 700 tergum
1790 664 1862 703 ap-

1029 705 1206 758 pesitis,
1241 704 1474 747 laborabat
1507 707 1700 758 prepriis
1729 708 1863 748 mani-

1028 762 1123 811 bus,
1148 775 1203 804 ne
1223 762 1267 803 in
1286 762 1376 803 suis
1396 762 1528 803 etiam
1549 768 1667 804 esset
1687 763 1863 804 infirmi-

1029 819 1194 861 tatibus
1218 819 1374 860 otiosa.
1407 819 1612 860 Amatrix
1635 823 1864 873 praecipua

1030 876 1322 930 paupertatis,
1351 875 1406 918 ab
1437 888 1488 917 ea
1516 888 1599 929 pro
1627 877 1746 918 nulla
1772 891 1863 918 um-

1031 945 1163 985 quam
1182 933 1447 974 necessitate
1468 932 1683 983 discessit,
1703 938 1747 975 et
1764 947 1864 986 pos-

1030 990 1251 1031 sessienes
1292 1001 1374 1042 pro
1413 991 1616 1031 sororum
1652 995 1864 1032 sustenta-

1030 1046 1150 1088 tiene
1169 1059 1194 1087 a
1206 1046 1424 1097 Gregerio
1440 1058 1557 1087 nono
1573 1046 1747 1088 oblatas
1763 1060 1864 1088 con-

1031 1103 1298 1145 stantissime
1321 1103 1553 1144 recusavit.

1086 1178 1137 1229 R,
1168 1172 1373 1213 Dilexisti
1399 1172 1623 1224 justitiam,
1662 1177 1706 1214 et
1734 1172 1864 1214 odisti

1031 1229 1322 1281 iniquitatem:
1350 1235 1373 1260 *
1402 1230 1644 1282 Propterea
1672 1230 1796 1271 unxit
1823 1234 1866 1271 te

1031 1286 1171 1335 Deus,
1226 1286 1348 1327 Deus
1393 1291 1494 1327 tuus
1545 1286 1644 1328 eleo
1691 1286 1867 1328 laetitiae.

1034 1344 1086 1395 ΥΤ.
1108 1343 1297 1396 Propter
1326 1343 1569 1393 veritatem,
1598 1347 1642 1384 et
1668 1356 1866 1385 mansue-

1031 1399 1241 1451 tudinem,
1264 1404 1308 1442 et
1325 1400 1542 1452 justitiam.
1570 1401 1824 1453 Propterea.

1338 1490 1490 1532 Lectio
1511 1490 1563 1530 vi.

1036 1556 1242 1662 Multis
1263 1562 1306 1599 et
1328 1557 1459 1599 variis
1483 1557 1708 1599 miraculis
1728 1558 1868 1600 virtus

1162 1628 1253 1656 suae
1283 1615 1529 1656 sanctitatis
1558 1614 1733 1656 effulsit.
1772 1615 1868 1656 Cui-

1034 1672 1136 1714 dam
1170 1671 1225 1713 de
1259 1671 1490 1713 soreribus
1519 1671 1586 1712 sui
1613 1672 1869 1713 monasterii

1032 1728 1255 1781 loquelam
1287 1728 1479 1770 restituit
1511 1728 1779 1781 expeditam:
1812 1729 1868 1770 al-

1031 1786 1116 1827 teri
1144 1798 1295 1827 aurem
1324 1784 1503 1827 surdam
1532 1786 1721 1838 aperuit:
1749 1786 1869 1827 labo-

1033 1845 1205 1884 rantem
1219 1842 1352 1892 febre,
1372 1844 1615 1884 tumentem
1629 1842 1868 1896 hydrepisi,

1032 1899 1255 1952 plagatam
1275 1899 1433 1949 fistula,
1458 1899 1655 1951 aliasque
1676 1899 1772 1940 aliis
1793 1912 1868 1952 op-

1033 1958 1212 2009 pressas
1226 1956 1511 2007 langueribus
1527 1955 1742 1998 liberavit.
1766 1957 1868 1998 Fra-

1033 2018 1146 2055 trem
1173 2012 1229 2054 de
1253 2013 1407 2055 ordine
1427 2013 1648 2054 Minerum
1677 2013 1731 2055 ab
1758 2013 1870 2054 insa-

1034 2069 1118 2110 niae
1142 2070 1349 2122 passiene
1375 2069 1558 2111 sanavit.
1594 2069 1704 2111 Cum
1724 2069 1869 2111 eleum

1035 2126 1079 2166 in
1106 2126 1375 2168 monasterio
1402 2126 1597 2169 totaliter
1624 2126 1870 2175 defecisset,

1037 2183 1166 2224 Clara
1185 2183 1358 2235 accepit
1378 2186 1569 2234 urceum,
1594 2187 1727 2236 atque
1752 2184 1870 2232 lavit,

1037 2245 1081 2282 et
1103 2239 1306 2281 inventus
1333 2245 1400 2282 est
1427 2239 1538 2290 eleO,
1564 2239 1782 2282 beneficio
1810 2241 1870 2282 di-

1036 2299 1150 2338 vinae
1186 2296 1418 2347 largitatis,
1458 2297 1677 2355 impletus.
1732 2298 1871 2339 Unius

1037 2353 1163 2406 panis
1198 2353 1480 2396 medietatem
1518 2353 1631 2396 adeo
1665 2354 1870 2407 multipli-

1037 2410 1171 2460 cavit,
1207 2414 1255 2452 ut
1289 2409 1518 2452 soreribus
1554 2410 1870 2463 quinquaginta

1039 2466 1270 2508 suffecerit.
1303 2467 1533 2509 Saracenis
1553 2467 1772 2508 Assisium
1797 2466 1870 2508 ob-

1038 2522 1294 2574 sidentibus,
1319 2529 1364 2565 et
1388 2523 1530 2565 Clarae
1555 2523 1871 2565 monasterium

1038 2579 1247 2621 invadere
1281 2580 1558 2630 conantibus,
1592 2593 1710 2631 aegra
1738 2592 1786 2621 se
1814 2578 1871 2620 ad

1038 2641 1214 2689 portam
1237 2636 1383 2678 afferri
1407 2637 1557 2686 veluit,
1582 2639 1758 2688 unaque
1781 2648 1871 2684 vas,

1039 2693 1082 2733 in
1112 2706 1199 2745 quo
1229 2694 1553 2735 sanctissimum
1580 2692 1871 2734 Eucharistiae

1040 2752 1361 2792 sacramentum
1372 2755 1466 2792 erat
1479 2750 1706 2800 inclusum,
1719 2748 1869 2800 ibique
