2040 2976
172 205 215 240 4*
858 203 973 237 Festa
997 202 1102 236 ιΙι1111.
1126 203 1203 240 (2⁴5.)

173 300 361 342 stantius
386 298 596 352 perstitit,
625 298 730 340 dum
754 297 936 339 morbus
961 310 1003 339 ο-

173 359 320 398 mnino
377 356 738 406 exstingueretur.
813 354 1004 396 Puerum

174 425 352 466 quoque
385 411 516 454 foedis
549 411 769 453 ulceribus
803 411 1004 453 laboran-

173 475 278 520 tem,
317 482 368 511 ea
404 467 640 510 lambendo
674 468 850 510 sanitati
881 470 1003 510 resti-

172 527 266 569 tuit.
310 525 482 567 Exinde
509 538 715 576 magnum
743 537 840 566 esse
869 525 1004 577 coepit

173 584 216 624 in
242 583 410 625 Baetica
434 582 583 624 Solani
609 594 780 623 nomen.
821 580 908 623 Sed
932 581 1004 623 1116

173 639 398 681 hominum
434 638 588 680 laudes
625 639 871 687 aversatus,
904 638 1004 679 Dei-

175 709 259 748 que
278 695 473 747 gloriam,
492 707 581 736 non
599 707 723 736 suam
742 694 870 736 unice
889 706 1004 746 quae—

173 765 291 803 rens,
320 752 580 805 Superiores
609 751 770 801 oravit,
802 755 850 792 ut
882 763 929 792 se
961 751 1004 792 in

174 809 369 850 Africam
395 811 631 858 mitterent,
661 808 718 849 ad
743 807 1006 850 catholicam

174 866 308 907 fidem
318 864 661 919 praedicandam,
672 877 754 918 pro
766 877 853 917 qua
865 864 1006 914 etiam,

175 924 212 964 si
235 935 283 964 se
304 923 429 964 daret
453 922 646 971 occasio,
670 922 805 963 vitam
827 921 1006 974 profun—

175 979 279 1022 dere
298 978 576 1033 peroptabat.
607 978 819 1020 Missione
838 978 1005 1020 Africa-

175 1049 230 1077 na
245 1049 332 1078 non
346 1037 591 1089 impetrata,
606 1035 916 1076 Americanam
932 1034 1006 1077 ob-

175 1093 320 1143 tinuit,
362 1093 619 1143 magnisque
655 1091 882 1144 periculis,
918 1104 1008 1133 non

175 1150 269 1192 sine
292 1149 522 1198 miraculo,
547 1149 656 1189 mari
680 1150 887 1200 terraque
910 1161 1007 1201 per-

175 1207 360 1257 functus,
381 1206 439 1248 ad
458 1205 541 1247 sibi
555 1207 757 1259 paratam
774 1218 799 1246 a
814 1205 1007 1248 Domino

175 1266 348 1305 vineam
374 1263 503 1305 laetus
532 1263 735 1313 accessit,
769 1275 795 1303 a
822 1275 908 1315 qua
937 1276 1007 1304 co-

175 1319 304 1362 lenda
328 1320 446 1361 nulla
471 1333 570 1362 eum
592 1320 799 1362 itinerum
820 1320 1007 1371 longitu-

177 1377 250 1426 do,
277 1382 352 1418 aut
376 1377 623 1428 vigiliarum
646 1376 851 1418 molestia
874 1382 1007 1419 retar-

180 1432 311 1475 davit.
358 1436 409 1487 R'·
443 1433 621 1475 Amavit
641 1446 751 1475 eum.

479 1494 631 1535 Lectio
653 1494 704 1535 vi.

176 1546 478 1653 Peruanas
473 1547 675 1597 regiones
706 1547 883 1589 assidue
910 1550 1007 1613 per-

280 1616 437 1654 agrans
468 1603 691 1654 ingentem
705 1607 934 1646 numerum
948 1605 1008 1646 in-

176 1660 371 1702 fidelium
418 1659 475 1702 ad
508 1660 730 1703 Christum
775 1662 1007 1712 convertit;

177 1717 440 1758 christianos
473 1730 498 1758 a
530 1717 633 1759 vitae
663 1718 917 1770 impuritate
950 1695 1008 1761 ad

176 1773 453 1816 honestatem
467 1774 634 1826 passim
647 1773 854 1817 traduxit.
879 1775 1007 1828 Saepe

176 1830 219 1871 in
244 1830 467 1881 concione,
493 1844 593 1872 cum
615 1831 798 1884 copiose
823 1831 878 1873 de
896 1832 1006 1882 Deo,

177 1888 356 1940 ejusque
376 1887 558 1938 Virgine
582 1887 721 1930 Matre
745 1888 919 1931 locutus
944 1902 1007 1931 es-

177 1948 255 1993 set,
275 1944 319 1984 in
335 1944 520 1985 extasim
535 1944 799 1997 rapiebatur,
815 1945 1007 1998 aliquan-

179 2000 236 2042 do
275 2000 330 2042 de
363 2001 541 2042 Domini
574 2001 839 2044 cruciatibus
873 2003 1009 2045 verba

177 2057 387 2107 facturus,
411 2070 521 2099 voce
545 2057 737 2100 lacrimis
761 2059 1009 2112 interclusa,

178 2113 447 2156 audientium
472 2114 617 2166 fletus,
646 2128 697 2156 ac
723 2116 913 2167 gemitus
936 2117 1008 2159 eli-

177 2170 331 2213 ciebat.
367 2172 555 2213 Summis
581 2171 759 2214 tandem
783 2173 1010 2216 laboribus

176 2240 259 2280 pro
280 2228 363 2270 Dei
381 2228 520 2279 gloria
539 2229 848 2282 amplificanda
867 2231 1009 2273 confe-

178 2290 290 2334 ctus,
318 2287 594 2337 mortemque
623 2287 910 2339 praesentiens
933 2288 1009 2329 im-

178 2342 433 2391 minentem,
461 2344 745 2385 sacramentis
774 2346 1010 2398 perceptis,

180 2398 237 2440 ad
260 2398 343 2440 iter
362 2398 543 2440 coeleste
569 2412 616 2440 se
642 2402 935 2453 comparavit3
959 2415 1010 2444 ac

179 2459 299 2497 totus
324 2456 368 2496 in
393 2455 586 2497 Domino
612 2457 879 2508 cogitatione
906 2458 1009 2501 defi-

179 2525 277 2562 xus,
309 2512 496 2564 piasque
522 2525 679 2565 preces
708 2514 764 2555 ad
793 2527 891 2556 eum
920 2515 1010 2557 fun-

181 2568 305 2619 dens,
343 2573 387 2611 et
418 2569 462 2610 in
499 2569 639 2611 crucis
676 2570 861 2621 figuram
895 2584 1010 2613 com-

180 2626 336 2678 positis
360 2626 574 2677 manibus,
602 2627 843 2679 exspiravit
868 2629 1011 2670 aetatis

181 2695 295 2723 anno
316 2682 512 2724 secundo
528 2688 571 2725 et
587 2683 871 2733 sexagesimo,
892 2685 1010 2726 Chri-

181 2739 236 2780 sti
251 2738 482 2781 millesimo
501 2740 821 2781 sexcentesimo
839 2739 1010 2783 decimo

1058 304 1196 349 sexto,
1215 299 1313 352 ipso
1333 299 1403 342 die
1424 299 1566 341 sancti
1579 299 1789 342 Doctoris
1803 301 1889 343 Bo-

1057 358 1326 406 naventurae,
1347 368 1478 408 quem
1493 356 1652 398 eximia
1665 356 1831 409 pietate
1845 357 1890 399 in

1059 411 1177 453 omni
1204 411 1295 453 vita
1322 412 1464 454 fuerat
1491 416 1765 465 prosecutus.
1804 414 1889 456 De-

1058 468 1219 510 mortui
1247 469 1387 519 color,
1415 472 1545 512 antea
1569 469 1794 521 subniger,
1823 475 1890 513 est

1058 525 1101 565 in
1129 525 1278 567 album
1305 529 1500 568 mutatus
1525 526 1764 579 vultusque
1793 529 1888 581 spe-

1058 581 1147 624 cies
1167 585 1351 624 venusta
1366 583 1598 625 confestim
1611 584 1828 637 apparuit,
1847 589 1891 627 et

1059 638 1206 680 suavis
1226 638 1339 680 odor
1354 652 1378 681 e
1395 641 1583 693 corpore
1599 640 1736 693 coepit
1751 643 1889 682 erum-

1058 707 1175 747 pere.
1228 697 1278 747 R.
1308 695 1398 738 Iste
1417 695 1562 738 homo.

1112 757 1156 791 In
1179 757 1244 791 111.
1265 757 1466 791 Nocturno
1490 757 1663 791 Homilia
1688 757 1727 790 in
1744 757 1890 801 Evang.

1061 805 1208 839 Euntes
1229 804 1269 839 in
1289 805 1485 841 mundum.
1507 811 1549 840 ut
1569 806 1607 839 in
1626 806 1724 840 festo
1743 806 1799 841 Ss.
1817 805 1890 850 Cy-

1059 853 1153 887 riaci
1171 858 1239 887 etc.
1256 853 1363 887 Mart.
1382 853 1443 887 die
1461 854 1494 888 8.
1511 854 1609 897 Aug.
1634 864 1719 888 cum
1736 854 1816 898 iffi.
1843 854 1890 889 de

1060 901 1207 955 Conim.
1231 902 1339 956 Conf.
1365 912 1443 936 non
1467 902 1578 937 Pont.

1319 954 1402 1014 Die
1420 973 1486 1013 26.
1506 972 1618 1014 sulii
1665 954 1675 956 ”
1707 954 1718 956 ’

1060 1035 1147 1077 (Pro
1172 1033 1412 1074 Archidioec.
1441 1034 1476 1069 S.
1504 1033 1656 1068 Ludox
1648 1044 1697 1068 161
1723 1033 1890 1068 Dioeees.

1208 1082 1428 1117 Richmond
1452 1086 1488 1117 et
1512 1082 1743 1126 Wheeling.)

1062 1139 1230 1180 Octava
1243 1136 1286 1177 S.
1296 1135 1550 1177 Vincentii
1563 1136 1890 1178 aPau10C0nf.

1394 1200 1559 1244 Duplex.

1112 1257 1155 1290 In
1184 1257 1211 1291 Ι.
1236 1256 1347 1291 Noct.
1374 1257 1475 1292 Lect.
1506 1258 1552 1292 de
1578 1259 1715 1302 Script.
1746 1269 1890 1294 occurr.

1276 1319 1326 1358 In
1353 1320 1403 1359 II.
1433 1320 1656 1360 Nocturno.

1094 1384 1246 1424 Sermo
1267 1380 1407 1421 sancti
1425 1379 1639 1423 Bernardi
1659 1380 1860 1423 Abbatis

1227 1444 1359 1479 Sermo
1384 1443 1411 1478 1.
1437 1442 1483 1477 de
1507 1442 1541 1477 S.
1559 1442 1727 1478 Victore.

1363 1496 1545 1537 Lectio
1535 1510 1588 1536 lv.

1083 1564 1157 1604 f
1150 1549 1280 1591 ancti
1305 1549 1526 1592 Vincentii
1554 1550 1646 1592 vita
1678 1555 1723 1593 et
1753 1551 1893 1603 gloria

1072 1590 1157 1662 {2³1³
1181 1605 1397 1658 specialis,
1415 1619 1504 1648 non
1518 1611 1608 1648 tam
1627 1606 1683 1649 ad
1697 1607 1893 1659 gloriam,

1089 1664 1106 1686 ’ἓ
1182 1675 1312 1716 quam
1349 1663 1406 1706 ad
1438 1663 1647 1707 virtutem
1678 1667 1894 1717 provocat

1063 1733 1226 1769 omnes,
1252 1720 1327 1772 qui
1346 1725 1469 1762 recto
1489 1726 1590 1763 sunt
1609 1721 1754 1763 corde.
1790 1721 1893 1764 Non

1062 1777 1172 1818 recti
1189 1776 1331 1830 plane,
1350 1777 1431 1819 sed
1448 1778 1646 1830 perversi
1665 1783 1733 1820 est
1751 1778 1894 1828 animi,

1063 1839 1164 1876 ante
1184 1836 1383 1886 quaerere
1402 1834 1598 1886 gloriam,
1623 1847 1755 1887 quam
1774 1847 1892 1877 exer-

1063 1892 1163 1933 cere
1194 1891 1421 1942 virtutem,
1459 1896 1503 1933 et
1535 1891 1648 1934 velle
1680 1892 1894 1942 coronari,

1064 1947 1139 2000 qui
1150 1947 1343 1999 legitime
1357 1961 1446 1990 non
1458 1949 1704 1991 certaverit.
1718 1949 1894 1991 Vanum

1062 2010 1131 2046 est
1155 2005 1298 2056 vobis,
1326 2005 1482 2058 inquit,
1509 2010 1610 2048 ante
1635 2005 1780 2048 lucem
1803 2009 1893 2047 sur-

1061 2074 1177 2112 gere.
1219 2062 1288 2103 Ita
1313 2067 1392 2103 est.
1433 2062 1613 2104 Frustra
1638 2061 1695 2104 ad
1720 2061 1892 2104 celsitu-

1063 2117 1209 2160 dinem
1227 2118 1378 2160 nititur
1396 2118 1561 2170 gloriae‚
1582 2119 1656 2171 qui
1669 2118 1792 2172 prius
1806 2131 1893 2160 non

1062 2174 1218 2217 claruit
1242 2175 1414 2217 virtute.
1449 2175 1632 2218 Frustra
1655 2175 1788 2217 fatuae
1812 2178 1892 2217 vir-

1061 2232 1185 2283 gines
1202 2245 1367 2285 sponso
1384 2231 1562 2274 obviam
1576 2237 1770 2284 surgunt,
1791 2245 1892 2285 qua-

1062 2301 1158 2330 rum
1194 2287 1423 2342 lampades
1462 2289 1813 2340 exstinguuntur:
1850 2294 1893 2330 et

1062 2344 1163 2387 ideo
1185 2345 1328 2395 fatuae,
1352 2346 1454 2397 quia
1477 2346 1628 2387 vacuis
1651 2345 1894 2398 gloriantur

1062 2401 1352 2455 lampadibus,
1369 2403 1542 2445 virtutis
1559 2403 1704 2445 oleum
1718 2415 1805 2444 non
1819 2401 1892 2443 ha—

1062 2458 1229 2500 bentes.
1280 2461 1326 2510 Ru
1360 2459 1609 2501 Honestum
1633 2459 1747 2501 fecit.

1375 2518 1525 2557 Lectio
1548 2532 1583 2557 v.
1823 2565 1829 2571 ι

1154 2573 1279 2622 irtus,
1306 2571 1469 2623 gradus
1497 2572 1554 2614 ad
1581 2572 1780 2623 gloriam:
1813 2572 1894 2613 vir-

1174 2636 1261 2678 tuS‚
1286 2634 1426 2671 mater
1450 2629 1602 2680 gloriae
1629 2635 1705 2671 est.
1741 2628 1895 2670 Fallax

1062 2686 1203 2736 gloria
1242 2692 1286 2728 et
1329 2699 1440 2727 vana
1486 2691 1553 2727 est
1597 2684 1893 2738 pulchritudo,

1064 2755 1195 2794 quam
1214 2742 1287 2783 illa
1306 2755 1394 2784 non
1413 2742 1658 2795 parturivit.
1691 2741 1793 2784 Sola
1813 2746 1892 2790 est,
