2040 2976
520 226 591 259 Die
616 225 667 258 22.
692 224 790 266 Aug.

375 327 425 366 In
452 327 503 365 II.
527 325 751 365 Nocturno.

212 394 279 433 De
298 390 510 432 Sermene
530 387 670 429 sancti
688 384 905 427 Bernardi

458 443 658 486 Abbatis.

144 510 262 545 Serm.
285 510 315 543 4.
345 510 392 543 dc
417 507 711 551 Asmmptione,
744 505 846 539 circa
875 500 973 536 med.

447 560 600 602 Lectio
621 559 674 598 iv.

148 658 149 661 ,
175 627 250 679 ,χῖ-(ς,
268 628 335 662 on
355 619 421 656 est
440 612 646 666 equidem
666 610 788 663 quod
802 622 873 651 me
884 621 972 650 ma-

148 711 155 727 „
175 683 208 728 2:³2:
226 670 251 737 χΙ
268 690 269 694 ’
292 672 359 724 gis
371 670 572 719 delectet,
588 668 668 710 sed
682 680 764 709 nec
775 671 842 708 est
854 665 974 719 quod

159 725 261 751 ’ἐμ
293 730 456 770 terreat
474 726 630 778 magis,
657 737 788 777 quam
807 722 862 765 de
882 723 972 774 glo-

144 787 208 828 ria
226 785 420 836 Virginis
442 783 595 824 Mariae
620 782 783 823 habere
810 782 973 822 serme-

144 856 256 885 nem.
282 842 400 883 Ecce
419 840 535 882 enim
554 839 591 880 si
609 839 653 880 in
669 851 720 880 ea
734 836 973 880 laudavero

144 899 454 952 virginitatem,
479 896 586 937 mihi
610 895 760 937 multae
783 894 974 946 virgines

143 961 248 1010 post
273 968 369 997 eam
393 952 596 995 videntur
623 952 781 994 offerri.
828 951 874 993 Si
899 951 974 992 hu-

143 1013 375 1054 militatem
400 1009 722 1064 praedicavero,
756 1008 975 1050 invenien-

143 1075 215 1111 tur
243 1069 359 1111 forte
387 1067 458 1109 vel
485 1066 634 1120 pauci,
668 1065 743 1118 qui
771 1064 976 1117 (docente

143 1126 257 1168 Filio
284 1125 390 1178 ejus)
422 1124 551 1165 mites
575 1123 679 1165 facti
703 1127 805 1164 sunt
829 1127 873 1164 et
899 1121 976 1163 h1'1-

144 1182 269 1225 miles
306 1180 451 1224 corde.
505 1181 550 1222 Si
583 1180 866 1231 magnificare
903 1191 976 1220 vo-

145 1241 269 1282 luero
292 1236 607 1280 misericerdiae
629 1238 719 1289 ejus
738 1235 977 1278 multitudi-

146 1310 258 1347 nem,
277 1300 378 1337 sunt
397 1294 534 1347 aliqui
552 1293 867 1335 misericerdiae
884 1292 978 1342 viri,

148 1353 280 1395 etiam
311 1356 354 1393 et
383 1351 600 1393 mulieres.
653 1350 798 1393 Unum
835 1353 902 1390 est
933 1349 978 1389 in

149 1422 237 1462 quo
262 1421 345 1450 nec
366 1408 553 1461 primam
577 1407 762 1449 similem
781 1406 874 1448 visa
900 1410 978 1454 est,

147 1479 229 1508 nec
274 1465 437 1506 habere
489 1466 762 1517 sequentem,
815 1462 978 1514 gaudia

148 1523 303 1564 matris
351 1521 519 1563 habens
569 1534 668 1562 cum
716 1519 976 1571 virginitatis

147 1579 330 1621 honere.
392 1578 544 1619 Mariae
580 1576 857 1630 privilegium
895 1580 978 1625 est,

148 1649 237 1678 non
265 1635 442 1678 dabitur
471 1634 612 1676 alteri:
645 1633 865 1685 singulare
893 1637 978 1682 θεῖ,

150 1692 230 1734 sed
261 1693 469 1734 continuo
503 1691 635 1732 etiam
666 1689 890 1732 indicibile
918 1689 978 1729 in-

149 1752 334 1792 venitur.

201 1805 254 1855 Rz.
273 1806 485 1848 Ornatam
502 1803 738 1846 monilibus
757 1803 892 1844 filiam
911 1803 936 1843 J
939 1815 978 1844 e-

150 1862 342 1904 rusalem
359 1862 575 1904 Deminus
594 1860 862 1913 concupivit:
883 1856 906 1880 *
924 1860 981 1901 Et

150 1919 350 1961 videntes
377 1932 474 1960 eam
498 1918 601 1960 ffliae
627 1918 748 1967 Sion,
781 1917 980 1958 beatissi-

150 1989 267 2017 mam
282 1975 646 2028 praedjcaverunt‚
666 1974 876 2016 dicentes:
895 1973 980 2015 Un-

151 2034 360 2083 guentum
406 2031 592 2074 effusum
642 2043 803 2072 nomen
846 2034 981 2071 tuum.

152 2081 204 2135 V.
228 2089 384 2130 Astitit
408 2090 560 2140 regina
585 2100 610 2129 a
637 2087 804 2129 dextris
827 2087 914 2129 tuis
938 2086 981 2127 in

151 2148 313 2187 vestitu
345 2144 573 2195 deaurato,
608 2142 879 2186 cireamdata
909 2155 981 2184 va-

151 2202 320 2244 rietate.
347 2202 415 2243 Et.

463 2249 616 2290 Lectio
637 2262 674 2289 v.

245 2313 515 2352 eramtamen
532 2323 622 2352 non
640 2310 726 2352 hoc
744 2314 925 2358 tantum,
946 2310 983 2350 si

265 2366 494 2418 diligenter
518 2365 738 2416 attendas,
765 2365 844 2407 sed
870 2367 982 2407 cete-

154 2435 225 2464 ras
279 2434 456 2474 quoque
504 2423 690 2464 virtutes
740 2421 983 2473 singulares

156 2491 339 2532 prorsus
376 2478 570 2520 invenies
609 2479 654 2519 in
685 2478 841 2528 Maria,
884 2491 982 2530 quae

155 2534 419 2576 videbantur
443 2547 540 2576 esse
567 2537 833 2576 commanes.
875 2535 984 2584 Quae

157 2591 272 2632 enim
297 2590 368 2632 vel
392 2590 588 2642 angelica
617 2591 787 2643 paritas
812 2589 983 2641 virgini-

157 2647 239 2688 tati
256 2647 318 2687 illi
336 2646 496 2688 audeat
516 2646 778 2699 comparari,
805 2659 903 2698 quae
924 2646 984 2687 di-

158 2716 243 2754 gna
267 2703 347 2744 fuit
369 2703 557 2756 Spiritus
582 2702 721 2744 sancti
746 2702 986 2743 sacrarium

159 2759 271 2809 fieri,
322 2764 365 2801 et
410 2759 708 2801 habitaculum
744 2758 841 2799 Filii
878 2757 984 2800 Dei?

837 222 879 255 In
906 220 1053 255 Octava
1078 219 1275 261 Assumpt.
1302 218 1341 250 Β.
1368 217 1413 249 M.
1441 216 1483 249 V.

1026 322 1200 372 Quanta
1219 333 1336 370 vero,
1358 325 1402 362 et
1421 333 1552 372 quam
1566 320 1763 373 pretiosa
1783 319 1858 361 hu-

1025 377 1221 419 militatis
1237 378 1375 419 virtus
1395 390 1495 419 cum
1513 382 1635 419 tanta
1655 377 1858 429 puritate,

1027 447 1126 476 cum
1157 435 1409 476 innocentia
1440 438 1578 483 tanta,
1621 447 1720 475 cum
1758 447 1858 475 con-

1027 491 1210 533 scientia
1245 503 1428 543 prorsus
1471 490 1640 542 absque
1678 490 1859 541 delicto,

1025 548 1114 589 imo
1131 561 1230 590 cum
1244 552 1379 589 tantae
1394 547 1550 598 gratiae
1564 547 1859 600 plenitudine?

1028 605 1154 647 Unde
1173 604 1254 647 tibi
1272 604 1506 655 humilitas,
1525 609 1569 646 et
1584 609 1707 646 tanta
1722 604 1859 646 humi-

1026 661 1143 712 litas,
1169 675 1195 703 o
1220 660 1374 704 beata?
1409 661 1555 712 Digna
1578 661 1708 713 plane
1729 675 1861 714 quam

1027 722 1269 773 respiceret
1301 718 1537 768 Deminus‚
1577 719 1698 771 cujus
1731 718 1860 760 dece-

1027 789 1120 818 rem
1131 776 1580 829 concupisceretRex,
1590 777 1710 828 cujus
1722 776 1861 818 odere

1029 834 1290 875 suavissimo
1316 833 1371 875 ab
1398 834 1565 875 aeterno
1590 832 1665 874 illo
1690 834 1862 886 paterni

1030 891 1150 932 sinus
1170 890 1465 932 attraheretur
1484 889 1700 931 accubitu.

1083 953 1133 1004 R.
1155 952 1341 993 Beatam
1359 964 1430 993 me
1451 950 1599 993 dicent
1619 964 1772 993 omnes
1792 964 1862 1002 ge-

1028 1009 1295 1051 nerationes:
1320 1008 1343 1031 *
1370 1009 1483 1059 Quia
1514 1009 1618 1050 fecit
1642 1008 1749 1049 mihi
1774 1009 1862 1050 De-

1029 1067 1173 1107 minus
1204 1079 1364 1117 magna
1396 1066 1470 1118 qui
1502 1070 1662 1119 potens
1698 1070 1780 1115 est,
1820 1070 1863 1107 et

1030 1129 1231 1166 sanctum
1254 1135 1416 1165 nomen
1442 1123 1544 1175 ejus.
1578 1117 1628 1168 Υ.
1655 1122 1713 1165 Εῖ
1737 1123 1863 1164 mise-

1029 1179 1221 1222 ricerdia
1246 1181 1338 1232 ejus
1362 1194 1387 1222 a
1410 1180 1623 1232 progenie
1644 1180 1688 1220 in
1707 1182 1863 1232 proge-

1030 1237 1123 1278 nies
1143 1236 1400 1279 timentibus
1420 1250 1530 1278 eum.
1559 1236 1682 1288 Quia.

1335 1300 1486 1341 Lectio
1509 1300 1560 1338 vi.

1031 1361 1195 1467 Ecce
1219 1365 1304 1417 jam
1325 1364 1483 1417 quibus
1502 1365 1728 1417 potaimus
1748 1365 1865 1406 votis

1123 1421 1434 1464 ascendentem
1458 1427 1502 1463 te
1528 1421 1584 1463 ad
1608 1421 1767 1463 Filium
1792 1422 1864 1463 de·
1914 1469 1915 1472 Ἴ

1033 1478 1253 1529 daximus,
1286 1484 1330 1520 et
1354 1479 1581 1532 prosecuti
1608 1492 1757 1520 sumus
1784 1478 1864 1520 sal-

1032 1541 1122 1578 tem
1142 1550 1167 1578 a
1186 1536 1334 1587 longe,
1360 1536 1500 1587 Virgo
1520 1535 1765 1578 benedicta.
1800 1536 1866 1577 Sit

1032 1593 1211 1646 pietatis
1245 1598 1352 1643 tuae,
1385 1593 1545 1645 ipsam,
1582 1606 1714 1645 quam
1746 1593 1867 1646 apud

1033 1651 1177 1691 Deum
1203 1650 1408 1702 ,gratiam
1449 1650 1671 1700 invenisti,
1716 1656 1867 1692 notam

1033 1707 1178 1749 facere
1197 1706 1380 1757 mundo,
1406 1707 1493 1748 reis
1512 1707 1701 1758 veniam,
1722 1707 1866 1750 mede-

1032 1764 1120 1806 lam
1153 1764 1299 1815 aegris,
1340 1763 1512 1816 pusillis
1544 1764 1680 1805 corde
1712 1763 1867 1818 robur,

1034 1821 1208 1862 afflictis
1229 1821 1594 1870 consolatienem,
1617 1821 1867 1874 periclitan-

1035 1877 1153 1919 tibus
1179 1877 1459 1930 adjuterium,
1490 1882 1533 1919 et
1561 1877 1868 1919 liberatienem

1035 1935 1197 1976 sanctis
1238 1934 1326 1976 tuis
1367 1934 1574 1987 precibus
1614 1933 1867 1976 obtinendo.

1034 1992 1085 2032 In
1109 1991 1192 2033 hac
1218 2004 1394 2044 quoque
1420 1991 1491 2033 die
1511 1990 1805 2033 solemnitatis
1825 1996 1868 2033 et

1034 2048 1200 2090 laetitiae
1221 2047 1521 2090 dulcissimum
1537 2047 1689 2089 Mariae
1706 2061 1868 2090 nomen

1035 2118 1135 2146 cum
1166 2104 1297 2146 laude
1331 2104 1639 2146 invocantibus
1671 2105 1868 2155 servulis,

1035 2174 1116 2214 per
1133 2166 1178 2203 te
1193 2162 1363 2213 Regina
1383 2161 1586 2211 clemens,
1605 2162 1760 2212 gratiae
1776 2175 1868 2203 suae

1034 2223 1217 2260 munera
1249 2219 1461 2270 largiatur
1494 2219 1623 2260 Jesus
1657 2218 1868 2269 Christus,

1035 2275 1172 2316 Filius
1199 2280 1318 2325 tuus,
1346 2275 1562 2316 Dominus
1590 2279 1759 2324 noster,
1794 2275 1868 2327 qui

1037 2337 1104 2373 est
1130 2344 1263 2385 super
1290 2332 1436 2374 emnia
1461 2332 1582 2374 Deus
1607 2331 1867 2374 benedictus

1036 2388 1079 2428 in
1099 2388 1271 2429 saecula.
1299 2389 1453 2430 Amen.
1477 2389 1527 2440 R.
1542 2389 1684 2430 Beata
1699 2401 1758 2429 es.
1779 2388 1868 2428 513.

1267 2463 1316 2501 In
1334 2463 1405 2502 III.
1424 2463 1647 2502 Nocturno.

1038 2523 1189 2566 Lectio
1216 2525 1355 2566 sancti
1373 2524 1600 2576 Evangelii
1626 2524 1869 2566 secundum

1361 2582 1537 2623 Lucam.

1118 2642 1270 2682 Lectio
1291 2641 1362 2681 vii.
1554 2642 1657 2692 Cap.
1673 2641 1736 2678 lo.
1753 2652 1791 2686 g.

1036 2698 1112 2805 In
1130 2703 1206 2745 illo
1231 2705 1447 2756 tempore:
1470 2703 1657 2744 Intravit
1676 2702 1701 2742 J
1704 2714 1804 2742 esus
1823 2701 1868 2740 in

1114 2759 1342 2812 quoddam
1367 2759 1612 2801 castellum:
1640 2763 1684 2799 et
1710 2756 1869 2798 mulier
1916 2802 1917 2805 Ἴ
