<?xml version="1.0" encoding="UTF-8"?>
<!DOCTYPE html PUBLIC "-//W3C//DTD XHTML 1.0 Transitional//EN"
    "http://www.w3.org/TR/xhtml1/DTD/xhtml1-transitional.dtd">
<html xmlns="http://www.w3.org/1999/xhtml" xml:lang="en" lang="en">
 <head>
  <title>
</title>
<meta http-equiv="Content-Type" content="text/html;charset=utf-8" />
  <meta name='ocr-system' content='tesseract 3.04.00' />
  <meta name='ocr-capabilities' content='ocr_page ocr_carea ocr_par ocr_line ocrx_word'/>
</head>
<body>
  <div class='ocr_page' id='page_1' title='image "./p3breviariumroma00cathuoft_0982.png"; bbox 0 0 2040 2976; ppageno 0'>
   <div class='ocr_carea' id='block_1_1' title="bbox 213 215 276 249">
    <p class='ocr_par' dir='ltr' id='par_1_1' title="bbox 213 215 276 249">
     <span class='ocr_line' id='line_1_1' title="bbox 213 215 276 249; baseline 0 0"><span class='ocrx_word' id='word_1_1' title='bbox 213 215 276 249; x_wconf 71' lang='lat'>12*</span> 
     </span>
    </p>
   </div>
   <div class='ocr_carea' id='block_1_2' title="bbox 218 269 1091 390">
    <p class='ocr_par' dir='ltr' id='par_1_2' title="bbox 218 269 1091 390">
     <span class='ocr_line' id='line_1_2' title="bbox 218 269 1091 390; baseline 0 -112"><span class='ocrx_word' id='word_1_2' title='bbox 218 269 1091 390; x_wconf 95' lang='lat' dir='ltr'>  </span> 
     </span>
    </p>
   </div>
   <div class='ocr_carea' id='block_1_3' title="bbox 548 406 706 415">
    <p class='ocr_par' dir='ltr' id='par_1_3' title="bbox 548 406 706 415">
     <span class='ocr_line' id='line_1_3' title="bbox 548 406 706 415; baseline 0 2561"><span class='ocrx_word' id='word_1_3' title='bbox 548 406 706 415; x_wconf 95' lang='lat' dir='ltr'> </span> 
     </span>
    </p>
   </div>
   <div class='ocr_carea' id='block_1_4' title="bbox 483 447 771 490">
    <p class='ocr_par' dir='ltr' id='par_1_4' title="bbox 483 447 771 490">
     <span class='ocr_line' id='line_1_4' title="bbox 483 447 771 490; baseline -0.007 0"><span class='ocrx_word' id='word_1_4' title='bbox 483 449 566 490; x_wconf 91' lang='lat' dir='ltr'>Die</span> <span class='ocrx_word' id='word_1_5' title='bbox 594 449 631 490; x_wconf 88' lang='lat'>3.</span> <span class='ocrx_word' id='word_1_6' title='bbox 659 447 771 489; x_wconf 90' lang='lat' dir='ltr'>Julii.</span> 
     </span>
    </p>
   </div>
   <div class='ocr_carea' id='block_1_5' title="bbox 213 515 1043 1703">
    <p class='ocr_par' dir='ltr' id='par_1_5' title="bbox 316 515 937 624">
     <span class='ocr_line' id='line_1_5' title="bbox 316 515 937 567; baseline -0.006 -9"><span class='ocrx_word' id='word_1_7' title='bbox 316 517 358 558; x_wconf 91' lang='lat' dir='ltr'>S.</span> <span class='ocrx_word' id='word_1_8' title='bbox 379 517 524 559; x_wconf 82' lang='lat' dir='ltr'>Pauli</span> <span class='ocrx_word' id='word_1_9' title='bbox 542 518 578 559; x_wconf 91' lang='lat'>1.</span> <span class='ocrx_word' id='word_1_10' title='bbox 598 515 731 567; x_wconf 80' lang='lat' dir='ltr'>Papae</span> <span class='ocrx_word' id='word_1_11' title='bbox 753 520 796 555; x_wconf 89' lang='lat' dir='ltr'>et</span> <span class='ocrx_word' id='word_1_12' title='bbox 817 515 937 556; x_wconf 87' lang='lat' dir='ltr'>Conf.</span> 
     </span>
     <span class='ocr_line' id='line_1_6' title="bbox 547 580 711 624; baseline 0.006 -10"><span class='ocrx_word' id='word_1_13' title='bbox 547 580 711 624; x_wconf 72' lang='lat' dir='ltr'>Duplex,</span> 
     </span>
    </p>

    <p class='ocr_par' dir='ltr' id='par_1_6' title="bbox 215 637 1040 729">
     <span class='ocr_line' id='line_1_7' title="bbox 266 637 1040 679; baseline 0.004 -11"><span class='ocrx_word' id='word_1_14' title='bbox 266 638 401 670; x_wconf 75' lang='lat' dir='ltr'>Omnia</span> <span class='ocrx_word' id='word_1_15' title='bbox 438 637 483 670; x_wconf 82' lang='lat' dir='ltr'>dc</span> <span class='ocrx_word' id='word_1_16' title='bbox 517 637 719 671; x_wconf 80' lang='lat' dir='ltr'>Communi</span> <span class='ocrx_word' id='word_1_17' title='bbox 749 638 856 673; x_wconf 88' lang='lat' dir='ltr'>Conf.</span> <span class='ocrx_word' id='word_1_18' title='bbox 890 638 1040 679; x_wconf 59' lang='lat' dir='ltr'>Pontis„</span> 
     </span>
     <span class='ocr_line' id='line_1_8' title="bbox 215 682 790 729; baseline -0.003 -10"><span class='ocrx_word' id='word_1_19' title='bbox 215 692 353 728; x_wconf 52' lang='lat' dir='ltr'>praeter</span> <span class='ocrx_word' id='word_1_20' title='bbox 377 686 587 729; x_wconf 67' lang='lat' dir='ltr'>sequentia.</span> <span class='ocrx_word' id='word_1_21' title='bbox 610 682 669 722; x_wconf 89' lang='lat' dir='ltr'>(m.</span> <span class='ocrx_word' id='word_1_22' title='bbox 693 686 718 717; x_wconf 86' lang='lat' dir='ltr'>t.</span> <span class='ocrx_word' id='word_1_23' title='bbox 741 682 790 725; x_wconf 83' lang='lat' dir='ltr'>v.)</span> 
     </span>
    </p>

    <p class='ocr_par' dir='ltr' id='par_1_7' title="bbox 266 738 768 782">
     <span class='ocr_line' id='line_1_9' title="bbox 266 738 768 782; baseline 0.006 -11"><span class='ocrx_word' id='word_1_24' title='bbox 266 738 407 772; x_wconf 76' lang='lat' dir='ltr'>Oratio.</span> <span class='ocrx_word' id='word_1_25' title='bbox 444 739 510 782; x_wconf 84' lang='lat' dir='ltr'>Da,</span> <span class='ocrx_word' id='word_1_26' title='bbox 535 739 768 782; x_wconf 81' lang='lat' dir='ltr'>quaesumus.</span> 
     </span>
    </p>

    <p class='ocr_par' dir='ltr' id='par_1_8' title="bbox 215 795 1040 885">
     <span class='ocr_line' id='line_1_10' title="bbox 266 795 1040 830; baseline 0 -3"><span class='ocrx_word' id='word_1_27' title='bbox 266 795 306 827; x_wconf 87' lang='lat' dir='ltr'>In</span> <span class='ocrx_word' id='word_1_28' title='bbox 343 795 365 828; x_wconf 84' lang='grc' dir='ltr'>Ι,</span> <span class='ocrx_word' id='word_1_29' title='bbox 397 795 595 829; x_wconf 77' lang='lat' dir='ltr'>Nocturno</span> <span class='ocrx_word' id='word_1_30' title='bbox 627 796 831 830; x_wconf 76' lang='lat' dir='ltr'>Lectiones</span> <span class='ocrx_word' id='word_1_31' title='bbox 866 795 912 829; x_wconf 87' lang='lat' dir='ltr'>de</span> <span class='ocrx_word' id='word_1_32' title='bbox 944 795 1040 829; x_wconf 79' lang='lat' dir='ltr'>Scri—</span> 
     </span>
     <span class='ocr_line' id='line_1_11' title="bbox 215 848 583 885; baseline 0.003 -9"><span class='ocrx_word' id='word_1_33' title='bbox 215 848 323 885; x_wconf 76' lang='lat' dir='ltr'>ptura</span> <span class='ocrx_word' id='word_1_34' title='bbox 350 848 583 877; x_wconf 78' lang='lat' dir='ltr'>occurrente.</span> 
     </span>
    </p>

    <p class='ocr_par' dir='ltr' id='par_1_9' title="bbox 444 908 814 1016">
     <span class='ocr_line' id='line_1_12' title="bbox 444 908 814 947; baseline 0.003 -1"><span class='ocrx_word' id='word_1_35' title='bbox 444 908 491 946; x_wconf 89' lang='lat' dir='ltr'>In</span> <span class='ocrx_word' id='word_1_36' title='bbox 517 909 567 947; x_wconf 90' lang='grc' dir='ltr'>Π.</span> <span class='ocrx_word' id='word_1_37' title='bbox 592 909 814 947; x_wconf 81' lang='lat' dir='ltr'>Nocturno.</span> 
     </span>
     <span class='ocr_line' id='line_1_13' title="bbox 516 975 739 1016; baseline 0 -2"><span class='ocrx_word' id='word_1_38' title='bbox 516 975 665 1016; x_wconf 82' lang='lat' dir='ltr'>Lectio</span> <span class='ocrx_word' id='word_1_39' title='bbox 687 976 739 1014; x_wconf 78' lang='lat' dir='ltr'>iv.</span> 
     </span>
    </p>

    <p class='ocr_par' dir='ltr' id='par_1_10' title="bbox 213 1038 1043 1703">
     <span class='ocr_line' id='line_1_14' title="bbox 486 1038 1040 1091; baseline -0.005 -9.288"><span class='ocrx_word' id='word_1_40' title='bbox 486 1039 611 1091; x_wconf 88' lang='lat' dir='ltr'>hujus</span> <span class='ocrx_word' id='word_1_41' title='bbox 642 1038 828 1080; x_wconf 88' lang='lat' dir='ltr'>nominis</span> <span class='ocrx_word' id='word_1_42' title='bbox 863 1038 1040 1091; x_wconf 90' lang='lat' dir='ltr'>primus,</span> 
     </span>
     <span class='ocr_line' id='line_1_15' title="bbox 222 1056 1041 1170; baseline -0.002 -33"><span class='ocrx_word' id='word_1_43' title='bbox 222 1056 233 1170; x_wconf 61' lang='lat' dir='ltr'>Q]</span> <span class='ocrx_word' id='word_1_44' title='bbox 249 1106 324 1170; x_wconf 48' lang='lat' dir='ltr'>[Q</span> <span class='ocrx_word' id='word_1_45' title='bbox 347 1096 524 1138; x_wconf 91' lang='lat' dir='ltr'>natione</span> <span class='ocrx_word' id='word_1_46' title='bbox 538 1091 776 1144; x_wconf 79' lang='lat' dir='ltr'>Romanus,</span> <span class='ocrx_word' id='word_1_47' title='bbox 788 1100 915 1148; x_wconf 88' lang='lat' dir='ltr'>patre</span> <span class='ocrx_word' id='word_1_48' title='bbox 931 1095 1041 1136; x_wconf 91' lang='lat' dir='ltr'>Con-</span> 
     </span>
     <span class='ocr_line' id='line_1_16' title="bbox 245 1151 1040 1204; baseline -0.003 -10"><span class='ocrx_word' id='word_1_49' title='bbox 245 1151 323 1179; x_wconf 51' lang='grc' dir='ltr'>’τῖ-</span> <span class='ocrx_word' id='word_1_50' title='bbox 348 1155 558 1202; x_wconf 88' lang='lat' dir='ltr'>stantino,</span> <span class='ocrx_word' id='word_1_51' title='bbox 601 1156 704 1204; x_wconf 90' lang='lat' dir='ltr'>post</span> <span class='ocrx_word' id='word_1_52' title='bbox 746 1151 915 1193; x_wconf 90' lang='lat' dir='ltr'>obitum</span> <span class='ocrx_word' id='word_1_53' title='bbox 949 1152 1040 1193; x_wconf 91' lang='lat' dir='ltr'>Ste-</span> 
     </span>
     <span class='ocr_line' id='line_1_17' title="bbox 213 1208 1040 1262; baseline -0.002 -12"><span class='ocrx_word' id='word_1_54' title='bbox 213 1209 347 1262; x_wconf 93' lang='lat' dir='ltr'>phani</span> <span class='ocrx_word' id='word_1_55' title='bbox 375 1209 491 1250; x_wconf 88' lang='lat' dir='ltr'>tertii</span> <span class='ocrx_word' id='word_1_56' title='bbox 517 1208 712 1260; x_wconf 82' lang='lat' dir='ltr'>germani</span> <span class='ocrx_word' id='word_1_57' title='bbox 736 1208 899 1258; x_wconf 89' lang='lat' dir='ltr'>fratris,</span> <span class='ocrx_word' id='word_1_58' title='bbox 928 1220 1040 1249; x_wconf 93' lang='lat' dir='ltr'>anno</span> 
     </span>
     <span class='ocr_line' id='line_1_18' title="bbox 214 1265 1041 1318; baseline -0.002 -11"><span class='ocrx_word' id='word_1_59' title='bbox 214 1265 375 1307; x_wconf 84' lang='lat' dir='ltr'>Christi</span> <span class='ocrx_word' id='word_1_60' title='bbox 408 1265 795 1318; x_wconf 86' lang='lat' dir='ltr'>septingentesimo</span> <span class='ocrx_word' id='word_1_61' title='bbox 833 1265 1041 1317; x_wconf 90' lang='lat' dir='ltr'>quinqua-</span> 
     </span>
     <span class='ocr_line' id='line_1_19' title="bbox 213 1321 1041 1375; baseline -0.001 -12"><span class='ocrx_word' id='word_1_62' title='bbox 213 1323 380 1373; x_wconf 87' lang='lat' dir='ltr'>gesimo</span> <span class='ocrx_word' id='word_1_63' title='bbox 400 1322 589 1375; x_wconf 85' lang='lat' dir='ltr'>septimo</span> <span class='ocrx_word' id='word_1_64' title='bbox 614 1322 658 1362; x_wconf 94' lang='lat' dir='ltr'>in</span> <span class='ocrx_word' id='word_1_65' title='bbox 679 1322 769 1374; x_wconf 90' lang='lat' dir='ltr'>ejus</span> <span class='ocrx_word' id='word_1_66' title='bbox 788 1321 944 1371; x_wconf 87' lang='lat' dir='ltr'>locum,</span> <span class='ocrx_word' id='word_1_67' title='bbox 966 1334 1041 1362; x_wconf 92' lang='lat' dir='ltr'>no-</span> 
     </span>
     <span class='ocr_line' id='line_1_20' title="bbox 214 1377 1042 1432; baseline -0.001 -12"><span class='ocrx_word' id='word_1_68' title='bbox 214 1392 270 1420; x_wconf 89' lang='lat' dir='ltr'>vo</span> <span class='ocrx_word' id='word_1_69' title='bbox 299 1378 513 1432; x_wconf 80' lang='lat' dir='ltr'>exemplo,</span> <span class='ocrx_word' id='word_1_70' title='bbox 542 1377 805 1429; x_wconf 82' lang='lat' dir='ltr'>subrogatus</span> <span class='ocrx_word' id='word_1_71' title='bbox 835 1383 910 1420; x_wconf 90' lang='lat' dir='ltr'>est.</span> <span class='ocrx_word' id='word_1_72' title='bbox 955 1377 1042 1419; x_wconf 87' lang='lat' dir='ltr'>Sed</span> 
     </span>
     <span class='ocr_line' id='line_1_21' title="bbox 213 1434 1041 1477; baseline -0.002 0"><span class='ocrx_word' id='word_1_73' title='bbox 213 1435 299 1477; x_wconf 89' lang='grc' dir='ltr'>11οο</span> <span class='ocrx_word' id='word_1_74' title='bbox 330 1435 500 1477; x_wconf 83' lang='lat' dir='ltr'>eximiae</span> <span class='ocrx_word' id='word_1_75' title='bbox 532 1434 647 1476; x_wconf 89' lang='lat' dir='ltr'>illius</span> <span class='ocrx_word' id='word_1_76' title='bbox 674 1434 825 1476; x_wconf 79' lang='lat' dir='ltr'>virtuti</span> <span class='ocrx_word' id='word_1_77' title='bbox 852 1434 1041 1476; x_wconf 86' lang='lat' dir='ltr'>debeba-</span> 
     </span>
     <span class='ocr_line' id='line_1_22' title="bbox 213 1491 1042 1542; baseline -0.002 -8"><span class='ocrx_word' id='word_1_78' title='bbox 213 1498 295 1534; x_wconf 85' lang='lat' dir='ltr'><strong>tur.</strong></span> <span class='ocrx_word' id='word_1_79' title='bbox 333 1492 443 1533; x_wconf 92' lang='lat' dir='ltr'>Cum</span> <span class='ocrx_word' id='word_1_80' title='bbox 467 1491 582 1533; x_wconf 89' lang='lat' dir='ltr'>enim</span> <span class='ocrx_word' id='word_1_81' title='bbox 604 1505 630 1533; x_wconf 93' lang='lat' dir='ltr'>a</span> <span class='ocrx_word' id='word_1_82' title='bbox 651 1491 868 1542; x_wconf 88' lang='lat' dir='ltr'>Gregorio</span> <span class='ocrx_word' id='word_1_83' title='bbox 891 1494 1042 1532; x_wconf 81' lang='lat' dir='ltr'>secun-</span> 
     </span>
     <span class='ocr_line' id='line_1_23' title="bbox 215 1547 1043 1601; baseline -0.002 -11"><span class='ocrx_word' id='word_1_84' title='bbox 215 1548 273 1590; x_wconf 93' lang='lat' dir='ltr'>do</span> <span class='ocrx_word' id='word_1_85' title='bbox 293 1549 337 1589; x_wconf 94' lang='lat' dir='ltr'>in</span> <span class='ocrx_word' id='word_1_86' title='bbox 355 1547 620 1601; x_wconf 89' lang='lat' dir='ltr'>patriarchio</span> <span class='ocrx_word' id='word_1_87' title='bbox 639 1548 937 1598; x_wconf 88' lang='lat' dir='ltr'>Lateranensi‚</span> <span class='ocrx_word' id='word_1_88' title='bbox 958 1560 1043 1588; x_wconf 94' lang='lat' dir='ltr'>una</span> 
     </span>
     <span class='ocr_line' id='line_1_24' title="bbox 215 1603 1042 1657; baseline -0.002 -11"><span class='ocrx_word' id='word_1_89' title='bbox 215 1618 314 1646; x_wconf 92' lang='lat' dir='ltr'>cum</span> <span class='ocrx_word' id='word_1_90' title='bbox 334 1605 479 1654; x_wconf 89' lang='lat' dir='ltr'>fratre,</span> <span class='ocrx_word' id='word_1_91' title='bbox 499 1618 525 1646; x_wconf 90' lang='lat' dir='ltr'>a</span> <span class='ocrx_word' id='word_1_92' title='bbox 543 1604 697 1657; x_wconf 91' lang='lat' dir='ltr'>primis</span> <span class='ocrx_word' id='word_1_93' title='bbox 717 1605 840 1645; x_wconf 91' lang='lat' dir='ltr'>annis</span> <span class='ocrx_word' id='word_1_94' title='bbox 860 1603 917 1645; x_wconf 92' lang='lat' dir='ltr'>ad</span> <span class='ocrx_word' id='word_1_95' title='bbox 934 1604 1042 1645; x_wconf 91' lang='lat' dir='ltr'>chri-</span> 
     </span>
     <span class='ocr_line' id='line_1_25' title="bbox 216 1660 1041 1703; baseline -0.001 -1"><span class='ocrx_word' id='word_1_96' title='bbox 216 1662 382 1703; x_wconf 81' lang='lat' dir='ltr'>stianos</span> <span class='ocrx_word' id='word_1_97' title='bbox 402 1674 548 1702; x_wconf 87' lang='lat' dir='ltr'>mores</span> <span class='ocrx_word' id='word_1_98' title='bbox 573 1666 616 1702; x_wconf 86' lang='lat' dir='ltr'>et</span> <span class='ocrx_word' id='word_1_99' title='bbox 641 1674 817 1702; x_wconf 92' lang='lat' dir='ltr'>omnem</span> <span class='ocrx_word' id='word_1_100' title='bbox 836 1660 1041 1702; x_wconf 89' lang='lat' dir='ltr'>eruditio-</span> 
     </span>
    </p>
   </div>
   <div class='ocr_carea' id='block_1_6' title="bbox 215 1043 335 1182">
    <p class='ocr_par' dir='ltr' id='par_1_11' title="bbox 215 1043 335 1182">
     <span class='ocr_line' id='line_1_26' title="bbox 215 1043 335 1182; baseline 0 0"><span class='ocrx_word' id='word_1_101' title='bbox 215 1043 222 1182; x_wconf 95' lang='lat' dir='ltr'> </span> <span class='ocrx_word' id='word_1_102' title='bbox 262 1043 335 1182; x_wconf 95' lang='lat' dir='ltr'>   </span> 
     </span>
    </p>
   </div>
   <div class='ocr_carea' id='block_1_7' title="bbox 211 1717 1043 1995">
    <p class='ocr_par' dir='ltr' id='par_1_12' title="bbox 211 1717 1043 1995">
     <span class='ocr_line' id='line_1_27' title="bbox 214 1717 1042 1768; baseline -0.001 -10"><span class='ocrx_word' id='word_1_103' title='bbox 214 1730 314 1759; x_wconf 86' lang='lat' dir='ltr'>nem</span> <span class='ocrx_word' id='word_1_104' title='bbox 353 1717 698 1759; x_wconf 81' lang='lat' dir='ltr'>ecclesiastieam</span> <span class='ocrx_word' id='word_1_105' title='bbox 742 1717 915 1768; x_wconf 88' lang='lat' dir='ltr'>egregie</span> <span class='ocrx_word' id='word_1_106' title='bbox 958 1717 1042 1758; x_wconf 90' lang='lat' dir='ltr'>for-</span> 
     </span>
     <span class='ocr_line' id='line_1_28' title="bbox 214 1773 1042 1825; baseline -0.001 -10"><span class='ocrx_word' id='word_1_107' title='bbox 214 1776 358 1815; x_wconf 80' lang='lat' dir='ltr'>matus</span> <span class='ocrx_word' id='word_1_108' title='bbox 395 1774 567 1824; x_wconf 90' lang='lat' dir='ltr'>fuisset,</span> <span class='ocrx_word' id='word_1_109' title='bbox 612 1773 856 1825; x_wconf 87' lang='lat' dir='ltr'>digniorem</span> <span class='ocrx_word' id='word_1_110' title='bbox 899 1773 1042 1815; x_wconf 91' lang='lat' dir='ltr'>clerus</span> 
     </span>
     <span class='ocr_line' id='line_1_29' title="bbox 214 1829 1043 1883; baseline 0 -13"><span class='ocrx_word' id='word_1_111' title='bbox 214 1843 301 1871; x_wconf 92' lang='lat' dir='ltr'>non</span> <span class='ocrx_word' id='word_1_112' title='bbox 319 1830 481 1880; x_wconf 83' lang='lat' dir='ltr'>habuit,</span> <span class='ocrx_word' id='word_1_113' title='bbox 501 1843 632 1882; x_wconf 90' lang='lat' dir='ltr'>quem</span> <span class='ocrx_word' id='word_1_114' title='bbox 650 1829 1043 1883; x_wconf 86' lang='lat' dir='ltr'>perturbatissimis</span> 
     </span>
     <span class='ocr_line' id='line_1_30' title="bbox 211 1886 1043 1939; baseline 0.001 -13"><span class='ocrx_word' id='word_1_115' title='bbox 211 1886 296 1927; x_wconf 92' lang='lat' dir='ltr'>illis</span> <span class='ocrx_word' id='word_1_116' title='bbox 321 1887 595 1939; x_wconf 89' lang='lat' dir='ltr'>temporibus</span> <span class='ocrx_word' id='word_1_117' title='bbox 623 1887 697 1939; x_wconf 89' lang='lat' dir='ltr'>pio</span> <span class='ocrx_word' id='word_1_118' title='bbox 722 1886 845 1928; x_wconf 91' lang='lat' dir='ltr'>fratri</span> <span class='ocrx_word' id='word_1_119' title='bbox 871 1899 1043 1927; x_wconf 89' lang='lat' dir='ltr'>succes-</span> 
     </span>
     <span class='ocr_line' id='line_1_31' title="bbox 212 1943 568 1995; baseline 0.006 -12"><span class='ocrx_word' id='word_1_120' title='bbox 212 1945 358 1984; x_wconf 91' lang='lat' dir='ltr'>sorem</span> <span class='ocrx_word' id='word_1_121' title='bbox 378 1943 568 1995; x_wconf 83' lang='lat' dir='ltr'>eligeret.</span> 
     </span>
    </p>
   </div>
   <div class='ocr_carea' id='block_1_8' title="bbox 213 2007 1044 2789">
    <p class='ocr_par' dir='ltr' id='par_1_13' title="bbox 214 2007 1044 2330">
     <span class='ocr_line' id='line_1_32' title="bbox 270 2007 1042 2059; baseline 0.001 -12"><span class='ocrx_word' id='word_1_122' title='bbox 270 2009 320 2059; x_wconf 68' lang='lat' dir='ltr'>R.</span> <span class='ocrx_word' id='word_1_123' title='bbox 342 2008 495 2049; x_wconf 87' lang='lat' dir='ltr'>Inveni</span> <span class='ocrx_word' id='word_1_124' title='bbox 517 2007 662 2050; x_wconf 88' lang='lat' dir='ltr'>David</span> <span class='ocrx_word' id='word_1_125' title='bbox 686 2020 862 2049; x_wconf 88' lang='lat' dir='ltr'>servum</span> <span class='ocrx_word' id='word_1_126' title='bbox 886 2020 1042 2058; x_wconf 89' lang='lat' dir='ltr'>meum,</span> 
     </span>
     <span class='ocr_line' id='line_1_33' title="bbox 215 2063 1041 2106; baseline -0.001 -1"><span class='ocrx_word' id='word_1_127' title='bbox 215 2063 313 2105; x_wconf 90' lang='lat' dir='ltr'>oleo</span> <span class='ocrx_word' id='word_1_128' title='bbox 340 2070 492 2106; x_wconf 88' lang='lat' dir='ltr'>sancto</span> <span class='ocrx_word' id='word_1_129' title='bbox 516 2077 615 2106; x_wconf 90' lang='lat' dir='ltr'>meo</span> <span class='ocrx_word' id='word_1_130' title='bbox 639 2064 743 2106; x_wconf 82' lang='lat' dir='ltr'>unxi</span> <span class='ocrx_word' id='word_1_131' title='bbox 769 2077 881 2106; x_wconf 91' lang='lat' dir='ltr'>eum:</span> <span class='ocrx_word' id='word_1_132' title='bbox 908 2065 931 2089; x_wconf 88' lang='lat'>*</span> <span class='ocrx_word' id='word_1_133' title='bbox 954 2064 1041 2105; x_wconf 91' lang='lat' dir='ltr'>Ma-</span> 
     </span>
     <span class='ocr_line' id='line_1_34' title="bbox 214 2117 1044 2167; baseline 0 -7"><span class='ocrx_word' id='word_1_134' title='bbox 214 2133 295 2160; x_wconf 91' lang='lat' dir='ltr'>nus</span> <span class='ocrx_word' id='word_1_135' title='bbox 311 2121 426 2161; x_wconf 89' lang='lat' dir='ltr'>enirn</span> <span class='ocrx_word' id='word_1_136' title='bbox 439 2133 537 2162; x_wconf 91' lang='lat' dir='ltr'>mea</span> <span class='ocrx_word' id='word_1_137' title='bbox 551 2120 828 2162; x_wconf 64' lang='lat' dir='ltr'>auxiliabitur</span> <span class='ocrx_word' id='word_1_138' title='bbox 844 2120 894 2162; x_wconf 90' lang='lat' dir='ltr'>ei.</span> <span class='ocrx_word' id='word_1_139' title='bbox 915 2117 965 2167; x_wconf 64' lang='lat' dir='ltr'>Y.</span> <span class='ocrx_word' id='word_1_140' title='bbox 977 2120 1044 2161; x_wconf 91' lang='lat' dir='ltr'>Ni-</span> 
     </span>
     <span class='ocr_line' id='line_1_35' title="bbox 214 2175 1041 2229; baseline 0.001 -13"><span class='ocrx_word' id='word_1_141' title='bbox 214 2175 274 2216; x_wconf 93' lang='lat' dir='ltr'>hil</span> <span class='ocrx_word' id='word_1_142' title='bbox 299 2177 501 2229; x_wconf 88' lang='lat' dir='ltr'>proficiet</span> <span class='ocrx_word' id='word_1_143' title='bbox 527 2178 726 2218; x_wconf 89' lang='lat' dir='ltr'>inimicus</span> <span class='ocrx_word' id='word_1_144' title='bbox 751 2177 795 2217; x_wconf 91' lang='lat' dir='ltr'>in</span> <span class='ocrx_word' id='word_1_145' title='bbox 821 2189 891 2227; x_wconf 86' lang='lat' dir='ltr'>eo,</span> <span class='ocrx_word' id='word_1_146' title='bbox 925 2182 968 2218; x_wconf 90' lang='lat' dir='ltr'>et</span> <span class='ocrx_word' id='word_1_147' title='bbox 995 2177 1041 2217; x_wconf 86' lang='lat' dir='ltr'>fi-</span> 
     </span>
     <span class='ocr_line' id='line_1_36' title="bbox 215 2231 1042 2284; baseline 0.002 -12"><span class='ocrx_word' id='word_1_148' title='bbox 215 2231 297 2273; x_wconf 90' lang='lat' dir='ltr'>lius</span> <span class='ocrx_word' id='word_1_149' title='bbox 316 2233 555 2284; x_wconf 83' lang='lat' dir='ltr'>iniquitatis</span> <span class='ocrx_word' id='word_1_150' title='bbox 573 2246 662 2275; x_wconf 91' lang='lat' dir='ltr'>non</span> <span class='ocrx_word' id='word_1_151' title='bbox 680 2233 856 2275; x_wconf 88' lang='lat' dir='ltr'>nocebit</span> <span class='ocrx_word' id='word_1_152' title='bbox 876 2234 925 2274; x_wconf 91' lang='lat' dir='ltr'>ei.</span> <span class='ocrx_word' id='word_1_153' title='bbox 954 2234 1042 2274; x_wconf 91' lang='lat' dir='ltr'>Ma-</span> 
     </span>
     <span class='ocr_line' id='line_1_37' title="bbox 215 2301 443 2330; baseline 0.009 -2"><span class='ocrx_word' id='word_1_154' title='bbox 215 2302 297 2330; x_wconf 92' lang='lat' dir='ltr'>nus</span> <span class='ocrx_word' id='word_1_155' title='bbox 317 2301 443 2330; x_wconf 90' lang='lat' dir='ltr'>emm.</span> 
     </span>
    </p>

    <p class='ocr_par' dir='ltr' id='par_1_14' title="bbox 213 2340 1044 2789">
     <span class='ocr_line' id='line_1_38' title="bbox 528 2340 736 2380; baseline 0.005 -1"><span class='ocrx_word' id='word_1_156' title='bbox 528 2340 677 2380; x_wconf 77' lang='lat' dir='ltr'>Lectio</span> <span class='ocrx_word' id='word_1_157' title='bbox 700 2355 736 2380; x_wconf 79' lang='lat' dir='ltr'>v.</span> 
     </span>
     <span class='ocr_line' id='line_1_39' title="bbox 292 2400 1041 2454; baseline -0.001 -11"><span class='ocrx_word' id='word_1_158' title='bbox 292 2403 590 2444; x_wconf 82' lang='lat' dir='ltr'>onstantinum</span> <span class='ocrx_word' id='word_1_159' title='bbox 616 2402 943 2454; x_wconf 90' lang='lat' dir='ltr'>Copronymum</span> <span class='ocrx_word' id='word_1_160' title='bbox 975 2400 1041 2442; x_wconf 78' lang='lat' dir='ltr'>lit-</span> 
     </span>
     <span class='ocr_line' id='line_1_40' title="bbox 316 2457 1041 2511; baseline -0.003 -11"><span class='ocrx_word' id='word_1_161' title='bbox 316 2459 422 2500; x_wconf 84' lang='lat' dir='ltr'>teris</span> <span class='ocrx_word' id='word_1_162' title='bbox 441 2471 520 2511; x_wconf 91' lang='lat' dir='ltr'>per</span> <span class='ocrx_word' id='word_1_163' title='bbox 539 2458 732 2509; x_wconf 80' lang='lat' dir='ltr'>legatum</span> <span class='ocrx_word' id='word_1_164' title='bbox 751 2458 808 2499; x_wconf 92' lang='lat' dir='ltr'>ad</span> <span class='ocrx_word' id='word_1_165' title='bbox 828 2471 927 2499; x_wconf 90' lang='lat' dir='ltr'>eum</span> <span class='ocrx_word' id='word_1_166' title='bbox 943 2457 1041 2498; x_wconf 93' lang='lat' dir='ltr'>mis-</span> 
     </span>
     <span class='ocr_line' id='line_1_41' title="bbox 214 2513 1043 2567; baseline -0.002 -11"><span class='ocrx_word' id='word_1_167' title='bbox 214 2515 284 2565; x_wconf 86' lang='lat' dir='ltr'>sis,</span> <span class='ocrx_word' id='word_1_168' title='bbox 304 2515 439 2556; x_wconf 90' lang='lat' dir='ltr'>semel</span> <span class='ocrx_word' id='word_1_169' title='bbox 459 2520 591 2567; x_wconf 88' lang='lat' dir='ltr'>atque</span> <span class='ocrx_word' id='word_1_170' title='bbox 610 2516 767 2555; x_wconf 89' lang='lat' dir='ltr'>iterum</span> <span class='ocrx_word' id='word_1_171' title='bbox 791 2513 1043 2555; x_wconf 84' lang='lat' dir='ltr'>sollicitavit</span> 
     </span>
     <span class='ocr_line' id='line_1_42' title="bbox 215 2570 1041 2623; baseline -0.001 -11"><span class='ocrx_word' id='word_1_172' title='bbox 215 2577 262 2613; x_wconf 93' lang='lat' dir='ltr'>ut</span> <span class='ocrx_word' id='word_1_173' title='bbox 288 2571 507 2613; x_wconf 90' lang='lat' dir='ltr'>saniorem</span> <span class='ocrx_word' id='word_1_174' title='bbox 535 2570 780 2612; x_wconf 81' lang='lat' dir='ltr'>doctrinam</span> <span class='ocrx_word' id='word_1_175' title='bbox 808 2570 1041 2623; x_wconf 89' lang='lat' dir='ltr'>amplecte-</span> 
     </span>
     <span class='ocr_line' id='line_1_43' title="bbox 213 2626 1042 2677; baseline -0.002 -9"><span class='ocrx_word' id='word_1_176' title='bbox 213 2629 350 2677; x_wconf 83' lang='lat' dir='ltr'>retur3</span> <span class='ocrx_word' id='word_1_177' title='bbox 377 2626 459 2669; x_wconf 90' lang='lat' dir='ltr'>sed</span> <span class='ocrx_word' id='word_1_178' title='bbox 486 2627 719 2668; x_wconf 83' lang='lat' dir='ltr'>haereticus</span> <span class='ocrx_word' id='word_1_179' title='bbox 748 2631 790 2667; x_wconf 91' lang='lat' dir='ltr'>et</span> <span class='ocrx_word' id='word_1_180' title='bbox 815 2626 1042 2667; x_wconf 83' lang='lat' dir='ltr'>induratus</span> 
     </span>
     <span class='ocr_line' id='line_1_44' title="bbox 215 2683 1044 2737; baseline -0.002 -13"><span class='ocrx_word' id='word_1_181' title='bbox 215 2684 423 2737; x_wconf 90' lang='lat' dir='ltr'>princeps</span> <span class='ocrx_word' id='word_1_182' title='bbox 455 2683 631 2725; x_wconf 88' lang='lat' dir='ltr'>solliciti</span> <span class='ocrx_word' id='word_1_183' title='bbox 662 2683 855 2735; x_wconf 89' lang='lat' dir='ltr'>pastoris</span> <span class='ocrx_word' id='word_1_184' title='bbox 889 2695 1044 2723; x_wconf 90' lang='lat' dir='ltr'>vocem</span> 
     </span>
     <span class='ocr_line' id='line_1_45' title="bbox 215 2738 1043 2789; baseline -0.004 -8"><span class='ocrx_word' id='word_1_185' title='bbox 215 2739 366 2781; x_wconf 87' lang='lat' dir='ltr'>audire</span> <span class='ocrx_word' id='word_1_186' title='bbox 385 2740 542 2789; x_wconf 88' lang='lat' dir='ltr'>noluit,</span> <span class='ocrx_word' id='word_1_187' title='bbox 568 2745 612 2781; x_wconf 87' lang='lat' dir='ltr'>et</span> <span class='ocrx_word' id='word_1_188' title='bbox 635 2740 679 2780; x_wconf 90' lang='lat' dir='ltr'>in</span> <span class='ocrx_word' id='word_1_189' title='bbox 705 2738 965 2788; x_wconf 87' lang='lat' dir='ltr'>catholicos,</span> <span class='ocrx_word' id='word_1_190' title='bbox 991 2751 1043 2779; x_wconf 93' lang='lat' dir='ltr'>ac</span> 
     </span>
    </p>
   </div>
   <div class='ocr_carea' id='block_1_9' title="bbox 160 151 1977 193">
    <p class='ocr_par' dir='ltr' id='par_1_15' title="bbox 160 151 1977 193">
     <span class='ocr_line' id='line_1_46' title="bbox 160 151 1977 193; baseline 0 2783"><span class='ocrx_word' id='word_1_191' title='bbox 160 151 1977 193; x_wconf 95' lang='lat' dir='ltr'> </span> 
     </span>
    </p>
   </div>
   <div class='ocr_carea' id='block_1_10' title="bbox 640 210 1496 253">
    <p class='ocr_par' dir='ltr' id='par_1_16' title="bbox 640 210 1496 253">
     <span class='ocr_line' id='line_1_47' title="bbox 640 210 1496 253; baseline -0.005 -7"><span class='ocrx_word' id='word_1_192' title='bbox 640 213 707 246; x_wconf 73' lang='lat' dir='ltr'>Die</span> <span class='ocrx_word' id='word_1_193' title='bbox 733 214 761 246; x_wconf 71' lang='lat'>33.</span> <span class='ocrx_word' id='word_1_194' title='bbox 787 213 890 246; x_wconf 73' lang='lat' dir='ltr'>Julii.</span> <span class='ocrx_word' id='word_1_195' title='bbox 938 212 972 245; x_wconf 76' lang='lat' dir='ltr'>S.</span> <span class='ocrx_word' id='word_1_196' title='bbox 996 212 1104 245; x_wconf 68' lang='lat' dir='ltr'>Pauli</span> <span class='ocrx_word' id='word_1_197' title='bbox 1132 212 1157 245; x_wconf 84' lang='grc'>1.</span> <span class='ocrx_word' id='word_1_198' title='bbox 1184 212 1301 253; x_wconf 61' lang='lat' dir='ltr'>Papae</span> <span class='ocrx_word' id='word_1_199' title='bbox 1328 216 1363 244; x_wconf 78' lang='lat' dir='ltr'>ct</span> <span class='ocrx_word' id='word_1_200' title='bbox 1389 210 1496 243; x_wconf 79' lang='lat' dir='ltr'>Conf,</span> 
     </span>
    </p>
   </div>
   <div class='ocr_carea' id='block_1_11' title="bbox 396 312 857 383">
    <p class='ocr_par' dir='ltr' id='par_1_17' title="bbox 396 312 857 383">
     <span class='ocr_line' id='line_1_48' title="bbox 396 312 857 383; baseline 0 -11"><span class='ocrx_word' id='word_1_201' title='bbox 396 312 626 373; x_wconf 70' lang='lat' dir='ltr'>FESTA</span> <span class='ocrx_word' id='word_1_202' title='bbox 653 312 857 383; x_wconf 81' lang='lat' dir='ltr'>JULll.</span> 
     </span>
    </p>
   </div>
   <div class='ocr_carea' id='block_1_12' title="bbox 1089 306 1924 2723">
    <p class='ocr_par' dir='ltr' id='par_1_18' title="bbox 1090 306 1922 757">
     <span class='ocr_line' id='line_1_49' title="bbox 1091 306 1922 362; baseline -0.004 -12"><span class='ocrx_word' id='word_1_203' title='bbox 1091 311 1316 362; x_wconf 79' lang='lat' dir='ltr'>praecipue</span> <span class='ocrx_word' id='word_1_204' title='bbox 1334 307 1379 348; x_wconf 93' lang='lat' dir='ltr'>in</span> <span class='ocrx_word' id='word_1_205' title='bbox 1397 306 1638 348; x_wconf 89' lang='lat' dir='ltr'>monachos</span> <span class='ocrx_word' id='word_1_206' title='bbox 1658 309 1814 348; x_wconf 87' lang='lat' dir='ltr'>saevire</span> <span class='ocrx_word' id='word_1_207' title='bbox 1833 319 1922 348; x_wconf 89' lang='lat' dir='ltr'>non</span> 
     </span>
     <span class='ocr_line' id='line_1_50' title="bbox 1092 363 1920 417; baseline -0.002 -11"><span class='ocrx_word' id='word_1_208' title='bbox 1092 365 1299 407; x_wconf 80' lang='lat' dir='ltr'>cessavit:</span> <span class='ocrx_word' id='word_1_209' title='bbox 1324 376 1512 417; x_wconf 90' lang='lat' dir='ltr'>quorum</span> <span class='ocrx_word' id='word_1_210' title='bbox 1529 363 1722 416; x_wconf 78' lang='lat' dir='ltr'>plurimi,</span> <span class='ocrx_word' id='word_1_211' title='bbox 1746 368 1795 405; x_wconf 89' lang='lat' dir='ltr'>ut</span> <span class='ocrx_word' id='word_1_212' title='bbox 1814 375 1839 404; x_wconf 91' lang='lat' dir='ltr'>a</span> <span class='ocrx_word' id='word_1_213' title='bbox 1856 369 1920 416; x_wconf 87' lang='lat' dir='ltr'>ty-</span> 
     </span>
     <span class='ocr_line' id='line_1_51' title="bbox 1091 419 1922 470; baseline -0.002 -8"><span class='ocrx_word' id='word_1_214' title='bbox 1091 424 1228 464; x_wconf 83' lang='lat' dir='ltr'>ranno</span> <span class='ocrx_word' id='word_1_215' title='bbox 1256 434 1304 463; x_wconf 89' lang='lat' dir='ltr'>se</span> <span class='ocrx_word' id='word_1_216' title='bbox 1333 419 1643 470; x_wconf 83' lang='lat' dir='ltr'>subducerent,</span> <span class='ocrx_word' id='word_1_217' title='bbox 1675 420 1720 460; x_wconf 90' lang='lat' dir='ltr'>in</span> <span class='ocrx_word' id='word_1_218' title='bbox 1747 419 1922 461; x_wconf 78' lang='lat' dir='ltr'>Italiam</span> 
     </span>
     <span class='ocr_line' id='line_1_52' title="bbox 1091 476 1919 531; baseline -0.002 -11"><span class='ocrx_word' id='word_1_219' title='bbox 1091 491 1138 520; x_wconf 92' lang='lat' dir='ltr'>se</span> <span class='ocrx_word' id='word_1_220' title='bbox 1163 480 1439 531; x_wconf 89' lang='lat' dir='ltr'>receperunt;</span> <span class='ocrx_word' id='word_1_221' title='bbox 1465 490 1576 530; x_wconf 90' lang='lat' dir='ltr'>quos</span> <span class='ocrx_word' id='word_1_222' title='bbox 1599 476 1787 528; x_wconf 80' lang='lat' dir='ltr'>benigne</span> <span class='ocrx_word' id='word_1_223' title='bbox 1810 477 1919 518; x_wconf 88' lang='lat' dir='ltr'>Pau-</span> 
     </span>
     <span class='ocr_line' id='line_1_53' title="bbox 1090 533 1919 587; baseline -0.001 -12"><span class='ocrx_word' id='word_1_224' title='bbox 1090 535 1157 575; x_wconf 91' lang='lat' dir='ltr'>lus</span> <span class='ocrx_word' id='word_1_225' title='bbox 1177 536 1362 587; x_wconf 77' lang='lat' dir='ltr'>excepit,</span> <span class='ocrx_word' id='word_1_226' title='bbox 1377 534 1517 585; x_wconf 90' lang='lat' dir='ltr'>iisque</span> <span class='ocrx_word' id='word_1_227' title='bbox 1531 533 1697 585; x_wconf 88' lang='lat' dir='ltr'>templa</span> <span class='ocrx_word' id='word_1_228' title='bbox 1716 538 1760 575; x_wconf 88' lang='lat' dir='ltr'>et</span> <span class='ocrx_word' id='word_1_229' title='bbox 1773 545 1919 575; x_wconf 92' lang='lat' dir='ltr'>mona-</span> 
     </span>
     <span class='ocr_line' id='line_1_54' title="bbox 1091 589 1920 643; baseline -0.002 -10"><span class='ocrx_word' id='word_1_230' title='bbox 1091 592 1233 641; x_wconf 89' lang='lat' dir='ltr'>steria,</span> <span class='ocrx_word' id='word_1_231' title='bbox 1248 591 1453 643; x_wconf 84' lang='lat' dir='ltr'>congruis</span> <span class='ocrx_word' id='word_1_232' title='bbox 1467 591 1680 631; x_wconf 80' lang='lat' dir='ltr'>instructa</span> <span class='ocrx_word' id='word_1_233' title='bbox 1693 589 1920 639; x_wconf 78' lang='lat' dir='ltr'>reditibus,</span> 
     </span>
     <span class='ocr_line' id='line_1_55' title="bbox 1091 646 1918 699; baseline -0.002 -10"><span class='ocrx_word' id='word_1_234' title='bbox 1091 648 1340 699; x_wconf 81' lang='lat' dir='ltr'>assignavit,</span> <span class='ocrx_word' id='word_1_235' title='bbox 1357 648 1400 688; x_wconf 90' lang='lat' dir='ltr'>in</span> <span class='ocrx_word' id='word_1_236' title='bbox 1416 647 1575 699; x_wconf 91' lang='lat' dir='ltr'>quibus</span> <span class='ocrx_word' id='word_1_237' title='bbox 1589 646 1747 688; x_wconf 82' lang='lat' dir='ltr'>Graeca</span> <span class='ocrx_word' id='word_1_238' title='bbox 1761 646 1918 698; x_wconf 85' lang='lat' dir='ltr'>lingua,</span> 
     </span>
     <span class='ocr_line' id='line_1_56' title="bbox 1091 704 1840 757; baseline -0.004 -11"><span class='ocrx_word' id='word_1_239' title='bbox 1091 709 1135 746; x_wconf 87' lang='lat' dir='ltr'>et</span> <span class='ocrx_word' id='word_1_240' title='bbox 1153 705 1298 757; x_wconf 82' lang='lat' dir='ltr'>patrio</span> <span class='ocrx_word' id='word_1_241' title='bbox 1318 704 1404 745; x_wconf 88' lang='lat' dir='ltr'>ritu</span> <span class='ocrx_word' id='word_1_242' title='bbox 1423 715 1548 745; x_wconf 89' lang='lat' dir='ltr'>sacra</span> <span class='ocrx_word' id='word_1_243' title='bbox 1565 704 1840 755; x_wconf 75' lang='lat' dir='ltr'>peragerent.</span> 
     </span>
    </p>

    <p class='ocr_par' dir='ltr' id='par_1_19' title="bbox 1089 771 1920 1098">
     <span class='ocr_line' id='line_1_57' title="bbox 1148 771 1916 829; baseline -0.004 -14"><span class='ocrx_word' id='word_1_244' title='bbox 1148 777 1199 829; x_wconf 65' lang='lat' dir='ltr'>R.</span> <span class='ocrx_word' id='word_1_245' title='bbox 1223 773 1358 815; x_wconf 90' lang='lat' dir='ltr'>Posui</span> <span class='ocrx_word' id='word_1_246' title='bbox 1389 771 1650 824; x_wconf 89' lang='lat' dir='ltr'>adjutorium</span> <span class='ocrx_word' id='word_1_247' title='bbox 1682 784 1813 824; x_wconf 91' lang='lat' dir='ltr'>super</span> <span class='ocrx_word' id='word_1_248' title='bbox 1832 783 1916 825; x_wconf 83' lang='lat' dir='ltr'>¹po-</span> 
     </span>
     <span class='ocr_line' id='line_1_58' title="bbox 1089 827 1916 881; baseline -0.004 -9"><span class='ocrx_word' id='word_1_249' title='bbox 1089 832 1270 881; x_wconf 86' lang='lat' dir='ltr'>tentem‚</span> <span class='ocrx_word' id='word_1_250' title='bbox 1316 835 1360 871; x_wconf 91' lang='lat' dir='ltr'>et</span> <span class='ocrx_word' id='word_1_251' title='bbox 1402 829 1593 871; x_wconf 82' lang='lat' dir='ltr'>exaltavi</span> <span class='ocrx_word' id='word_1_252' title='bbox 1633 827 1822 870; x_wconf 87' lang='lat' dir='ltr'>electum</span> <span class='ocrx_word' id='word_1_253' title='bbox 1861 827 1916 870; x_wconf 89' lang='lat' dir='ltr'>de</span> 
     </span>
     <span class='ocr_line' id='line_1_59' title="bbox 1090 885 1920 940; baseline -0.005 -11"><span class='ocrx_word' id='word_1_254' title='bbox 1090 887 1220 940; x_wconf 92' lang='lat' dir='ltr'>plebe</span> <span class='ocrx_word' id='word_1_255' title='bbox 1261 899 1375 928; x_wconf 87' lang='lat' dir='ltr'>mea:</span> <span class='ocrx_word' id='word_1_256' title='bbox 1419 888 1442 911; x_wconf 86' lang='lat'>*</span> <span class='ocrx_word' id='word_1_257' title='bbox 1468 886 1623 927; x_wconf 91' lang='lat' dir='ltr'>Manus</span> <span class='ocrx_word' id='word_1_258' title='bbox 1666 885 1781 926; x_wconf 91' lang='lat' dir='ltr'>enim</span> <span class='ocrx_word' id='word_1_259' title='bbox 1821 897 1920 926; x_wconf 89' lang='lat' dir='ltr'>mea</span> 
     </span>
     <span class='ocr_line' id='line_1_60' title="bbox 1091 937 1919 995; baseline -0.004 -10"><span class='ocrx_word' id='word_1_260' title='bbox 1091 943 1368 995; x_wconf 78' lang='lat' dir='ltr'>auxiliabitur</span> <span class='ocrx_word' id='word_1_261' title='bbox 1405 943 1454 984; x_wconf 92' lang='lat' dir='ltr'>ei.</span> <span class='ocrx_word' id='word_1_262' title='bbox 1512 937 1561 989; x_wconf 68' lang='lat' dir='ltr'>V.</span> <span class='ocrx_word' id='word_1_263' title='bbox 1586 941 1739 983; x_wconf 84' lang='lat' dir='ltr'>Inveni</span> <span class='ocrx_word' id='word_1_264' title='bbox 1774 940 1919 982; x_wconf 90' lang='lat' dir='ltr'>David</span> 
     </span>
     <span class='ocr_line' id='line_1_61' title="bbox 1091 999 1919 1050; baseline -0.004 -9"><span class='ocrx_word' id='word_1_265' title='bbox 1091 1013 1265 1042; x_wconf 89' lang='lat' dir='ltr'>servum</span> <span class='ocrx_word' id='word_1_266' title='bbox 1296 1013 1458 1050; x_wconf 90' lang='lat' dir='ltr'>meum,</span> <span class='ocrx_word' id='word_1_267' title='bbox 1495 999 1594 1041; x_wconf 84' lang='lat' dir='ltr'>oleo</span> <span class='ocrx_word' id='word_1_268' title='bbox 1631 1002 1783 1039; x_wconf 89' lang='lat' dir='ltr'>saneto</span> <span class='ocrx_word' id='word_1_269' title='bbox 1819 1009 1919 1039; x_wconf 90' lang='lat' dir='ltr'>meo</span> 
     </span>
     <span class='ocr_line' id='line_1_62' title="bbox 1091 1057 1519 1098; baseline -0.002 0"><span class='ocrx_word' id='word_1_270' title='bbox 1091 1057 1196 1098; x_wconf 85' lang='lat' dir='ltr'>unxi</span> <span class='ocrx_word' id='word_1_271' title='bbox 1216 1069 1325 1098; x_wconf 88' lang='lat' dir='ltr'>eum.</span> <span class='ocrx_word' id='word_1_272' title='bbox 1352 1057 1519 1097; x_wconf 90' lang='lat' dir='ltr'>Manus.</span> 
     </span>
    </p>

    <p class='ocr_par' dir='ltr' id='par_1_20' title="bbox 1389 1131 1614 1173">
     <span class='ocr_line' id='line_1_63' title="bbox 1389 1131 1614 1173; baseline -0.004 -1"><span class='ocrx_word' id='word_1_273' title='bbox 1389 1132 1541 1173; x_wconf 90' lang='lat' dir='ltr'>Lectio</span> <span class='ocrx_word' id='word_1_274' title='bbox 1562 1131 1614 1172; x_wconf 81' lang='lat' dir='ltr'>vi.</span> 
     </span>
    </p>

    <p class='ocr_par' dir='ltr' id='par_1_21' title="bbox 1093 1201 1924 2668">
     <span class='ocr_line' id='line_1_64' title="bbox 1176 1201 1920 1255; baseline 0 -12"><span class='ocrx_word' id='word_1_275' title='bbox 1176 1208 1324 1245; x_wconf 80' lang='lat' dir='ltr'>xstant</span> <span class='ocrx_word' id='word_1_276' title='bbox 1341 1203 1491 1245; x_wconf 88' lang='lat' dir='ltr'>multae</span> <span class='ocrx_word' id='word_1_277' title='bbox 1509 1203 1625 1245; x_wconf 89' lang='lat' dir='ltr'>illius</span> <span class='ocrx_word' id='word_1_278' title='bbox 1644 1201 1844 1255; x_wconf 88' lang='lat' dir='ltr'>epistolae</span> <span class='ocrx_word' id='word_1_279' title='bbox 1863 1201 1920 1244; x_wconf 91' lang='lat' dir='ltr'>ad</span> 
     </span>
     <span class='ocr_line' id='line_1_65' title="bbox 1211 1260 1922 1313; baseline -0.001 -13"><span class='ocrx_word' id='word_1_280' title='bbox 1211 1260 1415 1313; x_wconf 90' lang='lat' dir='ltr'>Pipinum</span> <span class='ocrx_word' id='word_1_281' title='bbox 1456 1260 1727 1301; x_wconf 75' lang='lat' dir='ltr'>Francorum</span> <span class='ocrx_word' id='word_1_282' title='bbox 1773 1271 1922 1310; x_wconf 88' lang='lat' dir='ltr'>regem</span> 
     </span>
     <span class='ocr_line' id='line_1_66' title="bbox 1094 1314 1922 1370; baseline -0.002 -12"><span class='ocrx_word' id='word_1_283' title='bbox 1094 1317 1292 1370; x_wconf 87' lang='lat' dir='ltr'>scriptae,</span> <span class='ocrx_word' id='word_1_284' title='bbox 1336 1317 1380 1357; x_wconf 92' lang='lat' dir='ltr'>in</span> <span class='ocrx_word' id='word_1_285' title='bbox 1426 1316 1584 1368; x_wconf 92' lang='lat' dir='ltr'>quibus</span> <span class='ocrx_word' id='word_1_286' title='bbox 1628 1315 1792 1367; x_wconf 79' lang='lat' dir='ltr'>gratias</span> <span class='ocrx_word' id='word_1_287' title='bbox 1832 1314 1922 1366; x_wconf 88' lang='lat' dir='ltr'>agit</span> 
     </span>
     <span class='ocr_line' id='line_1_67' title="bbox 1094 1371 1923 1426; baseline -0.004 -11"><span class='ocrx_word' id='word_1_288' title='bbox 1094 1373 1279 1426; x_wconf 81' lang='lat' dir='ltr'>optimo,</span> <span class='ocrx_word' id='word_1_289' title='bbox 1316 1379 1360 1415; x_wconf 90' lang='lat' dir='ltr'>et</span> <span class='ocrx_word' id='word_1_290' title='bbox 1397 1371 1452 1414; x_wconf 90' lang='lat' dir='ltr'>de</span> <span class='ocrx_word' id='word_1_291' title='bbox 1485 1373 1687 1414; x_wconf 77' lang='lat' dir='ltr'>Romana</span> <span class='ocrx_word' id='word_1_292' title='bbox 1723 1371 1923 1413; x_wconf 79' lang='lat' dir='ltr'>Ecclesia</span> 
     </span>
     <span class='ocr_line' id='line_1_68' title="bbox 1093 1429 1923 1482; baseline -0.002 -11"><span class='ocrx_word' id='word_1_293' title='bbox 1093 1430 1363 1471; x_wconf 85' lang='lat' dir='ltr'>benemerito</span> <span class='ocrx_word' id='word_1_294' title='bbox 1381 1429 1585 1482; x_wconf 88' lang='lat' dir='ltr'>principi,</span> <span class='ocrx_word' id='word_1_295' title='bbox 1608 1441 1691 1481; x_wconf 93' lang='lat' dir='ltr'>pro</span> <span class='ocrx_word' id='word_1_296' title='bbox 1716 1430 1923 1481; x_wconf 85' lang='lat' dir='ltr'>suscepta</span> 
     </span>
     <span class='ocr_line' id='line_1_69' title="bbox 1093 1484 1922 1537; baseline -0.002 -9"><span class='ocrx_word' id='word_1_297' title='bbox 1093 1487 1305 1528; x_wconf 82' lang='lat' dir='ltr'>Ecclesiae</span> <span class='ocrx_word' id='word_1_298' title='bbox 1338 1490 1492 1528; x_wconf 91' lang='lat' dir='ltr'>contra</span> <span class='ocrx_word' id='word_1_299' title='bbox 1524 1484 1922 1537; x_wconf 88' lang='lat' dir='ltr'>Longobardorum</span> 
     </span>
     <span class='ocr_line' id='line_1_70' title="bbox 1093 1541 1922 1596; baseline -0.002 -12"><span class='ocrx_word' id='word_1_300' title='bbox 1093 1544 1360 1596; x_wconf 79' lang='lat' dir='ltr'>irruptiones</span> <span class='ocrx_word' id='word_1_301' title='bbox 1410 1541 1683 1592; x_wconf 80' lang='lat' dir='ltr'>defensione3</span> <span class='ocrx_word' id='word_1_302' title='bbox 1733 1544 1922 1593; x_wconf 82' lang='lat' dir='ltr'>eumque</span> 
     </span>
     <span class='ocr_line' id='line_1_71' title="bbox 1093 1598 1922 1651; baseline -0.002 -10"><span class='ocrx_word' id='word_1_303' title='bbox 1093 1600 1202 1641; x_wconf 90' lang='lat' dir='ltr'>raris</span> <span class='ocrx_word' id='word_1_304' title='bbox 1239 1599 1392 1651; x_wconf 83' lang='lat' dir='ltr'>elogiis</span> <span class='ocrx_word' id='word_1_305' title='bbox 1424 1598 1693 1640; x_wconf 79' lang='lat' dir='ltr'>cumulatum</span> <span class='ocrx_word' id='word_1_306' title='bbox 1723 1598 1922 1651; x_wconf 89' lang='lat' dir='ltr'>impense</span> 
     </span>
     <span class='ocr_line' id='line_1_72' title="bbox 1093 1653 1922 1707; baseline -0.001 -10"><span class='ocrx_word' id='word_1_307' title='bbox 1093 1656 1304 1706; x_wconf 82' lang='lat' dir='ltr'>hortatur,</span> <span class='ocrx_word' id='word_1_308' title='bbox 1331 1669 1386 1697; x_wconf 92' lang='lat' dir='ltr'>ne</span> <span class='ocrx_word' id='word_1_309' title='bbox 1409 1668 1618 1707; x_wconf 88' lang='lat' dir='ltr'>umquam</span> <span class='ocrx_word' id='word_1_310' title='bbox 1637 1668 1663 1696; x_wconf 91' lang='lat' dir='ltr'>a</span> <span class='ocrx_word' id='word_1_311' title='bbox 1680 1660 1829 1707; x_wconf 87' lang='lat' dir='ltr'>coepto</span> <span class='ocrx_word' id='word_1_312' title='bbox 1849 1653 1922 1696; x_wconf 84' lang='lat' dir='ltr'>de-</span> 
     </span>
     <span class='ocr_line' id='line_1_73' title="bbox 1095 1711 1923 1754; baseline -0.002 -1"><span class='ocrx_word' id='word_1_313' title='bbox 1095 1715 1230 1754; x_wconf 86' lang='lat' dir='ltr'>sistat.</span> <span class='ocrx_word' id='word_1_314' title='bbox 1250 1713 1359 1753; x_wconf 89' lang='lat' dir='ltr'>Cum</span> <span class='ocrx_word' id='word_1_315' title='bbox 1374 1717 1520 1753; x_wconf 91' lang='lat' dir='ltr'>autem</span> <span class='ocrx_word' id='word_1_316' title='bbox 1535 1711 1788 1753; x_wconf 83' lang='lat' dir='ltr'>coemeteria</span> <span class='ocrx_word' id='word_1_317' title='bbox 1799 1715 1923 1752; x_wconf 83' lang='lat' dir='ltr'>extra</span> 
     </span>
     <span class='ocr_line' id='line_1_74' title="bbox 1093 1766 1921 1819; baseline -0.002 -9"><span class='ocrx_word' id='word_1_318' title='bbox 1093 1781 1244 1810; x_wconf 91' lang='lat' dir='ltr'>muros</span> <span class='ocrx_word' id='word_1_319' title='bbox 1270 1781 1295 1809; x_wconf 93' lang='lat' dir='ltr'>a</span> <span class='ocrx_word' id='word_1_320' title='bbox 1318 1767 1628 1819; x_wconf 81' lang='lat' dir='ltr'>Longobardis</span> <span class='ocrx_word' id='word_1_321' title='bbox 1652 1766 1798 1809; x_wconf 90' lang='lat' dir='ltr'>diruta</span> <span class='ocrx_word' id='word_1_322' title='bbox 1820 1767 1921 1808; x_wconf 88' lang='lat' dir='ltr'>fuis-</span> 
     </span>
     <span class='ocr_line' id='line_1_75' title="bbox 1094 1823 1920 1875; baseline -0.004 -8"><span class='ocrx_word' id='word_1_323' title='bbox 1094 1830 1204 1875; x_wconf 90' lang='lat' dir='ltr'>sent,</span> <span class='ocrx_word' id='word_1_324' title='bbox 1242 1825 1401 1866; x_wconf 88' lang='lat' dir='ltr'>multas</span> <span class='ocrx_word' id='word_1_325' title='bbox 1432 1823 1535 1866; x_wconf 90' lang='lat' dir='ltr'>inde</span> <span class='ocrx_word' id='word_1_326' title='bbox 1568 1825 1820 1866; x_wconf 90' lang='lat' dir='ltr'>sanctorum</span> <span class='ocrx_word' id='word_1_327' title='bbox 1850 1836 1920 1865; x_wconf 82' lang='lat' dir='ltr'>ex-</span> 
     </span>
     <span class='ocr_line' id='line_1_76' title="bbox 1094 1879 1923 1934; baseline -0.002 -11"><span class='ocrx_word' id='word_1_328' title='bbox 1094 1882 1230 1931; x_wconf 80' lang='lat' dir='ltr'>uvias,</span> <span class='ocrx_word' id='word_1_329' title='bbox 1255 1894 1310 1923; x_wconf 91' lang='lat' dir='ltr'>ne</span> <span class='ocrx_word' id='word_1_330' title='bbox 1335 1881 1536 1923; x_wconf 80' lang='lat' dir='ltr'>barbaris</span> <span class='ocrx_word' id='word_1_331' title='bbox 1561 1881 1606 1921; x_wconf 93' lang='lat' dir='ltr'>in</span> <span class='ocrx_word' id='word_1_332' title='bbox 1630 1879 1829 1934; x_wconf 87' lang='lat' dir='ltr'>praedam</span> <span class='ocrx_word' id='word_1_333' title='bbox 1856 1881 1923 1922; x_wconf 82' lang='lat' dir='ltr'>ce-</span> 
     </span>
     <span class='ocr_line' id='line_1_77' title="bbox 1095 1937 1924 1988; baseline -0.004 -8"><span class='ocrx_word' id='word_1_334' title='bbox 1095 1938 1259 1988; x_wconf 89' lang='lat' dir='ltr'>derent,</span> <span class='ocrx_word' id='word_1_335' title='bbox 1284 1938 1329 1978; x_wconf 91' lang='lat' dir='ltr'>in</span> <span class='ocrx_word' id='word_1_336' title='bbox 1355 1937 1522 1980; x_wconf 90' lang='lat' dir='ltr'>Urbem</span> <span class='ocrx_word' id='word_1_337' title='bbox 1549 1937 1711 1988; x_wconf 87' lang='lat' dir='ltr'>intulit;</span> <span class='ocrx_word' id='word_1_338' title='bbox 1739 1949 1924 1988; x_wconf 84' lang='lat' dir='ltr'>quarum</span> 
     </span>
     <span class='ocr_line' id='line_1_78' title="bbox 1094 1993 1924 2047; baseline -0.002 -11"><span class='ocrx_word' id='word_1_339' title='bbox 1094 2008 1183 2036; x_wconf 93' lang='lat' dir='ltr'>non</span> <span class='ocrx_word' id='word_1_340' title='bbox 1200 1993 1421 2036; x_wconf 80' lang='lat' dir='ltr'>modicam</span> <span class='ocrx_word' id='word_1_341' title='bbox 1440 1999 1612 2047; x_wconf 89' lang='lat' dir='ltr'>partem</span> <span class='ocrx_word' id='word_1_342' title='bbox 1630 1994 1675 2034; x_wconf 89' lang='lat' dir='ltr'>in</span> <span class='ocrx_word' id='word_1_343' title='bbox 1693 1993 1924 2035; x_wconf 87' lang='lat' dir='ltr'>ecclesiam</span> 
     </span>
     <span class='ocr_line' id='line_1_79' title="bbox 1094 2050 1922 2102; baseline -0.004 -9"><span class='ocrx_word' id='word_1_344' title='bbox 1094 2051 1347 2093; x_wconf 84' lang='lat' dir='ltr'>monasterii</span> <span class='ocrx_word' id='word_1_345' title='bbox 1374 2064 1400 2092; x_wconf 94' lang='lat' dir='ltr'>a</span> <span class='ocrx_word' id='word_1_346' title='bbox 1427 2063 1475 2092; x_wconf 88' lang='lat' dir='ltr'>se</span> <span class='ocrx_word' id='word_1_347' title='bbox 1503 2050 1743 2092; x_wconf 77' lang='lat' dir='ltr'>constructi</span> <span class='ocrx_word' id='word_1_348' title='bbox 1773 2050 1817 2090; x_wconf 91' lang='lat' dir='ltr'>in</span> <span class='ocrx_word' id='word_1_349' title='bbox 1848 2062 1922 2102; x_wconf 91' lang='lat' dir='ltr'>pa-</span> 
     </span>
     <span class='ocr_line' id='line_1_80' title="bbox 1094 2105 1923 2160; baseline -0.004 -11"><span class='ocrx_word' id='word_1_350' title='bbox 1094 2108 1230 2150; x_wconf 88' lang='lat' dir='ltr'>ternis</span> <span class='ocrx_word' id='word_1_351' title='bbox 1256 2107 1425 2149; x_wconf 81' lang='lat' dir='ltr'>aedibus</span> <span class='ocrx_word' id='word_1_352' title='bbox 1455 2113 1497 2149; x_wconf 92' lang='lat' dir='ltr'>et</span> <span class='ocrx_word' id='word_1_353' title='bbox 1521 2107 1675 2160; x_wconf 86' lang='lat' dir='ltr'>pingui</span> <span class='ocrx_word' id='word_1_354' title='bbox 1702 2119 1837 2148; x_wconf 90' lang='lat' dir='ltr'>censu</span> <span class='ocrx_word' id='word_1_355' title='bbox 1863 2105 1923 2147; x_wconf 93' lang='lat' dir='ltr'>di-</span> 
     </span>
     <span class='ocr_line' id='line_1_81' title="bbox 1094 2161 1924 2214; baseline -0.004 -9"><span class='ocrx_word' id='word_1_356' title='bbox 1094 2164 1176 2206; x_wconf 82' lang='lat' dir='ltr'>tati</span> <span class='ocrx_word' id='word_1_357' title='bbox 1207 2163 1455 2205; x_wconf 80' lang='lat' dir='ltr'>collocavit.</span> <span class='ocrx_word' id='word_1_358' title='bbox 1501 2164 1706 2205; x_wconf 86' lang='lat' dir='ltr'>Ceterum</span> <span class='ocrx_word' id='word_1_359' title='bbox 1742 2162 1780 2203; x_wconf 92' lang='lat' dir='ltr'>si</span> <span class='ocrx_word' id='word_1_360' title='bbox 1817 2161 1924 2214; x_wconf 92' lang='lat' dir='ltr'>quid</span> 
     </span>
     <span class='ocr_line' id='line_1_82' title="bbox 1095 2217 1924 2274; baseline -0.004 -13"><span class='ocrx_word' id='word_1_361' title='bbox 1095 2221 1180 2274; x_wconf 91' lang='lat' dir='ltr'>ipsi</span> <span class='ocrx_word' id='word_1_362' title='bbox 1203 2220 1417 2272; x_wconf 88' lang='lat' dir='ltr'>temporis</span> <span class='ocrx_word' id='word_1_363' title='bbox 1446 2219 1608 2261; x_wconf 89' lang='lat' dir='ltr'>residui</span> <span class='ocrx_word' id='word_1_364' title='bbox 1637 2217 1924 2261; x_wconf 78' lang='lat' dir='ltr'>ecclesiastici</span> 
     </span>
     <span class='ocr_line' id='line_1_83' title="bbox 1095 2274 1923 2328; baseline -0.004 -9"><span class='ocrx_word' id='word_1_365' title='bbox 1095 2277 1316 2328; x_wconf 86' lang='lat' dir='ltr'>regiminis</span> <span class='ocrx_word' id='word_1_366' title='bbox 1346 2289 1451 2318; x_wconf 90' lang='lat' dir='ltr'>cura</span> <span class='ocrx_word' id='word_1_367' title='bbox 1477 2276 1763 2328; x_wconf 83' lang='lat' dir='ltr'>relinqueret,</span> <span class='ocrx_word' id='word_1_368' title='bbox 1790 2274 1837 2316; x_wconf 92' lang='lat' dir='ltr'>id</span> <span class='ocrx_word' id='word_1_369' title='bbox 1858 2279 1923 2316; x_wconf 91' lang='lat' dir='ltr'>to-</span> 
     </span>
     <span class='ocr_line' id='line_1_84' title="bbox 1094 2330 1923 2385; baseline -0.005 -10"><span class='ocrx_word' id='word_1_370' title='bbox 1094 2339 1187 2375; x_wconf 85' lang='lat' dir='ltr'>tum</span> <span class='ocrx_word' id='word_1_371' title='bbox 1231 2332 1400 2374; x_wconf 79' lang='lat' dir='ltr'>alendis</span> <span class='ocrx_word' id='word_1_372' title='bbox 1442 2332 1603 2374; x_wconf 85' lang='lat' dir='ltr'>Christi</span> <span class='ocrx_word' id='word_1_373' title='bbox 1643 2330 1923 2385; x_wconf 88' lang='lat' dir='ltr'>pauperibus,</span> 
     </span>
     <span class='ocr_line' id='line_1_85' title="bbox 1095 2387 1923 2441; baseline -0.004 -10"><span class='ocrx_word' id='word_1_374' title='bbox 1095 2390 1236 2441; x_wconf 73' lang='lat' dir='ltr'>aegris,</span> <span class='ocrx_word' id='word_1_375' title='bbox 1247 2389 1402 2439; x_wconf 90' lang='lat' dir='ltr'>viduis,</span> <span class='ocrx_word' id='word_1_376' title='bbox 1416 2402 1467 2431; x_wconf 87' lang='lat' dir='ltr'>ac</span> <span class='ocrx_word' id='word_1_377' title='bbox 1483 2387 1672 2431; x_wconf 86' lang='lat' dir='ltr'>detentis</span> <span class='ocrx_word' id='word_1_378' title='bbox 1687 2388 1731 2429; x_wconf 91' lang='lat' dir='ltr'>in</span> <span class='ocrx_word' id='word_1_379' title='bbox 1748 2389 1923 2429; x_wconf 80' lang='lat' dir='ltr'>carcere</span> 
     </span>
     <span class='ocr_line' id='line_1_86' title="bbox 1095 2444 1923 2496; baseline -0.005 -8"><span class='ocrx_word' id='word_1_380' title='bbox 1095 2445 1387 2494; x_wconf 80' lang='lat' dir='ltr'>consolandis,</span> <span class='ocrx_word' id='word_1_381' title='bbox 1401 2444 1727 2496; x_wconf 88' lang='lat' dir='ltr'>liberandisque</span> <span class='ocrx_word' id='word_1_382' title='bbox 1742 2445 1923 2496; x_wconf 87' lang='lat' dir='ltr'>oppres-</span> 
     </span>
     <span class='ocr_line' id='line_1_87' title="bbox 1095 2500 1923 2554; baseline -0.004 -10"><span class='ocrx_word' id='word_1_383' title='bbox 1095 2503 1155 2544; x_wconf 90' lang='lat' dir='ltr'>sis</span> <span class='ocrx_word' id='word_1_384' title='bbox 1187 2515 1275 2544; x_wconf 89' lang='lat' dir='ltr'>aere</span> <span class='ocrx_word' id='word_1_385' title='bbox 1303 2501 1445 2543; x_wconf 87' lang='lat' dir='ltr'>alieno</span> <span class='ocrx_word' id='word_1_386' title='bbox 1474 2500 1697 2554; x_wconf 85' lang='lat' dir='ltr'>impendit.</span> <span class='ocrx_word' id='word_1_387' title='bbox 1744 2500 1802 2542; x_wconf 92' lang='lat' dir='ltr'>Et</span> <span class='ocrx_word' id='word_1_388' title='bbox 1833 2504 1923 2541; x_wconf 90' lang='lat' dir='ltr'>tan-</span> 
     </span>
     <span class='ocr_line' id='line_1_88' title="bbox 1096 2556 1922 2610; baseline -0.005 -9"><span class='ocrx_word' id='word_1_389' title='bbox 1096 2560 1197 2601; x_wconf 91' lang='lat' dir='ltr'>dem</span> <span class='ocrx_word' id='word_1_390' title='bbox 1227 2561 1425 2600; x_wconf 81' lang='lat' dir='ltr'>maturus</span> <span class='ocrx_word' id='word_1_391' title='bbox 1453 2558 1567 2599; x_wconf 89' lang='lat' dir='ltr'>coelo</span> <span class='ocrx_word' id='word_1_392' title='bbox 1595 2558 1668 2610; x_wconf 90' lang='lat' dir='ltr'>pie</span> <span class='ocrx_word' id='word_1_393' title='bbox 1696 2556 1820 2606; x_wconf 91' lang='lat' dir='ltr'>obiit,</span> <span class='ocrx_word' id='word_1_394' title='bbox 1836 2568 1922 2597; x_wconf 92' lang='lat' dir='ltr'>·un-</span> 
     </span>
     <span class='ocr_line' id='line_1_89' title="bbox 1096 2612 1924 2668; baseline -0.006 -11"><span class='ocrx_word' id='word_1_395' title='bbox 1096 2616 1267 2658; x_wconf 89' lang='lat' dir='ltr'>decimo</span> <span class='ocrx_word' id='word_1_396' title='bbox 1278 2614 1562 2668; x_wconf 81' lang='lat' dir='ltr'>pontificatus</span> <span class='ocrx_word' id='word_1_397' title='bbox 1577 2626 1690 2655; x_wconf 89' lang='lat' dir='ltr'>anno</span> <span class='ocrx_word' id='word_1_398' title='bbox 1705 2613 1791 2664; x_wconf 91' lang='lat' dir='ltr'>jam</span> <span class='ocrx_word' id='word_1_399' title='bbox 1805 2612 1924 2662; x_wconf 86' lang='lat' dir='ltr'>inito,</span> 
     </span>
    </p>

    <p class='ocr_par' dir='ltr' id='par_1_22' title="bbox 1096 2670 1752 2723">
     <span class='ocr_line' id='line_1_90' title="bbox 1096 2670 1752 2723; baseline -0.008 -9"><span class='ocrx_word' id='word_1_400' title='bbox 1096 2677 1140 2714; x_wconf 91' lang='lat' dir='ltr'>et</span> <span class='ocrx_word' id='word_1_401' title='bbox 1158 2673 1202 2713; x_wconf 92' lang='lat' dir='ltr'>in</span> <span class='ocrx_word' id='word_1_402' title='bbox 1220 2671 1438 2713; x_wconf 78' lang='lat' dir='ltr'>Vaticano</span> <span class='ocrx_word' id='word_1_403' title='bbox 1458 2670 1655 2723; x_wconf 82' lang='lat' dir='ltr'>sepultus</span> <span class='ocrx_word' id='word_1_404' title='bbox 1675 2674 1752 2710; x_wconf 90' lang='lat' dir='ltr'>est.</span> 
     </span>
    </p>
   </div>
   <div class='ocr_carea' id='block_1_13' title="bbox 1152 2736 1523 2787">
    <p class='ocr_par' dir='ltr' id='par_1_23' title="bbox 1152 2736 1523 2787">
     <span class='ocr_line' id='line_1_91' title="bbox 1152 2736 1523 2787; baseline 0.005 -13"><span class='ocrx_word' id='word_1_405' title='bbox 1152 2737 1202 2787; x_wconf 68' lang='lat' dir='ltr'>R.</span> <span class='ocrx_word' id='word_1_406' title='bbox 1223 2737 1314 2778; x_wconf 90' lang='lat' dir='ltr'>Iste</span> <span class='ocrx_word' id='word_1_407' title='bbox 1343 2741 1410 2777; x_wconf 92' lang='lat' dir='ltr'>est</span> <span class='ocrx_word' id='word_1_408' title='bbox 1438 2736 1523 2787; x_wconf 91' lang='lat' dir='ltr'>qui.</span> 
     </span>
    </p>
   </div>
  </div>
 </body>
</html>
