2040 2976
755 191 958 225 Dominica
983 191 1009 224 I.
1035 192 1211 235 Augusti.

187 287 361 322 Historia
385 296 493 326 vcro,
525 286 562 319 id
590 291 660 328 est,
693 286 958 329 Responsoria

132 337 236 371 illius
262 335 369 377 libri,
395 334 426 367 si
452 339 612 377 propter
636 334 795 377 aliquod
820 335 959 368 festum

134 384 279 428 duplex
308 383 347 416 in
376 381 579 416 Dominica
612 392 833 424 occurrens,
865 383 959 425 poni

133 443 210 466 non
234 431 402 475 possint,
434 430 559 472 primo
590 430 651 463 die
682 430 779 463 infra
804 430 959 464 Hebdo-

133 480 303 521 madam,
327 479 366 512 in
384 488 460 521 quo
479 478 667 521 contingit
683 478 765 512 fieri
783 478 959 512 Officium

135 529 181 563 de
213 528 343 570 Feria,
378 531 573 570 ponantur
604 527 794 570 Respons.
826 527 851 562 I.
883 527 960 561 No-

135 576 258 612 cturni
270 575 496 615 Dominicae,
514 576 670 609 omissis
686 576 773 609 aliis
788 575 960 618 Respon-

135 625 267 667 soriis,
302 625 335 658 si
359 624 457 658 forte
485 624 523 657 in
548 624 615 658 illa
638 624 751 658 Feria
776 624 959 659 haberen-

134 678 195 708 tur
218 673 395 717 propria,
429 672 593 706 servatis
619 673 734 706 etiam
760 673 848 706 aliis
874 683 960 716 quae

135 723 173 756 in
207 721 375 756 Rubrica
410 721 457 754 de
489 721 766 764 Responsoriis
801 731 959 755 numero

135 771 199 805 vii.
224 770 454 813 praescripta
479 773 576 803 sunt.

186 830 257 872 Ad
276 831 449 881 Magnif.
479 831 578 871 Ant.
613 831 837 885 Sapientia
859 833 883 859 *
908 845 961 873 ae-

137 891 331 934 dificavit
357 889 441 932 sibi
469 889 664 939 domum,
701 888 864 931 excidit
892 901 962 929 00-

135 948 306 990 lumnas
325 951 511 1000 septem,
537 945 734 988 subdidit
758 945 841 987 sibi
863 957 963 997 gen-

134 1010 213 1054 tes,
227 1003 518 1057 superborum
532 1008 576 1045 et
586 1003 836 1045 sublimium
851 1001 964 1044 colla

135 1061 316 1115 prepria
334 1060 496 1103 virtute
515 1060 712 1103 calcavit.

187 1117 237 1169 V.
277 1118 546 1170 Vespertina
578 1117 722 1159 oratio
755 1116 964 1158 ascendat

137 1173 193 1216 ad
222 1179 266 1216 te
298 1174 498 1216 Domine.
548 1177 599 1228 R.
637 1174 694 1215 Et
725 1172 964 1215 descendat

137 1243 269 1283 super
286 1244 367 1273 nos
386 1231 687 1273 misericerdia
706 1235 792 1272 tua.

187 1295 319 1330 Oratio
346 1305 432 1339 quae
453 1295 641 1338 contingit
662 1295 698 1328 in
718 1295 851 1329 ordine
871 1296 961 1329 alia-

134 1354 217 1378 rum
240 1343 539 1385 Dominicarum,
564 1347 605 1377 ut
629 1343 736 1377 infra.

390 1414 634 1443 w„-—.<{g:>.j

236 1503 511 1553 Dominica
540 1504 578 1554 Ι.
609 1503 859 1566 Augusti.

186 1571 386 1605 Ponuntur
404 1571 494 1605 libri
511 1570 745 1614 Salomonis,
771 1576 807 1605 et
823 1571 963 1614 legitur

135 1620 182 1654 de
206 1620 261 1654 eis
285 1629 407 1663 usque
429 1619 479 1653 ad
500 1619 743 1653 Dominicam
765 1619 791 1654 Ι.
810 1619 912 1663 Sept.

371 1687 419 1725 In
447 1686 477 1725 I.
506 1686 728 1726 Nocturno.

180 1747 399 1800 Incipiunt
416 1746 648 1788 Parabolae
667 1746 924 1789 Salomonis.

238 1812 392 1853 Lectio
411 1813 435 1852 i.
707 1812 810 1864 Cap.
831 1814 859 1852 1.

140 1886 148 1928 ξ
171 1887 223 1941 Γ)
251 1873 442 1915 arabolae
474 1873 737 1924 Salomonis,
769 1873 848 1914 filii
878 1874 963 1915 Da-

143 1931 244 2002 gfflg,
265 1929 356 1980 vid,
388 1931 503 1982 regis
535 1929 682 1972 Israel.
724 1929 797 1972 Ad
829 1931 963 1972 scien-

189 1977 245 2011 5Ὓὶ
267 1985 369 2028 dam
396 1987 670 2040 sapientiam,
702 1991 746 2028 et
774 1986 963 2039 discipli-

137 2054 253 2083 nam:
294 2042 350 2085 ad
381 2042 664 2094 intelligenda
698 2042 833 2085 verba
865 2057 964 2096 pru-

138 2097 312 2141 dentiae:
341 2105 384 2142 et
409 2099 734 2152 suscipiendam
758 2099 963 2142 eruditio-

136 2168 237 2197 nem
265 2155 492 2207 doctrinae,
525 2156 748 2209 justitiam,
783 2161 826 2198 et
858 2155 962 2207 judi-

137 2212 266 2263 cium,
291 2218 335 2255 et
354 2214 620 2266 aequitatem:
644 2218 693 2255 ut
717 2212 847 2254 detur
865 2215 963 2265 par-

136 2269 249 2311 vulis
277 2270 454 2320 astutia,
483 2269 754 2312 adolescenti
782 2269 965 2311 scientia

137 2330 182 2367 et
217 2326 476 2368 intellectus.
535 2326 733 2367 Audiens
770 2326 963 2378 sapiens,

137 2382 376 2435 sapientior
405 2382 499 2424 erit:
534 2387 577 2424 et
600 2382 861 2433 intelligens,
889 2395 962 2433 gu-

137 2438 373 2481 bernacula
391 2438 646 2491 possidebit.
679 2438 963 2480 Animadver-

135 2500 200 2537 tet
237 2495 511 2548 parabolam,
559 2500 604 2537 et
642 2495 963 2548 interpretatio-

136 2564 246 2601 nem,
261 2551 396 2594 verba
406 2551 662 2604 sapientum,
678 2557 721 2594 et
732 2553 963 2602 aenigmata

135 2610 301 2650 eurum.

190 2667 241 2717 R.
269 2668 321 2709 In
344 2669 560 2722 principio
585 2669 706 2710 Deus
729 2671 964 2721 antequam

136 2727 299 2766 terram
316 2725 490 2776 faceret,
509 2725 765 2779 priusquam
779 2725 963 2779 abvssos

1013 290 1316 340 constitueret,
1343 290 1600 343 priusquam
1624 289 1839 344 produce-

1012 352 1079 389 ret
1108 347 1251 388 fontes
1284 348 1506 399 aquarum.
1538 346 1559 369 *
1590 349 1841 399 Antequam

1012 408 1185 445 montes
1205 403 1542 453 collocarentur,
1568 408 1667 445 ante
1689 416 1840 445 omnes

1014 460 1150 502 colles
1207 460 1434 511 generavit
1488 473 1558 501 me
1616 460 1841 501 Deminus.

1016 516 1065 568 V.
1113 516 1298 566 Quando
1349 516 1633 569 praeparabat
1684 516 1839 567 coelos,

1015 573 1208 624 aderam,
1251 586 1350 614 cum
1389 586 1440 614 eo
1473 578 1631 614 cuncta
1664 575 1840 626 compe-

1013 643 1132 672 nens.
1167 630 1427 682 Antequam.

1326 705 1477 746 IAectiO
1497 706 1536 745 11.

1099 767 1211 808 imor
1220 766 1398 807 Demini
1409 765 1672 820 principium
1685 765 1844 818 sapien-

1105 824 1189 866 tiae.
1223 823 1508 876 Sapientiam,
1533 827 1663 874 atque
1684 821 1842 863 doctri-

1015 895 1116 923 nam
1147 880 1269 922 stulti
1296 880 1555 934 despiciunt.
1609 878 1744 928 Audi,
1781 878 1843 919 fili

1015 938 1089 989 mi,
1121 937 1396 990 disciplinam
1427 936 1565 989 patris
1598 935 1676 986 tui,
1714 940 1757 976 et
1790 948 1843 976 ne

1017 994 1210 1036 dimittas
1235 995 1378 1046 legem
1400 993 1552 1035 matris
1570 998 1674 1035 tuae:
1702 996 1751 1033 ut
1771 991 1843 1033 ad-

1018 1051 1146 1093 datur
1164 1051 1304 1102 gratia
1324 1050 1458 1104 capiti
1476 1055 1571 1100 tuo,
1597 1054 1640 1091 et
1662 1054 1843 1100 torques

1018 1108 1133 1150 00110
1153 1113 1241 1149 tuo.
1274 1107 1356 1148 Fili
1374 1108 1448 1157 mi,
1468 1107 1505 1147 si
1522 1111 1567 1148 te
1586 1105 1844 1148 lactaverint

1017 1167 1293 1218 peccateres,
1320 1177 1376 1206 ne
1403 1164 1659 1216 acquiescas
1689 1163 1762 1204 eis.
1799 1162 1844 1203 Si

1019 1221 1221 1263 dixerint:
1252 1221 1368 1263 Veni
1391 1220 1637 1270 nobiscum,
1669 1219 1842 1261 insidie-

1017 1291 1114 1319 mur
1133 1278 1346 1329 sanguini,
1365 1275 1687 1319 abscondamus
1705 1276 1843 1317 tendi-

1019 1335 1138 1376 culas
1159 1339 1312 1376 contra
1330 1335 1549 1376 insentem
1569 1333 1744 1374 frustra:
1772 1333 1843 1374 de-

1017 1391 1252 1442 glutiamus
1285 1404 1385 1433 eum
1417 1391 1529 1432 sicut
1560 1390 1751 1431 infernus
1784 1389 1842 1430 vi-

1018 1450 1203 1498 ventem,
1223 1453 1267 1490 et
1284 1451 1501 1499 integrum
1522 1447 1646 1499 quasi
1666 1445 1842 1488 descen-

1018 1504 1195 1547 dentem
1219 1505 1264 1546 in
1287 1505 1441 1546 lacum.
1478 1504 1665 1545 Omnem
1682 1503 1843 1555 pretio-

1018 1575 1112 1603 sam
1136 1560 1426 1603 substantiam
1451 1560 1738 1614 reperiemus,
1769 1559 1844 1600 im-

1016 1618 1235 1672 plebimus
1272 1618 1430 1661 domos
1468 1622 1642 1659 nostras
1679 1616 1844 1669 spoliis.

1017 1675 1191 1717 Sortem
1228 1676 1354 1717 mitte
1393 1674 1639 1724 nobiscum,
1680 1676 1844 1714 marsu-

1017 1733 1139 1786 pium
1156 1746 1290 1774 unum
1307 1733 1363 1774 sit
1383 1732 1575 1774 omnium
1594 1735 1803 1772 nostrum.

1071 1799 1121 1850 R.
1148 1799 1315 1851 Gyrum
1339 1798 1439 1840 coeli
1463 1797 1640 1839 circuivi
1665 1795 1776 1845 sola,
1803 1801 1846 1837 et

1016 1855 1061 1896 in
1085 1855 1292 1898 fluctibus
1315 1855 1447 1896 maris
1473 1853 1711 1902 ambulavi,
1737 1852 1781 1893 in
1800 1865 1843 1894 0-

1017 1912 1107 1952 mni
1131 1917 1260 1963 gente
1288 1917 1331 1954 et
1352 1912 1398 1952 in
1423 1910 1542 1952 omni
1565 1909 1734 1962 pupulo
1759 1909 1843 1961 pri-

1016 1970 1184 2010 matum
1222 1969 1359 2011 tenui:
1419 1966 1441 1989 *
1460 1965 1760 2019 Superborum
1801 1971 1845 2007 et

1018 2024 1267 2066 sublimium
1313 2024 1427 2066 colla
1465 2023 1646 2076 prepria
1681 2023 1843 2064 virtute

1018 2082 1195 2123 calcavi,
1247 2075 1299 2127 V.
1325 2082 1421 2132 Ego
1449 2081 1493 2122 in
1521 2078 1744 2121 altissimis
1771 2078 1843 2120 ha—

1016 2137 1125 2187 bito,
1154 2143 1198 2180 et
1221 2137 1405 2180 thronus
1430 2149 1554 2179 meus
1579 2136 1623 2176 in
1642 2135 1843 2176 columna

1015 2194 1153 2236 nubis.
1181 2194 1491 2247 Superborum.

1319 2264 1468 2304 Lectio
1488 2264 1541 2303 iii.

1099 2330 1145 2371 ili
1163 2330 1233 2380 mi,
1252 2343 1307 2372 ne
1327 2329 1523 2372 ambules
1538 2341 1638 2370 cum
1657 2328 1729 2377 eis,
1744 2327 1841 2379 pre-

1114 2386 1215 2428 hibe
1253 2386 1414 2440 pedem
1450 2391 1574 2428 tuum
1612 2398 1638 2426 a
1676 2383 1840 2425 semitis

1016 2446 1179 2486 eorum.
1238 2442 1381 2485 Pedes
1422 2443 1537 2485 enim
1575 2441 1749 2482 illorum
1784 2439 1841 2481 ad

1015 2501 1176 2543 malum
1196 2505 1390 2551 currunt,
1416 2504 1460 2542 et
1482 2499 1688 2541 festinant
1711 2501 1759 2538 ut
1783 2497 1839 2537 ef·

1014 2556 1200 2599 fundant
1236 2557 1499 2608 sanguinem.
1552 2555 1733 2596 Frustra
1769 2565 1838 2594 au-

1013 2619 1104 2656 tem
1130 2615 1284 2666 jacitur
1311 2618 1404 2655 rete
1432 2618 1532 2655 ante
1558 2611 1710 2653 eculos
1736 2621 1838 2662 pen-

1014 2673 1228 2712 natorum.
1259 2670 1352 2723 Ipsi
1375 2681 1552 2721 quoque
1572 2671 1724 2709 contra
1742 2667 1836 2705 san-

1014 2727 1189 2778 guinem
1218 2739 1344 2768 suum
1369 2725 1644 2774 insidiantur,
1676 2727 1719 2765 et
1744 2734 1833 2765 mo—
