<?xml version="1.0" encoding="UTF-8"?>
<!DOCTYPE html PUBLIC "-//W3C//DTD XHTML 1.0 Transitional//EN"
    "http://www.w3.org/TR/xhtml1/DTD/xhtml1-transitional.dtd">
<html xmlns="http://www.w3.org/1999/xhtml" xml:lang="en" lang="en">
 <head>
  <title>
</title>
<meta http-equiv="Content-Type" content="text/html;charset=utf-8" />
  <meta name='ocr-system' content='tesseract 3.04.00' />
  <meta name='ocr-capabilities' content='ocr_page ocr_carea ocr_par ocr_line ocrx_word'/>
</head>
<body>
  <div class='ocr_page' id='page_1' title='image "./p3breviariumroma00cathuoft_0336.png"; bbox 0 0 2040 2976; ppageno 0'>
   <div class='ocr_carea' id='block_1_1' title="bbox 192 205 266 240">
    <p class='ocr_par' dir='ltr' id='par_1_1' title="bbox 192 205 266 240">
     <span class='ocr_line' id='line_1_1' title="bbox 192 205 266 240; baseline 0 0"><span class='ocrx_word' id='word_1_1' title='bbox 192 205 266 240; x_wconf 88' lang='grc'>306</span> 
     </span>
    </p>
   </div>
   <div class='ocr_carea' id='block_1_2' title="bbox 188 296 1023 1405">
    <p class='ocr_par' dir='ltr' id='par_1_2' title="bbox 190 296 1023 801">
     <span class='ocr_line' id='line_1_2' title="bbox 192 296 1022 352; baseline -0.005 -11"><span class='ocrx_word' id='word_1_2' title='bbox 192 301 487 352; x_wconf 88' lang='lat' dir='ltr'>peccatorum,</span> <span class='ocrx_word' id='word_1_3' title='bbox 507 309 559 338; x_wconf 91' lang='lat' dir='ltr'>ac</span> <span class='ocrx_word' id='word_1_4' title='bbox 576 296 841 349; x_wconf 88' lang='lat' dir='ltr'>patrimonia</span> <span class='ocrx_word' id='word_1_5' title='bbox 859 300 1022 350; x_wconf 83' lang='lat' dir='ltr'>paupe-</span> 
     </span>
     <span class='ocr_line' id='line_1_3' title="bbox 193 353 1022 403; baseline -0.005 -6"><span class='ocrx_word' id='word_1_6' title='bbox 193 369 299 397; x_wconf 91' lang='lat' dir='ltr'>rum.</span> <span class='ocrx_word' id='word_1_7' title='bbox 335 353 460 396; x_wconf 86' lang='lat' dir='ltr'>Sedit</span> <span class='ocrx_word' id='word_1_8' title='bbox 484 366 622 395; x_wconf 88' lang='lat' dir='ltr'>annos</span> <span class='ocrx_word' id='word_1_9' title='bbox 646 366 740 403; x_wconf 85' lang='lat' dir='ltr'>sex,</span> <span class='ocrx_word' id='word_1_10' title='bbox 765 366 938 395; x_wconf 87' lang='lat' dir='ltr'>menses</span> <span class='ocrx_word' id='word_1_11' title='bbox 959 365 1022 394; x_wconf 92' lang='lat' dir='ltr'>se-</span> 
     </span>
     <span class='ocr_line' id='line_1_4' title="bbox 192 409 1021 464; baseline -0.004 -12"><span class='ocrx_word' id='word_1_12' title='bbox 192 417 328 464; x_wconf 85' lang='lat' dir='ltr'><strong>ptem,</strong></span> <span class='ocrx_word' id='word_1_13' title='bbox 360 410 454 452; x_wconf 90' lang='lat' dir='ltr'>dies</span> <span class='ocrx_word' id='word_1_14' title='bbox 488 412 695 462; x_wconf 76' lang='lat' dir='ltr'>quatuor:</span> <span class='ocrx_word' id='word_1_15' title='bbox 726 422 778 450; x_wconf 87' lang='lat' dir='ltr'>ae</span> <span class='ocrx_word' id='word_1_16' title='bbox 810 409 1021 461; x_wconf 72' lang='lat' dir='ltr'>martyrio</span> 
     </span>
     <span class='ocr_line' id='line_1_5' title="bbox 192 466 1022 519; baseline -0.002 -11"><span class='ocrx_word' id='word_1_17' title='bbox 192 470 446 516; x_wconf 80' lang='lat' dir='ltr'>coronatus,</span> <span class='ocrx_word' id='word_1_18' title='bbox 479 466 678 519; x_wconf 79' lang='lat' dir='ltr'>sepultus</span> <span class='ocrx_word' id='word_1_19' title='bbox 705 471 772 507; x_wconf 89' lang='lat' dir='ltr'>est</span> <span class='ocrx_word' id='word_1_20' title='bbox 797 466 840 506; x_wconf 95' lang='lat' dir='ltr'>in</span> <span class='ocrx_word' id='word_1_21' title='bbox 866 478 1022 507; x_wconf 90' lang='lat' dir='ltr'>coeme-</span> 
     </span>
     <span class='ocr_line' id='line_1_6' title="bbox 191 521 1023 571; baseline -0.004 -6"><span class='ocrx_word' id='word_1_22' title='bbox 191 524 302 565; x_wconf 91' lang='lat' dir='ltr'>terio</span> <span class='ocrx_word' id='word_1_23' title='bbox 323 523 594 571; x_wconf 80' lang='lat' dir='ltr'>Praetextati,</span> <span class='ocrx_word' id='word_1_24' title='bbox 619 525 778 564; x_wconf 83' lang='lat' dir='ltr'>octavo</span> <span class='ocrx_word' id='word_1_25' title='bbox 798 521 1023 563; x_wconf 88' lang='lat' dir='ltr'>Kalendas</span> 
     </span>
     <span class='ocr_line' id='line_1_7' title="bbox 190 578 1022 631; baseline -0.001 -11"><span class='ocrx_word' id='word_1_26' title='bbox 190 580 316 620; x_wconf 84' lang='lat' dir='ltr'>Junii.</span> <span class='ocrx_word' id='word_1_27' title='bbox 351 578 712 621; x_wconf 90' lang='lat' dir='ltr'>Ordinationibus</span> <span class='ocrx_word' id='word_1_28' title='bbox 738 579 930 631; x_wconf 92' lang='lat' dir='ltr'>quinque</span> <span class='ocrx_word' id='word_1_29' title='bbox 948 578 1022 619; x_wconf 80' lang='lat' dir='ltr'>ha-</span> 
     </span>
     <span class='ocr_line' id='line_1_8' title="bbox 192 635 1022 687; baseline -0.002 -10"><span class='ocrx_word' id='word_1_30' title='bbox 192 636 294 677; x_wconf 89' lang='lat' dir='ltr'>bitis</span> <span class='ocrx_word' id='word_1_31' title='bbox 304 648 454 677; x_wconf 89' lang='lat' dir='ltr'>mense</span> <span class='ocrx_word' id='word_1_32' title='bbox 464 635 711 684; x_wconf 90' lang='lat' dir='ltr'>Decembri,</span> <span class='ocrx_word' id='word_1_33' title='bbox 727 635 892 677; x_wconf 80' lang='lat' dir='ltr'>creavit</span> <span class='ocrx_word' id='word_1_34' title='bbox 902 648 1022 687; x_wconf 93' lang='lat' dir='ltr'>pres-</span> 
     </span>
     <span class='ocr_line' id='line_1_9' title="bbox 192 691 1022 744; baseline -0.001 -11"><span class='ocrx_word' id='word_1_35' title='bbox 192 692 372 744; x_wconf 72' lang='lat' dir='ltr'>byteros</span> <span class='ocrx_word' id='word_1_36' title='bbox 391 704 561 741; x_wconf 89' lang='lat' dir='ltr'>novem,</span> <span class='ocrx_word' id='word_1_37' title='bbox 583 691 796 733; x_wconf 84' lang='lat' dir='ltr'>diaconos</span> <span class='ocrx_word' id='word_1_38' title='bbox 819 692 1022 744; x_wconf 89' lang='lat' dir='ltr'>quinque,</span> 
     </span>
     <span class='ocr_line' id='line_1_10' title="bbox 193 747 1022 801; baseline -0.001 -12"><span class='ocrx_word' id='word_1_39' title='bbox 193 751 430 801; x_wconf 90' lang='lat' dir='ltr'>episcopos</span> <span class='ocrx_word' id='word_1_40' title='bbox 462 761 543 801; x_wconf 93' lang='lat' dir='ltr'>per</span> <span class='ocrx_word' id='word_1_41' title='bbox 577 747 751 791; x_wconf 91' lang='lat' dir='ltr'>diversa</span> <span class='ocrx_word' id='word_1_42' title='bbox 782 747 879 789; x_wconf 88' lang='lat' dir='ltr'>loca</span> <span class='ocrx_word' id='word_1_43' title='bbox 908 754 1022 790; x_wconf 87' lang='lat' dir='ltr'>octo.</span> 
     </span>
    </p>

    <p class='ocr_par' dir='ltr' id='par_1_3' title="bbox 246 808 812 851">
     <span class='ocr_line' id='line_1_11' title="bbox 246 808 812 851; baseline -0.004 0"><span class='ocrx_word' id='word_1_44' title='bbox 246 813 310 851; x_wconf 91' lang='lat' dir='ltr'>Te</span> <span class='ocrx_word' id='word_1_45' title='bbox 330 809 473 850; x_wconf 91' lang='lat' dir='ltr'>Deum</span> <span class='ocrx_word' id='word_1_46' title='bbox 493 808 734 850; x_wconf 87' lang='lat' dir='ltr'>laudamus.</span> <span class='ocrx_word' id='word_1_47' title='bbox 754 810 812 849; x_wconf 90' lang='lat'>13.</span> 
     </span>
    </p>

    <p class='ocr_par' dir='ltr' id='par_1_4' title="bbox 240 873 984 916">
     <span class='ocr_line' id='line_1_12' title="bbox 240 873 984 916; baseline 0 -10"><span class='ocrx_word' id='word_1_48' title='bbox 240 874 280 906; x_wconf 83' lang='lat' dir='ltr'>In</span> <span class='ocrx_word' id='word_1_49' title='bbox 307 874 425 907; x_wconf 75' lang='lat' dir='ltr'>Laud.</span> <span class='ocrx_word' id='word_1_50' title='bbox 450 884 519 916; x_wconf 81' lang='lat' dir='ltr'>pro</span> <span class='ocrx_word' id='word_1_51' title='bbox 544 883 740 907; x_wconf 82' lang='lat' dir='ltr'>commem.</span> <span class='ocrx_word' id='word_1_52' title='bbox 767 875 800 906; x_wconf 84' lang='lat' dir='ltr'>S.</span> <span class='ocrx_word' id='word_1_53' title='bbox 827 873 984 907; x_wconf 74' lang='lat' dir='ltr'>Urbani.</span> 
     </span>
    </p>

    <p class='ocr_par' dir='ltr' id='par_1_5' title="bbox 192 927 1023 1081">
     <span class='ocr_line' id='line_1_13' title="bbox 242 927 1023 979; baseline 0 -11"><span class='ocrx_word' id='word_1_54' title='bbox 242 930 339 970; x_wconf 74' lang='lat' dir='ltr'>Ant.</span> <span class='ocrx_word' id='word_1_55' title='bbox 374 928 457 979; x_wconf 83' lang='lat' dir='ltr'>Qui</span> <span class='ocrx_word' id='word_1_56' title='bbox 485 927 580 969; x_wconf 93' lang='lat' dir='ltr'>odit</span> <span class='ocrx_word' id='word_1_57' title='bbox 610 928 799 968; x_wconf 78' lang='lat' dir='ltr'>animam</span> <span class='ocrx_word' id='word_1_58' title='bbox 827 940 951 968; x_wconf 89' lang='lat' dir='ltr'>suam</span> <span class='ocrx_word' id='word_1_59' title='bbox 979 927 1023 968; x_wconf 93' lang='lat' dir='ltr'>in</span> 
     </span>
     <span class='ocr_line' id='line_1_14' title="bbox 192 983 1021 1033; baseline 0 -9"><span class='ocrx_word' id='word_1_60' title='bbox 192 983 276 1025; x_wconf 90' lang='lat' dir='ltr'>hoc</span> <span class='ocrx_word' id='word_1_61' title='bbox 295 983 470 1033; x_wconf 92' lang='lat' dir='ltr'>mundo,</span> <span class='ocrx_word' id='word_1_62' title='bbox 495 984 539 1024; x_wconf 93' lang='lat' dir='ltr'>in</span> <span class='ocrx_word' id='word_1_63' title='bbox 566 985 702 1025; x_wconf 81' lang='lat' dir='ltr'>vitam</span> <span class='ocrx_word' id='word_1_64' title='bbox 723 986 932 1025; x_wconf 89' lang='lat' dir='ltr'>aeternam</span> <span class='ocrx_word' id='word_1_65' title='bbox 952 997 1021 1026; x_wconf 91' lang='lat' dir='ltr'>cu-</span> 
     </span>
     <span class='ocr_line' id='line_1_15' title="bbox 192 1039 455 1081; baseline -0.004 0"><span class='ocrx_word' id='word_1_66' title='bbox 192 1039 329 1081; x_wconf 89' lang='lat' dir='ltr'>stodit</span> <span class='ocrx_word' id='word_1_67' title='bbox 349 1052 455 1081; x_wconf 87' lang='lat' dir='ltr'>eam.</span> 
     </span>
    </p>

    <p class='ocr_par' dir='ltr' id='par_1_6' title="bbox 191 1096 1022 1254">
     <span class='ocr_line' id='line_1_16' title="bbox 240 1096 1017 1154; baseline 0.003 -15"><span class='ocrx_word' id='word_1_68' title='bbox 240 1096 289 1147; x_wconf 66' lang='lat' dir='ltr'>V.</span> <span class='ocrx_word' id='word_1_69' title='bbox 320 1100 472 1142; x_wconf 87' lang='lat' dir='ltr'>Justus</span> <span class='ocrx_word' id='word_1_70' title='bbox 499 1106 548 1143; x_wconf 94' lang='lat' dir='ltr'>ut</span> <span class='ocrx_word' id='word_1_71' title='bbox 574 1101 721 1154; x_wconf 88' lang='lat' dir='ltr'>palma</span> <span class='ocrx_word' id='word_1_72' title='bbox 754 1100 940 1142; x_wconf 89' lang='lat' dir='ltr'>florebit.</span> <span class='ocrx_word' id='word_1_73' title='bbox 968 1101 1017 1151; x_wconf 64' lang='lat' dir='ltr'>Rg.</span> 
     </span>
     <span class='ocr_line' id='line_1_17' title="bbox 191 1156 1022 1210; baseline 0.001 -13"><span class='ocrx_word' id='word_1_74' title='bbox 191 1157 312 1198; x_wconf 90' lang='lat' dir='ltr'>Sicut</span> <span class='ocrx_word' id='word_1_75' title='bbox 358 1156 517 1199; x_wconf 85' lang='lat' dir='ltr'>cedrus</span> <span class='ocrx_word' id='word_1_76' title='bbox 561 1157 719 1199; x_wconf 90' lang='lat' dir='ltr'>Libani</span> <span class='ocrx_word' id='word_1_77' title='bbox 762 1157 1022 1210; x_wconf 81' lang='lat' dir='ltr'>multiplica-</span> 
     </span>
     <span class='ocr_line' id='line_1_18' title="bbox 191 1212 320 1254; baseline 0 -1"><span class='ocrx_word' id='word_1_78' title='bbox 191 1212 320 1254; x_wconf 89' lang='lat' dir='ltr'>bitur.</span> 
     </span>
    </p>

    <p class='ocr_par' dir='ltr' id='par_1_7' title="bbox 188 1267 1018 1405">
     <span class='ocr_line' id='line_1_19' title="bbox 243 1267 1017 1319; baseline 0.001 -10"><span class='ocrx_word' id='word_1_79' title='bbox 243 1277 425 1318; x_wconf 60' lang='lat' dir='ltr'>vesperae</span> <span class='ocrx_word' id='word_1_80' title='bbox 469 1287 489 1309; x_wconf 73' lang='lat' dir='ltr'>a</span> <span class='ocrx_word' id='word_1_81' title='bbox 532 1275 655 1318; x_wconf 73' lang='lat' dir='ltr'>Capit.</span> <span class='ocrx_word' id='word_1_82' title='bbox 699 1267 745 1309; x_wconf 85' lang='lat' dir='ltr'>de</span> <span class='ocrx_word' id='word_1_83' title='bbox 788 1286 892 1319; x_wconf 85' lang='lat' dir='ltr'>sequ.</span> <span class='ocrx_word' id='word_1_84' title='bbox 933 1287 1017 1310; x_wconf 88' lang='lat' dir='ltr'>cum</span> 
     </span>
     <span class='ocr_line' id='line_1_20' title="bbox 189 1323 1018 1367; baseline 0.001 -10"><span class='ocrx_word' id='word_1_85' title='bbox 189 1334 384 1357; x_wconf 87' lang='lat' dir='ltr'>commem.</span> <span class='ocrx_word' id='word_1_86' title='bbox 408 1334 521 1367; x_wconf 63' lang='lat' dir='ltr'>praec.</span> <span class='ocrx_word' id='word_1_87' title='bbox 548 1334 591 1357; x_wconf 79' lang='lat' dir='ltr'>ac</span> <span class='ocrx_word' id='word_1_88' title='bbox 613 1323 647 1357; x_wconf 95' lang='lat' dir='ltr'>S.</span> <span class='ocrx_word' id='word_1_89' title='bbox 667 1323 877 1357; x_wconf 82' lang='lat' dir='ltr'>Eleutherii</span> <span class='ocrx_word' id='word_1_90' title='bbox 900 1324 1018 1367; x_wconf 63' lang='lat' dir='ltr'>Papae</span> 
     </span>
     <span class='ocr_line' id='line_1_21' title="bbox 188 1372 355 1405; baseline 0 0"><span class='ocrx_word' id='word_1_91' title='bbox 188 1378 224 1405; x_wconf 88' lang='lat' dir='ltr'>ct</span> <span class='ocrx_word' id='word_1_92' title='bbox 248 1372 355 1405; x_wconf 73' lang='lat' dir='ltr'>Mart.</span> 
     </span>
    </p>
   </div>
   <div class='ocr_carea' id='block_1_3' title="bbox 187 1469 1022 2770">
    <p class='ocr_par' dir='ltr' id='par_1_8' title="bbox 233 1469 978 1637">
     <span class='ocr_line' id='line_1_22' title="bbox 455 1469 755 1521; baseline 0.003 -12"><span class='ocrx_word' id='word_1_93' title='bbox 455 1469 539 1510; x_wconf 94' lang='lat' dir='ltr'>Die</span> <span class='ocrx_word' id='word_1_94' title='bbox 557 1470 624 1510; x_wconf 88' lang='grc'>26.</span> <span class='ocrx_word' id='word_1_95' title='bbox 643 1469 755 1521; x_wconf 83' lang='lat' dir='ltr'>Maii.</span> 
     </span>
     <span class='ocr_line' id='line_1_23' title="bbox 233 1531 978 1582; baseline 0.005 -11"><span class='ocrx_word' id='word_1_96' title='bbox 233 1532 275 1572; x_wconf 89' lang='lat' dir='ltr'>S.</span> <span class='ocrx_word' id='word_1_97' title='bbox 295 1531 518 1582; x_wconf 85' lang='lat' dir='ltr'>Philippi</span> <span class='ocrx_word' id='word_1_98' title='bbox 534 1533 674 1574; x_wconf 88' lang='lat' dir='ltr'>Nerii</span> <span class='ocrx_word' id='word_1_99' title='bbox 692 1535 978 1576; x_wconf 84' lang='lat' dir='ltr'>Confessoris.</span> 
     </span>
     <span class='ocr_line' id='line_1_24' title="bbox 522 1595 686 1637; baseline 0.018 -11"><span class='ocrx_word' id='word_1_100' title='bbox 522 1595 686 1637; x_wconf 67' lang='lat' dir='ltr'>Duplex.</span> 
     </span>
    </p>

    <p class='ocr_par' dir='ltr' id='par_1_9' title="bbox 245 1647 1019 1685">
     <span class='ocr_line' id='line_1_25' title="bbox 245 1647 1019 1685; baseline 0.006 -6"><span class='ocrx_word' id='word_1_101' title='bbox 245 1647 378 1680; x_wconf 67' lang='lat' dir='ltr'>omma</span> <span class='ocrx_word' id='word_1_102' title='bbox 413 1648 459 1680; x_wconf 78' lang='lat' dir='ltr'>dc</span> <span class='ocrx_word' id='word_1_103' title='bbox 491 1648 633 1681; x_wconf 85' lang='lat' dir='ltr'>Comm.</span> <span class='ocrx_word' id='word_1_104' title='bbox 666 1648 774 1683; x_wconf 87' lang='lat' dir='ltr'>Conf.</span> <span class='ocrx_word' id='word_1_105' title='bbox 806 1659 882 1683; x_wconf 89' lang='lat' dir='ltr'>non</span> <span class='ocrx_word' id='word_1_106' title='bbox 911 1650 1019 1685; x_wconf 87' lang='lat' dir='ltr'>Pont.</span> 
     </span>
    </p>

    <p class='ocr_par' dir='ltr' id='par_1_10' title="bbox 190 1692 689 1793">
     <span class='ocr_line' id='line_1_26' title="bbox 190 1692 555 1738; baseline 0.008 -12"><span class='ocrx_word' id='word_1_107' title='bbox 190 1692 261 1735; x_wconf 84' lang='lat'>[67]</span> <span class='ocrx_word' id='word_1_108' title='bbox 290 1701 428 1736; x_wconf 59' lang='lat' dir='ltr'>practer</span> <span class='ocrx_word' id='word_1_109' title='bbox 451 1706 555 1738; x_wconf 76' lang='lat' dir='ltr'>sequ.</span> 
     </span>
     <span class='ocr_line' id='line_1_27' title="bbox 525 1753 689 1793; baseline 0 -1"><span class='ocrx_word' id='word_1_110' title='bbox 525 1753 689 1793; x_wconf 79' lang='lat' dir='ltr'>Oratio.</span> 
     </span>
    </p>

    <p class='ocr_par' dir='ltr' id='par_1_11' title="bbox 277 1805 1022 1860">
     <span class='ocr_line' id='line_1_28' title="bbox 277 1805 1022 1860; baseline 0.005 -15"><span class='ocrx_word' id='word_1_111' title='bbox 277 1817 364 1854; x_wconf 86' lang='lat' dir='ltr'>euS,</span> <span class='ocrx_word' id='word_1_112' title='bbox 381 1805 454 1857; x_wconf 95' lang='lat' dir='ltr'>qui</span> <span class='ocrx_word' id='word_1_113' title='bbox 464 1805 642 1848; x_wconf 80' lang='lat' dir='ltr'>beatum</span> <span class='ocrx_word' id='word_1_114' title='bbox 653 1807 907 1860; x_wconf 83' lang='lat' dir='ltr'>Philippum</span> <span class='ocrx_word' id='word_1_115' title='bbox 918 1808 1022 1850; x_wconf 90' lang='lat' dir='ltr'>Con-</span> 
     </span>
    </p>

    <p class='ocr_par' dir='ltr' id='par_1_12' title="bbox 187 1861 1021 2139">
     <span class='ocr_line' id='line_1_29' title="bbox 282 1861 1020 1906; baseline 0.007 -5"><span class='ocrx_word' id='word_1_116' title='bbox 282 1861 495 1903; x_wconf 88' lang='lat' dir='ltr'>fessorem</span> <span class='ocrx_word' id='word_1_117' title='bbox 514 1867 638 1904; x_wconf 91' lang='lat' dir='ltr'>tuum</span> <span class='ocrx_word' id='word_1_118' title='bbox 657 1866 909 1905; x_wconf 89' lang='lat' dir='ltr'>sanctorum</span> <span class='ocrx_word' id='word_1_119' title='bbox 925 1867 1020 1906; x_wconf 90' lang='lat' dir='ltr'>tuo-</span> 
     </span>
     <span class='ocr_line' id='line_1_30' title="bbox 188 1917 1021 1968; baseline 0.007 -11"><span class='ocrx_word' id='word_1_120' title='bbox 188 1930 286 1958; x_wconf 89' lang='lat' dir='ltr'>rum</span> <span class='ocrx_word' id='word_1_121' title='bbox 330 1917 470 1968; x_wconf 88' lang='lat' dir='ltr'>gloria</span> <span class='ocrx_word' id='word_1_122' title='bbox 515 1918 775 1961; x_wconf 81' lang='lat' dir='ltr'>sublimasti:</span> <span class='ocrx_word' id='word_1_123' title='bbox 825 1921 1021 1963; x_wconf 87' lang='lat' dir='ltr'>concede</span> 
     </span>
     <span class='ocr_line' id='line_1_31' title="bbox 188 1974 1019 2026; baseline 0.006 -12"><span class='ocrx_word' id='word_1_124' title='bbox 188 1974 422 2026; x_wconf 87' lang='lat' dir='ltr'>propitius;</span> <span class='ocrx_word' id='word_1_125' title='bbox 444 1980 492 2017; x_wconf 92' lang='lat' dir='ltr'>ut</span> <span class='ocrx_word' id='word_1_126' title='bbox 511 1976 632 2026; x_wconf 92' lang='lat' dir='ltr'>eujus</span> <span class='ocrx_word' id='word_1_127' title='bbox 651 1976 929 2019; x_wconf 79' lang='lat' dir='ltr'>solemnitate</span> <span class='ocrx_word' id='word_1_128' title='bbox 947 1978 1019 2019; x_wconf 88' lang='lat' dir='ltr'>lae-</span> 
     </span>
     <span class='ocr_line' id='line_1_32' title="bbox 187 2031 1018 2085; baseline 0.007 -15"><span class='ocrx_word' id='word_1_129' title='bbox 187 2031 348 2079; x_wconf 77' lang='lat' dir='ltr'>tamur,</span> <span class='ocrx_word' id='word_1_130' title='bbox 377 2031 468 2082; x_wconf 91' lang='lat' dir='ltr'>ejus</span> <span class='ocrx_word' id='word_1_131' title='bbox 496 2031 707 2073; x_wconf 83' lang='lat' dir='ltr'>virtutum</span> <span class='ocrx_word' id='word_1_132' title='bbox 734 2033 1018 2085; x_wconf 82' lang='lat' dir='ltr'>proficiamus</span> 
     </span>
     <span class='ocr_line' id='line_1_33' title="bbox 189 2086 781 2139; baseline 0.007 -13"><span class='ocrx_word' id='word_1_133' title='bbox 189 2086 402 2139; x_wconf 84' lang='lat' dir='ltr'>exemplo.</span> <span class='ocrx_word' id='word_1_134' title='bbox 430 2087 514 2128; x_wconf 92' lang='lat' dir='ltr'>Per</span> <span class='ocrx_word' id='word_1_135' title='bbox 532 2088 781 2130; x_wconf 90' lang='lat' dir='ltr'>Dominum.</span> 
     </span>
    </p>

    <p class='ocr_par' dir='ltr' id='par_1_13' title="bbox 244 2150 762 2193">
     <span class='ocr_line' id='line_1_34' title="bbox 244 2150 762 2193; baseline 0.006 -11"><span class='ocrx_word' id='word_1_136' title='bbox 244 2150 290 2182; x_wconf 88' lang='lat' dir='ltr'>Et</span> <span class='ocrx_word' id='word_1_137' title='bbox 313 2150 352 2183; x_wconf 82' lang='lat' dir='ltr'>fit</span> <span class='ocrx_word' id='word_1_138' title='bbox 377 2160 572 2184; x_wconf 75' lang='lat' dir='ltr'>commem.</span> <span class='ocrx_word' id='word_1_139' title='bbox 599 2152 762 2193; x_wconf 66' lang='lat' dir='ltr'>praeced.</span> 
     </span>
    </p>

    <p class='ocr_par' dir='ltr' id='par_1_14' title="bbox 187 2205 1020 2369">
     <span class='ocr_line' id='line_1_35' title="bbox 243 2205 1020 2249; baseline 0.006 -5"><span class='ocrx_word' id='word_1_140' title='bbox 243 2206 342 2245; x_wconf 81' lang='lat' dir='ltr'>Ant.</span> <span class='ocrx_word' id='word_1_141' title='bbox 371 2205 487 2244; x_wconf 83' lang='lat' dir='ltr'>Dum</span> <span class='ocrx_word' id='word_1_142' title='bbox 512 2210 630 2246; x_wconf 90' lang='lat' dir='ltr'>esset</span> <span class='ocrx_word' id='word_1_143' title='bbox 655 2218 850 2247; x_wconf 91' lang='lat' dir='ltr'>summus</span> <span class='ocrx_word' id='word_1_144' title='bbox 873 2207 1020 2249; x_wconf 89' lang='lat' dir='ltr'>Ponti-</span> 
     </span>
     <span class='ocr_line' id='line_1_36' title="bbox 188 2259 1019 2312; baseline 0.008 -13"><span class='ocrx_word' id='word_1_145' title='bbox 188 2259 272 2308; x_wconf 81' lang='lat' dir='ltr'>fex,</span> <span class='ocrx_word' id='word_1_146' title='bbox 291 2261 465 2301; x_wconf 90' lang='lat' dir='ltr'>terrena</span> <span class='ocrx_word' id='word_1_147' title='bbox 480 2273 567 2301; x_wconf 91' lang='lat' dir='ltr'>non</span> <span class='ocrx_word' id='word_1_148' title='bbox 582 2262 747 2312; x_wconf 87' lang='lat' dir='ltr'>metuit,</span> <span class='ocrx_word' id='word_1_149' title='bbox 767 2262 847 2304; x_wconf 92' lang='lat' dir='ltr'>sed</span> <span class='ocrx_word' id='word_1_150' title='bbox 861 2263 919 2305; x_wconf 91' lang='lat' dir='ltr'>ad</span> <span class='ocrx_word' id='word_1_151' title='bbox 933 2276 1019 2305; x_wconf 89' lang='lat' dir='ltr'>coe-</span> 
     </span>
     <span class='ocr_line' id='line_1_37' title="bbox 187 2314 938 2369; baseline 0.007 -14"><span class='ocrx_word' id='word_1_152' title='bbox 187 2314 315 2357; x_wconf 89' lang='lat' dir='ltr'>lestia</span> <span class='ocrx_word' id='word_1_153' title='bbox 334 2327 469 2366; x_wconf 84' lang='lat' dir='ltr'>regna</span> <span class='ocrx_word' id='word_1_154' title='bbox 487 2316 705 2367; x_wconf 86' lang='lat' dir='ltr'>gloriosus</span> <span class='ocrx_word' id='word_1_155' title='bbox 724 2319 938 2369; x_wconf 80' lang='lat' dir='ltr'>migravit.</span> 
     </span>
    </p>

    <p class='ocr_par' dir='ltr' id='par_1_15' title="bbox 187 2368 1020 2534">
     <span class='ocr_line' id='line_1_38' title="bbox 243 2368 1020 2429; baseline 0.008 -17"><span class='ocrx_word' id='word_1_156' title='bbox 243 2368 292 2419; x_wconf 62' lang='lat' dir='ltr'>V.</span> <span class='ocrx_word' id='word_1_157' title='bbox 308 2372 333 2412; x_wconf 90' lang='lat' dir='ltr'><strong>J</strong></span> <span class='ocrx_word' id='word_1_158' title='bbox 336 2377 482 2414; x_wconf 89' lang='lat' dir='ltr'>ustum</span> <span class='ocrx_word' id='word_1_159' title='bbox 501 2372 686 2415; x_wconf 82' lang='lat' dir='ltr'>deduxit</span> <span class='ocrx_word' id='word_1_160' title='bbox 705 2374 921 2417; x_wconf 91' lang='lat' dir='ltr'>Dominus</span> <span class='ocrx_word' id='word_1_161' title='bbox 939 2389 1020 2429; x_wconf 91' lang='lat' dir='ltr'>per</span> 
     </span>
     <span class='ocr_line' id='line_1_39' title="bbox 188 2427 1019 2480; baseline 0.007 -12"><span class='ocrx_word' id='word_1_162' title='bbox 188 2427 281 2469; x_wconf 86' lang='lat' dir='ltr'>vias</span> <span class='ocrx_word' id='word_1_163' title='bbox 306 2433 460 2470; x_wconf 91' lang='lat' dir='ltr'>rectas.</span> <span class='ocrx_word' id='word_1_164' title='bbox 494 2431 543 2480; x_wconf 70' lang='lat' dir='ltr'>R.</span> <span class='ocrx_word' id='word_1_165' title='bbox 566 2430 622 2471; x_wconf 90' lang='lat' dir='ltr'>Et</span> <span class='ocrx_word' id='word_1_166' title='bbox 649 2431 842 2473; x_wconf 89' lang='lat' dir='ltr'>ostendit</span> <span class='ocrx_word' id='word_1_167' title='bbox 869 2432 932 2473; x_wconf 96' lang='lat' dir='ltr'>illi</span> <span class='ocrx_word' id='word_1_168' title='bbox 955 2446 1019 2474; x_wconf 94' lang='lat' dir='ltr'>re-</span> 
     </span>
     <span class='ocr_line' id='line_1_40' title="bbox 187 2484 434 2534; baseline 0.004 -10"><span class='ocrx_word' id='word_1_169' title='bbox 187 2497 322 2534; x_wconf 89' lang='lat' dir='ltr'>gnum</span> <span class='ocrx_word' id='word_1_170' title='bbox 339 2484 434 2526; x_wconf 90' lang='lat' dir='ltr'>Dei.</span> 
     </span>
    </p>

    <p class='ocr_par' dir='ltr' id='par_1_16' title="bbox 243 2545 838 2595">
     <span class='ocr_line' id='line_1_41' title="bbox 243 2545 838 2595; baseline 0.002 -9"><span class='ocrx_word' id='word_1_171' title='bbox 243 2548 406 2587; x_wconf 78' lang='lat' dir='ltr'>Oratio.</span> <span class='ocrx_word' id='word_1_172' title='bbox 449 2548 577 2595; x_wconf 82' lang='lat' dir='ltr'>DeuS,</span> <span class='ocrx_word' id='word_1_173' title='bbox 599 2545 643 2586; x_wconf 91' lang='lat' dir='ltr'>in</span> <span class='ocrx_word' id='word_1_174' title='bbox 661 2550 716 2587; x_wconf 91' lang='lat' dir='ltr'>te.</span> <span class='ocrx_word' id='word_1_175' title='bbox 737 2547 838 2587; x_wconf 87' lang='lat'>304.</span> 
     </span>
    </p>

    <p class='ocr_par' dir='ltr' id='par_1_17' title="bbox 243 2608 952 2651">
     <span class='ocr_line' id='line_1_42' title="bbox 243 2608 952 2651; baseline 0.003 -8"><span class='ocrx_word' id='word_1_176' title='bbox 243 2609 383 2643; x_wconf 79' lang='lat' dir='ltr'>Postea</span> <span class='ocrx_word' id='word_1_177' title='bbox 410 2611 443 2643; x_wconf 81' lang='lat' dir='ltr'>S.</span> <span class='ocrx_word' id='word_1_178' title='bbox 468 2608 678 2643; x_wconf 73' lang='lat' dir='ltr'>Eleutherii</span> <span class='ocrx_word' id='word_1_179' title='bbox 703 2609 821 2651; x_wconf 81' lang='lat' dir='ltr'>Papae</span> <span class='ocrx_word' id='word_1_180' title='bbox 846 2610 952 2645; x_wconf 85' lang='lat' dir='ltr'>Mart.</span> 
     </span>
    </p>

    <p class='ocr_par' dir='ltr' id='par_1_18' title="bbox 187 2662 1020 2770">
     <span class='ocr_line' id='line_1_43' title="bbox 247 2662 1019 2716; baseline 0.006 -16"><span class='ocrx_word' id='word_1_181' title='bbox 247 2663 343 2701; x_wconf 71' lang='lat' dir='ltr'>Ant.</span> <span class='ocrx_word' id='word_1_182' title='bbox 383 2662 467 2703; x_wconf 86' lang='lat' dir='ltr'>Iste</span> <span class='ocrx_word' id='word_1_183' title='bbox 495 2667 673 2704; x_wconf 88' lang='lat' dir='ltr'>sanctus</span> <span class='ocrx_word' id='word_1_184' title='bbox 699 2676 781 2716; x_wconf 93' lang='lat' dir='ltr'>pro</span> <span class='ocrx_word' id='word_1_185' title='bbox 810 2663 907 2714; x_wconf 90' lang='lat' dir='ltr'>lege</span> <span class='ocrx_word' id='word_1_186' title='bbox 935 2664 1019 2705; x_wconf 93' lang='lat' dir='ltr'>Dei</span> 
     </span>
     <span class='ocr_line' id='line_1_44' title="bbox 187 2717 1020 2770; baseline 0.005 -12"><span class='ocrx_word' id='word_1_187' title='bbox 187 2717 255 2758; x_wconf 90' lang='lat' dir='ltr'>sui</span> <span class='ocrx_word' id='word_1_188' title='bbox 273 2718 459 2760; x_wconf 79' lang='lat' dir='ltr'>certavit</span> <span class='ocrx_word' id='word_1_189' title='bbox 476 2731 617 2770; x_wconf 88' lang='lat' dir='ltr'>usque</span> <span class='ocrx_word' id='word_1_190' title='bbox 636 2718 694 2761; x_wconf 90' lang='lat' dir='ltr'>ad</span> <span class='ocrx_word' id='word_1_191' title='bbox 712 2725 911 2770; x_wconf 91' lang='lat' dir='ltr'>mortem,</span> <span class='ocrx_word' id='word_1_192' title='bbox 931 2725 975 2762; x_wconf 91' lang='lat' dir='ltr'>et</span> <span class='ocrx_word' id='word_1_193' title='bbox 995 2733 1020 2769; x_wconf 88' lang='lat' dir='ltr'>a</span> 
     </span>
    </p>
   </div>
   <div class='ocr_carea' id='block_1_4' title="bbox 642 205 1460 248">
    <p class='ocr_par' dir='ltr' id='par_1_19' title="bbox 642 205 1460 248">
     <span class='ocr_line' id='line_1_45' title="bbox 642 205 1460 248; baseline 0.001 -11"><span class='ocrx_word' id='word_1_194' title='bbox 642 205 710 239; x_wconf 77' lang='lat' dir='ltr'>Dic</span> <span class='ocrx_word' id='word_1_195' title='bbox 734 206 785 239; x_wconf 62' lang='lat'>245.</span> <span class='ocrx_word' id='word_1_196' title='bbox 814 206 911 247; x_wconf 72' lang='lat' dir='ltr'>Maii.</span> <span class='ocrx_word' id='word_1_197' title='bbox 959 208 993 239; x_wconf 80' lang='lat' dir='ltr'>S.</span> <span class='ocrx_word' id='word_1_198' title='bbox 1020 206 1191 248; x_wconf 76' lang='lat' dir='ltr'>Philippi</span> <span class='ocrx_word' id='word_1_199' title='bbox 1220 206 1326 239; x_wconf 77' lang='lat' dir='ltr'>Nerii</span> <span class='ocrx_word' id='word_1_200' title='bbox 1351 205 1460 239; x_wconf 87' lang='lat' dir='ltr'>Cons.</span> 
     </span>
    </p>
   </div>
   <div class='ocr_carea' id='block_1_5' title="bbox 1074 295 1907 631">
    <p class='ocr_par' dir='ltr' id='par_1_20' title="bbox 1074 295 1907 631">
     <span class='ocr_line' id='line_1_46' title="bbox 1074 295 1904 348; baseline 0.004 -11"><span class='ocrx_word' id='word_1_201' title='bbox 1074 295 1222 337; x_wconf 90' lang='lat' dir='ltr'>verbis</span> <span class='ocrx_word' id='word_1_202' title='bbox 1249 295 1485 348; x_wconf 90' lang='lat' dir='ltr'>impiorum</span> <span class='ocrx_word' id='word_1_203' title='bbox 1512 308 1601 337; x_wconf 92' lang='lat' dir='ltr'>non</span> <span class='ocrx_word' id='word_1_204' title='bbox 1625 297 1786 340; x_wconf 81' lang='lat' dir='ltr'>timuit:</span> <span class='ocrx_word' id='word_1_205' title='bbox 1812 298 1904 339; x_wconf 89' lang='lat' dir='ltr'>fun-</span> 
     </span>
     <span class='ocr_line' id='line_1_47' title="bbox 1075 351 1903 407; baseline 0.004 -14"><span class='ocrx_word' id='word_1_206' title='bbox 1075 351 1206 393; x_wconf 78' lang='lat' dir='ltr'>datus</span> <span class='ocrx_word' id='word_1_207' title='bbox 1226 352 1341 393; x_wconf 90' lang='lat' dir='ltr'>enim</span> <span class='ocrx_word' id='word_1_208' title='bbox 1367 356 1462 393; x_wconf 87' lang='lat' dir='ltr'>erat</span> <span class='ocrx_word' id='word_1_209' title='bbox 1479 365 1613 405; x_wconf 88' lang='lat' dir='ltr'>supra</span> <span class='ocrx_word' id='word_1_210' title='bbox 1637 353 1807 396; x_wconf 89' lang='lat' dir='ltr'>firmam</span> <span class='ocrx_word' id='word_1_211' title='bbox 1830 367 1903 407; x_wconf 92' lang='lat' dir='ltr'>pe-</span> 
     </span>
     <span class='ocr_line' id='line_1_48' title="bbox 1075 414 1906 515; baseline 0.002 -10"><span class='ocrx_word' id='word_1_212' title='bbox 1075 414 1199 515; x_wconf 41' lang='grc' dir='ltr'>Πῗῗ·</span> <span class='ocrx_word' id='word_1_213' title='bbox 1214 465 1366 506; x_wconf 89' lang='lat' dir='ltr'>Gloria</span> <span class='ocrx_word' id='word_1_214' title='bbox 1403 469 1447 506; x_wconf 92' lang='lat' dir='ltr'>et</span> <span class='ocrx_word' id='word_1_215' title='bbox 1478 464 1647 507; x_wconf 87' lang='lat' dir='ltr'>honore</span> <span class='ocrx_word' id='word_1_216' title='bbox 1684 467 1906 509; x_wconf 80' lang='lat' dir='ltr'>coronasti</span> 
     </span>
     <span class='ocr_line' id='line_1_49' title="bbox 1076 521 1906 575; baseline 0.001 -12"><span class='ocrx_word' id='word_1_217' title='bbox 1076 534 1176 563; x_wconf 93' lang='lat' dir='ltr'>eum</span> <span class='ocrx_word' id='word_1_218' title='bbox 1221 522 1420 563; x_wconf 89' lang='lat' dir='ltr'>Domine.</span> <span class='ocrx_word' id='word_1_219' title='bbox 1460 524 1509 575; x_wconf 71' lang='lat' dir='ltr'>Iit·</span> <span class='ocrx_word' id='word_1_220' title='bbox 1541 521 1598 563; x_wconf 90' lang='lat' dir='ltr'>Et</span> <span class='ocrx_word' id='word_1_221' title='bbox 1639 523 1906 565; x_wconf 83' lang='lat' dir='ltr'>constituisti</span> 
     </span>
     <span class='ocr_line' id='line_1_50' title="bbox 1076 580 1907 631; baseline 0.002 -12"><span class='ocrx_word' id='word_1_222' title='bbox 1076 592 1176 620; x_wconf 90' lang='lat' dir='ltr'>eum</span> <span class='ocrx_word' id='word_1_223' title='bbox 1196 591 1330 631; x_wconf 87' lang='lat' dir='ltr'>super</span> <span class='ocrx_word' id='word_1_224' title='bbox 1346 581 1482 631; x_wconf 88' lang='lat' dir='ltr'>opera</span> <span class='ocrx_word' id='word_1_225' title='bbox 1500 580 1708 620; x_wconf 77' lang='lat' dir='ltr'>manuum</span> <span class='ocrx_word' id='word_1_226' title='bbox 1721 582 1907 621; x_wconf 78' lang='lat' dir='ltr'>tuarum.</span> 
     </span>
    </p>
   </div>
   <div class='ocr_carea' id='block_1_6' title="bbox 1074 657 1908 1000">
    <p class='ocr_par' dir='ltr' id='par_1_21' title="bbox 1074 657 1908 1000">
     <span class='ocr_line' id='line_1_51' title="bbox 1411 657 1574 698; baseline 0.006 -2"><span class='ocrx_word' id='word_1_227' title='bbox 1411 657 1574 698; x_wconf 78' lang='lat' dir='ltr'>Oratio.</span> 
     </span>
     <span class='ocr_line' id='line_1_52' title="bbox 1123 721 1906 774; baseline 0.001 -12"><span class='ocrx_word' id='word_1_228' title='bbox 1123 722 1406 763; x_wconf 82' lang='lat' dir='ltr'>nfirmitatem</span> <span class='ocrx_word' id='word_1_229' title='bbox 1438 726 1635 763; x_wconf 87' lang='lat' dir='ltr'>nostram</span> <span class='ocrx_word' id='word_1_230' title='bbox 1662 721 1834 774; x_wconf 87' lang='lat' dir='ltr'>respice</span> <span class='ocrx_word' id='word_1_231' title='bbox 1862 734 1906 763; x_wconf 87' lang='lat' dir='ltr'>o-</span> 
     </span>
     <span class='ocr_line' id='line_1_53' title="bbox 1139 777 1906 831; baseline 0 -12"><span class='ocrx_word' id='word_1_232' title='bbox 1139 780 1391 831; x_wconf 88' lang='lat' dir='ltr'>mnipotens</span> <span class='ocrx_word' id='word_1_233' title='bbox 1419 777 1556 819; x_wconf 91' lang='lat' dir='ltr'>Deus:</span> <span class='ocrx_word' id='word_1_234' title='bbox 1589 782 1633 819; x_wconf 90' lang='lat' dir='ltr'>et</span> <span class='ocrx_word' id='word_1_235' title='bbox 1666 778 1768 830; x_wconf 86' lang='lat' dir='ltr'>quia</span> <span class='ocrx_word' id='word_1_236' title='bbox 1799 790 1906 831; x_wconf 92' lang='lat' dir='ltr'>pon-</span> 
     </span>
     <span class='ocr_line' id='line_1_54' title="bbox 1076 833 1908 887; baseline 0.001 -12"><span class='ocrx_word' id='word_1_237' title='bbox 1076 834 1159 875; x_wconf 89' lang='lat' dir='ltr'>dus</span> <span class='ocrx_word' id='word_1_238' title='bbox 1178 834 1372 887; x_wconf 83' lang='lat' dir='ltr'>propriae</span> <span class='ocrx_word' id='word_1_239' title='bbox 1390 834 1575 875; x_wconf 87' lang='lat' dir='ltr'>actionis</span> <span class='ocrx_word' id='word_1_240' title='bbox 1594 838 1763 885; x_wconf 88' lang='lat' dir='ltr'>gravat,</span> <span class='ocrx_word' id='word_1_241' title='bbox 1787 833 1908 876; x_wconf 81' lang='lat' dir='ltr'>beati</span> 
     </span>
     <span class='ocr_line' id='line_1_55' title="bbox 1074 890 1907 943; baseline -0.002 -11"><span class='ocrx_word' id='word_1_242' title='bbox 1074 890 1315 932; x_wconf 88' lang='lat' dir='ltr'>Eleutherii</span> <span class='ocrx_word' id='word_1_243' title='bbox 1335 890 1542 942; x_wconf 82' lang='lat' dir='ltr'>Martyris</span> <span class='ocrx_word' id='word_1_244' title='bbox 1561 891 1625 932; x_wconf 92' lang='lat' dir='ltr'>tui</span> <span class='ocrx_word' id='word_1_245' title='bbox 1645 895 1778 943; x_wconf 91' lang='lat' dir='ltr'>atque</span> <span class='ocrx_word' id='word_1_246' title='bbox 1796 890 1907 932; x_wconf 89' lang='lat' dir='ltr'>Pon-</span> 
     </span>
     <span class='ocr_line' id='line_1_56' title="bbox 1074 947 1908 1000; baseline 0 -12"><span class='ocrx_word' id='word_1_247' title='bbox 1074 947 1205 988; x_wconf 90' lang='lat' dir='ltr'>tificis</span> <span class='ocrx_word' id='word_1_248' title='bbox 1224 947 1480 988; x_wconf 88' lang='lat' dir='ltr'>intercessio</span> <span class='ocrx_word' id='word_1_249' title='bbox 1499 947 1693 998; x_wconf 86' lang='lat' dir='ltr'>gloriosa</span> <span class='ocrx_word' id='word_1_250' title='bbox 1711 960 1792 988; x_wconf 92' lang='lat' dir='ltr'>nos</span> <span class='ocrx_word' id='word_1_251' title='bbox 1808 948 1908 1000; x_wconf 88' lang='lat' dir='ltr'>pro-</span> 
     </span>
    </p>
   </div>
   <div class='ocr_carea' id='block_1_7' title="bbox 1074 1003 1585 1053">
    <p class='ocr_par' dir='ltr' id='par_1_22' title="bbox 1074 1003 1585 1053">
     <span class='ocr_line' id='line_1_57' title="bbox 1074 1003 1585 1053; baseline -0.002 -9"><span class='ocrx_word' id='word_1_252' title='bbox 1074 1007 1206 1053; x_wconf 88' lang='lat' dir='ltr'>tegat.</span> <span class='ocrx_word' id='word_1_253' title='bbox 1233 1003 1318 1044; x_wconf 89' lang='lat' dir='ltr'>Per</span> <span class='ocrx_word' id='word_1_254' title='bbox 1336 1003 1585 1044; x_wconf 88' lang='lat' dir='ltr'>Dominum.</span> 
     </span>
    </p>
   </div>
   <div class='ocr_carea' id='block_1_8' title="bbox 1073 1062 1904 1154">
    <p class='ocr_par' dir='ltr' id='par_1_23' title="bbox 1073 1062 1904 1154">
     <span class='ocr_line' id='line_1_58' title="bbox 1126 1062 1904 1100; baseline 0.006 -5"><span class='ocrx_word' id='word_1_255' title='bbox 1126 1062 1168 1095; x_wconf 88' lang='lat' dir='ltr'>In</span> <span class='ocrx_word' id='word_1_256' title='bbox 1199 1062 1224 1096; x_wconf 94' lang='lat' dir='ltr'>I.</span> <span class='ocrx_word' id='word_1_257' title='bbox 1254 1062 1454 1096; x_wconf 86' lang='lat' dir='ltr'>Nocturno</span> <span class='ocrx_word' id='word_1_258' title='bbox 1488 1063 1692 1098; x_wconf 73' lang='lat' dir='ltr'>Lectiones</span> <span class='ocrx_word' id='word_1_259' title='bbox 1726 1065 1773 1099; x_wconf 83' lang='lat' dir='ltr'>dc</span> <span class='ocrx_word' id='word_1_260' title='bbox 1807 1065 1904 1100; x_wconf 83' lang='lat' dir='ltr'>Scri-</span> 
     </span>
     <span class='ocr_line' id='line_1_59' title="bbox 1073 1115 1444 1154; baseline 0 -10"><span class='ocrx_word' id='word_1_261' title='bbox 1073 1116 1185 1154; x_wconf 85' lang='lat' dir='ltr'>ptura</span> <span class='ocrx_word' id='word_1_262' title='bbox 1211 1115 1444 1144; x_wconf 83' lang='lat' dir='ltr'>occurrente.</span> 
     </span>
    </p>
   </div>
   <div class='ocr_carea' id='block_1_9' title="bbox 1072 1177 1910 2313">
    <p class='ocr_par' dir='ltr' id='par_1_24' title="bbox 1072 1177 1910 2313">
     <span class='ocr_line' id='line_1_60' title="bbox 1311 1177 1673 1219; baseline 0.008 -3"><span class='ocrx_word' id='word_1_263' title='bbox 1311 1178 1361 1216; x_wconf 91' lang='lat' dir='ltr'>In</span> <span class='ocrx_word' id='word_1_264' title='bbox 1378 1177 1430 1216; x_wconf 87' lang='lat' dir='ltr'>H.</span> <span class='ocrx_word' id='word_1_265' title='bbox 1449 1178 1673 1219; x_wconf 79' lang='lat' dir='ltr'>Nocturno.</span> 
     </span>
     <span class='ocr_line' id='line_1_61' title="bbox 1378 1247 1604 1288; baseline 0.004 -2"><span class='ocrx_word' id='word_1_266' title='bbox 1378 1247 1530 1288; x_wconf 81' lang='lat' dir='ltr'>Lectio</span> <span class='ocrx_word' id='word_1_267' title='bbox 1551 1248 1604 1287; x_wconf 87' lang='lat' dir='ltr'>iv.</span> 
     </span>
     <span class='ocr_line' id='line_1_62' title="bbox 1082 1311 1909 1381; baseline 0.002 -27"><span class='ocrx_word' id='word_1_268' title='bbox 1082 1338 1087 1367; x_wconf 74' lang='lat'><em>3</em></span> <span class='ocrx_word' id='word_1_269' title='bbox 1110 1326 1162 1381; x_wconf 50' lang='grc' dir='ltr'>Γ)</span> <span class='ocrx_word' id='word_1_270' title='bbox 1174 1313 1384 1368; x_wconf 91' lang='lat' dir='ltr'>hilippus</span> <span class='ocrx_word' id='word_1_271' title='bbox 1403 1311 1574 1363; x_wconf 75' lang='lat' dir='ltr'>Nerius,</span> <span class='ocrx_word' id='word_1_272' title='bbox 1593 1313 1678 1365; x_wconf 87' lang='lat' dir='ltr'>piis</span> <span class='ocrx_word' id='word_1_273' title='bbox 1695 1312 1909 1356; x_wconf 84' lang='lat' dir='ltr'>honestis-</span> 
     </span>
     <span class='ocr_line' id='line_1_63' title="bbox 1082 1369 1909 1479; baseline 0 -11"><span class='ocrx_word' id='word_1_274' title='bbox 1082 1387 1185 1449; x_wconf 30' lang='lat' dir='ltr'>i..</span> <span class='ocrx_word' id='word_1_275' title='bbox 1210 1383 1295 1468; x_wconf 54' lang='grc' dir='ltr'>ἓξ</span> <span class='ocrx_word' id='word_1_276' title='bbox 1314 1369 1909 1479; x_wconf 39' lang='grc' dir='ltr'>Ρῑςὲἳξζξῖξὲεξῗὲῇέῒὲῑ</span> 
     </span>
     <span class='ocr_line' id='line_1_64' title="bbox 1289 1458 1297 1476; baseline 0 0"><span class='ocrx_word' id='word_1_277' title='bbox 1289 1458 1297 1476; x_wconf 75' lang='lat'><em>9</em></span> 
     </span>
     <span class='ocr_line' id='line_1_65' title="bbox 1074 1481 1909 1525; baseline 0.001 -2"><span class='ocrx_word' id='word_1_278' title='bbox 1074 1496 1163 1524; x_wconf 92' lang='lat' dir='ltr'>non</span> <span class='ocrx_word' id='word_1_279' title='bbox 1193 1482 1384 1525; x_wconf 84' lang='lat' dir='ltr'>obscura</span> <span class='ocrx_word' id='word_1_280' title='bbox 1412 1481 1535 1524; x_wconf 86' lang='lat' dir='ltr'>dedit</span> <span class='ocrx_word' id='word_1_281' title='bbox 1568 1482 1726 1523; x_wconf 82' lang='lat' dir='ltr'>futurae</span> <span class='ocrx_word' id='word_1_282' title='bbox 1754 1482 1909 1524; x_wconf 88' lang='lat' dir='ltr'>sancti—</span> 
     </span>
     <span class='ocr_line' id='line_1_66' title="bbox 1074 1537 1910 1592; baseline -0.001 -11"><span class='ocrx_word' id='word_1_283' title='bbox 1074 1539 1178 1581; x_wconf 82' lang='lat' dir='ltr'>tatis</span> <span class='ocrx_word' id='word_1_284' title='bbox 1214 1538 1386 1580; x_wconf 88' lang='lat' dir='ltr'>indicia.</span> <span class='ocrx_word' id='word_1_285' title='bbox 1432 1537 1726 1589; x_wconf 70' lang='lat' dir='ltr'>Adolescens,</span> <span class='ocrx_word' id='word_1_286' title='bbox 1762 1539 1910 1592; x_wconf 91' lang='lat' dir='ltr'>ampla</span> 
     </span>
     <span class='ocr_line' id='line_1_67' title="bbox 1074 1594 1909 1647; baseline 0 -11"><span class='ocrx_word' id='word_1_287' title='bbox 1074 1595 1220 1647; x_wconf 81' lang='lat' dir='ltr'>patrui</span> <span class='ocrx_word' id='word_1_288' title='bbox 1235 1594 1497 1636; x_wconf 79' lang='lat' dir='ltr'>haereditate</span> <span class='ocrx_word' id='word_1_289' title='bbox 1514 1594 1705 1643; x_wconf 85' lang='lat' dir='ltr'>dimissa,</span> <span class='ocrx_word' id='word_1_290' title='bbox 1719 1595 1909 1636; x_wconf 87' lang='lat' dir='ltr'>Romam</span> 
     </span>
     <span class='ocr_line' id='line_1_68' title="bbox 1074 1650 1908 1703; baseline 0 -11"><span class='ocrx_word' id='word_1_291' title='bbox 1074 1663 1122 1692; x_wconf 91' lang='lat' dir='ltr'>se</span> <span class='ocrx_word' id='word_1_292' title='bbox 1142 1651 1343 1702; x_wconf 80' lang='lat' dir='ltr'>contulit3</span> <span class='ocrx_word' id='word_1_293' title='bbox 1366 1650 1442 1692; x_wconf 92' lang='lat' dir='ltr'>ubi</span> <span class='ocrx_word' id='word_1_294' title='bbox 1465 1650 1749 1703; x_wconf 86' lang='lat' dir='ltr'>philosophia</span> <span class='ocrx_word' id='word_1_295' title='bbox 1771 1663 1824 1692; x_wconf 88' lang='lat' dir='ltr'>ac</span> <span class='ocrx_word' id='word_1_296' title='bbox 1843 1664 1908 1692; x_wconf 89' lang='lat' dir='ltr'>sa-</span> 
     </span>
     <span class='ocr_line' id='line_1_69' title="bbox 1075 1706 1908 1757; baseline 0 -9"><span class='ocrx_word' id='word_1_297' title='bbox 1075 1708 1160 1749; x_wconf 89' lang='lat' dir='ltr'>cris</span> <span class='ocrx_word' id='word_1_298' title='bbox 1174 1708 1331 1749; x_wconf 89' lang='lat' dir='ltr'>litteris</span> <span class='ocrx_word' id='word_1_299' title='bbox 1347 1706 1556 1757; x_wconf 88' lang='lat' dir='ltr'>eruditus,</span> <span class='ocrx_word' id='word_1_300' title='bbox 1570 1711 1714 1749; x_wconf 89' lang='lat' dir='ltr'>totum</span> <span class='ocrx_word' id='word_1_301' title='bbox 1729 1719 1778 1749; x_wconf 92' lang='lat' dir='ltr'>se</span> <span class='ocrx_word' id='word_1_302' title='bbox 1789 1706 1908 1748; x_wconf 91' lang='lat' dir='ltr'>Chri-</span> 
     </span>
     <span class='ocr_line' id='line_1_70' title="bbox 1074 1762 1909 1813; baseline 0.001 -9"><span class='ocrx_word' id='word_1_303' title='bbox 1074 1769 1144 1806; x_wconf 92' lang='lat' dir='ltr'>sto</span> <span class='ocrx_word' id='word_1_304' title='bbox 1165 1763 1339 1805; x_wconf 81' lang='lat' dir='ltr'>dicavit.</span> <span class='ocrx_word' id='word_1_305' title='bbox 1373 1763 1438 1804; x_wconf 90' lang='lat' dir='ltr'>Ea</span> <span class='ocrx_word' id='word_1_306' title='bbox 1456 1763 1537 1805; x_wconf 92' lang='lat' dir='ltr'>fuit</span> <span class='ocrx_word' id='word_1_307' title='bbox 1555 1762 1836 1813; x_wconf 78' lang='lat' dir='ltr'>abstinentia,</span> <span class='ocrx_word' id='word_1_308' title='bbox 1859 1767 1909 1805; x_wconf 89' lang='lat' dir='ltr'>ut</span> 
     </span>
     <span class='ocr_line' id='line_1_71' title="bbox 1074 1818 1909 1873; baseline -0.001 -12"><span class='ocrx_word' id='word_1_309' title='bbox 1074 1833 1195 1873; x_wconf 92' lang='lat' dir='ltr'>saepe</span> <span class='ocrx_word' id='word_1_310' title='bbox 1214 1821 1380 1872; x_wconf 83' lang='lat' dir='ltr'>jejunus</span> <span class='ocrx_word' id='word_1_311' title='bbox 1397 1818 1594 1861; x_wconf 90' lang='lat' dir='ltr'>triduum</span> <span class='ocrx_word' id='word_1_312' title='bbox 1607 1819 1909 1872; x_wconf 65' lang='lat' dir='ltr'>permanserit.</span> 
     </span>
     <span class='ocr_line' id='line_1_72' title="bbox 1074 1875 1908 1928; baseline 0 -10"><span class='ocrx_word' id='word_1_313' title='bbox 1074 1877 1247 1928; x_wconf 77' lang='lat' dir='ltr'>Vigiliis</span> <span class='ocrx_word' id='word_1_314' title='bbox 1297 1882 1341 1918; x_wconf 94' lang='lat' dir='ltr'>et</span> <span class='ocrx_word' id='word_1_315' title='bbox 1387 1875 1660 1918; x_wconf 81' lang='lat' dir='ltr'>orati6nibus</span> <span class='ocrx_word' id='word_1_316' title='bbox 1705 1876 1908 1928; x_wconf 89' lang='lat' dir='ltr'>intentus,</span> 
     </span>
     <span class='ocr_line' id='line_1_73' title="bbox 1075 1931 1908 1986; baseline -0.002 -11"><span class='ocrx_word' id='word_1_317' title='bbox 1075 1938 1247 1986; x_wconf 87' lang='lat' dir='ltr'>septem</span> <span class='ocrx_word' id='word_1_318' title='bbox 1265 1932 1398 1974; x_wconf 90' lang='lat' dir='ltr'>Urbis</span> <span class='ocrx_word' id='word_1_319' title='bbox 1423 1932 1632 1974; x_wconf 88' lang='lat' dir='ltr'>ecclesias</span> <span class='ocrx_word' id='word_1_320' title='bbox 1656 1931 1908 1984; x_wconf 88' lang='lat' dir='ltr'>frequenter</span> 
     </span>
     <span class='ocr_line' id='line_1_74' title="bbox 1074 1987 1907 2041; baseline -0.001 -11"><span class='ocrx_word' id='word_1_321' title='bbox 1074 1990 1274 2038; x_wconf 89' lang='lat' dir='ltr'>visitans,</span> <span class='ocrx_word' id='word_1_322' title='bbox 1303 1987 1423 2041; x_wconf 92' lang='lat' dir='ltr'>apud</span> <span class='ocrx_word' id='word_1_323' title='bbox 1450 1988 1752 2030; x_wconf 90' lang='lat' dir='ltr'>coemeterium</span> <span class='ocrx_word' id='word_1_324' title='bbox 1781 1988 1907 2030; x_wconf 89' lang='lat' dir='ltr'>Calli-</span> 
     </span>
     <span class='ocr_line' id='line_1_75' title="bbox 1075 2045 1906 2099; baseline 0 -12"><span class='ocrx_word' id='word_1_325' title='bbox 1075 2047 1132 2088; x_wconf 86' lang='lat' dir='ltr'>sti</span> <span class='ocrx_word' id='word_1_326' title='bbox 1148 2046 1193 2087; x_wconf 92' lang='lat' dir='ltr'>in</span> <span class='ocrx_word' id='word_1_327' title='bbox 1212 2046 1457 2088; x_wconf 88' lang='lat' dir='ltr'>coelestium</span> <span class='ocrx_word' id='word_1_328' title='bbox 1475 2057 1622 2086; x_wconf 91' lang='lat' dir='ltr'>rerum</span> <span class='ocrx_word' id='word_1_329' title='bbox 1639 2045 1906 2099; x_wconf 89' lang='lat' dir='ltr'>contempla-</span> 
     </span>
     <span class='ocr_line' id='line_1_76' title="bbox 1072 2101 1907 2155; baseline -0.001 -12"><span class='ocrx_word' id='word_1_330' title='bbox 1072 2103 1193 2144; x_wconf 81' lang='lat' dir='ltr'>tione</span> <span class='ocrx_word' id='word_1_331' title='bbox 1212 2104 1476 2155; x_wconf 75' lang='lat' dir='ltr'>pernoctare</span> <span class='ocrx_word' id='word_1_332' title='bbox 1496 2101 1735 2143; x_wconf 89' lang='lat' dir='ltr'>consuevit.</span> <span class='ocrx_word' id='word_1_333' title='bbox 1759 2101 1907 2143; x_wconf 89' lang='lat' dir='ltr'>Sacer-</span> 
     </span>
     <span class='ocr_line' id='line_1_77' title="bbox 1075 2157 1907 2207; baseline -0.002 -7"><span class='ocrx_word' id='word_1_334' title='bbox 1075 2158 1157 2200; x_wconf 89' lang='lat' dir='ltr'>dos</span> <span class='ocrx_word' id='word_1_335' title='bbox 1177 2171 1232 2200; x_wconf 87' lang='lat' dir='ltr'>ex</span> <span class='ocrx_word' id='word_1_336' title='bbox 1252 2157 1504 2199; x_wconf 79' lang='lat' dir='ltr'>obedientia</span> <span class='ocrx_word' id='word_1_337' title='bbox 1518 2157 1670 2207; x_wconf 90' lang='lat' dir='ltr'>factus,</span> <span class='ocrx_word' id='word_1_338' title='bbox 1688 2158 1733 2198; x_wconf 92' lang='lat' dir='ltr'>in</span> <span class='ocrx_word' id='word_1_339' title='bbox 1747 2157 1907 2199; x_wconf 80' lang='lat' dir='ltr'>anima-</span> 
     </span>
     <span class='ocr_line' id='line_1_78' title="bbox 1074 2213 1907 2266; baseline -0.001 -9"><span class='ocrx_word' id='word_1_340' title='bbox 1074 2228 1171 2257; x_wconf 90' lang='lat' dir='ltr'>rum</span> <span class='ocrx_word' id='word_1_341' title='bbox 1195 2215 1338 2256; x_wconf 77' lang='lat' dir='ltr'>salute</span> <span class='ocrx_word' id='word_1_342' title='bbox 1361 2213 1642 2266; x_wconf 76' lang='lat' dir='ltr'>procuranda</span> <span class='ocrx_word' id='word_1_343' title='bbox 1666 2218 1788 2256; x_wconf 90' lang='lat' dir='ltr'>totus</span> <span class='ocrx_word' id='word_1_344' title='bbox 1811 2214 1907 2265; x_wconf 84' lang='lat' dir='ltr'>fuit;</span> 
     </span>
     <span class='ocr_line' id='line_1_79' title="bbox 1075 2269 1907 2313; baseline -0.001 0"><span class='ocrx_word' id='word_1_345' title='bbox 1075 2277 1118 2313; x_wconf 91' lang='lat' dir='ltr'>et</span> <span class='ocrx_word' id='word_1_346' title='bbox 1145 2272 1189 2312; x_wconf 93' lang='lat' dir='ltr'>in</span> <span class='ocrx_word' id='word_1_347' title='bbox 1217 2269 1568 2313; x_wconf 82' lang='lat' dir='ltr'>confessionibus</span> <span class='ocrx_word' id='word_1_348' title='bbox 1596 2269 1825 2312; x_wconf 89' lang='lat' dir='ltr'>audiendis</span> <span class='ocrx_word' id='word_1_349' title='bbox 1850 2270 1907 2312; x_wconf 90' lang='lat' dir='ltr'>ad</span> 
     </span>
    </p>
   </div>
   <div class='ocr_carea' id='block_1_10' title="bbox 1014 2326 1905 2379">
    <p class='ocr_par' dir='ltr' id='par_1_25' title="bbox 1014 2326 1905 2379">
     <span class='ocr_line' id='line_1_80' title="bbox 1014 2326 1905 2379; baseline -0.001 -10"><span class='ocrx_word' id='word_1_350' title='bbox 1014 2344 1018 2348; x_wconf 52' lang='grc'><strong>’</strong></span> <span class='ocrx_word' id='word_1_351' title='bbox 1075 2329 1319 2369; x_wconf 87' lang='lat' dir='ltr'>extremum</span> <span class='ocrx_word' id='word_1_352' title='bbox 1363 2339 1505 2378; x_wconf 89' lang='lat' dir='ltr'>usque</span> <span class='ocrx_word' id='word_1_353' title='bbox 1551 2326 1668 2368; x_wconf 86' lang='lat' dir='ltr'>diem</span> <span class='ocrx_word' id='word_1_354' title='bbox 1702 2329 1905 2379; x_wconf 89' lang='lat' dir='ltr'>perseve-</span> 
     </span>
    </p>
   </div>
   <div class='ocr_carea' id='block_1_11' title="bbox 1072 2382 1906 2763">
    <p class='ocr_par' dir='ltr' id='par_1_26' title="bbox 1072 2382 1906 2763">
     <span class='ocr_line' id='line_1_81' title="bbox 1073 2382 1905 2435; baseline -0.001 -10"><span class='ocrx_word' id='word_1_355' title='bbox 1073 2397 1193 2433; x_wconf 88' lang='lat' dir='ltr'>rans,</span> <span class='ocrx_word' id='word_1_356' title='bbox 1219 2384 1473 2424; x_wconf 80' lang='lat' dir='ltr'>innumeros</span> <span class='ocrx_word' id='word_1_357' title='bbox 1500 2395 1614 2435; x_wconf 90' lang='lat' dir='ltr'>pene</span> <span class='ocrx_word' id='word_1_358' title='bbox 1642 2383 1758 2424; x_wconf 87' lang='lat' dir='ltr'>filios</span> <span class='ocrx_word' id='word_1_359' title='bbox 1787 2382 1905 2424; x_wconf 88' lang='lat' dir='ltr'>Chri-</span> 
     </span>
     <span class='ocr_line' id='line_1_82' title="bbox 1073 2439 1904 2493; baseline 0 -12"><span class='ocrx_word' id='word_1_360' title='bbox 1073 2445 1142 2481; x_wconf 88' lang='lat' dir='ltr'>sto</span> <span class='ocrx_word' id='word_1_361' title='bbox 1165 2439 1357 2493; x_wconf 89' lang='lat' dir='ltr'>peperit;</span> <span class='ocrx_word' id='word_1_362' title='bbox 1384 2452 1497 2491; x_wconf 89' lang='lat' dir='ltr'>quos</span> <span class='ocrx_word' id='word_1_363' title='bbox 1516 2439 1640 2481; x_wconf 89' lang='lat' dir='ltr'>verbi</span> <span class='ocrx_word' id='word_1_364' title='bbox 1657 2439 1742 2481; x_wconf 89' lang='lat' dir='ltr'>Dei</span> <span class='ocrx_word' id='word_1_365' title='bbox 1766 2439 1904 2492; x_wconf 90' lang='lat' dir='ltr'>quoti-</span> 
     </span>
     <span class='ocr_line' id='line_1_83' title="bbox 1074 2494 1904 2548; baseline -0.002 -10"><span class='ocrx_word' id='word_1_366' title='bbox 1074 2495 1204 2538; x_wconf 77' lang='lat' dir='ltr'>diano</span> <span class='ocrx_word' id='word_1_367' title='bbox 1225 2495 1406 2548; x_wconf 77' lang='lat' dir='ltr'>pabulo,</span> <span class='ocrx_word' id='word_1_368' title='bbox 1431 2497 1805 2538; x_wconf 86' lang='lat' dir='ltr'>sacramentorum</span> <span class='ocrx_word' id='word_1_369' title='bbox 1823 2494 1904 2537; x_wconf 86' lang='lat' dir='ltr'>fre-</span> 
     </span>
     <span class='ocr_line' id='line_1_84' title="bbox 1075 2551 1906 2605; baseline -0.002 -11"><span class='ocrx_word' id='word_1_370' title='bbox 1075 2553 1262 2605; x_wconf 80' lang='lat' dir='ltr'>quentia,</span> <span class='ocrx_word' id='word_1_371' title='bbox 1283 2552 1494 2594; x_wconf 89' lang='lat' dir='ltr'>orationis</span> <span class='ocrx_word' id='word_1_372' title='bbox 1511 2551 1781 2602; x_wconf 77' lang='lat' dir='ltr'>assiduitate,</span> <span class='ocrx_word' id='word_1_373' title='bbox 1800 2551 1906 2592; x_wconf 91' lang='lat' dir='ltr'>aliis-</span> 
     </span>
     <span class='ocr_line' id='line_1_85' title="bbox 1074 2607 1905 2661; baseline -0.001 -12"><span class='ocrx_word' id='word_1_374' title='bbox 1074 2621 1159 2660; x_wconf 88' lang='lat' dir='ltr'>que</span> <span class='ocrx_word' id='word_1_375' title='bbox 1190 2609 1274 2661; x_wconf 90' lang='lat' dir='ltr'>piis</span> <span class='ocrx_word' id='word_1_376' title='bbox 1308 2607 1699 2650; x_wconf 68' lang='lat' dir='ltr'>exercitationibus</span> <span class='ocrx_word' id='word_1_377' title='bbox 1725 2607 1905 2649; x_wconf 89' lang='lat' dir='ltr'>enutriri</span> 
     </span>
     <span class='ocr_line' id='line_1_86' title="bbox 1074 2663 1904 2717; baseline -0.002 -11"><span class='ocrx_word' id='word_1_378' title='bbox 1074 2666 1274 2717; x_wconf 85' lang='lat' dir='ltr'>cupiens,</span> <span class='ocrx_word' id='word_1_379' title='bbox 1305 2664 1499 2706; x_wconf 90' lang='lat' dir='ltr'>Oratorii</span> <span class='ocrx_word' id='word_1_380' title='bbox 1518 2663 1904 2715; x_wconf 74' lang='lat' dir='ltr'>congregationem</span> 
     </span>
     <span class='ocr_line' id='line_1_87' title="bbox 1072 2721 1270 2763; baseline 0 -2"><span class='ocrx_word' id='word_1_381' title='bbox 1072 2721 1270 2763; x_wconf 83' lang='lat' dir='ltr'>instituit.</span> 
     </span>
    </p>
   </div>
   <div class='ocr_carea' id='block_1_12' title="bbox 129 147 1966 2820">
    <p class='ocr_par' dir='ltr' id='par_1_27' title="bbox 129 147 1966 2820">
     <span class='ocr_line' id='line_1_88' title="bbox 129 147 1966 2820; baseline 0 0"><span class='ocrx_word' id='word_1_382' title='bbox 129 147 1966 2820; x_wconf 95' lang='lat' dir='ltr'> </span> 
     </span>
    </p>
   </div>
  </div>
 </body>
</html>
