2040 2976
658 233 861 267 Purissimi
884 233 1023 267 Cordis
1047 233 1088 267 B.
1112 234 1244 268 Maria:
1268 235 1311 268 V.

1757 233 1849 277 [357]

141 331 225 368 ctae
249 326 360 379 spei:
386 326 431 367 in
455 339 526 368 me
551 328 692 377 gratia
719 329 860 370 omnis
886 329 970 370 viae

120 387 186 424 ,et
212 383 424 424 veritatis:
454 384 477 410 *
511 383 563 423 In
594 396 664 425 me
697 385 839 426 omnis
867 398 970 437 spes

139 439 242 481 vitae
262 443 306 480 et
321 439 505 486 virtutis
534 434 583 486 V.
602 440 806 482 Transite
824 441 881 482 ad
899 454 970 482 me

141 507 293 536 omnes
322 495 397 547 qui
424 496 734 548 concupiscitis
760 510 846 547 me,
875 502 919 538 et
945 510 970 538 a

140 550 496 603 generationibus
510 552 619 593 meis
633 552 883 604 implemini.
918 553 970 593 In

139 620 210 649 me
230 608 382 649 omnis.

444 670 595 711 Lectio
616 670 667 710 vi.

142 716 288 839 Quae
307 732 445 774 verba
460 731 745 774 considerans
759 745 882 774 mens
898 732 969 773 de-

251 791 371 838 vota,
400 802 500 830 cum
525 789 624 842 ipso
650 788 871 841 propheta
896 789 970 829 ait:

141 846 281 896 Quam
300 845 446 887 dulcia
468 844 668 886 faucibus
692 845 812 894 meis,
839 844 885 886 id
904 849 971 886 est

142 901 343 943 omnibus
358 900 674 951 affectionibus,
690 901 866 952 eloquia
881 900 971 942 tua!

139 958 279 999 Porro
304 956 493 999 dulcedo
514 957 627 1007 haec,
654 970 785 1009 quam
809 957 852 997 in
877 969 970 997 ver-

138 1013 207 1055 bis
241 1013 386 1055 beatae
417 1013 613 1064 Virginis
651 1012 813 1054 devota
848 1025 971 1052 mens

140 1069 288 1119 sentit,
325 1074 392 1111 est
427 1068 561 1110 ardor
592 1069 679 1121 piae
712 1067 971 1116 devotionis,

142 1138 273 1178 quam
297 1125 342 1165 in
365 1125 428 1166 eis
453 1125 598 1166 anima
622 1123 970 1177 experimentali-

140 1186 209 1223 ter
243 1181 416 1234 probat.
469 1181 801 1231 Distinguamus
840 1180 971 1230 igitur

140 1251 221 1291 per
247 1237 447 1279 ordinem
469 1237 550 1278 has
578 1242 748 1289 septem
774 1237 972 1276 flammas

142 1294 320 1344 amoris,
356 1293 596 1335 verborum
622 1293 815 1343 Virginis
843 1292 972 1333 bene-

142 1350 285 1392 dictae.
328 1350 475 1391 Prima
507 1354 574 1391 est
603 1350 778 1390 flamma
811 1348 972 1389 amoris

142 1407 401 1460 separantis.
432 1406 634 1447 Secunda
655 1405 816 1446 amoris
835 1410 972 1445 trans-

142 1463 382 1505 formantis.
418 1463 569 1505 Tertia
594 1462 757 1503 amoris
782 1474 972 1503 commu-

142 1519 339 1561 nicantis.
372 1520 538 1570 Quarta
561 1518 723 1560 amoris
741 1517 972 1570 jubilantis.

143 1575 305 1626 Quinta
337 1575 499 1617 amoris
532 1575 792 1627 saporantis.
840 1573 974 1614 Sexta

142 1632 304 1673 amoris
315 1631 634 1684 compatientis.
653 1630 850 1683 Septima
865 1630 974 1670 amo·

142 1688 202 1728 ris
221 1687 579 1730 consummantis.

193 1753 245 1804 R.
261 1749 427 1791 Beatus
443 1748 578 1790 homo
598 1748 671 1800 qui
691 1746 813 1788 audit
827 1759 909 1795 me,
930 1750 974 1787 et

144 1805 218 1857 qui
236 1805 389 1856 vigilat
409 1804 467 1847 ad
484 1805 604 1846 fores
623 1817 744 1846 meas
765 1801 972 1855 quotidie,

143 1866 187 1903 et
210 1861 419 1903 observat
443 1861 501 1903 ad
525 1865 677 1914 postes
704 1859 806 1902 ostii
828 1858 925 1900 mei.
947 1858 969 1883 ²*

143 1917 227 1967 Qui
250 1930 320 1959 me
347 1918 577 1967 invenerit,
606 1916 799 1957 inveniet
826 1915 973 1963 vitam,

142 1978 187 2015 et
209 1973 384 2015 hauriet
409 1974 596 2015 salutem
622 1986 648 2014 a
671 1972 783 2013 Dfio.
816 1966 866 2018 V.
890 1970 974 2020 Qui

143 2034 290 2071 autem
307 2029 352 2070 in
370 2043 440 2071 me
454 2028 717 2082 peccaverit,
736 2027 870 2068 laedet
886 2026 972 2067 ani-

141 2098 259 2127 mam
290 2099 432 2128 suam:
469 2098 624 2127 omnes
660 2084 734 2136 qui
767 2095 839 2124 me
871 2082 973 2124 ode-

141 2147 261 2192 runt,
299 2142 484 2194 diligunt
518 2146 719 2183 mortem.
774 2139 858 2189 Qui
892 2151 974 2179 me.

143 2198 297 2240 Gloria
321 2198 453 2240 Patri.
491 2198 576 2248 Qui
603 2209 685 2238 me.

366 2277 416 2316 In
434 2277 506 2316 111.
525 2276 748 2316 Nocturno.

197 2341 297 2383 Ant.
329 2339 455 2382 Unde
483 2340 570 2381 hoc
596 2339 720 2387 mihi,
752 2342 800 2378 ut
827 2336 975 2378 veniat

143 2395 285 2437 Mater
312 2395 491 2437 Domini
517 2395 603 2436 mei
631 2394 689 2435 ad
715 2391 810 2435 me?

197 2457 297 2498 Ant.
325 2455 628 2497 Misericordia
653 2455 744 2506 ejus
769 2467 794 2494 a
818 2453 973 2506 proge-

143 2511 214 2552 nie
231 2512 276 2552 in
294 2512 528 2563 progenies
546 2509 800 2553 timentibus
821 2521 931 2549 eum.

199 2573 300 2613 Ant.
325 2572 528 2625 Suscepit
546 2570 684 2612 Israel
701 2572 887 2622 puerum
906 2580 973 2608 su-

143 2641 229 2678 um,
254 2627 514 2669 recordatus
535 2624 851 2668 misericordiae
872 2635 974 2664 suae.

197 2683 249 2736 V.
274 2689 370 2739 Ego
399 2688 562 2730 dilecto
589 2698 702 2728 meo.
754 2684 806 2735 Rz.
833 2684 889 2725 Et
918 2681 975 2723 ad

144 2757 215 2786 me
243 2744 474 2786 conversio
503 2745 605 2796 ejus.

304 2885 368 2909 Pars
384 2885 492 2908 AEstiva.

1026 330 1178 372 Lectio
1203 330 1342 371 sancti
1360 329 1587 381 Evangelii
1610 328 1851 371 secundum

1348 386 1524 427 Lucam.

1101 446 1252 486 Lectio
1273 446 1343 485 vii.
1566 445 1668 496 Cap.
1683 445 1719 483 2.
1738 457 1775 493 g.

1022 501 1098 606 In
1116 505 1191 546 illo
1211 507 1427 559 tempore:
1446 506 1568 546 Dixit
1586 505 1726 546 Mater
1746 505 1771 545 J
1774 517 1851 546 esu

1088 560 1146 602 ad
1163 562 1300 602 illum:
1319 562 1411 612 Fili,
1438 561 1543 613 quid
1562 561 1704 602 fecisti
1723 560 1851 602 nobis

1024 615 1111 658 sic?
1140 618 1256 659 Ecce
1270 622 1396 670 pater
1414 622 1516 659 tuus
1537 622 1579 658 et
1599 629 1681 667 ego
1702 616 1850 658 dolen-

1023 678 1091 714 tes
1113 673 1418 725 quaerebamus
1436 678 1492 715 te.
1521 674 1577 714 Et
1596 673 1774 724 reliqua.

1083 756 1149 796 De
1168 754 1360 795 Homilia
1379 754 1639 795 venerabilis
1658 753 1794 795 Bedae

1307 809 1569 861 Presbyteri.

1097 876 1141 909 In
1166 875 1335 909 llomilia
1361 875 1483 908 Hiem.
1509 874 1555 908 de
1580 874 1781 916 Tempore,

1194 923 1344 957 Domin.
1370 922 1396 956 Ι,
1422 927 1511 965 post
1535 922 1673 965 Epiph.

1026 987 1140 1033 g
1165 982 1276 1018 ater
1309 978 1417 1027 eius,
1453 977 1594 1028 inquit
1626 976 1851 1027 Evangeli-

1027 1048 1034 1085 ’,ξ
1051 1024 1142 1091 255,
1200 1038 1278 1081 sta,
1294 1033 1584 1074 conservabat
1601 1032 1745 1073 omnia
1760 1044 1851 1072 ver-

1061 1103 1064 1106 ’
1105 1088 1108 1093 ’
1165 1073 1177 1109 “l
1199 1089 1362 1130 bahaec
1376 1090 1419 1129 in
1435 1088 1568 1130 corde
1585 1100 1676 1129 suo.
1697 1088 1853 1128 Omnia

1026 1158 1124 1197 quae
1150 1144 1205 1186 de
1224 1145 1415 1186 Domino
1440 1144 1510 1185 vel
1533 1157 1558 1185 a
1577 1143 1767 1184 Domino
1793 1143 1853 1184 di-

1025 1207 1096 1243 cta
1141 1202 1233 1243 sive
1270 1207 1367 1243 acta
1410 1203 1678 1252 cognoverat
1713 1200 1854 1240 Mater

1025 1258 1175 1309 Virgo,
1202 1257 1450 1309 diligentius
1475 1258 1517 1297 in
1543 1256 1678 1298 corde
1698 1256 1852 1297 retine-

1025 1315 1111 1364 bat,
1127 1314 1312 1355 sollicite
1329 1318 1486 1355 cuncta
1500 1313 1722 1354 memoriae
1739 1324 1852 1352 com-

1025 1370 1272 1419 mendabat,
1295 1375 1343 1411 ut
1365 1382 1463 1410 cum
1484 1368 1660 1410 demum
1678 1373 1853 1420 tempus

1025 1425 1341 1479 praedicandae‚
1377 1426 1469 1466 sive
1507 1424 1753 1466 scribendae
1787 1424 1852 1463 In-

1027 1482 1289 1524 carnationis
1315 1483 1405 1533 ejus
1432 1481 1668 1530 adveniret,
1695 1479 1852 1521 suffici-

1027 1542 1150 1580 enter
1168 1539 1381 1587 universa,
1400 1542 1533 1590 prout
1553 1542 1699 1578 essent
1718 1540 1853 1586 gesta,

1025 1600 1180 1648 posset
1196 1594 1415 1646 explicare
1428 1592 1735 1645 quaerentibus.
1755 1591 1853 1631 Imi-

1026 1653 1169 1693 temur
1202 1655 1245 1692 et
1276 1662 1374 1699 nos,
1412 1650 1569 1690 fratres
1600 1648 1703 1697 mei,
1737 1647 1855 1699 piam

1026 1707 1205 1749 Domini
1235 1707 1440 1754 Matrem,
1475 1705 1561 1757 ipsi
1598 1716 1774 1755 quoque
1811 1704 1854 1743 o-

1027 1764 1143 1804 mnia
1156 1762 1292 1804 verba
1312 1767 1355 1804 et
1374 1762 1490 1803 facta
1503 1760 1682 1802 Domini
1700 1772 1752 1800 ac
1766 1759 1853 1800 Sal-

1026 1819 1192 1861 vatoris
1221 1818 1358 1860 nostri
1390 1818 1478 1858 fixa
1508 1817 1552 1857 in
1586 1815 1720 1856 corde
1754 1827 1854 1855 con-

1026 1874 1258 1917 servando.

1077 1942 1128 1993 R.
1156 1940 1299 1991 Aquae
1326 1937 1476 1979 multae
1503 1949 1591 1977 non
1617 1936 1854 1987 potuerunt

1027 1998 1305 2045 exstinguere
1346 1993 1588 2034 caritatem:
1632 1995 1655 2019 *
1697 1990 1855 2042 Neque

1026 2052 1205 2092 flumina
1229 2049 1416 2091 obruent
1436 2061 1543 2090 eam.
1576 2043 1627 2095 V.
1653 2046 1699 2087 Si
1723 2045 1852 2088 dede-

1026 2107 1083 2148 rit
1107 2107 1240 2148 homo
1266 2117 1441 2147 omnem
1465 2102 1754 2144 substantiam
1779 2101 1854 2143 do-

1026 2176 1122 2204 mus
1138 2175 1230 2203 suae
1244 2173 1327 2214 pro
1343 2159 1587 2209 dilectione,
1609 2158 1733 2210 quasi
1749 2157 1855 2198 nihil

1027 2218 1242 2272 despiciet
1262 2229 1370 2258 eam.
1396 2216 1565 2268 Neque.

1309 2284 1462 2325 Lectio
1482 2283 1568 2323 viii.

1122 2359 1248 2388 orum
1297 2345 1476 2386 Domini
1525 2341 1759 2385 verborum
1811 2344 1854 2381 et

1027 2348 1119 2454 H
1147 2404 1347 2443 actorum
1377 2400 1662 2442 meditatione
1698 2397 1854 2438 diurna

1027 2464 1071 2500 et
1106 2461 1322 2499 nocturna
1353 2457 1631 2508 importunos
1662 2451 1854 2493 inanium

1026 2514 1367 2565 nocentiumque
1388 2510 1701 2562 cogitationum
1715 2507 1852 2559 repel-

1025 2570 1167 2611 lamus
1187 2569 1406 2610 incursus:
1425 2567 1582 2608 horum
1596 2564 1750 2605 erebra
1765 2561 1852 2604 col-

1025 2625 1188 2667 latione
1209 2629 1253 2666 et
1270 2636 1352 2677 nos
1371 2628 1415 2664 et
1432 2621 1658 2673 proximos
1677 2622 1852 2659 nostros

1027 2694 1052 2722 a
1078 2680 1238 2723 fabulis
1264 2676 1547 2731 supervacuis
1567 2680 1611 2716 et
1629 2674 1742 2715 male
1761 2671 1851 2714 dul-

1028 2736 1190 2778 coratis
1206 2734 1526 2777 detractionum
1540 2728 1770 2780 colloquiis
1786 2739 1852 2769 ca-

1595 2860 1646 2893 X*
