2040 2976
722 189 832 224 Fcria
858 194 966 224 sexta
992 191 1042 225 ad
1065 191 1301 227 Matutinurn.

214 288 396 330 Caritate
427 288 633 338 Domino,
666 292 709 329 et
739 286 986 328 benedicite

161 345 326 386 nomini
354 345 461 397 ejus:
488 345 513 372 *
540 344 793 386 annuntiate
827 343 881 385 de
915 342 986 384 die

160 402 204 442 in
232 401 349 443 diem
375 401 566 443 salutare
595 402 695 453 ejus.

211 457 480 499 Annuntiate
494 458 607 499 inter
621 457 786 498 Gentes
801 456 986 507 gloriam

161 515 267 566 ejus,
297 516 322 542 *
353 514 398 555 in
425 513 628 556 omnibus
654 513 831 566 populis
859 513 984 554 mira-

159 570 263 612 bssia
291 572 393 623 ejus.

211 628 429 677 Quoniam
459 639 641 678 magnus
672 626 904 678 Dominus,
940 630 985 667 et

158 683 390 726 laudabilis
425 683 570 724 nimis:
608 684 632 710 *
669 681 878 724 terribilis
917 687 984 724 est

158 752 291 793 super
317 752 468 781 omnes
497 739 616 781 deos

209 796 426 847 Quoniam
441 809 591 838 omnes
607 795 667 837 dii
677 795 886 837 Gentium
896 795 981 837 dae-

156 853 318 894 monia:
351 854 375 880 *
411 853 626 894 Dominus
663 857 809 894 autem
844 852 980 894 coelos

155 909 269 951 fecit.

208 965 445 1017 Confessio,
461 971 505 1008 et
522 965 804 1019 pulchritudo
820 967 864 1007 in
880 979 978 1007 con-

155 1024 309 1074 spectu
334 1023 440 1075 ejus:
466 1024 490 1050 *
515 1023 802 1064 sanctimonia
826 1027 869 1064 et
892 1035 978 1064 ma-

153 1078 402 1130 gnificentia
429 1080 474 1121 in
506 1080 848 1122 sanctificatione
877 1080 978 1132 ers.

200 1135 369 1178 Afferte
383 1137 574 1178 Domino
590 1137 746 1189 patriae
762 1137 978 1186 Gentium,

153 1191 306 1234 afferte
332 1193 524 1235 Domino
551 1193 738 1244 gloriam
770 1197 814 1235 et
842 1192 977 1234 hono-

152 1260 259 1289 rem:
278 1250 302 1276 *
321 1248 473 1292 afferte
491 1249 682 1291 Domino
701 1249 886 1301 gloriam
903 1251 977 1290 no-

151 1305 258 1346 mini
286 1306 387 1358 ejus.

205 1361 367 1403 Tollite
407 1362 593 1413 hostias,
630 1367 674 1404 et
716 1363 894 1404 introite
934 1363 978 1403 in

152 1417 264 1458 atria
287 1419 392 1470 ejus:
415 1420 439 1446 *
464 1419 646 1461 adorate
667 1419 906 1460 Dominum
932 1419 977 1459 in

151 1473 263 1515 atrio
291 1479 443 1517 8311010
472 1477 573 1528 ejus.

203 1530 542 1573 Commoveatur
572 1545 598 1574 a
629 1532 740 1574 facie
769 1533 859 1585 ejus
886 1533 975 1574 uni-

150 1587 277 1628 versa
303 1591 437 1629 terra:
464 1589 488 1616 *
520 1588 652 1631 dicite
683 1589 728 1630 in
759 1588 975 1631 Gentibus

151 1643 254 1695 quia
279 1644 494 1686 Dominus
520 1645 729 1698 regnavit.

201 1700 377 1742 Etenim
416 1702 608 1744 correxit
649 1701 802 1744 orbem
843 1707 973 1744 terrae

151 1756 225 1808 qui
255 1770 344 1799 non
371 1758 732 1801 commovebitur:
764 1760 788 1786 ¹⁶¹
815 1758 972 1811 judica-

148 1811 213 1854 bit
239 1813 429 1866 populos
456 1815 500 1856 in
528 1815 747 1867 aequitate.

200 1869 424 1912 Laetentur
444 1871 554 1922 coeli,
575 1877 619 1914 et
636 1872 825 1914 exsultet
842 1876 973 1914 terra:

149 1930 477 1970 commoveatur
503 1941 638 1979 mare,
674 1933 717 1971 et
742 1928 971 1982 plenitudo

149 1982 257 2034 ejus:
275 1984 300 2011 *
317 1984 570 2035 gaudebunt
592 1985 746 2038 campi,
764 1990 808 2027 et
827 1986 972 2027 omnia

149 2050 248 2090 quae
275 2039 320 2081 in
347 2041 409 2082 eis
437 2046 548 2083 sunt.

199 2095 324 2138 Tunc
358 2098 636 2140 exsultabunt
672 2099 816 2140 omnia
855 2098 972 2151 ligna

148 2150 356 2194 silvarum
379 2166 404 2195 a
425 2154 536 2196 facie
558 2155 746 2205 Domini,
775 2155 877 2207 quia
900 2168 970 2197 ve-

147 2207 224 2248 nit:
249 2209 273 2236 *
300 2210 506 2261 quoniam
529 2211 648 2253 venit
671 2211 861 2264 judicare
887 2216 969 2253 ter-

146 2275 250 2304 ram.

197 2320 222 2361 J
223 2320 418 2364 udicabit
444 2323 597 2366 orbem
621 2328 752 2366 terrae
775 2324 820 2365 in
839 2325 969 2377 aequi-

146 2378 246 2428 tete,
265 2378 289 2404 *
315 2382 359 2419 et
385 2380 575 2431 populos
601 2381 645 2422 in
669 2381 853 2422 veritate
880 2394 969 2423 sua.

413 2431 611 2475 Psalmus
639 2435 706 2475 96.

148 2479 404 2586 Dominus
418 2489 627 2539 regnavit,
639 2489 829 2531 exsultet
837 2494 967 2532 terra:

266 2543 290 2570 *
317 2543 521 2586 laetentur
547 2545 701 2587 insulae
729 2546 890 2587 multae.

195 2598 357 2650 Nubes,
377 2605 421 2642 et
439 2601 579 2653 caligo
596 2601 640 2642 in
659 2602 843 2644 circuitu
861 2604 966 2655 ejus:

144 2655 168 2681 *
202 2656 381 2707 justitia,
423 2663 467 2700 et
507 2657 712 2710 judicium
749 2660 964 2702 correctio

144 2710 262 2753 sedis
289 2714 391 2765 ejus.

298 2850 362 2875 Pars
378 2850 486 2876 AEstiva.

1090 287 1209 338 Ignis
1248 293 1346 330 ante
1386 289 1528 342 ipsum
1563 290 1804 343 praecedet,
1838 292 1862 317 *

1039 347 1083 407 et
1109 343 1350 386 inflaffiabit
1380 345 1424 385 in
1451 347 1634 388 circuitu
1661 347 1860 389 inimicos

1039 411 1139 450 ejus.

1089 456 1329 498 Illuxerunt
1352 457 1523 508 fulgura
1546 460 1635 511 eius
1659 459 1756 501 orbi
1776 464 1860 502 ter-

1036 525 1112 553 rae:
1134 514 1157 540 *
1179 513 1300 564 vidit,
1325 519 1369 555 et
1392 516 1611 556 commota
1639 520 1705 557 est
1732 520 1859 558 terra.

1087 569 1276 620 Montes,
1310 571 1422 612 sicut
1457 584 1557 612 cera
1590 571 1808 614 fluxerunt
1835 586 1861 614 a

1036 625 1146 667 facie
1181 627 1373 668 Domini:
1410 629 1434 655 *
1471 640 1496 668 a
1532 627 1642 669 facie
1682 629 1860 670 Domini

1036 683 1177 724 omnis
1205 688 1333 724 terra.

1085 739 1465 781 Annuntiaverunt
1509 740 1609 782 coeli
1655 742 1859 793 justitiam

1035 796 1139 847 ejus:
1171 798 1195 823 *
1227 801 1271 838 et
1298 796 1500 838 viderunt
1529 809 1678 839 omnes
1707 799 1859 850 populi

1032 851 1216 903 gloriam
1244 853 1344 904 ejus.

1085 909 1415 951 Confundantur
1455 921 1622 959 omnes,
1669 910 1743 962 qui
1785 910 1856 952 ad-

1033 967 1159 1007 orant
1183 966 1418 1018 sculptssia:
1451 967 1474 993 *
1502 971 1546 1008 et
1572 967 1646 1019 qui
1673 967 1856 1018 glorian-

1031 1026 1102 1062 tur
1129 1022 1173 1062 in
1201 1022 1443 1064 simulacris
1472 1023 1572 1064 suis.

1082 1078 1279 1120 Adorate
1297 1092 1395 1121 eum
1413 1092 1563 1121 omnes
1579 1081 1736 1131 Angeli
1753 1082 1856 1133 ejus:

1031 1136 1055 1161 *
1082 1135 1260 1186 audivit,
1290 1140 1333 1177 et
1359 1136 1509 1177 laetata
1538 1141 1604 1177 est
1631 1137 1745 1178 Sion.

1082 1192 1140 1233 Et
1172 1192 1501 1233 exsultaverunt
1532 1192 1635 1234 filiae
1662 1193 1804 1245 Judae,
1832 1195 1856 1222 *

1030 1252 1214 1300 propter
1241 1248 1400 1300 judicia
1426 1253 1502 1290 tua
1529 1249 1730 1291 Domine:

1082 1304 1297 1354 Quoniam
1314 1310 1363 1346 tu
1376 1305 1589 1346 Dominus
1604 1306 1854 1347 Altissimus

1030 1373 1160 1413 super
1188 1374 1363 1403 omnem
1385 1366 1560 1403 terram:
1584 1363 1608 1389 *
1631 1362 1758 1403 11111118
1784 1375 1853 1404 ex—

1029 1417 1189 1459 altatus
1218 1431 1264 1459 es
1292 1431 1424 1470 super
1453 1431 1603 1460 omnes
1631 1418 1750 1460 deos.

1081 1474 1166 1524 Qui
1180 1473 1359 1525 diligitis
1374 1475 1619 1525 Dominum,
1635 1475 1755 1516 odite
1766 1488 1852 1524 ma-

1027 1530 1131 1571 lum:
1160 1532 1183 1558 *
1215 1530 1410 1572 custodit
1440 1531 1654 1572 Dominus
1687 1532 1852 1572 animas

1028 1589 1279 1629 sanctorum
1305 1589 1494 1638 suorum,
1523 1587 1578 1629 de
1603 1600 1733 1628 manu
1754 1601 1851 1640 pec-

1027 1644 1188 1685 catoris
1215 1643 1418 1685 liberabit
1446 1656 1534 1685 eos,

1078 1700 1175 1742 Lux
1203 1705 1300 1742 orta
1333 1705 1400 1742 est
1425 1702 1556 1752 iusto,
1589 1701 1612 1727 *
1645 1705 1689 1742 et
1720 1701 1851 1742 rectis

1027 1756 1162 1798 corde
1189 1757 1352 1799 laetitia.

1076 1813 1308 1855 Laetamini
1334 1813 1435 1865 justi
1462 1813 1506 1853 in
1531 1813 1736 1854 Domino:
1761 1815 1786 1841 *
1808 1818 1851 1855 et

1026 1870 1292 1912 confitemini
1318 1869 1542 1911 memoriae
1575 1870 1847 1912 sanctificati-

1026 1926 1121 1967 onis
1149 1928 1250 1979 ejus.

1082 1979 1183 2021 Ant.
1204 1980 1390 2024 Cantate
1417 1982 1619 2033 Domino,
1647 1988 1692 2025 et
1718 1982 1845 2025 bene-

1025 2038 1157 2081 dicite
1184 2040 1349 2081 nomini
1377 2040 1478 2092 ejus.

1078 2094 1162 2135 Per
1172 2094 1357 2135 Annum,
1376 2090 1426 2141 V.
1439 2096 1577 2138 Intret
1594 2096 1734 2138 oratio
1750 2109 1846 2138 mea

1023 2152 1068 2192 in
1095 2155 1334 2205 conspectu
1361 2157 1437 2194 tuo
1465 2152 1662 2194 Domine.
1706 2151 1756 2202 Rz.
1779 2154 1844 2194 In-

1024 2208 1136 2250 clina
1150 2222 1299 2251 aurem
1308 2214 1428 2251 tuam
1441 2208 1498 2251 ad
1508 2211 1685 2262 prece'm
1694 2222 1845 2250 meam.

1078 2263 1163 2303 Pro
1183 2276 1269 2304 uno
1284 2262 1408 2304 Mart.
1432 2256 1483 2310 V.
1494 2265 1685 2307 Posuisti
1698 2266 1844 2306 Domi-

1022 2334 1077 2363 ne
1101 2334 1233 2374 super
1258 2326 1389 2375 caput
1417 2322 1517 2373 ejus
1556 2318 1605 2369 R·
1627 2322 1845 2363 Coronam

1023 2377 1078 2420 de
1096 2378 1244 2431 lapide
1263 2379 1471 2431 pretioso.

1076 2431 1161 2471 Pro
1177 2431 1286 2483 plur.
1296 2432 1420 2473 Mart.
1438 2424 1490 2478 V.
1502 2434 1732 2476 Exsultent
1746 2434 1844 2485 justi

1020 2490 1064 2531 in
1089 2493 1328 2543 conspectu
1345 2491 1440 2533 Dei.
1474 2489 1524 2539 Rz-
1548 2491 1604 2532 Et
1629 2489 1841 2532 delecten-

1019 2551 1090 2588 tur
1107 2547 1152 2587 in
1170 2547 1331 2589 laetitia.

1074 2602 1158 2641 Pro
1188 2602 1308 2643 Conf.
1337 2602 1459 2643 Pont.
1501 2597 1551 2647 V.
1576 2602 1719 2652 Elegit
1743 2614 1841 2642 eum

1018 2660 1233 2701 Dominus
1259 2659 1534 2701 sacerdotem
1561 2658 1655 2700 sibi.
1692 2654 1743 2704 Βι-
1767 2656 1840 2698 Ad

1017 2715 1351 2758 sacrificandum
1370 2716 1410 2757 ei
1427 2715 1616 2757 hostiam
1633 2712 1784 2754 laudis.
