2040 2976
196 201 288 246 [152]

503 305 652 345 Lectio
674 305 710 344 ii.

275 365 294 402 t
316 360 379 401 sic
402 360 445 400 in
465 360 569 401 Sion
587 359 759 413 firmata
781 371 887 408 sum,
911 363 955 400 et
977 358 1020 398 in

296 417 470 458 civitate
512 415 784 458 sanctificata
824 415 1020 456 similiter

194 473 398 527 requievi,
425 478 468 515 et
493 473 536 514 in
555 472 797 514 Jerusalem
820 473 1019 525 potestas

193 544 300 573 mea.
342 530 398 571 Et
421 529 616 571 radicavi
639 529 681 569 in
700 528 867 582 pupulo
887 528 1019 569 hono-

193 587 374 633 rificato,
398 591 442 627 et
463 586 507 626 in
530 590 655 638 parte
674 585 757 627 Dei
780 584 866 626 mei
883 584 1018 625 haere-

196 643 308 685 ditas
334 642 464 692 illius,
493 647 537 684 et
561 642 605 682 in
630 639 900 694 plenitudine
926 653 1018 681 san-

194 702 365 742 ctorum
384 698 579 740 detentio
598 710 705 739 mea.
740 700 802 741 Tu
821 701 977 738 autem.

248 761 297 810 R.
326 760 465 801 Beata
493 771 539 800 es
566 758 705 809 Virgo
733 758 888 807 Maria,
920 769 1018 809 quae

193 817 430 858 Duminum
489 816 703 868 portasti,
767 814 1020 856 Creaturem

194 871 363 914 mundi:
407 876 427 898 *
471 872 671 914 Genuisti
708 871 781 923 qui
819 875 864 912 te
902 869 1018 918 fecit,

194 934 237 971 et
275 930 318 970 in
357 931 568 971 aeternum
604 930 836 981 permanes
870 926 1020 977 Virgo.

194 983 245 1035 V.
267 986 363 1027 Ave
383 986 531 1034 Maria,
550 984 692 1036 gratia
710 983 851 1037 plena,
870 982 1019 1023 Dumi-

192 1054 274 1083 nus
292 1047 448 1084 tecum.
477 1040 687 1083 Genuisti.

247 1100 295 1151 V.
322 1103 347 1144 J
349 1103 433 1145 ube
453 1101 614 1144 domne
632 1097 904 1143 benedicere.

247 1166 405 1207 Bened.
459 1166 536 1205 Per
571 1163 798 1214 Virginem
834 1162 1021 1204 Matrem

194 1220 407 1263 concedat
437 1219 564 1262 nobis
591 1219 805 1260 Dominus
833 1218 1017 1261 salutem

194 1283 236 1319 et
254 1290 420 1330 pacem.
463 1280 514 1330 R.
551 1277 704 1318 Amen.

494 1350 643 1391 Lectio
664 1351 718 1391 iii.

276 1413 371 1454 uasi
390 1412 546 1455 cedrus
566 1411 758 1454 exaltata
777 1425 872 1452 sum
890 1412 934 1452 in
952 1411 1019 1452 Li-

295 1469 430 1520 bano,
468 1475 511 1511 et
548 1469 672 1522 quasi
709 1470 942 1521 cypressus
976 1468 1019 1509 in

192 1531 341 1568 monte
364 1526 483 1567 Sion:
512 1525 637 1578 quasi
660 1524 805 1578 palma
830 1524 1021 1566 exaltata

195 1596 290 1623 sum
318 1582 361 1623 in
389 1582 549 1631 Cades,
580 1586 623 1623 et
652 1581 777 1634 quasi
803 1580 1019 1634 plantatio

194 1651 308 1680 rosae
332 1639 376 1679 in
399 1639 423 1679 J
426 1638 586 1680 ericho.
627 1638 762 1688 Quasi
787 1637 901 1678 oliva
925 1650 1020 1690 spe-

195 1695 314 1737 cicsa
338 1696 382 1736 in
406 1695 583 1747 campis,
610 1699 653 1736 et
673 1694 797 1746 quasi
814 1693 1020 1746 platanus

195 1752 386 1795 exaltata
411 1765 507 1793 sum
533 1752 651 1803 juxta
679 1763 837 1803 aquam
862 1750 906 1790 in
930 1750 1019 1803 pla-

194 1809 288 1850 teis.
326 1809 446 1850 Sicut
466 1808 798 1856 cinnamumum,
819 1811 862 1847 et
879 1805 1020 1848 balsa-

193 1879 312 1906 mum
349 1866 640 1907 aromatizans
682 1862 865 1905 oderem
902 1861 1020 1904 dedi:

195 1922 318 1974 quasi
341 1921 517 1975 myrrha
536 1920 684 1970 electa,
710 1918 812 1961 dedi
836 1920 1020 1961 suavita-

194 1984 283 2020 tem
303 1978 463 2020 oderis.
493 1980 558 2020 Tu
577 1982 722 2019 autem
741 1977 941 2018 Dumine.

246 2041 294 2091 R.
313 2039 436 2080 Felix
454 2051 643 2090 namque
662 2051 720 2088 eS,
741 2050 865 2079 sacra
879 2038 1019 2089 Virgo

193 2095 341 2145 Maria,
361 2101 404 2137 et
423 2096 541 2137 omni
558 2095 688 2136 laude
707 2093 976 2145 dignissima:
995 2100 1016 2122 *

195 2151 306 2201 Quia
335 2164 389 2193 ex
415 2157 459 2193 te
492 2156 615 2193 ortus
644 2156 710 2193 est
739 2151 807 2192 sol
834 2151 1020 2203 justitiae,

195 2210 216 2232 *
248 2206 445 2249 Christus
474 2209 593 2250 Deus
630 2213 791 2249 noster.
836 2204 887 2255 V.
931 2208 1020 2250 Ora

193 2276 275 2317 pro
308 2264 495 2317 pupulo,
531 2264 743 2306 interveni
775 2277 858 2317 pro
891 2264 1019 2316 clero,

195 2320 417 2362 intercede
428 2333 508 2373 pro
523 2321 685 2363 dev6t0
698 2321 885 2363 femineo
899 2334 1020 2363 sexu:

195 2378 383 2419 sentiant
398 2389 549 2418 omnes
563 2383 686 2419 tuum
700 2378 910 2429 juvamen,
929 2379 1020 2431 qui-

195 2437 382 2486 cumque
417 2433 639 2475 celebrant
672 2440 791 2475 tuam
825 2439 1019 2476 sanctam

196 2490 667 2532 commemorationem.
707 2490 829 2540 Quia.
868 2491 1020 2532 Gleria

194 2547 323 2589 Patri.
359 2546 567 2588 Christus.

460 2622 539 2664 Ad
559 2622 755 2664 Laudes

402 2690 420 2713 e
438 2684 451 2713 t
490 2690 514 2722 p
531 2690 550 2713 e
569 2691 586 2713 r
621 2679 656 2713 H
674 2690 695 2714 0
714 2691 731 2713 r
748 2690 767 2714 a
787 2691 813 2714 s.

248 2726 297 2777 V.
323 2728 443 2770 Deus
462 2728 505 2769 in
524 2727 795 2780 adjuturium.

698 201 873 235 Officium
899 212 1059 245 parvum
1084 201 1124 234 B.
1150 199 1281 234 Maria:
1306 199 1410 243 Virg.

1128 298 1226 339 Ant.
1252 300 1280 339 1.
1308 298 1547 348 Assumpta
1570 300 1637 338 est
1657 297 1682 324 *
1699 295 1837 338 Maria
1855 296 1899 338 in

1073 354 1247 396 coelum:
1270 353 1462 406 gaudent
1481 351 1648 403 Angeli,
1668 351 1898 395 laudantes

1071 410 1337 453 benedicunt
1354 409 1602 451 Dominum.

1127 469 1193 509 Ps.
1222 466 1434 508 Duminus
1453 465 1661 517 regnavit.
1678 467 1737 508 14.

1127 526 1162 565 2.
1195 525 1331 565 Maria
1358 523 1496 574 Virgo
1527 524 1551 550 *
1578 526 1805 577 assumpta
1832 530 1900 568 est

1072 580 1129 622 ad
1164 580 1403 622 aethereum
1437 579 1697 630 thalamum,
1731 581 1776 622 in
1811 594 1898 634 quo

1074 637 1171 678 Rex
1190 649 1340 688 regum
1359 635 1534 678 stellato
1554 635 1679 679 sedet
1697 637 1820 680 sulio.

1126 695 1163 734 3.
1211 695 1260 735 In
1296 692 1479 735 odorem
1519 694 1543 721 *
1579 696 1900 745 unguentorum

1071 752 1247 791 tuarum
1286 749 1519 791 currimus:
1560 749 1899 793 adolescentulae

1073 806 1318 848 dilexerunt
1335 811 1380 848 te
1399 806 1536 847 nimis.

1127 865 1164 903 4.
1186 862 1423 904 Benedicta
1442 862 1531 904 filia
1549 864 1573 890 *
1587 867 1635 904 tu
1654 875 1680 904 a
1693 863 1900 906 Domino:

1073 919 1176 971 quia
1190 933 1270 973 per
1283 924 1327 961 te
1342 919 1530 961 fructum
1545 920 1647 962 vitae
1665 920 1899 962 communi-

1073 989 1278 1018 cawmus.

1125 1034 1163 1073 5.
1194 1033 1378 1075 Pulchra
1402 1045 1464 1083 es,
1492 1034 1515 1060 *
1540 1037 1584 1075 et
1606 1032 1784 1084 decura,
1810 1033 1901 1075 filia

1072 1089 1329 1132 Jerusalem:
1355 1089 1562 1132 terribilis
1585 1094 1633 1132 ut
1655 1092 1900 1132 castrorum

1073 1146 1188 1189 acies
1208 1146 1420 1189 ordinata.

1155 1212 1412 1265 Capitulum.
1439 1221 1442 1223 ’
1593 1211 1714 1253 Cant.
1734 1213 1770 1252 6.
1791 1225 1824 1253 c.

1072 1267 1339 1376 Viderunt
1361 1285 1458 1315 eam
1479 1272 1582 1314 filiae
1600 1271 1716 1323 Sion,
1739 1276 1783 1315 et
1800 1272 1900 1315 bea-

1189 1329 1403 1371 tissimam
1444 1328 1814 1383 praedicaverunt,
1857 1335 1901 1372 et

1073 1387 1235 1437 reginae
1254 1385 1541 1428 laudaverunt
1560 1398 1667 1427 eam.

1128 1444 1178 1495 R.
1201 1442 1299 1484 Deo
1318 1442 1491 1494 gratias.

1385 1508 1594 1558 Hymnus.

1228 1569 1419 1620 gloriusa
1439 1569 1664 1621 virginum,

1244 1625 1449 1667 Sublimis
1469 1626 1582 1668 inter
1601 1626 1755 1677 sidera,

1177 1683 1261 1733 Qui
1280 1687 1324 1724 te
1345 1684 1518 1731 creavit,
1537 1683 1769 1735 parvulum

1176 1739 1385 1780 Lactente
1404 1739 1543 1780 nutris
1563 1739 1709 1781 ubere.

1126 1803 1257 1855 Quod
1276 1804 1403 1845 Heva
1421 1803 1558 1845 tristis
1579 1804 1771 1853 abstulit,

1177 1860 1246 1901 Tu
1265 1859 1414 1902 reddis
1434 1860 1549 1902 almo
1569 1861 1776 1912 germine:

1176 1917 1344 1959 Intrent
1363 1922 1411 1958 ut
1430 1922 1549 1958 astra
1568 1917 1747 1968 flebiles,

1178 1973 1289 2015 Coeli
1299 1973 1500 2015 recludis
1520 1973 1733 2033 cardines.

1131 2039 1195 2080 Tu
1213 2039 1328 2090 regis
1348 2039 1424 2081 alti
1442 2039 1580 2091 janua,

1177 2095 1234 2137 Et
1253 2095 1351 2137 aula
1369 2095 1477 2137 lucis
1496 2095 1676 2147 fulgida:

1176 2152 1326 2194 Vitam
1345 2151 1492 2194 datam
1511 2165 1591 2205 per
1609 2152 1835 2204 Virginem

1178 2209 1343 2251 Gentes
1361 2208 1603 2261 redemptae
1622 2207 1829 2262 plaudite.

1125 2278 1240 2324 Jesu‚
1259 2273 1340 2316 tibi
1359 2273 1416 2315 sit
1434 2273 1584 2325 gloria,

1176 2331 1261 2382 Qui
1280 2334 1408 2372 natus
1429 2343 1474 2372 es
1495 2330 1550 2372 de
1568 2330 1760 2381 Virgine,

1178 2388 1287 2430 Cum
1304 2387 1447 2437 Patre,
1467 2392 1511 2428 et
1530 2386 1646 2428 almo
1666 2387 1829 2439 Spiritu

1175 2445 1226 2486 In
1245 2444 1512 2496 sempiterna
1530 2443 1702 2485 saecula.

1382 2500 1535 2542 Amen.

1125 2554 1174 2606 V.
1206 2556 1447 2598 Benedicta
1479 2562 1528 2598 tu
1558 2556 1602 2597 in
1633 2555 1897 2598 mulieribus.

1073 2617 1123 2668 R.
1136 2614 1193 2656 Et
1203 2613 1460 2655 benedictus
1472 2613 1638 2655 fructus
1650 2611 1813 2654 ventris
1823 2612 1897 2653 tui.

1132 2677 1201 2718 Ad
1218 2675 1378 2717 Bened.
1396 2677 1493 2717 Ant.
1510 2675 1648 2716 Beata
1666 2673 1750 2714 Dei
1769 2672 1895 2714 Geni-

1071 2731 1157 2772 trix
1174 2730 1322 2780 Maria,
1344 2731 1368 2756 *
1386 2730 1525 2782 Virgo
1543 2731 1768 2783 perpetua,
1790 2733 1895 2771 tem-
