2040 2976
749 188 953 221 Dominica
978 188 1022 222 V.
1047 188 1224 230 Augusti.

134 298 229 329 suo:
255 298 338 328 nec
364 287 555 328 retineas
578 283 763 326 verbum
789 283 833 324 in
856 284 961 325 tem-

132 356 242 397 pore
275 342 440 384 salutis.
482 341 585 383 Non
617 338 865 382 abscondas
898 352 962 380 sa-

133 400 342 454 pientiam
358 404 480 441 tuam
498 398 542 438 in
563 397 723 439 decore
743 408 834 438 suo.

152 492 154 494 ,
188 464 238 515 Ει.
259 460 449 502 Domine
468 463 605 512 pater.
624 458 716 499 237.

447 532 596 573 Lectio
617 532 655 572 ii.

136 594 210 700 In
242 596 390 648 lingua
420 594 535 636 enim
566 593 782 646 sapientia
813 591 962 642 digno-

200 652 349 695 scitur:
374 655 418 693 et
436 663 608 700 sensus,
632 653 676 691 et
694 648 892 698 scientia,
919 652 963 689 et

134 709 335 751 doctrina
368 708 413 749 in
439 706 576 753 verbo
606 705 785 755 sensati,
817 709 861 747 et
892 704 960 745 fir-

133 767 399 808 mamentum
438 764 482 804 in
524 762 734 817 operibus
773 762 961 814 justitiae.

127 820 235 864 'Non
276 820 553 864 contradicas
589 819 726 861 verbo
763 818 961 860 veritatis
1024 842 1054 878 z'»

132 878 222 921 ullo
241 877 392 928 modo,
422 882 465 919 et
489 876 545 919 de
568 874 798 918 mendacio
821 876 960 916 ineru-
1023 891 1122 935 (s

134 934 312 977 ditionis
330 940 419 977 tuae
439 932 718 976 confundere.
745 932 847 973 Non
862 944 961 973 con-

133 991 331 1034 fundaris
360 990 560 1033 confiteri
586 991 773 1044 peccata
797 994 890 1039 tua,
919 994 962 1031 et

131 1061 186 1090 ne
218 1047 423 1102 subjicias
453 1053 498 1090 te
531 1047 651 1089 omni
681 1045 847 1088 homini
877 1058 961 1098 pro

131 1107 330 1158 peccato.
360 1103 465 1146 Noli
490 1105 698 1145 resistere
726 1107 880 1144 eontra
902 1102 960 1143 fa-

133 1162 244 1204 eiem
267 1162 479 1215 potentis,
506 1173 588 1202 nec
613 1160 785 1202 coneris
810 1164 962 1202 contra

131 1219 268 1261 ictum
286 1218 417 1260 fluvii.

187 1282 237 1334 R.
261 1279 422 1330 Magna
440 1278 565 1321 enim.
586 1278 678 1320 237.

438 1350 591 1391 Lectio
612 1350 667 1389 iii.

218 1427 269 1456 ro
288 1413 451 1467 justitia
469 1413 703 1464 agonizare
720 1425 803 1466 pro
819 1412 964 1454 anima

227 1476 314 1521 tua,
336 1475 380 1513 et
398 1483 539 1523 usque
558 1469 615 1512 ad
633 1474 823 1513 mortem
842 1474 964 1511 certa

131 1540 215 1581 pro
247 1527 428 1580 justitia,
465 1531 510 1568 et
538 1527 661 1568 Deus
693 1525 963 1579 expugnabit

133 1597 215 1638 pro
237 1589 283 1626 te
305 1584 505 1626 inimicos
528 1589 640 1626 tuos.
660 1583 781 1624 'Noli
805 1583 963 1624 citatus

134 1653 231 1683 esse
258 1641 303 1682 in
330 1640 480 1692 lingua
507 1645 599 1682 tua:
632 1645 677 1682 et
703 1639 884 1689 inutilis,
920 1646 963 1681 et

133 1699 343 1740 remissus
378 1697 423 1738 in
459 1697 666 1750 operibus
701 1696 799 1739 tuis.
857 1696 963 1738 Noli

134 1766 231 1796 esse
255 1754 368 1796 sicut
391 1754 462 1796 leo
488 1754 533 1795 in
557 1753 691 1795 domo
716 1758 806 1803 tua,
842 1754 962 1794 ever-

133 1815 230 1853 tens
269 1810 539 1852 domesticos
576 1815 696 1860 tuos,
738 1815 782 1852 et
814 1810 962 1863 oppri-

132 1880 256 1910 mens
281 1867 502 1920 subjectos
526 1866 617 1910 tibi.
653 1867 756 1908 Non
781 1867 837 1908 sit
861 1879 960 1920 por-

134 1926 256 1966 recta
281 1937 435 1966 manus
465 1929 541 1966 tua
565 1923 622 1965 ad
647 1923 962 1977 accipiendum,

134 1985 178 2022 et
197 1980 254 2023 ad
275 1980 469 2023 dandum
489 1979 686 2022 collecta.

188 2042 239 2092 Ru
265 2042 374 2092 Quae
394 2046 504 2083 sunt.
522 2041 616 2082 237.

412 2180 689 2217 Sabbato

251 2244 350 2280 ante
375 2239 546 2280 Domin.
571 2240 627 2280 V.
650 2240 846 2288 Augusti.

187 2304 274 2337 Nisi
299 2305 383 2338 haec
411 2305 524 2339 fuerit
546 2306 804 2349 propinquior
823 2305 964 2338 Kalen-

138 2351 197 2385 dis
230 2352 485 2395 Septembris:
526 2354 616 2397 quia
650 2359 740 2387 tunc
773 2354 844 2386 ista
879 2363 965 2386 cum

138 2410 207 2434 sua
231 2400 489 2435 Hebdomada
515 2402 717 2438 omittitur,
750 2406 786 2435 et
807 2401 965 2443 ponitur

136 2448 295 2492 Antiph.
325 2460 395 2492 pro
424 2450 451 2484 Ι.
481 2451 685 2484 Dominica
716 2451 964 2493 Septembris,

138 2502 178 2531 ut
202 2498 310 2532 infra.

191 2555 261 2595 Ad
287 2555 461 2605 Magnis.
498 2557 597 2596 Ant.
634 2552 830 2594 Observa
853 2551 915 2592 fili
939 2552 962 2577 *

135 2611 360 2662 praecepta
377 2609 517 2663 patris
535 2609 612 2659 tui,
633 2613 677 2650 et
695 2621 749 2650 ne
770 2608 963 2650 dimittas

135 2665 278 2716 legem
308 2666 461 2708 matris
493 2671 598 2715 tuae,
635 2664 715 2707 sed
746 2664 834 2715 liga
867 2677 964 2706 eam

137 2734 310 2775 semper
328 2723 373 2763 in
393 2721 528 2764 corde
547 2727 635 2764 tuo.

1070 279 1120 331 V.
1152 281 1420 333 Vespertina
1455 281 1596 323 oratio
1635 280 1845 322 ascendat

1016 337 1073 380 ad
1104 342 1149 380 te
1176 337 1376 379 Domine.
1435 342 1481 393 Ιζν.
1514 338 1570 379 Et
1603 336 1844 379 descendat

1016 407 1149 447 super
1166 407 1247 436 nos
1267 393 1568 435 misericordia
1585 399 1671 435 tua.

1366 473 1460 503 ..Q

1107 557 1383 608 Dominica
1411 557 1472 607 V.
1500 557 1750 620 Augusti.

1254 645 1303 683 In
1330 645 1359 683 Ι.
1387 644 1610 687 Nocturno.

1161 707 1227 745 De
1254 701 1366 744 libro
1394 702 1706 745 Ecclesiastiei.

1095 768 1246 809 Lectio
1268 768 1291 806 i.
1346 771 1349 773 '
1483 779 1486 781 ·
1608 766 1710 816 Cap.
1731 767 1766 805 ἶ).

1067 823 1470 885 -23253-1iolattendere
1507 824 1564 866 ad
1600 827 1842 878 possessio-

1023 934 1027 938 ,
1063 926 1080 943 J,
1131 898 1141 941 ’ς1
1163 894 1242 923 nes
1274 882 1462 933 iniquas,
1505 886 1548 923 et
1579 895 1634 923 ne
1668 882 1845 924 dixeris:

1019 942 1141 961 —2
1163 939 1245 980 Est
1269 938 1376 979 mihi
1402 937 1624 980 sufficiens
1648 939 1756 990 vita;
1784 941 1844 980 ni-

1016 994 1076 1035 hil
1103 995 1217 1036 enim
1242 995 1441 1048 proderit
1466 995 1510 1035 in
1533 997 1733 1048 tempore
1757 997 1844 1037 vin-

1017 1051 1148 1094 dictae
1171 1057 1214 1093 et
1235 1051 1526 1094 obductionis.
1558 1052 1627 1093 Ne
1648 1054 1845 1105 sequaris
1895 1060 1897 1063 ’

1016 1110 1059 1150 in
1079 1108 1335 1151 fortitudine
1354 1112 1429 1150 tua
1446 1109 1848 1162 concupiscentiam

1018 1166 1164 1208 cordis
1182 1166 1260 1207 tui:
1281 1170 1325 1208 et
1343 1179 1398 1207 ne
1417 1166 1592 1208 dixeris:
1613 1166 1846 1217 Quomodo

1016 1221 1164 1276 potui?
1200 1227 1275 1264 aut
1301 1223 1398 1275 quis
1425 1236 1496 1265 me
1523 1222 1722 1275 subjiciet
1746 1237 1846 1276 pro-

1015 1285 1115 1333 pter
1139 1280 1254 1322 facta
1278 1279 1399 1322 mea?
1427 1281 1549 1321 Deus
1577 1280 1691 1321 enim
1710 1281 1846 1322 vindi-

1017 1350 1121 1378 cans
1149 1335 1401 1379 vindicabit.
1441 1337 1509 1378 Ne
1536 1336 1713 1378 dixeris:
1742 1338 1845 1379 Pec-

1017 1393 1131 1443 cavi‚
1169 1398 1213 1436 et
1242 1393 1348 1446 quid
1376 1393 1483 1435 mihi
1512 1392 1671 1435 accidit
1699 1393 1845 1435 triste?

1015 1450 1269 1493 Altissimus
1290 1451 1403 1492 enim
1424 1456 1491 1492 est
1511 1451 1683 1504 patiens
1703 1450 1845 1491 reddi-

1015 1513 1096 1549 tor.
1154 1508 1223 1549 De
1255 1507 1496 1560 propitiato
1535 1509 1722 1560 peccato
1756 1507 1845 1548 noli

1016 1577 1113 1606 esse
1133 1565 1226 1606 sine
1244 1570 1375 1614 metu,
1394 1577 1537 1616 neque
1553 1564 1730 1616 adjicias
1744 1577 1844 1617 pec-

1016 1625 1164 1664 cetum
1183 1634 1316 1674 super
1337 1623 1578 1674 peccatum.

1071 1688 1122 1737 Ην.
1145 1684 1196 1724 In
1215 1682 1444 1735 principio.
1462 1683 1556 1723 252.

1327 1749 1477 1790 Lectio
1500 1749 1538 1788 ii.

1102 1816 1121 1853 t
1156 1823 1210 1852 ne
1242 1809 1378 1852 dicas:
1409 1810 1635 1852 Miseratio
1667 1809 1845 1851 Domini

1117 1880 1275 1920 magna
1308 1872 1391 1917 est,
1423 1866 1712 1908 multitudinis
1744 1879 1844 1919 pec-

1016 1927 1216 1967 catorum
1234 1925 1432 1965 meorum
1451 1922 1738 1964 miserebitur.
1767 1922 1844 1963 Mi-

1016 1980 1256 2023 sericordia
1281 1980 1395 2022 enim
1419 1985 1463 2022 et
1486 1979 1552 2020 ira
1575 1978 1630 2020 ab
1654 1979 1730 2021 illo
1757 1979 1843 2021 cito

1014 2038 1281 2091 proximant,
1308 2041 1352 2078 et
1370 2037 1414 2077 in
1431 2038 1691 2090 peccatores
1710 2036 1844 2089 respi-

1016 2095 1075 2136 cit
1099 2094 1164 2135 ira
1182 2093 1309 2135 illius.
1349 2093 1451 2134 Non
1476 2091 1624 2135 tardes
1649 2092 1845 2134 converti

1015 2150 1072 2193 ad
1090 2150 1344 2199 Dominum,
1364 2154 1408 2191 et
1424 2162 1479 2191 ne
1500 2148 1676 2191 differas
1698 2148 1752 2190 de
1773 2148 1843 2190 die

1014 2207 1058 2248 in
1091 2206 1217 2249 diem.
1269 2205 1425 2248 subito
1459 2205 1575 2247 enim
1605 2205 1751 2247 veniet
1781 2206 1844 2246 ira

1014 2263 1146 2313 illius,
1179 2268 1223 2305 et
1241 2262 1285 2304 in
1308 2265 1510 2315 tempore
1529 2261 1735 2304 vindictae
1761 2261 1843 2303 dis-

1015 2319 1172 2373 perdet
1191 2324 1246 2361 te.
1287 2319 1392 2361 Noli
1418 2319 1571 2360 anxius
1596 2331 1694 2361 esse
1718 2318 1762 2359 in
1782 2317 1841 2359 di-

1014 2376 1130 2418 vitiis
1150 2376 1334 2428 injustis:
1357 2389 1446 2417 non
1466 2376 1581 2418 enim
1599 2373 1842 2428 proderunt

1013 2432 1095 2475 tibi
1113 2433 1157 2473 in
1177 2432 1249 2474 die
1268 2432 1549 2475 obductionis
1569 2437 1613 2473 et
1628 2429 1841 2472 vindictae.

1013 2489 1116 2531 Non
1134 2489 1318 2531 ventiles
1337 2494 1381 2530 te
1399 2489 1443 2529 in
1463 2500 1637 2530 omnem
1653 2491 1841 2534 ventum,

1015 2551 1059 2588 et
1092 2559 1181 2588 non
1215 2558 1290 2587 eas
1317 2546 1362 2586 in
1391 2557 1565 2597 omnem
1591 2544 1718 2585 viam.
1772 2542 1842 2583 Sic

1015 2604 1129 2645 enim
1159 2603 1301 2644 omnis
1326 2603 1536 2655 peccator
1560 2599 1774 2652 probatur
1796 2598 1840 2638 in

1015 2659 1181 2713 duplici
1199 2659 1357 2710 lingua.

1072 2724 1126 2774 Κ,
1145 2721 1313 2773 Gyrum
1332 2719 1442 2773 coeli.
1461 2718 1554 2763 252.
