2040 2976
217 215 282 250 252

219 315 286 352 est
312 309 482 360 figulus.
524 307 580 349 Et
615 320 714 349 cum
744 306 896 349 labore
929 319 1041 348 vano

219 367 349 408 deum
381 365 506 416 fingit
543 363 598 406 de
635 362 793 405 eodem
824 363 931 405 luto:
969 363 1042 404 ille

220 425 293 475 qui
317 422 449 475 paulo
473 426 573 462 ante
599 419 654 462 de
677 425 794 461 terra
818 420 958 462 factus
981 419 1042 460 fu-

220 484 326 529 erat,
359 484 402 520 et
433 482 538 531 post
563 476 770 529 pusillum
797 475 968 518 reducit
996 488 1043 516 se

219 535 336 577 unde
363 536 571 587 acceptus
599 539 685 582 est,
714 535 927 585 repetitus
956 532 1041 573 ani-v

218 605 302 633 mae
325 591 520 634 debitum
541 603 671 643 quam
688 589 888 632 habebat.

268 659 317 709 R.
349 654 458 703 Quae
479 657 588 693 sunt.
607 651 700 692 237.

274 723 344 763 Ad
360 723 532 773 Magnis.
558 723 657 763 Ant.
682 719 904 773 Sapientia
917 721 941 746 *
957 719 1040 761 cla-

219 779 344 820 mitat
368 778 412 818 in
436 777 606 830 plateis:
634 777 678 818 Si
704 777 799 829 quis
820 775 959 827 diligit
979 789 1042 817 sa-

219 835 446 889 pientiam,
475 833 531 875 ad
553 846 623 875 me
648 832 851 882 declinet,
880 837 923 874 et
948 845 1043 874 eam

220 891 426 933 inveniet:
451 895 494 932 et
514 903 612 931 cum
635 889 863 939 invenerit,
888 889 1043 931 beatus

221 949 303 991 erit
322 948 359 988 si
377 947 565 989 tenuerit
584 959 704 997 eam.⁴

273 1010 322 1062 V.
362 1013 627 1064 Vespertina
665 1011 805 1053 oratio
839 1010 1046 1052 ascendat

222 1069 279 1111 ad
293 1074 336 1111 te
351 1069 549 1109 Domine.
580 1070 629 1110 R·
649 1068 705 1109 Et
721 1067 959 1110 descendat
977 1080 1044 1109 su-

222 1138 301 1179 per
320 1138 400 1167 nos
419 1123 719 1166 misericordia
737 1130 822 1166 tua.

479 1215 789 1242 Λ-ο-ᾣ-ο-ῇ-

305 1305 580 1356 Dominiea
601 1304 687 1354 IV.
709 1304 959 1367 Augusti.

460 1393 508 1431 In
535 1392 564 1431 I.
591 1392 811 1431 Nocturno.

324 1459 481 1512 Incipit
501 1458 611 1501 liber
630 1458 940 1500 Ecclesiastici.

749 1530 850 1582 Cap.
866 1531 894 1570 1.

231 1594 447 1675 Wmnis
466 1594 679 1647 sapientia
699 1606 723 1635 a
741 1593 933 1635 Domino
950 1594 1047 1635 Deo

229 1675 328 1731 ζμ

375 1531 527 1572 Lectio
547 1531 569 1571 i.

327 1677 333 1693 2
355 1656 439 1700 est,
467 1655 511 1692 et
537 1664 635 1693 cum
660 1651 735 1692 illo
759 1651 839 1693 fuit
863 1663 1047 1703 semper,

240 1718 254 1725 ²*
355 1712 399 1749 et
433 1712 500 1749 est
531 1713 632 1749 ante
662 1721 815 1749 aevum.
855 1707 1048 1748 Arenam

222 1764 371 1814 maris,
408 1769 451 1806 et
482 1764 643 1817 pluviae
674 1769 839 1815 guttas,
878 1768 921 1805 et
954 1763 1048 1805 dies

223 1820 373 1862 saeculi
394 1821 489 1873 quis
508 1819 819 1862 dinumeravit?
843 1820 1048 1862 Altitudi-

223 1889 323 1918 nem
343 1877 458 1927 coeli,
483 1882 526 1918 et
545 1876 821 1919 latitudinem
839 1883 985 1926 terrae,
1006 1882 1049 1919 et

223 1933 488 1986 profundum
520 1934 668 1986 abyssi
703 1934 799 1986 quis
828 1933 1049 1976 dimensus

225 1988 313 2031 est?
338 1990 603 2043 Sapientiam
622 1991 706 2032 Dei
723 1990 1049 2043 praecedentem

227 2047 371 2088 omnia
396 2047 493 2099 quis
516 2045 818 2098 investigavit?
854 2047 981 2088 Prior
1006 2049 1050 2088 o-

225 2103 389 2144 mnium
413 2106 561 2146 creata
585 2109 652 2146 est
671 2104 901 2156 sapientia,
930 2109 973 2146 et
990 2104 1050 2145 in-

225 2159 427 2202 tellectus
445 2159 692 2213 prudentiae
716 2159 771 2203 ab
792 2173 900 2202 aevo.
932 2161 1050 2203 Fons

227 2215 453 2268 sapientiae
476 2216 658 2258 verbum
681 2217 764 2259 Dei
788 2218 831 2258 in
856 2217 1050 2267 excelsis,

227 2277 271 2314 et
290 2272 510 2324 ingressus
525 2273 640 2314 illius
656 2273 862 2316 mandata
877 2275 1051 2315 aeterna.

278 2343 327 2393 Ru
356 2342 406 2382 In
431 2342 645 2394 principio
670 2343 791 2384 Deus
818 2344 1051 2395 antequam

226 2403 388 2440 terram
405 2398 577 2448 faceret,
597 2399 850 2451 priusquam
867 2399 1052 2451 abvssos

228 2455 532 2504 constitueret,
559 2455 814 2507 priusquam
839 2454 1051 2508 produce·

228 2516 296 2553 ret
323 2511 466 2553 fontes
498 2513 726 2564 aquarum:
752 2510 774 2533 *
804 2512 1053 2564 Antequam

228 2573 401 2610 montes
421 2567 757 2617 collocarentur,
783 2573 883 2610 ante
903 2581 1053 2610 omnes

229 2624 365 2666 colles
384 2625 609 2675 generavit
627 2637 696 2665 me
711 2625 815 2665 Dfis.
840 2617 889 2669 V.
913 2625 1054 2674 Quan—

230 2681 288 2723 do
299 2681 578 2734 praeparabat
589 2680 738 2730 coelos,
753 2680 941 2729 aderam,
958 2694 1055 2722 cum

231 2751 285 2780 eo
310 2743 465 2780 cuncta
484 2739 765 2790 componens.
796 2738 1055 2789 Antequam.

825 218 1026 251 Dominica
1052 217 1113 251 IV.
1138 215 1314 258 Augusti.

1399 310 1551 351 Lectio
1571 309 1611 349 ii.

1093 369 1284 478 Radix
1302 369 1529 422 sapientiae
1542 368 1612 410 cui
1629 368 1824 410 revelata
1842 372 1920 418 θεῖ,

1197 431 1240 468 θῖ
1263 426 1447 468 astutias
1466 425 1581 466 illius
1602 425 1698 477 quis
1717 422 1918 476 agnovit?

1094 483 1338 536 Disciplina
1370 482 1597 535 sapientiae
1629 482 1699 524 cui
1726 481 1920 523 revelata

1095 545 1179 590 est,
1205 545 1249 581 et
1268 536 1570 581 manifestata?
1599 542 1643 580 et
1661 537 1918 590 multiplica-

1094 596 1258 638 tionem
1286 597 1508 647 ingressus
1535 594 1650 636 illius
1677 594 1773 648 quis
1796 593 1919 636 intel-

1094 652 1222 694 lexit?
1250 653 1373 695 Unus
1393 657 1460 694 est
1479 651 1716 693 altissimus
1735 651 1919 693 Creator

1096 711 1385 762 omnipotens,
1404 713 1448 750 et
1463 708 1562 750 Rex
1578 712 1750 760 potenS,
1769 711 1813 748 et
1831 719 1919 749 me-

1095 765 1284 807 tuendus
1303 765 1446 815 nimis,
1472 764 1631 806 sedens
1651 776 1784 816 super
1802 762 1919 805 thro-

1095 835 1199 863 num
1217 822 1331 863 illius
1351 827 1394 863 et
1413 820 1641 863 dominans
1659 821 1792 862 Deus.
1817 820 1920 872 Ipse

1097 878 1262 920 creavit
1283 878 1402 920 illam
1427 878 1471 918 in
1489 877 1654 930 Spiritu
1678 880 1849 926 sancto,
1877 881 1921 918 et

1096 934 1220 985 vidit,
1255 940 1299 977 et
1331 933 1638 984 dinumeravit,
1671 938 1715 975 et
1744 945 1920 974 mensus

1097 996 1174 1033 est.
1210 992 1269 1033 Et
1295 990 1448 1033 effudit
1475 990 1594 1031 illam
1619 1002 1752 1043 super
1776 988 1922 1031 omnia

1099 1050 1234 1101 opera
1267 1060 1362 1098 sua,
1394 1051 1438 1089 et
1470 1059 1602 1099 super
1630 1058 1804 1088 omnem
1831 1057 1921 1087 car-

1097 1117 1197 1146 nem
1235 1103 1476 1146 secundum
1508 1102 1661 1144 datum
1697 1114 1840 1152 suum,
1879 1105 1923 1143 et

1097 1160 1287 1214 praebuit
1307 1160 1426 1202 illam
1444 1158 1725 1211 diligentibus
1745 1171 1804 1200 se.

1150 1233 1201 1285 R.
1228 1229 1397 1282 Gyrum
1422 1228 1524 1271 coeli
1547 1228 1726 1270 circuivi
1745 1227 1856 1278 sola,
1880 1231 1924 1269 et

1098 1287 1142 1327 in
1168 1285 1373 1328 fluctibus
1398 1285 1532 1327 maris
1556 1284 1792 1333 ambulavi,
1817 1284 1862 1325 in
1880 1296 1924 1326 o·

1098 1343 1188 1384 mni
1213 1347 1343 1394 gente
1367 1347 1411 1384 et
1437 1343 1482 1383 in
1505 1341 1623 1384 omni
1647 1340 1816 1394 populo
1839 1339 1924 1393 pri-

1098 1402 1264 1441 matum
1306 1399 1440 1441 tenui:
1476 1400 1499 1426 *
1538 1397 1837 1451 Superborum
1882 1401 1926 1439 et

1099 1456 1349 1498 sublimium
1394 1455 1508 1498 colla
1548 1454 1729 1508 propria
1762 1453 1926 1496 virtute

1100 1513 1276 1555 calcavi.
1321 1510 1372 1563 V.
1402 1512 1499 1564 Ego
1531 1512 1576 1553 in
1603 1511 1826 1553 altissimis
1852 1510 1926 1552 ha·

1098 1569 1208 1620 bito,
1238 1575 1281 1612 et
1303 1569 1488 1612 thronus
1511 1581 1634 1610 meus
1656 1568 1702 1609 in
1723 1567 1927 1610 columna

1099 1626 1237 1669 nubis.
1264 1625 1575 1679 Superborum.

1400 1700 1553 1742 Lectio
1573 1700 1628 1740 iii.

1183 1767 1295 1808 imor
1317 1765 1496 1807 Domini
1518 1764 1672 1816 gloria,
1704 1767 1748 1805 et
1771 1762 1928 1815 gloria-

1189 1824 1269 1874 tio,
1290 1828 1334 1865 et
1350 1822 1520 1872 laetitia,
1539 1826 1584 1864 et
1603 1822 1768 1863 corona
1787 1818 1926 1861 exsul-

1101 1880 1290 1923 tationis.
1322 1880 1475 1921 Timor
1493 1877 1671 1920 Domini
1690 1875 1928 1919 delectabit

1102 1950 1189 1988 cor,
1210 1943 1254 1979 et
1273 1937 1395 1979 dabit
1411 1935 1623 1985 laetitiam,
1646 1939 1691 1976 et
1708 1932 1928 1985 gaudium,

1102 2000 1146 2036 et
1173 1992 1491 2046 longitudinem
1519 1991 1697 2033 dierum.
1738 1989 1928 2031 Timenti

1101 2051 1339 2093 Dominum
1355 2049 1468 2092 bene
1488 2048 1570 2090 erit
1587 2047 1631 2088 in
1649 2045 1866 2096 extremis,
1885 2050 1929 2087 et

1101 2107 1146 2148 in
1170 2106 1241 2149 die
1265 2105 1558 2148 defunctionis
1583 2116 1675 2145 suae
1697 2101 1927 2145 benedice-

1101 2170 1183 2207 tur.
1223 2163 1414 2205 Dilectio
1446 2162 1530 2203 Dei
1560 2159 1831 2203 honorabilis
1864 2171 1928 2200 sa-

1102 2221 1276 2274 pientia.
1311 2218 1479 2270 Quibus
1504 2223 1650 2260 autem
1674 2215 1930 2270 apparuerit

1103 2279 1146 2319 in
1164 2277 1275 2327 visu,
1295 2276 1479 2327 diligunt
1499 2288 1596 2317 eam
1615 2275 1659 2316 in
1677 2274 1861 2322 visione,
1885 2276 1930 2314 et

1103 2335 1147 2376 in
1184 2334 1404 2386 agnitione
1441 2331 1705 2383 magnalium
1741 2331 1930 2372 suorum.

1103 2391 1281 2432 Initium
1310 2389 1552 2442 sapientiae,
1583 2389 1715 2430 timor
1741 2384 1930 2434 Domini,

1106 2453 1149 2490 et
1177 2460 1277 2489 cum
1304 2445 1507 2488 fidelibus
1532 2445 1577 2486 in
1601 2444 1731 2487 vulva
1754 2453 1930 2498 concre-

1106 2507 1205 2547 atus
1225 2508 1302 2546 est.

1156 2567 1207 2619 R.
1249 2569 1411 2610 Emitte
1447 2566 1635 2609 Domine
1674 2563 1932 2617 sapientiam

1108 2626 1162 2667 de
1182 2625 1287 2667 sede
1309 2622 1621 2676 magnitudinis
1645 2627 1750 2671 tuae,
1777 2625 1827 2662 ut
1844 2633 1931 2662 me-

1108 2695 1207 2723 cum
1234 2682 1306 2731 sit,
1341 2686 1385 2723 et
1411 2692 1582 2722 mecum
1608 2677 1794 2720 laboret:
1819 2677 1842 2702 *
1873 2677 1933 2719 Ut

1109 2739 1244 2780 sciam
1268 2738 1374 2791 quid
1396 2739 1628 2790 acceptum
1647 2735 1703 2777 sit
1722 2747 1871 2777 coram
1887 2738 1932 2776 te
