2040 2976
597 232 772 266 Officium
796 230 971 265 votivum
996 230 1043 263 dc
1069 231 1219 264 Sanctis

1768 227 1867 272 [201]

1245 231 1415 273 Angelis.

158 384 379 428 exaudivit
399 398 493 427 eos:
511 385 535 411 *
557 388 601 426 et
620 397 675 426 ex
692 382 893 425 omnibus
911 382 982 423 tri-

156 441 453 484 bulationibus
473 443 625 483 eorum
642 439 844 482 liberavit
864 451 951 480 eos.

207 500 339 541 Juxta
358 503 425 541 est
443 498 658 540 Dominus
675 497 740 547 iis,
760 497 834 548 qui
851 495 983 538 tribu-

156 556 247 598 lato
272 561 373 598 sunt
397 555 546 598 corde:
571 555 595 581 *
621 559 665 596 et
688 553 875 595 humiles
899 555 983 606 spi-

157 613 242 654 ritu
269 612 468 654 salvabit.

208 669 360 711 Multae
382 668 688 711 tribulationes
713 669 942 720 justorum:
960 667 983 692 *

158 731 203 768 et
235 725 290 768 de
327 725 528 768 omnibus
563 725 632 767 his
667 724 871 768 liberabit
907 737 984 766 eos

156 783 382 824 Dominus.

209 838 412 881 Custodit
445 839 661 881 Dominus
698 839 843 881 omnia
883 851 986 880 ossa

158 897 325 937 eorum:
349 896 372 922 *
396 909 530 937 unum
555 909 610 938 ex
633 895 702 937 his
727 908 815 938 non
840 900 984 937 conte-

156 954 286 995 retur.

208 1009 329 1051 Mors
354 1011 637 1063 peccatorum
663 1010 868 1063 pessima:
893 1011 917 1037 *
942 1014 985 1051 et

159 1066 233 1119 qui
252 1066 439 1108 oderunt
458 1067 628 1118 justum,
648 1066 914 1119 delinquent.

208 1122 414 1164 Redimet
446 1123 662 1164 Dominus
699 1123 866 1164 animas
899 1136 984 1165 ser-

158 1181 313 1221 vorum
323 1181 517 1221 suorum:
532 1180 556 1207 *
572 1184 616 1221 et
630 1193 719 1221 non
731 1179 986 1232 delinquent

159 1249 311 1278 omnes
331 1237 405 1288 qui
424 1237 632 1289 sperant
621 1250 664 1277 m
685 1249 749 1278 eo.

208 1307 306 1347 Ant.
326 1301 578 1344 Laudemus
593 1302 840 1352 Dominum,
856 1315 986 1354 quem

156 1357 336 1400 laudant
355 1358 523 1410 Angeli,
544 1371 675 1411 quem
690 1359 924 1401 Cherubim
943 1364 986 1401 et

156 1414 400 1467 Seraphim,
427 1415 627 1466 SanctuS‚
654 1416 855 1466 Sanctus⁷
883 1415 985 1457 San-

158 1475 254 1513 ctus
272 1471 560 1524 proclamant.

207 1539 258 1586 V.
286 1536 500 1579 Ascendit
518 1537 661 1579 fumus
680 1540 924 1580 aromatum
943 1539 986 1579 in

157 1595 398 1646 conspectu
429 1594 616 1636 Domini.
666 1597 715 1648 R.
756 1595 824 1637 De
854 1609 987 1637 manu

157 1650 326 1702 Angeli.

156 1732 224 1772 De
242 1728 452 1771 Sermone
472 1730 611 1772 sancti
626 1731 828 1782 Gregorii
840 1731 986 1784 Papae.

303 1794 360 1828 Ex
377 1793 548 1828 Homilia
565 1793 617 1827 34.
635 1792 673 1826 in
693 1792 836 1834 Evang

457 1849 492 1889 Ι
496 1849 608 1890 ectio
628 1848 681 1888 iv.

162 1906 356 1971 ffhffxuia
374 1907 644 1958 Angelorum
665 1909 840 1951 nomina
858 1909 986 1951 inter—

207 1965 243 2001 ἰ
276 1994 278 1999 .
302 1963 517 2016 pretando
542 1965 893 2029 perstrinxhnuS‚
919 1970 986 2008 su-

166 2020 183 2033 ’“
279 2025 461 2072 -‚perest
479 2021 553 2062 ut
541 2033 638 2073 ipsa
653 2021 898 2063 officiorum
912 2036 985 2064 vo-

158 2075 315 2118 cabula
338 2075 531 2118 breviter
555 2080 855 2130 exsequamur.
888 2079 984 2120 Vir-

157 2135 274 2175 tutes
294 2133 455 2175 etenim
472 2136 686 2176 vocantur
704 2134 766 2176 illi
784 2135 987 2177 nimirum

158 2189 349 2242 spiritus,
367 2203 449 2243 per
469 2203 581 2243 quos
600 2191 723 2242 signa
743 2196 786 2234 et
804 2192 986 2234 miracu-

158 2246 200 2288 la
244 2246 514 2298 frequentius
558 2247 677 2291 fiunt.
736 2249 986 2291 Potestates

159 2305 290 2347 etiam
307 2306 521 2346 vocantur
539 2304 600 2354 hi,
629 2305 703 2357 qui
727 2304 813 2347 hoc
835 2308 986 2359 poten-

157 2361 243 2403 tius
263 2361 419 2404 ceteris
443 2360 487 2401 in
506 2374 586 2402 suo
607 2360 760 2404 ordine
779 2365 987 2416 percepe-

159 2422 273 2469 runt,
298 2423 347 2460 ut
366 2419 519 2459 eorum
537 2417 698 2460 ditioni>
709 2419 894 2461 virtutes
914 2418 986 2461 ad-

158 2476 299 2515 versae
329 2473 536 2526 subjectae
565 2475 667 2524 sint,
700 2488 887 2527 quorum
910 2489 987 2529 po-

158 2533 317 2572 testate
336 2530 634 2581 refraenantur,
653 2544 734 2573 nec
754 2531 891 2574 corda
911 2531 986 2574 ho-

158 2587 323 2628 minum
340 2591 509 2629 tantum
521 2590 692 2630 tentare
706 2588 987 2641 praevaleant,

161 2649 370 2697 quantum
388 2643 551 2685 volunt.

211 2711 261 2760 R».
292 2709 454 2751 Omnes
473 2708 630 2760 Angeli
653 2709 827 2752 stabant
846 2710 889 2751 in
908 2710 986 2752 cir-

159 2765 278 2808 cuitu
300 2765 460 2817 throni,
486 2770 530 2809 et
553 2766 788 2817 seniorum,
815 2771 858 2809 et
884 2769 986 2820 qua-

208 328 515 371 Clamaverunt
549 327 665 379 justi,
699 331 742 369 et
768 325 982 367 Dominus
1035 329 1136 366 tuor
1156 323 1453 365 animaliumz*
1474 324 1531 366 Et
1550 322 1804 366 ceciderunt
1821 323 1866 365 in

1037 382 1278 433 conspectu
1296 380 1443 422 throni
1460 381 1505 421 in
1523 381 1658 423 facies
1682 394 1798 431 suas,
1825 386 1869 423 et

1037 437 1332 480 adoraverunt
1375 439 1531 480 Deum.
1574 438 1623 489 Y
1667 437 1867 480 Adorate

1038 494 1275 536 Dominum
1300 508 1451 538 omnes
1475 494 1634 546 Angeli
1658 496 1760 547 ejus.
1800 497 1868 538 Et.

1350 556 1497 597 Lectio
1518 571 1554 595 v.

1122 607 1362 661 rincipatus
1388 609 1521 650 etiam
1539 611 1767 660 vocantur,
1795 611 1868 663 qui

1132 664 1240 717 ipsis
1260 678 1436 717 quoque
1454 666 1582 708 bonis
1598 666 1868 717 Angelorum

1039 721 1266 774 spiritibus
1299 728 1512 776 praesunt,
1552 723 1626 775 qui
1663 723 1868 775 subjectis

1040 778 1134 820 aliis
1176 778 1281 821 dum
1323 792 1511 831 quaeque
1555 785 1655 821 sunt
1698 780 1868 831 agenda

1039 834 1296 888 disponunt,
1322 836 1384 878 eis
1409 836 1466 878 ad
1485 836 1702 889 explenda
1722 836 1869 879 divina

1038 892 1278 935 ministeria
1308 893 1621 946 principantur.
1662 895 1867 936 Domina-

1037 951 1180 993 tiones
1207 955 1354 992 autem
1379 952 1607 1001 vocantur,
1641 951 1715 1003 qui
1740 952 1869 993 etiam

1038 1011 1285 1061 potestates
1308 1007 1633 1060 principatuum
1654 1007 1868 1050 dissimili-

1039 1066 1190 1108 tudine
1236 1066 1323 1108 alta
1368 1065 1695 1108 transcendunt.
1755 1067 1869 1109 Nam

1038 1123 1275 1176 principari
1303 1127 1370 1164 est
1397 1122 1509 1164 inter
1536 1123 1730 1176 reliquos
1756 1124 1869 1176 prio-

1039 1193 1132 1221 rem
1160 1182 1384 1221 exsistere:
1418 1178 1633 1221 dominari
1664 1193 1770 1222 vero
1803 1186 1870 1223 est

1040 1236 1170 1278 etiam
1185 1236 1405 1287 subjectos
1418 1249 1618 1289 quosque
1629 1236 1870 1289 possidere.

1039 1293 1206 1334 Throni
1243 1305 1420 1345 quoque
1458 1292 1532 1334 illa
1564 1294 1737 1345 agmina
1770 1300 1870 1336 sunt

1040 1352 1211 1399 vocata,
1239 1348 1398 1402 quibus
1422 1348 1480 1391 ad
1499 1349 1745 1392 exercenda
1763 1350 1868 1403 judi-

1040 1407 1107 1449 cia
1126 1419 1300 1458 semper
1318 1406 1439 1448 Deus
1460 1409 1739 1459 omnipotens
1759 1410 1868 1460 prae-

1040 1463 1163 1505 sidet.
1197 1462 1324 1505 Unde
1347 1468 1391 1505 et
1412 1476 1493 1516 per
1511 1463 1788 1506 Psalmistam
1809 1463 1869 1506 di-

1040 1521 1165 1562 citur:
1203 1519 1341 1562 Sedes
1373 1533 1506 1573 super
1537 1520 1758 1571 thronum,
1797 1522 1870 1574 qui

1038 1576 1206 1629 judicas
1226 1577 1489 1629 aequitatem.

1092 1638 1141 1689 R.
1185 1634 1314 1676 Stetit
1349 1633 1545 1685 Angelus
1590 1635 1709 1686 juxta
1750 1648 1870 1677 aram

1039 1690 1203 1744 templi,
1221 1690 1389 1733 habens
1405 1690 1675 1733 thuribulum
1691 1695 1870 1734 aureum

1038 1748 1083 1788 in
1101 1760 1232 1789 manu
1251 1760 1340 1798 sua,
1363 1752 1406 1789 et
1426 1746 1531 1789 data
1550 1753 1651 1790 sunt
1669 1749 1709 1790 ei
1727 1749 1869 1790 incen-

1040 1817 1089 1846 sa
1106 1804 1258 1846 multa.
1277 1808 1298 1831 *
1319 1804 1376 1846 Et
1395 1803 1594 1846 ascendit
1612 1805 1756 1847 fumus
1776 1808 1868 1847 aro-

1039 1866 1205 1902 matum
1224 1859 1279 1902 de
1298 1874 1429 1902 manu
1447 1861 1634 1912 Angeli
1623 1875 1668 1902 m
1687 1864 1868 1915 conspe-

1041 1922 1115 1959 ctu
1140 1917 1329 1959 Domini.
1362 1914 1412 1966 Yf.
1439 1918 1489 1958 In
1516 1919 1757 1970 conspectu
1781 1920 1868 1960 An-

1041 1974 1239 2025 gelorum
1262 1973 1448 2026 psaHam
1470 1974 1564 2017 tibi:
1588 1974 1786 2018 adorabo
1813 1976 1870 2018 ad

1038 2030 1251 2083 templum
1277 2036 1476 2073 sanctum
1500 2037 1639 2082 tuum,
1668 2038 1711 2074 et
1736 2033 1867 2075 confi-

1038 2086 1167 2129 tebor
1184 2087 1349 2128 nomini
1366 2092 1443 2130 tuo
1463 2089 1662 2131 Domine.
1689 2090 1757 2132 Et.

1342 2148 1491 2189 Lectio
1513 2149 1565 2188 vi.

1114 2200 1314 2243 herubim
1337 2214 1513 2254 quoque
1535 2201 1765 2255 plenitudo
1790 2203 1869 2244 sci-

1149 2258 1279 2299 entiae
1315 2256 1492 2309 dicitur3
1533 2263 1578 2300 et
1613 2258 1870 2301 sublimiora

1039 2314 1113 2356 illa
1142 2315 1314 2366 agmina
1339 2315 1506 2357 idcirco
1533 2315 1768 2367 Cherubim
1796 2328 1868 2357 vo-

1040 2373 1139 2413 cata
1170 2376 1289 2422 sunt,
1327 2371 1429 2424 quia
1460 2376 1585 2414 tanto
1616 2372 1869 2426 perfectiori

1040 2428 1221 2469 scientia
1234 2428 1365 2481 plena
1384 2433 1496 2479 sunt,
1517 2434 1680 2481 quanto
1700 2428 1868 2470 clarita-

1039 2489 1128 2526 tem
1162 2485 1246 2527 Dei
1282 2486 1464 2527 vicinius
1502 2485 1868 2538 contemplantur.

1039 2541 1267 2594 Seraphim
1292 2542 1423 2584 etiam
1449 2544 1662 2584 vocantur
1685 2541 1758 2582 illa
1783 2541 1867 2594 spi-

1040 2600 1201 2639 rituum
1221 2601 1473 2640 sanctorum
1492 2598 1673 2650 agmina,
1694 2610 1793 2649 quae
1813 2610 1868 2639 ex

1039 2654 1249 2706 singulari
1267 2655 1597 2708 propinquitate
1616 2653 1867 2695 Conditoris

1039 2710 1107 2751 sui
1146 2711 1481 2764 incomparabili
1517 2709 1671 2752 ardent
1707 2711 1866 2751 amore.

1039 2767 1268 2820 Seraphim
1287 2779 1476 2820 namque
1496 2765 1699 2808 ardentes
1718 2765 1818 2808 vel'
1806 2779 1866 2807 m-
