2040 2976
763 239 939 274 Officium
962 238 1247 274 Defunctorum.

162 333 259 382 tuis,
278 332 334 374 ad
347 334 572 385 perpetuae
586 331 868 374 beatitudinis
883 344 981 373 con-

162 389 344 430 sortium
361 391 590 442 pervenire
610 387 837 430 concedas.

159 449 416 555 Fidelium
433 453 554 494 Deus
573 453 766 494 omnium
783 452 983 494 conditor

250 514 295 551 et
313 509 579 562 redemptor,
604 508 831 550 animabus
849 509 981 550 famu-

160 565 302 607 lorum
338 566 683 618 famularumque
713 567 886 607 tuarum
917 578 981 606 re-

159 623 410 663 missionem
436 623 694 664 cunctorum
717 621 860 664 tribue
882 634 981 674 pec-

161 680 370 720 catorum:
413 683 474 720 111
501 677 814 729 indulgentiam
851 690 982 729 quam

160 747 333 787 semper
352 736 631 787 optaverunt,
656 734 741 787 piis
765 733 980 787 supplica-

158 790 349 832 tionibus
383 792 722 842 consequantur:
756 790 839 841 Qui
870 790 981 831 vivis

159 850 203 888 et
238 859 394 898 regnas
432 847 476 887 in
512 847 673 888 saecula
709 846 981 888 saeculorum.

158 905 209 957 R.
231 903 383 945 Amen.

207 964 251 1000 In
276 965 338 1000 die
358 977 451 1001 vero
474 966 640 1001 Coffiem.
666 966 834 1000 omniurn
858 964 977 1000 Fidel.

157 1011 330 1048 Defunct.
372 1015 527 1058 quando
563 1014 635 1048 dic.
674 1014 756 1048 haec
792 1015 857 1048 ult.
888 1019 979 1048 tant.

158 1060 290 1096 Oratio
315 1062 401 1097 dic:
434 1058 509 1100 Qui
531 1058 634 1094 vivis
662 1062 699 1093 et
727 1068 866 1102 regnas
895 1068 982 1093 cum

158 1106 242 1141 Deo
269 1106 382 1141 Patre
413 1107 454 1141 in
483 1107 629 1142 unitate
661 1106 826 1150 Spiritus
858 1106 981 1141 sancti

157 1154 280 1198 Deus,
310 1164 382 1198 per
410 1155 539 1190 omnia
569 1154 712 1189 saecula
741 1155 980 1190 saeculorum.

157 1203 200 1248 R.
226 1202 361 1238 Amen.

226 1258 274 1297 In
295 1257 365 1298 die
386 1257 672 1309 depositionis
691 1258 906 1299 Defuncti.

487 1314 650 1354 Oratio.

231 1365 397 1417 bsolve,
412 1368 660 1419 quaesumus
676 1366 876 1416 Domine,
893 1366 980 1408 ani-

267 1435 384 1464 mam
407 1423 558 1464 famuli
581 1423 645 1465 tui
664 1425 705 1465 N
708 1455 732 1473 .,
760 1428 808 1464 ut
832 1422 979 1464 defun-

158 1483 254 1520 ctus
273 1479 436 1521 saeculo
455 1479 535 1521 tibi
552 1479 684 1521 vivat:
709 1484 753 1521 et
780 1492 878 1532 quae
901 1492 981 1532 per

157 1534 437 1587 fragilitatem
477 1536 617 1577 631018
656 1536 845 1578 humana
881 1548 979 1577 con-

156 1592 403 1634 versatione
427 1593 659 1643 commisit,
686 1597 734 1634 tu
758 1593 883 1634 venia
905 1592 979 1633 mi-

158 1647 513 1690 sericordissimae
551 1649 727 1702 pietatis
767 1649 979 1701 absterge.

157 1704 242 1746 Per
259 1705 505 1747 Dominum.

211 1767 252 1802 Si
281 1766 395 1802 fuerit
426 1768 586 1811 femina,
623 1768 695 1803 dic.
729 1766 895 1802 animam
926 1766 979 1801 fa-

156 1812 271 1848 mulae
293 1817 370 1849 tuae
387 1815 448 1858 N.,
471 1817 513 1849 ut
536 1813 725 1850 defuncta.

318 1867 367 1907 In
396 1867 705 1909 Anniversario
735 1867 816 1909 die.

487 1926 651 1967 Oratio.

244 1987 320 2016 eus
365 1975 732 2027 indulgentiarum
775 1977 977 2019 Domine:

259 2031 316 2073 da
358 2031 583 2074 animabus
625 2032 885 2075 famulorum
920 2034 978 2075 fa-

157 2087 460 2141 mularumque
478 2091 668 2140 tuarum,
698 2102 881 2142 quorum
909 2104 978 2132 an-

157 2143 443 2186 niversarium
511 2145 796 2198 depositionis
864 2147 980 2189 diem

159 2203 566 2251 commemoramus,
589 2202 798 2253 refrigerii
818 2202 979 2254 sedem,

160 2256 316 2308 quietis
350 2257 683 2309 beatitudinem,
727 2264 771 2301 61
805 2259 980 2301 luminis

159 2311 410 2355 claritatem.
436 2314 521 2355 Per
538 2315 786 2357 Dominum.

209 2378 250 2414 Si
282 2389 354 2423 pro
386 2387 463 2414 uno
495 2382 642 2414 tantum
675 2379 717 2414 fit
744 2379 977 2414 Anniversa-

157 2427 265 2470 rium,
288 2427 360 2462 dic.
386 2427 425 2461 in
449 2427 636 2470 singulari
658 2437 827 2462 numero.

220 2479 307 2520 Pro
335 2491 422 2519 uno
451 2480 671 2531 Episcopo
701 2479 918 2519 defuncto.

349 2536 351 2539 â€™
491 2535 654 2575 Oratio.

159 2583 340 2689 Deus,
373 2589 446 2641 qui
476 2590 589 2631 inter
618 2591 886 2643 apostolicos
914 2605 977 2633 sa-

277 2643 479 2686 cerdotes
520 2646 730 2688 famulum
769 2652 892 2689 tuum
926 2648 976 2689 N.

159 2700 399 2752 pontificali
422 2701 563 2743 fecisti
588 2702 799 2753 dignitate
818 2705 978 2756 vigere:

1035 336 1213 383 praesta,
1233 318 1496 385 quaesumus3
1515 340 1564 377 ut
1582 338 1733 378 eorum
1754 350 1858 389 quo-

1037 401 1121 440 que
1147 392 1362 442 perpetuo
1395 394 1655 444 aggregetur
1683 396 1858 435 consor-

1034 445 1106 486 tio.
1134 445 1218 486 Per
1236 446 1481 489 Dominum.

1086 508 1126 542 Si
1160 508 1272 542 fuerit
1305 510 1509 545 Sacerdos,
1551 512 1699 545 dicatur
1734 520 1857 545 sacer-

1036 552 1157 587 dotali
1180 553 1315 598 fecisti,
1339 559 1407 590 etc.

1085 604 1159 638 Pro
1195 604 1376 639 fratribus
1406 617 1497 641 vero
1527 613 1563 641 et
1591 607 1856 641 familiaribus.

1034 652 1095 686 vel
1119 653 1446 691 benefactoribus,
1478 656 1547 689 dic.
1574 656 1715 689 Oratio
1741 655 1857 697 Deus,

1034 696 1159 732 Veniae
1182 697 1351 742 largitor.
1374 707 1414 736 ut
1439 713 1565 746 supra.
1592 700 1682 745 [161]

1205 761 1290 801 Pro
1319 767 1442 813 patre
1472 767 1514 802 et
1542 766 1689 800 matre.

1368 822 1531 863 Oratio.

1033 874 1208 980 Deus,
1231 877 1304 930 qui
1322 890 1403 919 nos
1422 883 1594 931 patrem
1613 884 1656 921 et
1674 886 1859 923 matrem

1130 932 1348 976 honorare
1367 937 1632 989 praecepisti:
1651 937 1858 980 miserere

1035 989 1271 1032 clementer
1295 991 1521 1033 animabus
1544 993 1682 1045 patris
1706 998 1749 1035 et
1771 1008 1858 1036 ma-

1034 1046 1113 1087 tris
1144 1059 1271 1097 meae,
1310 1051 1550 1101 eorumque
1583 1053 1765 1102 peccata
1798 1050 1858 1093 di-

1034 1105 1171 1154 mitte3
1198 1116 1355 1156 meque
1380 1117 1457 1146 eos
1481 1105 1525 1145 in
1544 1108 1719 1148 aeternae
1739 1107 1858 1149 clari-

1033 1159 1138 1200 tatis
1161 1159 1323 1210 gaudio
1346 1161 1415 1202 136
1438 1161 1596 1204 videre.
1630 1163 1715 1205 Per
1732 1164 1859 1205 Dfim.

1085 1221 1124 1255 Si
1159 1222 1199 1255 fit
1232 1232 1302 1265 pro
1339 1223 1513 1266 pluribus
1550 1224 1620 1258 dic.
1657 1224 1858 1260 animabus

1032 1267 1234 1310 parentum
1268 1269 1504 1312 nostrorum,
1545 1276 1580 1305 et
1616 1272 1681 1306 ubi
1718 1273 1857 1306 dicitur

1032 1324 1180 1359 meque,
1203 1318 1352 1352 dicatur
1375 1328 1534 1362 nosque.

1085 1365 1125 1397 Si
1147 1375 1217 1407 pro
1240 1370 1348 1408 patre
1364 1371 1525 1404 tantum,
1550 1368 1700 1402 dicatur
1719 1368 1858 1404 animae
1904 1387 1906 1390 r

1034 1411 1156 1455 patris
1177 1412 1267 1456 mei,
1287 1415 1349 1448 vel
1371 1415 1506 1449 nostri.

1084 1461 1123 1493 Si
1140 1471 1211 1503 pro
1229 1467 1347 1496 matre
1365 1467 1527 1499 tantum.
1550 1464 1700 1498 dicatur
1721 1465 1859 1500 animae

1034 1507 1167 1542 matris
1183 1518 1291 1553 meae,
1315 1512 1377 1545 vel
1393 1514 1548 1546 nostrae.

1216 1566 1301 1607 Pro
1332 1581 1417 1609 uno
1446 1569 1675 1610 Defuncto.

1366 1629 1530 1671 Oratio.

1032 1674 1224 1782 Inclina
1247 1682 1436 1725 Domine
1469 1696 1619 1726 aurem
1649 1690 1769 1727 tuam
1802 1686 1859 1728 ad

1106 1749 1260 1789 preces
1287 1744 1479 1791 nostras,
1513 1740 1669 1793 quibus
1697 1743 1858 1785 miseri-

1034 1793 1228 1835 cordiam
1255 1800 1375 1836 tuam
1404 1797 1625 1850 sapplices
1654 1797 1858 1851 depreca-

1033 1862 1143 1890 mur:
1170 1855 1218 1892 ut
1241 1852 1430 1893 animam
1450 1853 1600 1895 famuli
1618 1855 1698 1904 tui,
1728 1868 1858 1907 quam

1035 1904 1090 1947 de
1112 1906 1198 1948 hoc
1221 1908 1383 1949 saeculo
1406 1909 1592 1961 migrare
1612 1911 1788 1962 jussisti,
1813 1912 1857 1953 in

1034 1962 1156 2013 pacis
1184 1975 1235 2004 ac
1261 1963 1370 2005 lucis
1397 1965 1576 2016 regione
1604 1969 1855 2018 constituas,

1034 2023 1077 2059 et
1099 2018 1359 2061 Sanctorum
1383 2024 1560 2063 tuorum
1584 2022 1734 2074 jubeas
1760 2036 1856 2066 esse

1033 2077 1293 2117 consortem.
1319 2077 1404 2118 Per
1421 2078 1669 2121 Dominum.

1217 2142 1305 2183 Pro
1334 2154 1418 2183 una
1444 2143 1672 2184 Defuncta.

1363 2203 1526 2245 Oratio.

1034 2237 1337 2361 Quaesumus
1354 2258 1554 2309 Domine,
1573 2273 1655 2312 pro
1675 2266 1750 2303 tua
1767 2263 1854 2315 pie-

1135 2315 1224 2355 tate
1255 2315 1461 2357 miserere
1495 2316 1653 2361 animae
1681 2317 1854 2359 famulae

1032 2374 1133 2411 tuae:
1179 2375 1222 2411 et
1263 2383 1288 2411 a
1327 2372 1541 2423 contagiis
1576 2374 1854 2416 mortalitatis

1032 2429 1223 2476 exutam,
1235 2426 1283 2467 in
1297 2429 1473 2470 aeternae
1490 2429 1744 2471 salvationis
1757 2443 1853 2483 par-

1031 2486 1120 2523 tem
1139 2484 1331 2524 restitue.
1357 2484 1442 2526 Per
1460 2485 1706 2527 Dominum.

1084 2534 1132 2585 V.
1164 2539 1378 2591 Requiem
1409 2543 1617 2583 3616111310
1648 2541 1763 2583 dona
1791 2543 1852 2584 eis

1030 2593 1228 2636 Domine.
1256 2596 1306 2648 R.
1321 2597 1378 2638 Et
1391 2596 1466 2638 lux
1480 2599 1695 2650 perpe'tua
1708 2598 1853 2640 luceat

1032 2663 1103 2691 618.

1082 2706 1131 2757 V.
1146 2707 1440 2760 Requiescant
1450 2710 1494 2750 in
1503 2723 1623 2762 pace.
1638 2711 1687 2762 Rg.
1700 2711 1851 2752 Amen.

922 2784 1087 2812 *oss-â´>
