2040 2976
419 240 545 282 1)ie3.,
564 241 592 274 7.
612 241 923 275 etS..1unii.-12.
949 242 983 276 S.
1001 243 1141 276 Leonis
1159 244 1221 277 III.
1241 244 1357 286 I‘upac
1376 251 1409 277 ct
1429 245 1535 277 (jons,

139 335 258 376 visus
277 338 358 382 est,
377 346 476 375 cum
494 332 634 386 probe
653 334 798 384 sciret,
817 335 962 376 Marti-

139 404 196 433 no
228 390 402 432 vivente
435 402 482 430 se
514 388 755 439 legitimum
786 390 961 432 Pontifi-

140 460 236 489 cem
252 459 341 488 non
359 458 472 495 esse,
500 444 579 486 sed
601 445 715 487 illius
735 446 963 489 dumtaxat

142 503 266 556 quasi
283 502 401 544 vices
424 502 656 552 gerentem.

188 577 240 629 R,
268 570 419 612 Inveni
442 569 587 611 David
611 582 784 611 servum
808 582 962 620 meum,

141 627 239 669 oleo
268 631 421 668 sancto
449 638 548 668 meo
574 626 677 666 unxi
703 639 814 667 eum:
832 634 855 658 *
874 626 963 666 Ma-

139 697 221 725 nus
237 683 351 725 enim
365 695 462 724 mea
477 681 753 723 auxiliabitur
768 682 818 723 ei.
833 680 883 732 V.
898 682 965 723 Ni-

139 739 201 780 hil
224 737 428 792 proficiet
452 738 651 779 inimicus
680 738 724 778 in
752 750 816 787 eo,
847 742 890 779 et
917 738 962 778 fi-

139 796 222 837 lius
238 795 481 847 iniquitatis
499 806 587 835 non
605 794 781 835 nocebit
800 795 849 835 ei.
876 794 963 835 Ma-

141 864 221 893 nus
245 852 370 893 enim.

446 912 598 953 Lectio
618 927 655 953 V.

230 976 400 1018 bivero
420 974 657 1029 praedictus
678 975 836 1017 Christi
853 976 963 1017 Mar-

245 1038 331 1086 tyr,
360 1032 563 1074 aerumnis
588 1037 631 1074 et
655 1030 798 1072 inedia
822 1033 963 1074 confe-

141 1095 247 1139 ctus,
266 1088 323 1130 ad
340 1088 517 1131 beatam
530 1088 666 1130 vitam
679 1088 964 1139 migravisset,

140 1146 185 1187 in
217 1145 426 1188 cathedra
455 1144 591 1194 Petri,
633 1143 750 1185 clero
788 1157 964 1186 consen-

139 1203 289 1252 tiente,
326 1206 375 1242 ut
401 1200 621 1251 legitimus
647 1200 767 1241 Petri
796 1202 964 1242 succes-

141 1271 215 1300 sor
234 1258 364 1307 sedit,
392 1262 435 1299 et
457 1257 501 1297 in
525 1256 601 1298 illo
623 1256 868 1308 Apostolici
891 1257 964 1297 mi-

141 1314 307 1356 nisterii
343 1313 529 1355 culmine
564 1312 698 1354 talem
734 1325 780 1353 se
815 1313 965 1363 gessit,

144 1370 317 1423 qualem
335 1368 528 1422 supremi
545 1368 734 1410 muneris
755 1368 793 1409 ei
814 1367 966 1410 ere'diti

143 1426 346 1478 dignitas,
383 1430 426 1467 et
454 1425 647 1467 Omnium
675 1424 835 1466 Christi
862 1424 965 1465 fide-

141 1482 248 1524 lium
275 1483 365 1534 ejus
397 1494 514 1524 curae
543 1480 874 1523 commissorum
903 1493 966 1521 sa-

142 1539 210 1581 lus
248 1544 291 1581 et
322 1538 485 1580 utilitas
516 1536 814 1591 postulabant3
851 1537 966 1578 mitis

68 1621 75 1629 -
144 1596 258 1637 enirn
281 1595 376 1645 fuit,
402 1594 616 1645 benignus
639 1598 682 1635 et
704 1595 967 1642 mansuetus,

145 1656 199 1702 et,
224 1650 343 1704 quod
363 1655 495 1704 caput
516 1655 592 1700 est,
616 1650 717 1691 vitae
738 1650 966 1691 sanctimo-
1000 1710 1004 1714 ἱ

145 1708 217 1750 nia
234 1707 426 1749 illustris.

194 1783 245 1835 R.
277 1777 412 1819 Posui
443 1776 706 1829 adjutorium
733 1787 865 1828 super
891 1786 968 1827 po-

144 1835 319 1884 tentem,
339 1838 382 1875 et
401 1833 589 1875 exaltavi
607 1832 791 1874 electum
810 1831 865 1873 de
881 1831 968 1884 ple-

145 1890 202 1932 be
225 1903 339 1932 mea:
364 1895 387 1919 *
411 1890 567 1931 Manus
594 1889 708 1931 enim
732 1901 830 1929 mea
854 1887 969 1928 auxi-

146 1946 323 1988 liabitur
337 1947 387 1988 ei.
409 1946 459 1997 V.
479 1945 631 1986 Inveni
640 1943 785 1986 David
798 1956 970 1984 servum

147 2015 308 2054 meum,
332 2003 431 2045 aleo
451 2006 603 2044 sancto
621 2013 720 2042 meo
739 2000 844 2042 unxi
862 2012 971 2041 eum.

147 2059 302 2102 Manus
322 2060 447 2102 enim.

436 2130 586 2170 Lectio
608 2129 660 2169 vi.

148 2187 461 2294 singularem
494 2189 599 2231 cleri
631 2200 780 2230 curam
811 2185 972 2243 habuit,

233 2260 362 2299 quem
397 2249 580 2300 paterno
617 2256 790 2297 semper
825 2243 973 2283 amore

152 2309 195 2346 et
212 2303 358 2345 multis
377 2301 602 2345 beneficiis
621 2302 881 2354 prosecutus
897 2302 973 2338 est.

150 2360 202 2401 In
220 2361 382 2410 egenos
400 2364 547 2401 tamen
565 2355 773 2398 mirabilis
793 2355 883 2406 ejus
901 2352 972 2395 be-

151 2416 381 2457 neficentia
412 2414 579 2464 enituit,
621 2411 778 2465 quibus
810 2409 973 2450 reditus

151 2472 362 2513 Ecclesiae
395 2471 546 2512 vivens
577 2474 621 2511 et
652 2467 840 2509 moriens
870 2464 973 2506 libe-

151 2528 232 2568 rali
249 2540 380 2569 manu
399 2526 608 2578 erogavit,
629 2525 825 2577 apprime
845 2526 974 2570 ratus,

151 2584 362 2625 Ecclesiae
390 2596 498 2636 opes
526 2582 583 2624 ad
609 2580 844 2622 nobiliores
870 2588 974 2618 usus

152 2639 365 2692 applicari
377 2652 465 2681 non
479 2650 621 2691 posse,
642 2641 685 2678 et
704 2648 758 2676 ex
776 2632 973 2674 manibus

153 2695 439 2747 indigentium
482 2694 539 2735 ad
575 2690 832 2734 aeternitatis
869 2689 973 2729 aera-
1039 2674 1100 2712 Β

152 2751 278 2801 rium,
321 2764 419 2795 cum
460 2747 702 2792 incredibili
738 2743 974 2798 spiritualis

1016 340 1160 378 usurae
1178 336 1315 387 lucro,
1333 342 1453 378 recta
1470 336 1651 378 traduci.
1678 336 1834 377 Trans-

1017 393 1126 434 actis
1147 392 1321 434 demum
1340 393 1512 435 du6bus
1533 393 1669 442 annis,
1695 397 1738 434 et
1762 405 1835 433 no—

1016 461 1115 490 vem
1150 449 1239 490 fere
1275 449 1511 499 mensibus,
1563 454 1713 490 sancto
1751 449 1850 489 fine»

1018 505 1189 556 quievit,
1208 518 1320 546 anno
1341 505 1499 547 Christi
1519 505 1835 546 sexcentesimo

1018 561 1374 612 quinquagesimo
1391 562 1552 613 quinto,
1574 566 1617 602 et
1636 562 1725 612 ejus
1744 573 1835 602 cor-

1016 630 1100 670 pus
1123 617 1167 657 in
1188 616 1367 659 basilica
1392 618 1529 659 sancti
1546 617 1664 658 Petri
1687 619 1835 658 rec6n-

1018 673 1157 714 ditum
1176 673 1265 714 fuit.

1066 735 1116 786 R.
1145 734 1235 774 Iste
1264 737 1330 774 est
1358 733 1440 785 qui.

1066 805 1109 839 In
1133 805 1197 839 ΙΙΙ.
1222 804 1419 838 Nocturno
1442 805 1611 838 Homilia
1634 806 1669 838 in
1688 806 1831 847 Evang.

1019 854 1145 887 Homo
1162 851 1330 894 peregre.
1351 853 1396 886 de
1419 854 1551 887 eodem
1570 854 1673 887 (jorn
1695 855 1720 887 1.
1736 855 1832 887 loco.

1286 939 1370 981 Die
1388 940 1425 980 3.
1444 939 1468 979 J
1470 939 1568 980 unii.

1019 1013 1062 1053 S.
1077 1011 1253 1054 Mariae
1270 1010 1580 1061 Magdalenae
1596 1009 1655 1050 de
1666 1008 1838 1050 Pazzis

1324 1072 1526 1120 Virginis.

1346 1137 1508 1179 Duplex

1070 1193 1207 1227 Omnia
1231 1198 1271 1227 ut
1294 1194 1332 1226 in
1354 1193 1553 1227 Breviurio
1581 1193 1641 1227 dic
1666 1193 1716 1227 ⁵37.
1736 1193 1833 1234 Maii.

1288 1284 1371 1325 Die
1390 1284 1426 1325 7.
1445 1284 1469 1324 J
1471 1284 1568 1324 unii.

1083 1359 1126 1400 S.
1145 1356 1414 1408 Augustini
1430 1354 1573 1404 Epise.
1595 1357 1637 1392 ct
1658 1353 1775 1393 Conf.

1243 1423 1406 1465 Duplex.
1433 1420 1492 1463 (m.
1516 1423 1540 1454 t.
1564 1418 1613 1462 V.)

1072 1479 1205 1512 Omnia
1231 1484 1271 1512 ut
1296 1479 1334 1511 in
1354 1479 1553 1512 Breviario
1580 1478 1640 1512 die
1664 1479 1718 1512 28.
1736 1478 1836 1521 Muji.

1288 1560 1371 1614 Die
1390 1560 1427 1600 8.
1446 1559 1471 1600 J
1472 1558 1571 1599 unii.

1085 1634 1127 1675 S.
1145 1632 1449 1674 Ferdinandi
1467 1630 1573 1678 Reg.
1594 1634 1636 1669 et
1657 1630 1777 1671 Conf.

1200 1692 1458 1736 Semiduplex.
1483 1693 1542 1736 (m.
1566 1696 1590 1727 t.
1613 1691 1662 1735 v.)

1073 1749 1207 1784 Omnia
1237 1753 1277 1782 ut
1303 1749 1399 1783 inter
1424 1749 1519 1783 festu
1550 1760 1619 1792 pro
1646 1750 1837 1793 aliquibus

1020 1799 1116 1832 locis
1141 1798 1202 1831 die
1227 1798 1285 1831 30.
1311 1797 1410 1837 Maii.

1284 1883 1367 1923 Die
1386 1883 1444 1923 12.
1462 1881 1486 1922 J
1488 1881 1586 1922 unii.

1082 1958 1125 1999 S.
1143 1956 1322 1998 Leonis
1340 1955 1426 1996 111.
1443 1955 1574 2003 Papae
1598 1957 1638 1991 et
1660 1950 1778 1989 Conf.

1350 2016 1513 2060 Duplex.

1074 2073 1208 2114 Omnia
1243 2073 1289 2106 dc
1319 2072 1521 2106 Communi
1552 2071 1659 2105 Conf.
1689 2070 1839 2105 Pontis..

1022 2126 1161 2165 practer
1186 2120 1395 2163 sequentia.

1076 2174 1217 2207 Oratio.
1242 2172 1312 2215 Da,
1337 2171 1567 2215 quaesumus.

1075 2228 1325 2261 Commemor.
1351 2224 1407 2259 Ss.
1431 2224 1627 2266 Basilidis,
1653 2228 1720 2257 etc.
1744 2223 1839 2256 Mar-

1022 2280 1157 2320 tyrum.

1074 2332 1117 2365 In
1145 2331 1171 2365 Ι.
1201 2330 1398 2364 Nocturno
1431 2327 1713 2362 Lectiones,de
1745 2325 1839 2359 Seri-

1024 2386 1135 2424 ptura
1161 2382 1391 2413 oecurrente.

1249 2448 1298 2487 In
1325 2448 1374 2486 ΙΙ.
1399 2447 1619 2485 Nocturno.

1323 2510 1473 2551 Lectio
1493 2510 1543 2549 iv.

1032 2581 1040 2582 ''
1069 2583 1196 2630 alveo
1215 2571 1340 2623 hujus
1358 2568 1543 2611 nominis
1564 2565 1731 2614 tertius,
1758 2564 1843 2605 Ro-

1072 2622 1131 2684 L⁸
1161 2630 1330 2676 manus,
1357 2639 1410 2668 ex
1434 2629 1557 2677 patre
1575 2621 1792 2673 Asuppio,
1818 2633 1843 2661 a

1070 2681 1077 2691 '
1160 2684 1345 2737 pueritia
1368 2683 1411 2722 in
1435 2679 1639 2721 vestiario
1664 2676 1843 2729 patriar-

1027 2741 1112 2783 chii
1130 2737 1434 2782 Lateranensis
1453 2736 1497 2776 in
1518 2745 1691 2775 omnem
1709 2730 1843 2773 eccle-
