2040 2976
841 208 1047 239 Commune
1076 206 1281 246 Y'irginum.

367 312 425 353 11.
466 311 595 353 Aliae
622 310 880 352 Lectiones

448 386 527 425 pro
551 373 811 423 Virginibus.

271 444 342 477 Pro
363 444 517 486 Virgine
540 448 574 477 ct
592 444 768 487 Martyre,
792 454 835 478 ac
854 454 922 487 pro
942 444 1034 477 Mar-

218 500 298 535 tyrc
316 496 473 528 tantum.
491 493 590 526 Lcct.
610 491 634 525 Ι.
652 491 836 525 Nocturni
860 492 1036 533 leguntur

217 540 329 573 etiam
348 544 387 573 ut
405 540 511 573 infra.

360 611 421 652 De
448 609 562 651 libro
589 607 899 650 Ecclesiastici.

330 680 361 718 l
367 679 479 719 ectio
502 680 523 717 i.
747 680 847 730 Cap.
868 679 924 717 51.

218 744 551 808 *2'5,÷9‘10nfitebor
582 743 681 793 tibi,
712 744 900 785 Domine
927 743 1035 792 Rex,

252 796 326 855 5233}
355 806 398 843 et
426 800 687 843 collaudAbo
715 805 759 842 te
783 800 926 841 Deum
947 798 1036 840 Sal-

307 879 326 885 ·-
336 859 550 899 vatorem
582 870 737 898 meum.
784 854 1036 897 Confitebor

214 914 379 955 nomini
411 919 504 955 tuo:
545 913 750 965 quoniam
788 912 961 964 adjutor
994 916 1037 952 et

157 987 160 990 ⁴
214 972 442 1023 protector
470 970 610 1011 factus
642 983 688 1011 es
714 968 839 1018 mihi,
869 973 912 1010 et
932 967 1036 1009 libe-

214 1027 321 1068 rasti
341 1039 502 1079 corpus
520 1039 666 1067 meum
685 1038 710 1066 a
728 1025 988 1078 perditione,
1012 1037 1037 1065 a

214 1083 372 1135 laqueo
398 1083 557 1134 linguae
583 1082 761 1134 iniquae,
789 1086 832 1123 et
861 1094 886 1122 a
909 1080 1037 1122 labiis

216 1139 491 1192 operantium
506 1138 792 1188 mendacium,
814 1142 856 1179 et
873 1138 917 1178 in
937 1150 1036 1179 con-

215 1198 369 1248 spectu
403 1196 637 1237 astantium
677 1195 817 1236 factus
853 1207 899 1236 es
931 1193 1037 1234 mihi

214 1251 398 1304 adjutor.
425 1252 482 1293 Et
499 1251 696 1293 liberasti
712 1264 782 1293 me
797 1250 1037 1292 secundum

214 1308 538 1350 multit1'1dinem
562 1307 876 1350 misericordiae
901 1307 1036 1348 nomi-

214 1365 281 1406 nis
318 1365 383 1406 tui
413 1378 439 1406 a
472 1364 743 1417 rugientibus
774 1363 1036 1418 praeparatis

215 1421 271 1463 ad
287 1434 442 1471 escam,
461 1421 517 1463 de
531 1420 731 1462 manibus
749 1420 1038 1473 quaerentium

215 1478 402 1519 animam
419 1491 576 1529 meam,
606 1482 659 1533 et·
669 1477 724 1519 de
743 1477 884 1530 portis
903 1476 1036 1518 tribu-

214 1534 436 1584 lationum,
449 1547 546 1586 quae
562 1533 942 1576 circumdederunt
952 1546 1037 1575 me:

216 1604 241 1632 a
272 1594 479 1644 pressura
506 1591 704 1640 flammae,
733 1603 831 1642 quae
858 1590 1036 1632 circum-

217 1647 338 1688 dedit
363 1660 450 1696 me,
485 1652 528 1689 et
559 1648 603 1688 in
634 1647 779 1688 medio
810 1647 922 1699 ignis
950 1659 1037 1688 non

217 1716 313 1744 sum
336 1705 534 1745 aestuata:
554 1703 609 1744 de
624 1703 854 1744 altitudine
872 1703 1037 1745 ventris

216 1760 351 1810 inferi,
381 1764 424 1801 et
451 1773 477 1801 a
503 1760 650 1811 lingua
675 1759 966 1812 coinquinata,
994 1764 1038 1800 et

216 1829 242 1857 a
268 1815 403 1858 verbo
430 1815 664 1866 mendacii,
694 1829 721 1857 a
746 1829 848 1868 rege
875 1816 1036 1869 iniquo,

217 1877 260 1914 et
279 1885 304 1914 a
327 1872 474 1925 lingua
492 1873 661 1925 injusta.

274 1940 321 1990 Ru
343 1939 459 1980 Veni
483 1951 645 1991 sponsa
673 1938 854 1988 Christi,
886 1938 1037 1991 accipe

216 1997 433 2045 coronam,
455 2008 585 2047 quam
601 1995 683 2036 tibi
697 1995 911 2036 Dominus
927 2008 1037 2047 prae-

217 2051 389 2103 paravit
414 2051 458 2092 in
484 2053 708 2093 aeternum:
740 2063 822 2104 pro
851 2051 971 2103 cujus
996 2064 1036 2092 a-

217 2109 339 2148 more
359 2108 611 2159 sanguinem
630 2113 754 2149 tuum
768 2107 930 2158 fudisti,
948 2107 1038 2149 *Et

218 2175 315 2204 cum
344 2164 524 2225 Angelis
556 2165 599 2204 in
626 2163 879 2217 paradisum
906 2164 1037 2205 intro-

217 2219 301 2260 isti.
336 2214 382 2264 =Y.
400 2220 514 2261 Veni
533 2220 672 2262 electa
690 2233 797 2270 mea,
819 2225 862 2262 et
876 2233 1038 2273 ponam

218 2276 262 2316 in
281 2280 325 2317 te
343 2275 549 2317 thronum
567 2289 727 2327 meum,
755 2277 856 2329 quia
881 2289 1037 2318 concu-

219 2332 329 2384 pivit
351 2332 448 2374 Rex
473 2333 665 2385 speciem
690 2338 820 2374 tuam.
856 2333 914 2375 Et
939 2346 1038 2375 cum

218 2387 408 2440 Angelis.

535 2443 683 2483 Lectio
704 2444 741 2482 ii.

288 2504 468 2546 audebit
493 2516 632 2556 usque
658 2505 714 2546 ad
739 2511 927 2548 mortem
950 2507 1036 2548 ani-

307 2574 378 2602 ma
396 2573 493 2602 mea
507 2561 753 2611 Dominum,
774 2566 816 2603 et
835 2563 924 2603 vita
941 2576 1038 2604 mea
1094 2566 1129 2614 Γ,
1147 2567 1189 2607 ⁵122.

219 2619 580 2670 appropinquans
603 2622 696 2658 erat
716 2617 760 2657 in
780 2618 947 2660 inferno
967 2619 1037 2660 de-

220 2676 378 2714 orsum.
413 2673 803 2715 Circumdederunt
826 2687 895 2715 me
916 2675 1037 2716 undi-

221 2742 323 2782 que,
364 2735 408 2771 et
447 2743 534 2771 non
574 2735 666 2771 erat
698 2730 773 2782 qui
805 2730 1039 2782 adjuvaret.

1086 304 1346 357 Respiciens
1388 315 1507 344 eram
1547 301 1604 344 ad
1645 301 1909 354 adjutorium

1088 361 1328 410 hominum,
1355 363 1398 400 et
1417 371 1506 400 non
1527 362 1630 400 erat.
1665 357 1909 399 Memorata

1087 431 1183 459 sum
1200 415 1514 458 misericordiae
1533 419 1622 456 tuae
1642 413 1846 463 Domine,
1866 417 1911 455 et

1087 473 1355 528 operationis
1391 477 1496 523 tuae,
1541 484 1640 524 quae
1682 483 1710 511 a
1746 468 1908 511 saeculo

1087 535 1203 572 sunt:
1223 529 1429 582 quoniam
1448 527 1563 570 eruis
1582 526 1848 570 sustinentes
1865 530 1910 568 te

1085 587 1283 638 Domine,
1304 590 1348 628 et
1365 586 1526 627 liberas
1546 597 1623 627 eos
1639 583 1695 626 de
1709 582 1909 624 menibus

1087 644 1291 696 gentium.

1142 714 1191 763 R
1226 708 1398 750 Diffusa
1429 712 1496 750 est
1530 707 1672 759 gretia
1702 706 1748 747 in
1777 704 1906 747 labiis

1087 766 1190 810 tuis:
1207 770 1227 791 *
1236 765 1479 838 Propterea
1494 763 1719 806 benedixit
1732 767 1777 804 te
1788 762 1908 804 Deus

1087 822 1131 864 in
1150 824 1372 864 aeternum.
1413 818 1460 870 V.
1480 820 1635 873 Specie
1658 824 1735 862 tua
1754 823 1797 861 et
1815 817 1908 871 pul-

1089 878 1335 920 chritudine
1355 883 1445 929 tua,
1473 876 1667 926 intende,
1694 877 1909 929 prospere

1088 935 1290 988 procede,
1311 939 1354 976 et
1372 947 1515 985 regna.
1541 934 1794 986 Propterea.

1389 1013 1541 1054 Lectio
1560 1013 1615 1052 iii.

1172 1078 1349 1120 xaltasti
1384 1090 1516 1131 super
1546 1082 1710 1119 terram
1744 1075 1909 1117 habita-

1187 1137 1352 1178 tionem
1383 1147 1542 1184 meam,
1582 1139 1625 1176 et
1655 1145 1738 1187 pro
1769 1136 1910 1174 morte

1090 1192 1307 1234 defluente
1323 1191 1561 1244 deprecata
1575 1204 1681 1232 sum.
1701 1188 1911 1230 Invocavi

1089 1248 1326 1290 Dominum
1344 1248 1521 1289 Patrem
1539 1246 1718 1289 Domini
1735 1245 1838 1296 mei,
1862 1249 1911 1286 ut

1088 1318 1177 1347 non
1197 1305 1471 1358 derelinquat
1489 1317 1561 1346 me
1580 1305 1624 1345 in
1644 1303 1716 1346 die
1734 1301 1910 1345 tribula-

1089 1363 1220 1404 tionis
1245 1375 1372 1414 meae,
1401 1367 1445 1404 et
1471 1362 1515 1403 in
1539 1362 1741 1414 tempore
1762 1371 1910 1412 super-

1088 1419 1246 1460 borum
1283 1419 1376 1460 sine
1412 1418 1642 1471 adjutorio.
1698 1414 1910 1458 Laudabo

1089 1488 1249 1517 nomen
1267 1480 1391 1517 tuum
1410 1474 1600 1525 assidue,
1627 1478 1670 1516 et
1694 1471 1910 1515 collaude-

1089 1532 1147 1574 bo
1175 1531 1284 1574 illud
1310 1532 1354 1572 in
1382 1531 1674 1581 confessione,
1712 1534 1756 1572 et
1784 1541 1911 1571 exau·

1090 1588 1181 1630 dita
1208 1593 1275 1630 est
1303 1588 1445 1630 oratio
1477 1600 1586 1629 mea.
1625 1588 1682 1628 Et
1714 1584 1911 1628 liberasti

1089 1658 1159 1686 me
1182 1645 1236 1686 de
1259 1644 1524 1697 perditione,
1553 1649 1596 1686 et
1621 1642 1819 1696 eripuisti
1842 1653 1912 1683 me

1091 1701 1146 1743 de
1158 1703 1357 1754 tempore
1372 1701 1533 1753 iniquo.
1552 1701 1795 1753 Propterea
1811 1710 1911 1740 con-

1089 1757 1266 1807 fitebor,
1299 1762 1342 1799 et
1367 1757 1542 1799 laudem
1569 1757 1713 1799 dicam
1739 1754 1837 1806 tibi,
1868 1758 1913 1795 et

1090 1813 1346 1856 benedicam
1363 1814 1529 1855 nomini
1546 1812 1733 1855 Domini.

1150 1882 1195 1920 R.
1225 1879 1380 1932 Specie
1411 1884 1487 1921 tua
1519 1884 1562 1921 et
1588 1877 1913 1931 pulchritudine

1090 1942 1166 1980 tua
1197 1939 1218 1960 *
1242 1935 1442 1986 Intende,
1469 1938 1683 1989 prospere
1710 1933 1912 1987 procede,

1090 1999 1134 2036 et
1160 2004 1304 2043 regna.
1340 1990 1386 2042 Y'.
1410 1967 1582 2036 Diffusa
1609 1997 1676 2034 est
1703 1991 1844 2043 gratia
1869 1991 1912 2032 in
1947 2027 1949 2029 ,

1089 2050 1216 2092 labiis
1241 2052 1336 2102 tuis,
1362 2052 1597 2104 propterea
1621 2048 1846 2091 benedixit
1868 2051 1912 2089 te

1090 2108 1210 2149 Deus
1229 2108 1273 2149 in
1290 2109 1512 2149 aeternum.
1539 2105 1733 2148 Intende.
1764 2103 1913 2146 Gloria

1090 2164 1220 2206 Patri.
1247 2163 1442 2206 Intende.

1325 2252 1372 2290 In
1394 2250 1444 2289 11.
1466 2250 1688 2289 Nocturno.

1096 2327 1162 2365 Ex
1184 2324 1298 2366 libro
1321 2323 1360 2365 S.
1385 2323 1606 2376 Cypriani,
1633 2321 1843 2374 Episcopi
1869 2324 1912 2362 et

1091 2381 1312 2434 Martyris,
1344 2380 1399 2422 de
1430 2379 1659 2432 disciplina
1690 2382 1733 2419 et
1761 2377 1913 2419 habitu

1383 2436 1623 2488 Virginum.

1200 2493 1233 2532 Ι
1238 2493 1350 2533 ectio
1374 2494 1425 2532 ix.
1657 2492 1801 2543 Capst
1777 2522 1812 2531 ....

1095 2617 1096 2622 Ἰ
1172 2613 1173 2616 ¹
1214 2570 1304 2611 unc
1328 2563 1456 2605 nobis
1481 2563 1537 2605 ad
1555 2564 1746 2615 virgines
1767 2575 1910 2604 sermo

1095 2623 1102 2630 ”
1121 2619 1155 2679 ᾗ
1214 2614 1215 2632 ³
1238 2625 1322 2669 est,
1357 2632 1540 2672 quarum
1570 2633 1656 2672 quo
1685 2618 1911 2661 sublimior

1112 2680 1216 2698 “’-’
1235 2676 1376 2728 gloria
1395 2681 1472 2726 est,
1490 2677 1628 2728 major
1647 2681 1691 2718 et
1710 2688 1814 2717 cura
1833 2679 1910 2716 est.

1092 2732 1193 2773 Flos
1211 2737 1279 2774 est
1297 2732 1369 2774 ille
1389 2709 1675 2774 ecclesiastici
1693 2731 1910 2784 germinis,
