2040 2976
714 217 814 251 Infra
841 218 1023 252 Octavam
1050 218 1234 261 Corporis
1260 218 1413 253 Christi.

211 309 422 352 Videntes
452 315 599 352 autem
623 310 705 351 viri
727 311 871 352 Azotii
895 311 1035 363 hujus-

211 366 380 408 cemodi
396 366 580 418 plagam,
599 366 814 409 dixerunt:
832 367 934 409 Non
946 370 1034 408 ma-

210 427 311 464 neat
325 435 426 464 arca
439 423 522 464 Dei
532 423 668 465 Israel
683 423 801 476 apud
816 437 910 465 nos:
930 426 1033 475 quo-

210 479 324 519 niam
356 477 466 520 dura
497 485 564 521 est
595 493 749 521 manus
785 481 874 531 ejus
903 493 1034 533 super

209 547 298 584 nOS,
315 539 359 576 et
374 548 506 588 super
515 537 673 587 Dagon
685 535 815 578 deum
825 542 1033 578 nostrum.

208 591 265 632 Et
308 591 531 633 mittentes
578 595 952 643 congregaverunt
990 605 1033 634 o-

208 659 330 689 mnes
363 650 564 701 satrapas
588 648 945 690 Philisthinorum
977 648 1033 690 ad

209 717 271 754 se,
296 708 340 745 et
364 703 580 747 dixerunt:
610 704 726 755 Quid
750 706 957 747 faciemus
978 705 1032 747 de

210 773 311 802 arca
347 761 429 802 Dei
466 761 625 803 Israel?
676 761 1031 814 Responderunt-

211 829 295 868 que
325 817 512 858 Gethaei:
545 818 904 860 Circumducatur
932 831 1031 859 arca

209 872 291 914 Dei
310 873 456 914 Israel.

264 936 314 976 R..
341 928 601 972 Comedetis.
629 931 716 971 149.

512 997 663 1038 Lectio
684 993 736 1037 iii.

291 1054 310 1091 t
346 1049 726 1094 circumduxerunt
763 1065 908 1093 arcam
947 1052 1031 1094 Dei

307 1105 453 1147 Israel.
493 1106 583 1148 Illis
616 1113 763 1150 autem
790 1107 1030 1149 circumdu-

210 1162 406 1204 centibus
421 1175 526 1212 eam,
543 1163 677 1205 fiebat
692 1177 844 1205 manus
854 1164 1030 1205 Demini

207 1232 287 1272 per
319 1219 508 1269 singulas
541 1220 740 1263 civitates
767 1221 1028 1263 interfectio-

206 1275 272 1316 nis
304 1288 472 1327 magnae
505 1276 648 1318 nimis:
683 1282 726 1319 et
756 1277 1029 1330 percutiebat

206 1332 324 1373 viros
343 1332 678 1386 uniuscujusque
698 1334 828 1384 urbis,
847 1348 872 1376 a
890 1348 1029 1388 parvo

206 1401 346 1440 usque
366 1387 421 1430 ad
440 1390 659 1440 majorem.
692 1391 902 1433 Miserunt
925 1405 1029 1443 ergo

207 1457 353 1485 arcam
385 1445 468 1486 Dei
500 1446 544 1486 in
571 1446 782 1488 Accaron.
835 1448 1030 1501 Cumque

205 1503 396 1543 venisset
420 1514 520 1543 arca
542 1503 626 1544 Dei
648 1503 692 1544 in
711 1506 930 1555 Accaron,
960 1519 1029 1547 ex-

207 1556 503 1600 clamaverunt
518 1559 805 1608 Accaronitae‚
821 1560 1030 1604 dicentes:

206 1612 495 1655 Adduxerunt
520 1614 576 1656 ad
599 1628 679 1657 nos
704 1629 849 1658 arcam
868 1618 951 1659 Dei
970 1619 1029 1660 Is-

206 1669 308 1718 rael,
328 1675 374 1711 ut
391 1670 624 1713 interficiat
642 1685 733 1722 nos,
756 1678 799 1714 et
817 1674 1030 1727 populum

206 1731 413 1767 nostrum.
449 1727 661 1769 Miserunt
686 1731 834 1782 itaque
859 1736 902 1772 et
930 1744 1028 1773 con-

205 1783 494 1832 gregaverunt
513 1795 663 1826 omnes
683 1787 883 1839 satrapas
901 1787 1028 1829 Phili-

206 1837 462 1888 sthinorum,
483 1839 557 1891 qui
576 1839 791 1883 dixerunt:
815 1843 1029 1886 Dimittite

207 1906 352 1935 arcam
372 1895 455 1937 Dei
474 1896 624 1947 Israel,
653 1902 697 1939 et
720 1902 963 1942 revertatur
986 1901 1029 1941 in

206 1949 352 1991 locum
371 1964 510 2002 suurn,
531 1958 574 1994 et
591 1966 679 1995 non
698 1954 932 1999 interficiat
949 1970 1029 1999 nos

206 2019 305 2048 cum
332 2008 499 2060 populo
526 2015 689 2051 nostro.
734 2011 889 2054 Fiebat
916 2014 1029 2055 enim

206 2076 345 2116 pavor
372 2065 525 2106 mortis
552 2066 594 2106 in
623 2067 804 2117 singulis
830 2069 1028 2120 urbibus,

207 2124 250 2161 et
269 2122 523 2171 gravissima
542 2121 670 2164 valde
689 2137 843 2166 manus
862 2126 956 2168 Dei.

260 2181 310 2233 R.
335 2181 557 2235 Respexit.
577 2185 664 2225 149.

429 2264 478 2303 In
504 2265 554 2303 II.
582 2265 804 2306 Nocturno.

282 2327 348 2368 De
376 2328 583 2372 Sermone
612 2333 750 2373 sancti
777 2333 957 2374 Joannis

462 2386 772 2439 Chrysostomi.

390 2446 445 2479 Ex
469 2446 601 2480 cadem
626 2447 767 2482 Homil.
792 2450 851 2483 60.

509 2503 659 2545 Lectio
679 2505 731 2545 iv.

253 2557 535 2610 wnicuique
588 2560 782 2602 fidelium
833 2562 1029 2605 Christus

247 2590 323 2663 ''le
357 2619 638 2668 semetipsum
690 2631 770 2670 per
822 2621 1028 2671 mysteria

218 2639 222 2655 ι
247 2620 284 2670 ς’
308 2632 323 2651 r*

215 2657 232 2676 a
254 2651 326 2677 '219'ss

214 2678 238 2686 ²
357 2675 628 2723 commiscet,
660 2679 703 2714 et
733 2687 844 2725 quos
871 2677 1028 2727 genuit,

205 2737 284 2776 per
307 2730 591 2780 semetipsum
610 2731 780 2779 enutrit,
804 2744 885 2773 nec
905 2733 1028 2774 alteri

1088 310 1235 353 tradit:
1253 323 1333 363 per
1346 310 1432 352 hoc
1450 310 1530 352 tibi
1549 324 1720 354 rursum
1738 316 1914 366 persua-

1089 367 1215 417 dens,
1249 366 1370 419 quod
1397 380 1572 409 carnem
1601 374 1722 411 tuam
1751 374 1914 412 assum-

1087 424 1185 476 psit.
1241 424 1309 465 Ne
1343 417 1598 476 torpeamus
1633 426 1764 476 igitur
1795 432 1916 469 tanta

1088 479 1205 530 digni
1247 480 1429 522 caritate
1470 485 1514 522 et
1554 480 1722 524 honore
1762 484 1915 536 putati.

1087 536 1243 578 Nonne
1276 536 1434 579 videtis
1463 542 1626 589 quanta
1652 540 1914 593 promptitu-

1088 591 1187 635 dine
1217 593 1389 646 parvuli
1420 593 1608 646 papillas
1640 596 1838 648 capiunt,
1871 602 1916 639 et

1087 655 1250 700 quanto
1274 652 1441 702 impetu
1460 650 1578 692 labia
1596 650 1803 694 uberibus
1821 652 1913 694 infi-

1085 703 1214 755 gunt?
1260 705 1537 748 Accedamus
1564 720 1663 748 cum
1687 712 1809 750 tanta
1832 722 1914 751 nos

1087 774 1263 814 quoque
1299 762 1523 805 alacritate
1559 762 1617 805 ad
1648 763 1761 806 hanc
1797 778 1912 807 men-

1086 831 1189 868 sam,
1215 823 1259 860 et
1281 818 1338 860 ad
1362 818 1499 860 ubera
1520 820 1668 873 poculi
1692 821 1914 874 spiritalis:

1087 875 1279 926 quinimo
1311 888 1411 917 cum
1436 875 1567 927 longe
1593 877 1745 929 majori
1771 877 1913 920 traha-

1085 944 1198 981 mus,
1225 936 1450 984 tamquam
1476 933 1662 975 infantes
1688 933 1913 986 lactentes,

1085 987 1264 1039 spiritus
1286 988 1487 1039 gratiam:
1516 994 1559 1031 et
1577 1002 1688 1031 unus
1712 989 1768 1032 sit
1786 990 1913 1034 nobis

1085 1041 1213 1085 dolor
1235 1043 1318 1086 hac
1345 1057 1445 1086 esca
1467 1045 1642 1098 privari.
1687 1046 1789 1088 Non
1814 1052 1914 1090 sunt

1083 1098 1286 1142 humanae
1311 1101 1483 1144 virtutis
1510 1103 1663 1155 opera,
1690 1103 1787 1145 haec
1813 1116 1912 1156 quae

1083 1160 1404 1209 proponuntur:
1423 1158 1498 1210 qui
1515 1163 1620 1200 tunc
1635 1159 1732 1212 ipsa
1751 1160 1854 1202 fecit
1869 1160 1913 1202 in

1083 1211 1156 1253 illa
1187 1225 1332 1263 coena,
1363 1213 1481 1256 idem
1509 1227 1561 1256 ea
1591 1228 1707 1258 nunc
1735 1229 1912 1269 quoque

1084 1268 1196 1311 facit.
1250 1270 1345 1311 Nos
1382 1270 1678 1313 ministrorum
1713 1275 1912 1315 tenemus

1083 1324 1247 1367 locum:
1280 1327 1355 1379 qui
1382 1340 1488 1369 vero
1518 1329 1761 1372 sanctificat
1788 1342 1841 1371 ea
1869 1334 1913 1372 et

1083 1382 1299 1433 immutat,
1325 1384 1422 1437 ipse
1449 1390 1528 1426 est.
1580 1385 1738 1427 Nullus
1764 1388 1912 1439 itaque

1083 1439 1107 1479 J
1109 1438 1219 1481 udas
1240 1443 1426 1491 assistat,
1450 1441 1593 1483 nullus
1613 1444 1784 1484 avarus:
1812 1455 1912 1485 nam

1082 1495 1192 1538 tales
1218 1509 1368 1539 mensa
1393 1511 1481 1543 non
1506 1499 1700 1552 suscipit.
1744 1499 1789 1540 Si
1815 1499 1912 1552 quis

1083 1558 1150 1594 est
1165 1551 1415 1606 discipulus,
1431 1554 1560 1597 adsit:
1571 1555 1639 1601 ,ait
1653 1556 1783 1597 enim:
1803 1556 1912 1598 Cum

1083 1607 1309 1662 discipulis
1327 1611 1436 1652 meis
1456 1611 1569 1653 facio
1588 1611 1769 1654 Pascha.
1801 1613 1912 1655 Haec

1083 1670 1150 1707 est
1166 1666 1239 1707 illa
1253 1679 1414 1718 mensa,
1435 1673 1478 1710 et
1492 1668 1636 1710 minus
1648 1667 1755 1710 nihil
1768 1668 1912 1712 habet.
1936 1724 1939 1726 Ι

1082 1722 1184 1763 Νοιι
1212 1723 1327 1765 enim
1354 1723 1474 1765 illam
1500 1724 1678 1777 quidem
1704 1724 1912 1776 Christus,

1083 1778 1195 1820 hanc
1220 1785 1366 1822 autem
1388 1779 1522 1823 homo
1547 1781 1733 1834 perficit:
1760 1781 1912 1824 verum

1084 1840 1127 1877 et
1145 1834 1258 1877 hanc
1276 1836 1372 1889 ipse
1392 1849 1580 1889 quoque.

1136 1894 1187 1945 Rz.
1213 1892 1497 1935 Coenantibus
1516 1893 1612 1935 illis.
1640 1895 1720 1935 151.

1393 1950 1545 1992 Lectio
1566 1965 1603 1991 v.

1083 2001 1376 2106 Inhumanus
1400 2005 1583 2049 accedat
1609 2019 1754 2058 nemo,
1782 2021 1911 2050 nemo

1156 2061 1345 2103 crudelis
1370 2068 1414 2104 et
1436 2063 1759 2114 immisericors,
1781 2077 1910 2107 nemo

1082 2131 1263 2170 prorsus
1286 2118 1546 2161 immundus.
1582 2121 1692 2162 Haec
1716 2120 1773 2162 ad
1794 2134 1908 2163 com-

1082 2175 1353 2216 municantes
1381 2174 1499 2226 dico,
1526 2181 1570 2218 et
1597 2175 1653 2218 ad
1682 2190 1761 2219 vos
1788 2177 1909 2218 mini·

1083 2233 1281 2273 strantes.
1309 2231 1423 2273 Nam
1437 2237 1481 2274 et
1496 2231 1552 2274 ad
1566 2246 1647 2274 vos
1664 2236 1910 2276 sermonem

1083 2289 1339 2330 convertere
1384 2289 1679 2331 necessarium
1724 2295 1814 2340 est,
1862 2296 1910 2333 ut

1082 2343 1218 2385 multo
1249 2356 1348 2385 cum
1380 2344 1526 2386 studio
1555 2344 1652 2387 haec
1680 2345 1796 2388 dona
1826 2346 1909 2388 dis-

1082 2399 1294 2441 tribuatis.
1330 2400 1431 2442 Non
1454 2413 1591 2454 parva
1611 2401 1738 2444 vobis
1760 2403 1909 2445 iminet

1082 2455 1209 2506 ultio,
1243 2457 1279 2497 si
1308 2469 1590 2509 quemquam,
1622 2458 1737 2500 illius
1766 2459 1908 2512 culpae

1082 2513 1263 2562 conscii,
1297 2513 1422 2565 hujus
1455 2527 1618 2556 mensae
1649 2516 1908 2569 participem

1082 2580 1177 2609 esse
1215 2568 1486 2611 concedatis:
1523 2572 1697 2624 sanguis
1730 2573 1820 2625 ejus
1852 2571 1907 2614 de

1080 2625 1279 2666 manibus
1316 2627 1472 2668 vestris
1509 2628 1780 2679 exquiretur:
1815 2629 1907 2671 sive

1082 2680 1178 2730 quis
1207 2681 1297 2723 dux
1328 2682 1492 2724 militiae
1526 2684 1599 2733 sit,
1632 2684 1723 2725 sive
1753 2685 1906 2738 praefe-

1083 2741 1191 2787 ctuS,
1220 2738 1312 2780 sive
1336 2739 1541 2792 princeps
1566 2739 1813 2783 diademate
1836 2754 1906 2784 co-
