2040 2976
588 212 659 245 Die
685 214 715 245 ἔ).
741 212 857 245 Junii.
906 212 944 244 Β.
974 212 1016 245 M.
1045 212 1086 244 V.
1114 211 1246 244 Matris
1273 210 1502 243 Gratiarum.

191 308 377 350 vocavit.
430 308 503 349 Ita
527 319 631 358 erga
658 319 810 349 omnes
839 308 1022 350 caritate

191 364 359 413 affecta,
378 363 513 404 vitam
533 362 723 414 denique
740 363 894 415 ipsam,
918 363 1022 405 dum

191 425 285 460 atra
311 419 406 460 lues
435 421 724 469 grassaretur,
751 431 834 471 pro
864 420 1022 460 civium

192 475 495 516 incolumitate
514 475 612 515 Deo
639 474 813 525 ebtulit,
842 480 885 516 et
908 487 1021 516 mor-

190 530 249 571 bo
270 532 475 582 correpta
493 529 792 582 placidissimo
813 531 931 571 exitu
946 531 1019 570 mi-

190 587 334 637 gravit
359 585 417 627 ad
441 586 679 638 Sponsum,
709 599 824 627 anno
849 586 1021 626 millesi-

191 655 264 682 mo
311 642 632 683 sexcentesimo
685 641 1021 693 quadragesimo

193 698 357 749 quinto,
385 698 529 739 aetatis
558 710 650 738 suae
679 703 805 739 sexto
835 703 879 739 et
907 698 1021 747 vige-

192 754 313 794 simo.
349 754 505 794 Statim
529 758 633 806 post
658 753 827 795 ebitum
850 766 905 794 ex
931 754 1021 804 ejus

192 810 402 860 sanguine
429 811 637 850 concreto
663 809 1022 850 candidissimum

192 865 329 905 lilium
347 864 527 917 prodiit,
547 878 602 906 ex
623 878 710 916 quo
729 865 825 917 ipsa
845 865 1022 914 Quiten-

192 921 252 961 sis
277 921 354 961 lilii
376 933 536 962 nomen
560 921 760 962 obtinuit.
796 921 932 961 Fama
951 933 1022 961 au-

191 981 282 1017 tem
310 977 554 1018 sanctitatis
584 977 714 1027 longe
742 976 918 1028 lateque
943 976 1020 1017 dif-

193 1032 303 1081 fusa,
324 1038 367 1073 et
387 1045 412 1073 a
430 1032 528 1073 Deo
548 1031 748 1084 pluribus
768 1032 901 1083 signis
922 1044 1022 1073 con-

192 1087 379 1137 firmata,
407 1088 510 1128 Pius
538 1088 908 1129 nonusPentifex
932 1088 1021 1128 Ma-

191 1144 334 1184 ximus
362 1143 642 1195 purissimam
669 1144 883 1194 virginem
912 1144 1022 1184 sole-

191 1199 281 1238 mni
319 1199 582 1240 caeremonia
618 1199 755 1241 sacris
788 1199 1022 1242 beatorum

191 1254 314 1296 fastis
334 1254 581 1307 adscripsit.

242 1318 290 1367 Rg.
323 1315 575 1356 Afferentur
593 1316 716 1366 Regi.
737 1316 814 1368 [91]

243 1385 281 1417 ln
310 1385 370 1418 Ill.
395 1385 593 1417 Nocturno
620 1384 789 1418 Homilia
815 1386 852 1418 in
873 1386 1017 1427 Evang.

191 1431 322 1465 Simile
362 1431 433 1466 erit
471 1441 632 1475 regnum
669 1432 855 1467 coelorum
890 1432 1023 1467 decem

192 1479 419 1521 virginibus.
447 1480 493 1513 dc
520 1480 655 1513 codem
681 1480 894 1514 Communi.
921 1480 993 1524 [93]

463 1574 547 1614 Die
566 1575 604 1615 9.
623 1574 648 1614 J
649 1574 750 1614 unii.

191 1641 244 1680 B.
259 1641 438 1682 Mariae
448 1642 506 1682 V.
522 1641 703 1683 Matris
719 1642 1021 1683 Gratiarum.

448 1703 599 1745 Duplex
627 1703 759 1743 maius.

242 1764 378 1797 Omnia
417 1770 455 1796 ut
493 1764 530 1795 in
567 1762 691 1795 Festis
726 1762 766 1794 B.
799 1762 844 1794 M.
878 1762 920 1795 V.
952 1772 1020 1803 per

191 1821 331 1844 annum
358 1812 448 1855 [133]
471 1814 610 1852 praeter
635 1818 740 1851 sequ.

356 1886 406 1924 In
433 1885 623 1936 utrisque
650 1885 858 1937 Vesperis.

243 1951 291 2001 Y.
322 1953 418 1994 Ave
451 1953 603 2003 Maria,
636 1955 778 2005 gratia
804 1955 945 2008 plena.
970 1957 1019 2007 R.

192 2009 407 2050 Dominus
428 2014 585 2050 tecum.

240 2075 310 2115 Ad
334 2076 503 2123 Magnif.
538 2076 637 2116 Ant.
671 2076 708 2115 O
733 2074 865 2117 beata
882 2076 1021 2127 Virgo

193 2129 346 2170 Maria:
377 2135 425 2170 tu
455 2130 596 2171 veniae
630 2143 756 2181 vena,
789 2137 838 2173 tu
869 2133 1023 2182 gratiae

193 2184 346 2234 Mater,
364 2191 412 2226 tu
430 2198 533 2238 spes
552 2186 713 2235 mundi,
733 2187 893 2229 exaudi
907 2188 1024 2230 filios

192 2244 294 2281 tuos
314 2239 553 2282 clamantes
573 2242 630 2283 ad
648 2247 703 2284 te.

528 2309 691 2348 Oratio.

283 2382 377 2418 eus,
405 2370 479 2421 qui
502 2370 692 2412 humano
712 2373 861 2422 generi
879 2372 1022 2414 beatae

288 2425 439 2466 Mariae
458 2426 706 2476 virginitate
729 2427 936 2469 foecunda
958 2441 1022 2470 re-

193 2481 432 2532 parationis
451 2481 636 2532 gratiam
656 2483 895 2524 contulisti:
924 2496 1022 2525 con-

195 2536 318 2586 cede3
342 2542 391 2578 ut
416 2550 547 2589 quam
566 2538 720 2587 gratiae
741 2538 929 2580 Matrem
949 2552 1022 2592 ap-

195 2592 410 2644 pellamus
434 2593 475 2633 in
497 2593 643 2643 terris,
672 2594 761 2645 ejus
784 2594 899 2635 felici
923 2607 1021 2636 con-

195 2648 333 2689 sortio
377 2649 627 2701 perenniter
665 2650 940 2701 perfruamur
979 2652 1023 2692 in

194 2703 329 2745 coelis.
355 2705 441 2746 Per
458 2704 707 2746 Deminum.

1072 312 1079 315 “
1126 309 1275 342 Deinde
1298 308 1339 340 fit
1359 316 1554 341 commem.
1576 307 1633 342 Ss.
1655 308 1762 343 Mart.
1783 309 1901 343 Primi

1075 363 1110 391 et
1136 356 1333 390 Feliciani.

1128 404 1197 443 Ad
1221 404 1257 443 V
1263 416 1351 454 esp.
1372 403 1471 442 Ant.
1496 403 1687 442 Istorum
1705 406 1773 443 est
1792 401 1907 443 enim

1076 470 1258 508 regnum
1283 457 1507 507 coelerum,
1534 457 1608 509 qui
1633 459 1905 510 contempse-

1076 518 1177 555 runt
1195 513 1331 554 vitam
1353 512 1516 563 mundi,
1541 518 1586 555 et
1611 516 1907 566 pervenerunt

1076 568 1133 610 ad
1147 569 1331 620 praemia
1345 569 1478 619 regni,
1493 574 1537 610 et
1551 569 1753 611 laverunt
1767 569 1906 611 stolas

1076 638 1178 666 suas
1196 625 1240 664 in
1259 625 1470 674 sanguine
1488 625 1615 675 Agni.

1126 681 1177 733 V.
1205 681 1438 721 Laetamini
1462 681 1507 721 in
1529 681 1738 730 D6mino,
1764 684 1809 722 et
1835 692 1906 721 ex-

1076 738 1237 779 sultate
1261 736 1373 788 justi.
1420 738 1473 789 R.
1505 737 1562 778 Et
1585 736 1835 787 gloriamini
1863 748 1906 777 o-

1075 806 1198 834 mnes
1218 793 1328 833 recti
1346 791 1494 834 corde.

1407 857 1571 898 Oratio.

1074 904 1207 1010 Fac
1221 922 1314 960 nos,
1335 912 1587 962 quaesumus
1603 909 1803 959 Demine‚
1820 922 1908 950 san·

1167 969 1340 1008 ctorum
1359 966 1603 1017 Martyrum
1623 967 1800 1007 tuorum
1817 964 1907 1005 Pri-

1075 1021 1136 1061 mi
1147 1027 1190 1063 et
1199 1022 1409 1064 Feliciani
1420 1034 1596 1074 semper
1610 1021 1724 1062 festa
1734 1020 1907 1062 sectari:

1078 1091 1265 1129 quorum
1281 1077 1499 1128 suffragiis
1512 1076 1804 1129 protectionis
1817 1081 1907 1118 tuae

1077 1132 1192 1175 dona
1211 1133 1462 1175 sentiamus.
1489 1133 1574 1174 Per
1593 1133 1842 1174 Deminum.

1128 1202 1169 1235 ln
1205 1202 1228 1235 I.
1260 1201 1459 1235 Nocturno
1490 1200 1694 1234 Lectiones
1713 1200 1814 1243 *Ego
1847 1207 1907 1233 sa-

1075 1246 1233 1291 pientia.
1258 1246 1351 1290 [137]

1308 1312 1358 1350 In
1377 1311 1427 1349 11.
1448 1310 1672 1350 Nocturno.

1115 1374 1270 1412 Sermo
1289 1369 1430 1411 sancti
1447 1369 1632 1410 Thomae
1650 1367 1872 1420 Episcopi.

1284 1431 1399 1464 Conc.
1420 1430 1446 1463 1.
1465 1430 1512 1463 de
1530 1430 1698 1465 Annunt.

1325 1488 1328 1489 ’
1377 1481 1528 1522 Lectio
1547 1482 1603 1521 iv.

1084 1552 1212 1591 rs*
1229 1535 1505 1579 dmirandam
1524 1537 1731 1586 omnique
1746 1534 1908 1576 virtute

1087 1620 1089 1629 ‹
1116 1595 1162 1650 ᾖξ’
1241 1595 1526 1645 praestantem
1542 1591 1811 1633 Genitricem
1823 1590 1908 1631 Dei

1119 1645 1145 1677 ’ἶ
1241 1649 1426 1690 Mariam
1442 1661 1524 1700 pro
1542 1647 1630 1689 mei
1644 1646 1806 1698 ingenii
1820 1646 1906 1687 exi-

1075 1705 1242 1756 guitate
1273 1710 1371 1747 toto
1405 1704 1537 1745 animi
1570 1702 1790 1745 desiderio
1818 1701 1907 1743 lau-

1076 1761 1183 1802 dare
1221 1759 1496 1810 desiderans,
1532 1758 1702 1800 nullum
1735 1758 1828 1800 fere
1863 1757 1909 1798 in

1075 1817 1220 1858 Sacris
1238 1815 1418 1857 Litteris
1437 1815 1564 1868 potui
1582 1816 1778 1867 reperire
1796 1826 1907 1866 prae-

1076 1872 1270 1922 Canium,
1296 1871 1416 1924 quod
1434 1871 1492 1912 ad
1509 1870 1703 1912 litteram
1721 1870 1812 1922 ejus
1831 1881 1906 1911 no-

1075 1927 1143 1969 bis
1179 1927 1365 1979 glOriam
1406 1926 1798 1978 excellentiamque
1834 1923 1906 1967 de-

1075 1985 1302 2025 monstret.
1365 1982 1482 2023 Nam
1519 1982 1602 2024 etsi
1634 1981 1690 2023 de
1721 1981 1796 2022 illa
1826 1993 1907 2033 per

1075 2039 1317 2091 prophetas
1344 2039 1536 2091 plurima
1566 2037 1748 2090 mystice
1777 2035 1905 2087 dicta,

1075 2095 1279 2147 factaque
1324 2094 1491 2147 passim
1525 2093 1743 2144 legantur,
1787 2091 1906 2134 unde

1074 2151 1220 2203 possit
1239 2151 1413 2193 virtutis
1429 2151 1519 2202 ejus
1533 2148 1790 2200 magnitudo
1807 2160 1905 2190 con-

1076 2208 1208 2255 stare,
1244 2207 1289 2247 in
1326 2205 1587 2257 evangelicis
1622 2210 1785 2254 tamen,
1830 2209 1907 2246 aut

1075 2262 1332 2314 apostelicis
1369 2261 1545 2314 scriptis
1580 2273 1705 2302 rarus
1742 2259 1798 2302 de
1831 2260 1906 2301 illa

1076 2330 1238 2367 sermo,
1267 2322 1312 2359 et
1338 2317 1479 2359 multo
1502 2317 1645 2358 rarior
1669 2316 1764 2357 laus
1788 2316 1903 2357 inve-

1075 2375 1206 2423 nitur3
1242 2373 1460 2425 quamvis,
1490 2377 1540 2414 ut
1571 2384 1724 2413 verum
1754 2372 1904 2421 fatear,

1055 2442 1164 2470 non
1191 2429 1253 2470 ita
1282 2429 1457 2470 silentio
1484 2427 1648 2470 tradita
1679 2428 1750 2477 sit,
1785 2431 1833 2468 ut
1860 2427 1905 2467 in

1075 2486 1228 2526 earum
1247 2485 1377 2526 dictis
1393 2485 1603 2526 virtutum
1621 2484 1712 2535 ejus
1727 2482 1904 2524 claritas

1073 2541 1331 2582 tenuissimo
1351 2540 1491 2590 radio,
1514 2539 1650 2582 veluti
1673 2552 1752 2591 per
1777 2551 1903 2595 quas-

1075 2594 1177 2637 dam
1203 2595 1440 2637 verberum
1468 2595 1663 2644 rimulas,
1700 2607 1789 2635 non
1817 2596 1903 2636 eni-

1073 2657 1177 2694 teat.
1202 2652 1291 2694 Sed
1309 2651 1427 2694 unde
1446 2652 1585 2702 magis
1601 2652 1693 2703 ejus
1706 2650 1902 2701 gloriam,

1072 2708 1267 2758 virtutes,
1283 2707 1500 2760 dotesque
1515 2707 1647 2748 animi
1659 2706 1902 2759 poterimus
