2040 2976
177 214 246 248 428
592 215 661 248 Die
691 215 741 247 1⁸.

177 306 502 350 Purificationis
528 306 796 348 beatissimae
819 305 1014 357 Virginis

178 365 293 406 festo
314 363 397 413 die,
420 362 478 404 ad
496 362 655 404 fratres
674 362 880 411 Minores,
902 374 1014 414 quos

180 421 458 473 Capuccinos
482 424 658 468 vocant,
685 418 941 468 cenvolans,
966 423 1015 459 ut

179 478 334 518 eerum
347 479 530 517 numero
545 474 881 524 adscriberetur,
901 487 1014 515 sum·

178 533 262 574 mis
288 532 496 585 precibus
519 532 730 573 exoravit.
766 531 875 573 Voti
899 543 1014 573 com-

179 601 262 642 pos
283 588 431 638 semel,
452 594 584 640 atque
599 590 758 629 iterum
777 587 919 629 factus
934 592 1015 637 est;

180 645 260 688 sed
291 645 414 686 foedo
446 645 612 695 ulcere,
651 656 740 696 quo
776 642 1014 696 aliquando

179 702 478 751 laboraverat,
514 701 559 742 in
595 702 687 753 ejus
717 699 826 742 tibia
855 700 1015 741 iterato

180 758 531 807 recrudescente,
547 756 709 800 divinae
722 754 1015 809 providentiae

181 816 347 867 majora
371 814 427 856 de
452 826 506 856 eo
532 813 807 866 disponentis
831 812 1015 854 consilio

180 871 404 912 humiliter
419 883 466 912 se
482 870 678 922 subjecit,
693 871 849 921 suique
864 869 1016 918 victor,

181 927 297 969 illius
325 927 551 978 religionis
578 926 648 968 bis
676 928 939 978 expetitum,
973 930 1017 967 et

183 986 439 1037 susceptum
457 983 657 1025 habitum
675 982 744 1024 bis
764 982 940 1024 dimisit.

235 1046 283 1095 R
317 1041 568 1081 Honestum
593 1039 699 1081 fecit
721 1039 845 1080 illum
868 1039 1017 1079 Demi-

181 1110 279 1146 nus,
299 1102 343 1138 et
363 1096 605 1138 custodivit
624 1109 725 1138 eum
742 1095 797 1137 ab
817 1095 1016 1145 inimicis,

183 1158 227 1195 et
256 1166 282 1194 a
310 1152 620 1194 seductoribus
643 1153 805 1194 tutavit
832 1149 1014 1193 illumz*

181 1210 239 1252 Et
269 1209 392 1251 dedit
423 1209 488 1250 illi
520 1209 767 1251 claritatem
797 1210 1018 1250 aeternam.

182 1267 232 1316 V.
261 1267 438 1307 Justum
472 1266 658 1308 dednxit
685 1266 904 1307 Deminus
937 1277 1017 1317 per

183 1323 277 1364 vias
298 1327 455 1372 rectas,
475 1327 519 1364 et
539 1322 734 1365 ostendit
753 1322 818 1363 illi
836 1334 1018 1373 regnum

183 1380 279 1421 Dei.
311 1379 369 1421 Et
389 1379 524 1421 dedit.

495 1433 647 1474 Lectio
670 1447 706 1472 ν.

275 1505 422 1534 01113111
462 1493 708 1545 profectus,
752 1493 796 1532 in
832 1503 1019 1533 nosoco-

296 1552 444 1599 mium,
471 1548 594 1602 quod
616 1548 931 1591 Insanabilium
957 1547 1018 1589 di-

184 1607 307 1656 citur,
328 1608 534 1658 receptus
553 1611 635 1647 est:
655 1606 776 1657 cujus
795 1605 925 1646 etiam
945 1603 1019 1646 ad-

183 1662 560 1713 ministrationem,
580 1662 638 1704 ob
653 1663 912 1714 perspectas
928 1661 1019 1712 ejus

183 1720 370 1761 virtutes
395 1718 479 1760 sibi
503 1717 826 1768 demandatam,
850 1729 1021 1759 summa

183 1775 454 1826 integritate,
491 1787 543 1816 ac
579 1774 879 1816 sollicitudine
916 1785 1021 1815 vere

184 1834 368 1884 paterna
382 1831 564 1884 peregit.
583 1831 790 1872 Omnium
801 1832 1022 1881 aegrorum

188 1901 365 1930 servum
392 1901 441 1930 se
468 1889 697 1940 reputans,
730 1889 886 1929 eorum
913 1888 1020 1927 ster-

185 1957 290 1986 nere
309 1944 507 1995 lectulos,
525 1944 683 1986 sordes
702 1945 888 1995 tergere,
907 1942 1021 1984 ulce-

186 2000 307 2043 ribus
344 2000 529 2050 mederi,
567 2003 787 2052 agonique
823 2002 1022 2042 extremo

185 2057 271 2110 piis
306 2057 524 2109 precibus,
559 2062 603 2099 et
640 2055 1023 2098 cohortationibus

186 2126 320 2166 opem
334 2113 447 2156 ferre
465 2113 660 2155 solemne
675 2113 842 2164 habuit;
863 2113 1022 2166 quibus

186 2170 230 2211 in
245 2170 498 2212 muneribus
511 2171 728 2223 praeclara
742 2170 934 2223 praebuit
949 2170 1022 2212 ad-

186 2226 399 2268 mirabilis
426 2227 668 2279 patientiae,
695 2227 873 2268 invictae
901 2227 1021 2269 forti-

187 2283 365 2333 tudinis,
389 2288 433 2324 et
452 2283 644 2325 hereicae
664 2284 860 2326 caritatis
880 2286 1023 2326 exem-

186 2339 272 2392 pla.
309 2339 478 2381 Verum
502 2352 602 2380 cum
626 2340 870 2381 animarum
889 2341 934 2380 in
953 2352 1024 2381 ex-

187 2395 340 2437 tremis
364 2395 725 2448 periclitantium,
752 2395 874 2448 quod
897 2396 1024 2438 unice

187 2451 456 2501 intendebat,
474 2451 680 2493 levamini
699 2452 945 2494 subsidium
959 2453 1024 2494 lit-

187 2511 382 2551 terarum
401 2508 640 2561 plurimum
656 2509 856 2550 conferre
870 2509 1024 2550 intelli-

188 2570 324 2616 geret,
343 2565 523 2616 triginta
542 2563 655 2606 duos
677 2577 814 2606 annos
832 2570 962 2606 natus
981 2566 1024 2606 in

188 2622 342 2674 primis
356 2621 655 2672 grammaticae
671 2621 898 2662 elementis
907 2626 1024 2673 tyro-

190 2679 351 2720 cinium
370 2678 484 2719 inter
507 2680 674 2730 pueros
698 2680 857 2719 iterum
877 2677 1025 2718 subire

189 2747 278 2776 non
293 2734 478 2776 erubuit.
496 2732 756 2775 Sacerd6fi0
771 2735 929 2786 postea
942 2733 1025 2775 rite

766 215 871 247 Julii.
920 215 954 247 S.
982 213 1133 246 Camilli
1162 213 1207 245 de
1235 211 1352 245 Leuis
1378 210 1487 244 Conf.

1066 305 1279 353 initiatuS‚
1315 303 1535 346 nonnullis
1567 304 1651 347 sibi
1683 305 1900 357 adjunctis

1068 361 1217 411 sociis,
1249 361 1392 413 prima
1419 361 1520 412 jecit
1547 362 1900 412 congregationis

1070 417 1340 459 Clericerum
1385 417 1670 469 Regularium
1716 418 1900 459 infirmis

1067 474 1410 516 ministrantium
1441 473 1741 524 fundamenta,
1776 474 1900 516 irrito

1068 532 1231 572 conatu
1264 529 1491 572 obnitente
1523 529 1702 571 humani
1729 530 1901 582 generis

1066 586 1211 636 hoste3
1237 599 1340 627 nam
1360 585 1568 628 Camillus
1596 585 1767 628 coelesti
1790 599 1900 628 voce

1069 656 1094 685 e
1113 643 1274 684 Christi
1292 642 1502 693 crucifixi,
1521 655 1675 684 manus
1694 643 1828 684 etiam
1846 641 1902 684 de

1068 699 1187 751 ligno
1212 699 1388 741 avulsas
1413 698 1673 740 admirando
1697 698 1902 767 prodigio

1069 755 1387 809 protendentiS,
1402 755 1637 797 simulacro
1654 755 1902 797 emissami·

1069 812 1265 854 rabiliter
1291 811 1589 861 confirmatus,
1613 811 1815 853 ordinem
1833 824 1902 852 su·

1068 882 1144 910 um
1177 882 1202 910 a
1229 868 1343 910 Sede
1371 868 1633 921 Apost61ica
1665 867 1906 921 approbari

1070 925 1274 975 obtinuit,
1304 925 1533 966 sodalibus
1561 930 1720 977 quarto
1747 923 1902 966 obstri-

1070 982 1152 1027 ctis
1176 981 1366 1023 maxime
1393 981 1534 1023 arduo
1559 986 1685 1029 voto,
1707 980 1905 1030 infirmis,

1071 1051 1184 1091 quos
1213 1038 1346 1079 etiam
1373 1038 1512 1090 pestis
1539 1037 1756 1087 infecerit,
1783 1037 1904 1078 mini-

1071 1093 1252 1136 strandi.
1306 1093 1438 1145 Quod
1468 1094 1734 1143 institutum,
1773 1105 1905 1145 quam

1071 1152 1186 1194 foret
1203 1152 1300 1193 Deo
1324 1153 1568 1203 acceptum,
1595 1154 1639 1192 et
1662 1125 1905 1191 animarum

1071 1208 1203 1250 saluti
1232 1207 1497 1260 proficuum,
1532 1212 1711 1249 sanctus
1742 1205 1905 1258 Philip-

1071 1278 1155 1318 pus
1181 1264 1357 1314 Nerius‚
1390 1262 1465 1316 qui
1494 1262 1679 1305 Camillo
1711 1275 1738 1304 a
1769 1261 1906 1303 sacris

1072 1320 1423 1363 confessionibus
1450 1324 1560 1370 erat,
1586 1318 1906 1372 comprobavit,

1072 1378 1177 1420 dum
1228 1379 1319 1431 ejus
1364 1377 1551 1418 alumnis
1598 1375 1907 1418 decedentium

1072 1435 1203 1486 agoni
1252 1447 1385 1488 opem
1429 1433 1671 1476 ferentibus
1708 1431 1906 1484 Angelos

1072 1493 1358 1543 suggerentes
1391 1490 1529 1533 verba
1564 1490 1728 1542 saepius
1765 1501 1813 1530 se
1843 1488 1904 1530 vi-

1073 1548 1190 1590 disse
1218 1549 1409 1590 testatus
1437 1552 1515 1589 est.

1126 1609 1178 1659 R.
1202 1604 1381 1645 Amavit
1402 1616 1503 1646 eum
1521 1603 1758 1652 Deminus‚
1777 1605 1821 1643 et
1840 1613 1906 1643 or-

1071 1661 1194 1702 navit
1226 1673 1342 1702 eum:
1381 1660 1543 1702 stolam
1579 1659 1732 1711 gloriae
1764 1657 1906 1700 induit

1073 1730 1183 1767 eum,
1205 1721 1227 1744 *
1241 1717 1299 1759 Et
1319 1716 1376 1758 ad
1394 1721 1549 1770 portas
1567 1715 1763 1769 paradisi
1782 1726 1907 1756 coro-

1071 1775 1193 1816 navit
1219 1787 1330 1816 eum.
1369 1772 1421 1823 V.
1440 1773 1589 1816 Induit
1607 1785 1708 1815 eum
1726 1771 1822 1813 Dfis
1846 1771 1908 1813 lo-

1072 1834 1210 1873 ricam
1234 1831 1354 1883 fidei,
1381 1836 1425 1874 et
1449 1830 1623 1873 ornavit
1641 1842 1752 1871 eum.
1779 1828 1847 1870 Et.

1379 1889 1533 1929 Lectio
1556 1888 1609 1928 vi.

1154 1944 1392 1987 rctioribus
1413 1943 1536 1985 hisce
1559 1942 1744 1985 vinculis
1768 1953 1906 1992 aegro-

1186 2001 1372 2043 tantium
1406 1999 1649 2041 ministerio
1685 1997 1905 2050 mancipa-

1072 2063 1155 2108 tus,
1169 2058 1326 2099 mirum
1342 2062 1410 2099 est
1424 2070 1510 2109 qua
1525 2055 1764 2104 alacritate,
1778 2052 1908 2095 nullis

1074 2115 1239 2156 fractus
1258 2113 1496 2162 laboribus,
1519 2111 1649 2153 nullis
1671 2109 1908 2153 deterritus

1074 2171 1178 2213 vitae
1213 2169 1435 2223 periculis,
1483 2167 1558 2211 diu
1593 2170 1817 2220 noctuque
1852 2165 1910 2208 ad

1075 2229 1330 2280 supremum
1353 2238 1494 2277 usque
1517 2225 1730 2279 spiritum,
1757 2226 1909 2265 eorum

1075 2281 1320 2326 commodis
1340 2281 1595 2334 vigilaverit.
1630 2279 1844 2322 Omnibus
1864 2281 1908 2320 ό-

1074 2341 1192 2381 1111113
1210 2339 1363 2388 factus,
1382 2338 1593 2379 vilissima
1611 2349 1800 2389 quaeque
1815 2334 1908 2377 offi-

1076 2397 1143 2439 cia
1168 2395 1486 2438 demississimo
1513 2393 1740 2446 obsequio,
1765 2392 1908 2434 flexis-

1076 2465 1162 2505 que
1172 2452 1433 2517 plerumque
1443 2449 1639 2502 genibus,
1626 2407 1786 2491 qveluti
1797 2447 1910 2489 Chri·

1076 2515 1193 2551 stum
1224 2509 1369 2561 ipsum
1401 2509 1601 2549 cerneret
1635 2506 1681 2546 in
1715 2504 1908 2552 infirmis,

1076 2565 1201 2607 hilari
1229 2566 1531 2618 promptoque
1556 2563 1703 2604 animo
1731 2560 1910 2613 arripie-

1075 2622 1166 2663 bat:
1180 2626 1318 2673 utque
1329 2619 1524 2661 omnium
1537 2616 1788 2668 indigentiis
1798 2629 1909 2668 prae-

1077 2683 1146 2719 sto
1162 2682 1291 2727 esset,
1307 2675 1558 2728 generalem
1574 2673 1740 2716 Ordinis
1754 2671 1908 2725 praefe-

1077 2737 1263 2782 cturam,
1296 2732 1487 2784 coelique
1514 2729 1714 2780 delicias,
1749 2727 1909 2781 quibus
