2040 2976
351 190 422 223 Die
447 190 478 223 9.
503 189 603 230 Maii.
651 189 685 222 S.
712 188 890 230 Gregorii
917 187 1155 221 Nazianzeni
1180 187 1307 231 Episc.
1334 189 1443 222 Conf.
1470 194 1505 222 ct
1531 190 1638 223 θοι-τ.

186 284 236 335 V.
293 285 345 325 In
397 285 639 336 conspectu
691 282 964 334 Angelorum

133 340 319 394 psallam
358 339 438 382 tibi
471 340 592 381 Deus
626 351 761 380 meus.
797 344 846 395 R.
875 337 963 379 Ad-

134 397 270 438 orabo
292 395 349 438 ad
371 396 584 449 templum
608 399 808 437 sanctum
829 399 963 444 tuum,

135 458 179 495 et
198 452 443 495 confitebor
463 452 628 494 nemini
649 456 738 493 tuo.

184 510 256 553 Ad
284 512 457 562 Magnis.
496 512 596 552 Ant.
635 508 846 560 Princeps
873 507 964 558 glo-

134 565 394 616 riosissime,
438 564 626 607 Michael
669 562 963 614 Archangele‚

135 626 230 662 esto
249 633 418 663 memor
435 621 592 663 nostri:
619 620 704 671 hic,
733 624 778 661 et
800 619 964 671 ubique

135 690 310 730 semper
335 679 520 730 precare
546 689 629 729 pro
654 675 782 718 nobis
806 675 963 716 Filium

134 734 228 783 Dei,
248 733 429 785 alleluja,
449 733 631 782 alleluia.

414 832 498 874 Die
516 833 554 874 9.
573 832 685 884 Maji.

156 896 200 938 S.
220 896 449 945 Gregorii
468 896 775 939 Nazianzeni
796 896 939 947 Episc.

317 952 436 993 Conf.
456 957 499 993 et
519 951 633 992 Eccl.
653 952 780 993 Doct.

464 1015 629 1058 Duplex.

188 1066 325 1101 Omnia
359 1067 406 1102 de
436 1067 581 1102 Comm.
612 1068 719 1103 Conf.
749 1068 858 1102 Pont.
894 1066 964 1110 [49]

135 1118 276 1157 praeter
298 1123 404 1157 sequ.

186 1166 230 1200 1n
254 1166 427 1210 utrisque
452 1167 569 1211 Vesp.
596 1168 645 1202 ad
666 1168 822 1210 Magnis.

186 1218 285 1259 Ant.
312 1219 349 1260 O
368 1218 539 1259 Doctor
559 1217 734 1270 eptime,
753 1217 965 1259 Ecclesiae

137 1279 301 1316 sanctae
328 1274 490 1324 lumen,
518 1273 648 1316 beate
676 1274 876 1324 (flegon,
905 1273 965 1315 di-

137 1333 250 1372 vinae
274 1330 383 1381 legis
407 1332 592 1380 amator,
621 1330 861 1383 deprecare
884 1343 966 1383 pro

137 1386 265 1428 nobis
283 1386 441 1427 Filium
459 1386 553 1428 Dei.

189 1441 239 1493 V.
267 1443 446 1484 Amavit
469 1455 569 1484 eum
591 1443 701 1493 Dfis,
727 1447 771 1484 et
795 1443 968 1485 ornavit

139 1512 253 1542 eum.
273 1503 323 1554 R.
345 1499 512 1542 Stolam
530 1499 683 1551 gleriae
698 1498 838 1541 induit
857 1512 967 1541 eum.

424 1583 426 1586 f
472 1564 636 1605 Oratio.

227 1629 316 1666 eus,
336 1617 411 1669 qui
428 1616 596 1671 pepulo
616 1621 693 1658 tuo
711 1618 888 1658 aeternae
904 1630 968 1658 sa·

233 1673 336 1716 lutis
358 1673 538 1716 beatum
562 1673 825 1724 Gregorium
847 1673 968 1714 mini-

141 1735 281 1772 strum
294 1729 499 1772 tribuisti:
517 1734 682 1783 praesta
702 1731 969 1782 quaesumus3

140 1791 198 1835 ut,
219 1798 348 1838 quem
362 1786 605 1828 Doctorem
619 1786 722 1828 vitae
736 1785 969 1828 habuimus

141 1843 185 1884 in
199 1843 339 1892 terris,
353 1842 691 1885 intercesserem
704 1842 868 1886 habere
882 1856 969 1884 me-

141 1901 314 1941 reamur
332 1899 377 1940 in
396 1899 530 1941 coelis.
557 1899 643 1941 Per
661 1899 909 1941 Deminum.

189 1969 233 2003 In
263 1969 289 2003 Ι.
319 1969 518 2003 Nocturno
549 1968 753 2003 Lectiones
788 1969 834 2003 de
867 1968 964 2003 Scri-

138 2020 252 2061 ptura
276 2020 511 2051 occurrente.

370 2081 419 2120 In
437 2081 488 2120 ΙΙ.
507 2081 730 2120 Nocturno.

313 2168 320 2175 -
438 2142 622 2183 Lectio
612 2156 665 2183 lv

148 2204 258 2266 {7433
275 2198 489 2249 regerius,
524 2198 683 2240 nabilis
715 2199 972 2252 Cappadox

147 2272 184 2297 x
176 2249 269 2309 ἴδη]
292 2266 347 2295 ex
365 2254 573 2305 singulari
598 2254 843 2297 divinarum
860 2255 970 2297 litte-

150 2290 193 2328 ⁸
179 2310 244 2334 2³-
241 2310 268 2334 ῑ”4
290 2312 438 2352 rarum
453 2311 634 2354 scientia
647 2311 864 2362 Theelogi
881 2324 973 2362 cog-

142 2368 303 2408 n6men
348 2370 630 2417 consecutus,
672 2367 885 2410 Nazianzi
928 2368 973 2408 in

145 2422 428 2476 Cappadocia
441 2428 580 2474 natus,
596 2423 781 2466 Athenis
796 2424 840 2465 in
855 2425 973 2466 omni

144 2479 472 2532 disciplinarum
490 2481 649 2530 genere
663 2493 749 2521 una
763 2493 862 2522 cum
877 2493 971 2521 san-

143 2540 216 2577 cto
235 2535 400 2577 Basilio
422 2535 634 2585 eruditus,
662 2535 719 2578 ad
743 2536 887 2578 studia
908 2549 972 2578 sa—

146 2594 319 2633 crarum
341 2591 586 2633 litterarum
605 2604 652 2633 se
672 2593 904 2643 convertit,
928 2593 972 2633 in

147 2648 304 2700 quibus
333 2661 379 2690 se
405 2649 449 2689 in
474 2648 679 2690 coenobio
700 2661 781 2701 per
805 2649 973 2701 aliquot

144 2717 280 2746 annos
300 2706 598 2756 exercuerunt,
617 2704 788 2747 illarum
803 2708 971 2750 senten-

1776 183 1845 218 293

1013 283 1120 323 tiam
1142 293 1231 322 non
1256 294 1311 322 ex
1337 281 1519 334 proprio
1547 280 1737 332 ingenio,
1767 278 1847 321 sed

1015 350 1070 379 ex
1093 338 1305 389 majerum
1330 337 1498 378 ratiene
1523 342 1566 379 et
1586 336 1846 379 auctoritate

1014 394 1365 446 interpretantes.
1408 393 1493 444 Qui
1520 406 1619 435 cum
1647 392 1847 435 doctrina

1016 455 1059 492 et
1077 449 1181 491 vitae
1201 450 1432 492 sanctitate
1453 450 1674 499 florerent,
1700 449 1847 491 vocati

1015 505 1072 548 ad
1090 519 1249 547 munus
1268 505 1565 559 praedicandae
1582 506 1846 556 evangelicae

1014 562 1228 612 veritatis,
1247 562 1460 615 plurimos
1479 563 1504 603 J
1507 575 1584 604 esu
1605 562 1780 604 Christo
1800 562 1846 602 fi-

1015 619 1098 660 lios
1117 620 1395 672 pepererunt.

1071 693 1122 744 R
1148 688 1301 729 Inveni
1322 686 1468 728 David
1493 700 1668 728 servum
1691 699 1847 737 meum,

1016 744 1116 785 eleo
1143 749 1295 787 sancto
1323 757 1422 785 meo
1448 744 1553 784 unxi
1580 750 1739 786 eumz*
1758 743 1846 784 Ma-

1015 814 1097 841 nus
1148 801 1263 842 enim
1319 813 1417 842 mea
1467 799 1745 842 auxiliabitur
1799 800 1848 841 ei.

1019 857 1069 909 Y
1092 856 1213 898 Nihil
1244 857 1450 922 proficiet
1476 857 1675 898 inimicus
1706 857 1750 897 in
1783 869 1848 906 eo

1018 919 1061 955 et
1103 914 1219 955 filius
1261 913 1502 965 iniquitatis
1543 926 1630 954 non
1673 912 1849 954 nocebit

1018 970 1068 1012 ei.
1096 971 1252 1011 Manus
1272 970 1397 1011 enim.

1330 1050 1481 1089 Lectio
1504 1064 1540 1089 v.

1100 1117 1298 1168 regerius
1337 1117 1469 1168 igitur
1501 1117 1738 1170 aliquando
1774 1116 1847 1158 do-

1126 1187 1246 1214 mum
1274 1176 1493 1224 reversus,
1519 1174 1711 1227 primum
1739 1173 1850 1215 Sasi-
1900 1207 1901 1210 ,

1018 1232 1190 1271 merum
1209 1232 1446 1282 episcopus
1471 1233 1645 1272 creatus
1669 1235 1751 1279 est,
1779 1228 1850 1271 de-

1018 1286 1120 1327 inde
1152 1286 1475 1328 Nazianzenam
1508 1286 1739 1328 ecclesiam
1778 1285 1849 1327 ad-

1018 1342 1290 1384 ministravit.
1341 1343 1455 1384 Tum
1484 1342 1851 1394 Constantinepo-

1019 1398 1095 1440 lim
1126 1398 1182 1440 ad
1215 1411 1313 1440 eam
1349 1398 1589 1450 regendam
1621 1399 1852 1441 ecclesiam
1899 1432 1902 1438 .

1020 1457 1277 1506 accersitus,
1321 1468 1420 1497 cum
1457 1456 1679 1498 civitatem
1714 1455 1850 1496 haere-

1020 1524 1117 1557 sum
1135 1514 1368 1564 purgatam
1386 1511 1608 1554 erreribus
1628 1511 1685 1553 ad
1705 1511 1852 1553 cathe-

1019 1567 1149 1610 licam
1181 1568 1314 1610 fidem
1340 1567 1606 1618 reduxisset,
1650 1567 1771 1620 quod
1803 1568 1854 1609 ei.

1021 1637 1238 1666 summum
1268 1625 1461 1666 emnium
1489 1627 1684 1666 amorem
1712 1624 1852 1666 conci-

1020 1681 1128 1722 liare
1166 1680 1372 1732 debebat,
1409 1681 1647 1723 multotum
1682 1681 1854 1734 paravit

1020 1737 1238 1779 invidiam.
1266 1739 1422 1791 Itaque
1443 1751 1543 1780 cum
1561 1739 1672 1780 inter
1687 1740 1855 1791 episco-

1022 1807 1105 1848 pos
1136 1808 1294 1846 magna
1325 1797 1565 1848 propterea
1594 1800 1710 1836 esset
1738 1795 1854 1836 facta

1022 1851 1197 1901 seditio,
1223 1857 1383 1905 sponte
1403 1851 1563 1894 cedens
1583 1852 1854 1904 episcopatu,

1021 1908 1130 1950 illud
1152 1908 1390 1961 Prophetae
1419 1907 1584 1950 dictum
1611 1908 1854 1961 usurpavit:

1022 1965 1068 2007 Si
1099 1970 1285 2018 propter
1315 1978 1385 2006 me
1418 1967 1641 2007 commota
1673 1970 1740 2007 est
1771 1965 1855 2006 ista

1021 2027 1279 2074 tempestas,
1306 2020 1478 2073 dejicite
1497 2034 1567 2063 me
1583 2021 1627 2062 in
1646 2034 1784 2072 mare,
1807 2026 1855 2063 ut

1022 2091 1103 2119 vos
1134 2078 1287 2130 jactari
1320 2077 1541 2120 desinatis.
1596 2079 1741 2129 Quare
1769 2078 1854 2119 Na-

1022 2134 1222 2175 zianzum
1250 2136 1470 2183 reversus,
1503 2146 1603 2176 cum
1631 2134 1692 2175 illi
1719 2134 1854 2176 eccle-

1023 2191 1100 2232 siae
1118 2191 1338 2232 Eulalium
1359 2190 1691 2244 praeficiendum
1710 2193 1854 2233 curas-

1023 2252 1106 2298 set,
1131 2252 1275 2290 totum
1294 2260 1341 2289 se
1361 2246 1418 2290 ad
1437 2247 1854 2300 contemplationem

1024 2309 1068 2346 et
1103 2304 1386 2402 sffiiptienem
1430 2303 1675 2346 divinarum
1710 2317 1855 2346 rerum

1023 2362 1127 2402 cent
1176 2361 1219 2402 it.

1075 2427 1125 2478 Ru
1157 2425 1292 2467 Pesui
1324 2425 1589 2477 adjuterium
1618 2438 1751 2479 super
1777 2438 1853 2478 po-

1023 2483 1199 2533 tentem,
1220 2487 1263 2524 et
1282 2482 1473 2524 exaltavi
1492 2482 1680 2524 electum
1696 2481 1751 2524 de
1766 2482 1853 2535 ple-

1022 2538 1079 2580 be
1103 2551 1215 2580 mea:
1240 2539 1263 2563 *
1292 2539 1448 2580 Manus
1475 2539 1591 2581 enim
1613 2551 1711 2580 mea
1737 2538 1853 2580 auxi-

1023 2594 1203 2637 liabitur
1235 2595 1287 2636 ei.
1318 2589 1369 2642 V.
1401 2596 1554 2637 Inveni
1585 2594 1731 2637 David
1767 2607 1853 2636 ser-

1023 2665 1127 2692 vum
1151 2664 1308 2700 meum,
1329 2651 1429 2693 eleo
1454 2656 1607 2693 sancto
1631 2663 1730 2692 meo
1750 2650 1855 2691 unxi
1925 2707 1933 2712 ·

1024 2719 1134 2749 eum.
1161 2707 1316 2749 Manus
1335 2707 1460 2749 enim.
