2040 2976
183 198 250 234 312

472 293 623 333 Lectio
645 293 727 332 viii.

270 360 347 389 cce
374 347 490 389 enim
523 347 651 389 binos
683 347 741 390 ad
772 347 1015 401 praedican-

278 403 383 445 dum
410 402 653 456 discipulos
679 405 896 446 Dominus
920 405 1014 446 mit-

182 460 250 502 tit:
277 462 493 512 quatenus
516 460 602 502 hoc
625 460 753 502 nobis
776 461 936 502 tacitus
955 463 1014 501 in-

183 522 304 566 nuat,
324 517 425 569 quia
444 517 518 569 qui
537 518 768 559 caritatem
788 529 893 569 erga
913 517 1015 558 alte-

183 586 280 614 rum
298 586 387 614 non
405 573 549 623 habet,
574 573 903 626 praedicatiOnis
923 573 1014 615 offi-

183 630 299 670 cium
331 632 556 682 suscipere
587 629 837 672 nullatenus
872 628 1016 671 debet.

182 686 304 727 Bene
323 691 470 727 autem
489 686 659 736 dicitur,
680 686 782 738 quia
800 686 920 727 misit
939 698 1016 727 eos

183 747 284 784 ante
312 742 470 783 faciem
496 755 621 783 suam
648 742 693 782 in
721 755 896 784 omnem
915 742 1015 783 civi·

162 823 163 826 =
182 801 321 840 tatem
341 804 385 840 et
403 798 561 849 locum,
582 811 670 851 quo
692 803 786 840 erat
804 798 900 850 ipse
915 811 1016 839 ven·

182 858 319 896 turus.
342 854 666 897 Praedicateres
683 855 798 896 enim
812 867 917 895 suos
928 854 1016 895 Do-

182 911 326 952 minus
363 911 575 963 sequitur:
618 911 720 964 quia
755 910 1016 963 praedicatio

182 967 409 1020 praevenit,
429 972 473 1009 et
491 972 596 1009 tunc
611 967 667 1009 ad
679 967 838 1009 mentis
851 971 1016 1008 nostrae

183 1023 482 1065 habitaculum
497 1023 713 1065 Deminus
732 1023 862 1073 venit,
883 1036 1016 1074 quan-

184 1079 242 1121 do
284 1079 421 1121 verba
461 1079 782 1121 exhortationis
824 1082 1016 1132 praecar-

183 1142 298 1178 runt:
343 1141 477 1188 atque
521 1148 602 1188 per
643 1135 730 1177 hoc
770 1135 933 1177 veritas
972 1135 1017 1176 in

171 1197 329 1234 ‘mente
349 1191 595 1244 suscipitur.

236 1247 289 1297 Rg.
322 1247 419 1289 Sint
445 1247 584 1289 lumbi
611 1247 750 1288 vestri
777 1247 1017 1299 praecincti,

184 1309 229 1346 et
264 1305 456 1345 lucernae
489 1303 696 1345 ardentes
733 1303 777 1344 in
814 1303 1018 1345 manibus

184 1360 361 1402 vestris.
375 1359 397 1382 *
414 1359 472 1401 Et
485 1372 565 1401 vos
586 1359 752 1401 similes
766 1358 1017 1401 hominibus

185 1416 549 1469 exspectantibus
600 1415 828 1457 dominum
879 1429 1018 1466 suum,

185 1473 363 1525 quando
399 1474 650 1514 revertatur
687 1485 713 1513 a
749 1472 928 1525 nuptiis.
967 1467 1017 1516 Y

184 1529 380 1581 Vigilate
417 1541 541 1580 ergo,
575 1529 679 1581 quia
713 1529 894 1570 nescitis
931 1542 1018 1580 qua

184 1585 295 1627 hora
314 1586 530 1626 Deminus
550 1590 698 1627 vester
716 1588 928 1627 ventarus
950 1585 1019 1626 sit.

185 1643 253 1683 Et.
291 1640 442 1683 Gloria
460 1642 592 1683 Patri.
629 1642 698 1683 Et.

487 1698 641 1737 Lectio
663 1697 716 1736 ix.

186 1750 352 1855 Hinc
370 1767 559 1807 namque
576 1753 743 1796 eisdem
757 1753 1018 1807 praedicate—

290 1810 411 1852 ribus
426 1812 563 1852 Isaias
584 1810 705 1852 dicit:
724 1810 883 1852 Parate
903 1810 1019 1851 viam

186 1867 382 1916 Demini‚
411 1872 555 1908 rectas
581 1866 712 1908 facite
737 1866 916 1907 semitas
935 1866 1019 1907 Dei

187 1923 337 1964 nostri.
391 1923 506 1964 Hinc
541 1923 642 1963 filiis
676 1922 910 1964 Psalmista
943 1923 1019 1964 ait:

185 1979 275 2020 Iter
304 1978 433 2021 facite
466 1979 521 2029 ei,
556 1979 631 2031 qui
659 1977 859 2020 ascendit
886 1991 1020 2031 super

187 2036 405 2075 occasum.
437 2036 579 2087 Super
603 2037 811 2076 occasum
829 2047 1019 2086 namque

185 2090 401 2132 Deminus
431 2090 645 2132 ascendit:
683 2091 785 2142 quia
824 2090 942 2132 unde
974 2091 1018 2131 in

186 2147 392 2199 passiene
421 2146 645 2196 occubuit,
678 2147 781 2188 inde
808 2147 1019 2198 majorem

186 2215 310 2244 suam
337 2203 521 2253 gloriam
550 2202 821 2254 resurgendo
842 2204 1018 2245 manife-

185 2258 330 2300 stavit.
386 2259 526 2311 Super
567 2261 774 2311 occasum
814 2259 1020 2302 videlicet

185 2313 398 2364 ascendit3
426 2315 529 2367 quia
556 2320 743 2356 mortem
769 2328 900 2367 quam
921 2317 1017 2367 per-

185 2370 301 2420 tulit,
320 2370 591 2421 resurgendo
611 2370 807 2412 calcavit.
839 2371 892 2411 Ei
912 2383 1018 2422 ergo

187 2426 262 2479 qui
290 2424 489 2469 ascendit
516 2439 650 2479 super
678 2429 900 2477 occasum,
935 2427 1019 2469 iter

185 2482 385 2533 facimus,
414 2495 515 2524 cum
533 2494 614 2524 nos
633 2483 723 2535 ejus
742 2483 929 2533 gloriam
947 2497 1018 2525 ve-

136 2579 139 2582 ,
186 2539 289 2580 stris
306 2539 528 2580 mentibus
547 2537 852 2591 praedicamus,
876 2544 926 2581 ut
944 2552 1019 2581 eas

186 2602 231 2639 et
256 2598 352 2650 ipse
384 2603 489 2650 post
515 2597 711 2647 veniens,
747 2610 829 2650 per
857 2599 1018 2639 ameris

186 2653 253 2694 sui
270 2653 553 2706 praesentiam
571 2653 771 2694 illustret.

239 2707 300 2751 Te
322 2709 466 2751 Deum
484 2708 727 2751 laudamus.
746 2710 803 2750 13.

373 201 440 233 1)ἰο
465 202 522 232 ζ-ἲι).
552 199 649 238 Maii.
684 202 719 232 S.
747 199 886 232 Felicis
913 199 936 231 1.
961 199 1053 240 l'ap.
1081 198 1213 231 31.-31.
1241 199 1276 231 S.

1302 197 1464 239 Ans-telae
1484 196 1654 230 Mericize
1680 197 1783 238 Yirg.

1333 292 1418 334 Die
1437 292 1508 333 30.
1526 291 1640 344 Maii.

1154 352 1198 393 S.
1216 351 1397 393 Felicis
1415 351 1452 392 1.
1471 352 1605 403 Papae
1625 356 1669 392 et
1687 350 1812 392 Mart.

1126 412 1190 452 Ad
1221 413 1452 463 Vesperas.
1484 413 1579 452 Ant.
1610 412 1696 453 Iste
1720 417 1899 454 sanctus

1067 481 1149 521 pro
1169 469 1266 521 lege
1285 469 1370 510 Dei
1393 468 1461 510 sui
1479 467 1664 510 certavit
1683 481 1824 520 usque
1843 468 1900 510 ad

1067 532 1268 575 mortem,
1286 531 1330 568 et
1349 538 1375 567 a
1393 525 1541 567 verbis
1558 523 1794 576 impierum
1811 537 1900 566 non

1067 583 1226 624 timuit:
1258 582 1468 624 fundatus
1499 581 1616 623 enim
1644 585 1739 623 erat
1766 593 1901 635 supra

1067 638 1239 680 firmam
1257 644 1441 692 petram.

1124 692 1173 743 Y.
1208 695 1363 737 G16ria
1395 699 1440 737 et
1469 694 1639 737 honore
1677 694 1900 737 coronasti

1069 764 1169 792 eum
1210 752 1410 794 Demine.
1459 752 1507 803 R·
1533 751 1592 794 Et
1632 750 1900 794 constituisti

1068 819 1168 849 eum
1187 821 1320 861 super
1340 811 1478 861 opera
1493 809 1701 850 manuum
1714 809 1900 849 tuarum.

1410 869 1574 909 Oratio.

1114 924 1398 967 nfirmitatem
1429 930 1629 968 nostram
1655 923 1829 978 respice
1857 937 1900 966 0-

1119 983 1371 1034 mnipotens
1387 982 1522 1023 Deus:
1541 987 1586 1024 et
1601 981 1708 1035 quia
1725 980 1902 1034 pondus

1068 1038 1263 1090 propriae
1283 1038 1468 1080 actienis
1489 1043 1660 1089 gravat,
1683 1037 1804 1079 beati
1821 1038 1900 1079 Fe-

1068 1093 1163 1135 licis
1189 1093 1395 1147 Martyris
1420 1095 1485 1136 tui
1515 1100 1648 1147 atque
1672 1094 1902 1136 Pontificis

1068 1149 1326 1192 intercessio
1355 1151 1548 1202 gloriesa
1575 1164 1658 1192 nos
1685 1153 1904 1204 pretegat.

1069 1206 1154 1248 Per
1170 1207 1419 1250 Deminum.

1373 1265 1525 1305 Lectio
1546 1264 1601 1304 iii.

1082 1335 1103 1414 1,
1126 1353 1130 1366 ,.
1159 1323 1246 1365 elix
1266 1324 1509 1374 Romanus,
1534 1327 1663 1376 patre
1688 1323 1900 1366 Constan-

1174 1381 1250 1430 tio,
1264 1379 1504 1422 Aureliano
1519 1380 1788 1432 imperatere
1798 1381 1903 1432 prae-

1070 1436 1151 1478 fuit
1175 1436 1398 1478 Ecclesiae.
1435 1436 1674 1478 Constituit
1696 1440 1746 1478 ut
1768 1435 1904 1478 Missa

1071 1506 1205 1546 supra
1223 1493 1459 1535 memorias
1478 1498 1522 1535 et
1541 1492 1776 1546 sepiilchra
1790 1493 1903 1534 Mar-

1071 1554 1217 1601 tyrum
1234 1549 1544 1591 celebraretur.
1573 1549 1774 1599 Quicum
1786 1561 1903 1590 men·

1071 1618 1119 1647 se
1147 1605 1384 1647 Decembri
1410 1605 1637 1648 habuisset
1666 1605 1902 1647 ordinatio-

1071 1675 1149 1703 nes
1175 1661 1304 1712 duas,
1333 1667 1377 1704 et
1400 1664 1596 1704 creasset
1618 1661 1904 1714 presbyteros

1071 1731 1247 1768 novem,
1267 1717 1481 1760 diaconos
1502 1718 1711 1771 quinque,
1736 1720 1904 1771 episco-

1071 1787 1155 1827 pos
1173 1787 1255 1827 per
1273 1773 1449 1816 diversa
1462 1774 1563 1816 loca
1577 1774 1782 1827 quinque,
1800 1787 1905 1816 mar-

1071 1831 1186 1883 tyrio
1207 1833 1462 1881 coronatus,
1487 1831 1559 1872 via
1578 1830 1760 1872 Aurelia
1780 1843 1904 1884 sepe-

1071 1886 1175 1928 litur
1194 1887 1238 1927 in
1256 1887 1439 1929 basilica
1460 1899 1592 1939 quam
1610 1900 1636 1928 a
1653 1900 1701 1929 se
1716 1886 1904 1929 aedifica-

1071 1948 1162 1984 tam
1182 1942 1420 1986 dedicarat.
1447 1944 1572 1985 Vixit
1586 1943 1630 1984 in
1643 1943 1905 1996 pontificatu

1072 2012 1209 2040 annos
1235 1999 1358 2050 duos,
1386 2012 1560 2041 menses
1581 2001 1783 2052 quatuor,
1809 1998 1905 2042 dies

1072 2055 1224 2106 viginti
1243 2069 1414 2098 novem.
1470 2057 1534 2098 Te
1553 2056 1708 2097 Deum.
1740 2057 1799 2098 13.

1125 2113 1196 2155 Ad
1222 2112 1406 2154 Laudes.
1443 2113 1541 2153 Ant.
1581 2112 1664 2161 Qui
1692 2112 1788 2154 odit
1816 2112 1904 2154 ani-

1072 2181 1189 2209 mam
1207 2181 1332 2209 suam
1351 2168 1395 2208 in
1414 2167 1500 2210 hoc
1514 2167 1692 2219 mundo,
1706 2169 1751 2209 in
1769 2169 1905 2211 vitam

1073 2226 1283 2266 aeternam
1303 2223 1499 2267 custodit
1519 2237 1626 2266 eam.

1127 2275 1175 2327 V.
1210 2281 1235 2321 J
1237 2285 1363 2322 ustus
1416 2286 1464 2322 ut
1517 2280 1666 2333 palma
1719 2281 1904 2324 florebit.

1072 2338 1124 2389 R.
1150 2337 1271 2378 Sicut
1311 2337 1468 2379 cedrus
1504 2336 1662 2378 Libani
1698 2337 1902 2390 multipli-

1073 2393 1255 2434 cabitur.

1341 2491 1425 2533 Die
1444 2492 1502 2532 31.
1522 2491 1634 2542 Maji.

1124 2557 1167 2598 S.
1185 2554 1394 2606 Angelae
1406 2553 1634 2654 &5321ae
1655 2548 1859 2599 Virginis.

1127 2667 1263 2701 Omnia
1289 2667 1336 2701 de
1361 2666 1564 2721 Communi
1587 2664 1792 2708 Virginum
1828 2665 1903 2710 [83]

1074 2720 1215 2757 practer
1240 2719 1451 2758 sequentia.
