2040 2976
165 217 242 253 408

552 215 623 249 Die
648 216 677 250 6.
703 215 808 250 Julii.
856 216 899 250 In
925 215 1071 250 Octava
1096 214 1153 249 Ss.
1178 213 1283 247 Petri
1308 217 1344 247 et
1367 212 1490 247 Pauli.

167 314 270 355 tatis
310 313 495 363 gloriam
532 315 873 365 consequamur:
917 313 1001 362 Qui

167 370 278 411 vivis
298 375 341 411 et
362 383 531 422 regnas.

217 429 265 463 Et
289 429 330 463 fit
354 439 551 463 commem.
576 430 741 473 praeced.

223 477 293 518 Ad
320 478 494 528 Magnis.
536 479 636 518 Ant.
680 479 759 520 Isti
791 483 892 520 sunt
920 478 1002 519 viri

168 536 324 586 sancti,
352 535 455 577 facti
475 535 605 576 amici
623 535 724 585 Dei,
751 534 911 577 divinae
931 547 1001 576 ve-

168 593 311 634 ritatis
344 592 571 645 praeconio
604 591 803 642 gloriesi:
841 592 1002 642 linguae

168 651 321 691 eorum
342 650 488 691 claves
509 649 610 691 coeli
628 649 757 690 factae
777 654 889 690 sunt.

218 700 269 752 V.
298 706 563 748 Sacerdotes
590 705 654 747 tui
678 705 916 746 induantur
944 706 1001 757 ju-

169 763 344 804 stitiam.
375 765 426 816 Rv.
452 763 508 804 Et
529 762 669 804 sancti
688 762 751 803 tui
771 762 1002 804 exsultent.

220 825 384 866 Oratio.
414 825 717 877 Omnipotens.
746 823 846 864 407.

220 891 284 924 Ad
313 890 559 932 Matutinum,
594 895 630 924 et
660 890 758 924 alias
783 889 929 931 Horas,
961 898 999 922 0-

167 939 271 972 mnia
308 939 487 973 dicuntur
521 939 567 973 de
603 938 748 973 Comm.
780 939 918 981 Apost.
954 936 1001 980 [4]

166 992 309 1030 praeter
333 997 439 1030 sequ.

219 1039 262 1073 In
296 1039 322 1073 Ι.
354 1039 553 1073 Nocturno
586 1039 790 1074 Lectiones
823 1038 869 1072 de
902 1037 1000 1072 Scri-

168 1092 279 1131 ptura
306 1092 539 1122 occurrente.
701 1129 706 1133 ‚

402 1155 451 1193 In
469 1154 520 1193 11.
540 1155 764 1195 Nocturno.

197 1219 349 1261 Sermo
377 1219 417 1260 S.
445 1219 469 1259 J
473 1218 626 1259 oannis
655 1217 972 1270 Chrysostomi.

367 1280 485 1323 Apud
508 1281 808 1325 Metaphrasten.

474 1334 627 1376 Lectio
648 1334 701 1375 iv.

299 1401 479 1429 uasnam
506 1388 651 1439 vobis,
685 1401 712 1429 o
738 1387 858 1430 beati
883 1389 1002 1441 Apo-

314 1445 432 1495 stoli,
459 1445 698 1487 referemus
718 1445 900 1496 gratias,
931 1445 1005 1497 qui

182 1512 185 1516 ’
208 1495 253 1526 “2
313 1507 485 1543 tantum
501 1515 584 1555 pro
600 1501 728 1543 nobis
743 1500 1003 1543 laborastis?

170 1559 349 1600 Memini
376 1559 441 1600 tui
467 1559 616 1609 Petre,
645 1564 689 1600 et
719 1558 1004 1611 obstupesco:

169 1614 383 1657 recerdor
415 1616 479 1657 tui
512 1615 665 1666 Paule,
708 1621 752 1657 et
783 1615 1003 1657 excedens

169 1677 333 1722 mente,
368 1672 596 1725 Opprimor
627 1672 833 1713 lacrimis.
888 1671 1003 1722 Quid

170 1728 286 1770 enim
313 1728 472 1778 dicam,
499 1734 574 1770 aut
601 1727 707 1780 quid
730 1729 904 1781 loquar,
933 1741 1003 1770 ve-

170 1790 284 1826 stras
305 1785 609 1838 contemplans
629 1785 907 1834 afflictiones,
932 1786 1003 1826 ne-

170 1841 274 1883 scio.
303 1842 422 1892 Quot
447 1844 648 1884 carceres
673 1841 1003 1883 sanctificastis?

170 1899 289 1948 Quot
306 1900 485 1940 catenas
501 1897 770 1940 decorastis?
791 1897 910 1949 Quot
924 1904 1005 1940 tor-

170 1957 317 1996 menta
328 1954 621 1997 sustinuistis?
638 1956 757 2006 Quot
770 1955 1004 1997 maledicta

169 2010 415 2053 tolerastis?
430 2012 667 2063 Quomodo
682 2012 903 2054 Christum
913 2025 1006 2065 por-

170 2068 319 2110 tastis?
340 2069 578 2119 Quemodo
598 2069 917 2123 praedicatione
937 2082 1004 2110 ec-

170 2125 327 2166 clesias
347 2126 627 2168 laetificastis?
647 2127 757 2168 Sunt
771 2126 1005 2168 benedicta

170 2187 330 2224 vestrae
367 2182 530 2233 linguae
567 2184 871 2225 instrumenta:
910 2185 1004 2224 san-

170 2239 302 2290 guine
328 2242 569 2292 conspersa
592 2246 694 2282 sunt
717 2239 916 2282 membra
936 2254 1005 2282 ve·

172 2301 263 2337 stra
282 2301 468 2348 propter
486 2297 743 2338 Ecclesiam.
770 2297 867 2339 Vos
886 2297 1004 2338 Chri-

172 2358 288 2394 stum
311 2353 469 2394 imitati
495 2354 601 2396 estis
629 2355 673 2395 in
699 2353 911 2395 omnibus.
954 2355 1005 2395 In

173 2422 349 2451 omnem
374 2415 539 2451 terram
563 2411 669 2452 exiit
687 2415 835 2452 vester
860 2424 1005 2461 sonus,

173 2471 217 2508 et
232 2466 531 2508 verba-vestra
545 2467 587 2507 in
603 2467 714 2508 fines
729 2467 850 2509 orbis
864 2472 1006 2509 terrae.

228 2524 279 2575 R.
299 2523 403 2564 Vidi
419 2524 676 2575 conjunctos
696 2523 826 2572 viros,
845 2523 1005 2565 haben-

173 2585 240 2621 tes
266 2579 521 2632 splendidas
549 2585 714 2628 vestes,
741 2584 785 2621 et
810 2580 1006 2632 Angelus

174 2636 350 2678 Demini
374 2635 549 2677 locutus
574 2642 640 2678 est
660 2635 717 2677 ad
740 2649 821 2686 me,
841 2636 1006 2678 dicens:

176 2694 198 2717 *
229 2693 308 2734 Isti
337 2697 437 2734 sunt
465 2692 547 2733 viri
577 2693 715 2733 sancti
749 2693 851 2734 facti
879 2694 1006 2735 amici

173 2750 268 2792 Dei.
305 2744 355 2796 V.
376 2749 481 2791 Vidi
499 2749 719 2800 Angelum
734 2750 817 2791 Dei
836 2749 1006 2800 fortem,

260 1392 286 1408 -ῑ-

177 1402 191 1424 ,ν
208 1394 211 1395 ’
230 1409 256 1426 ν»,
281 1409 287 1414 ‹

1055 312 1276 353 volantem
1291 324 1371 364 per
1386 310 1580 353 medium
1595 312 1766 362 coelum,
1777 325 1887 354 voce

1054 381 1211 419 magna
1223 368 1484 410 clamantem
1497 373 1540 410 et
1552 368 1780 411 dicentem.
1797 370 1886 412 Isti.

1366 426 1518 467 Lectio
1539 439 1575 464 V.

1135 480 1301 523 audeas
1319 482 1461 533 Petre,
1482 482 1552 524 cui
1571 482 1723 524 datum
1742 487 1820 533 est,
1839 488 1887 524 ut

1159 538 1277 589 ligno
1307 539 1449 580 crucis
1479 539 1642 581 Christi
1671 540 1887 581 fruereris.

1055 596 1111 636 Et
1137 594 1193 636 ad
1218 596 1417 646 magistri
1442 595 1620 648 quidem
1644 595 1887 638 similitudi-

1054 665 1154 693 nem
1187 651 1364 693 voluisti
1397 652 1611 704 crucifigi,
1642 665 1731 694 non
1763 658 1887 694 recta

1056 708 1234 760 quidem
1258 708 1415 759 figura,
1440 714 1490 751 ut
1514 709 1715 751 Christus
1737 709 1886 750 Demi-

1055 778 1153 814 nus,
1188 765 1268 807 sed
1302 765 1447 818 capite
1479 766 1523 807 in
1554 771 1718 808 terram
1745 778 1887 816 verso,

1055 827 1280 874 tamquam
1318 823 1394 875 qui
1429 836 1455 864 a
1491 828 1610 865 terra
1645 823 1689 864 in
1726 823 1887 865 coelum

1055 878 1138 920 iter
1164 879 1344 920 faceres.
1382 879 1510 922 Beati
1536 880 1664 927 clavi,
1692 880 1767 933 qui
1792 892 1887 920 san-

1056 940 1127 977 cta
1154 935 1228 977 illa
1254 936 1453 978 membra
1479 939 1777 990 penetrarunt.
1819 937 1889 978 Tu

1057 1005 1156 1034 cum
1189 993 1307 1034 omni
1343 993 1506 1035 fiducia
1538 994 1581 1034 in
1613 1005 1769 1035 manus
1800 993 1888 1035 Do-

1056 1049 1160 1089 mini
1189 1049 1378 1091 animam
1405 1050 1644 1101 tradidisti,
1682 1050 1757 1103 qui
1784 1053 1888 1091 assi-

1057 1104 1142 1147 due
1180 1106 1221 1148 ei
1258 1111 1302 1148 et
1338 1107 1430 1159 ejus
1463 1120 1641 1160 sponsae
1674 1106 1889 1148 Ecclesiae

1058 1163 1242 1213 servisti,
1264 1163 1338 1216 qui
1358 1163 1543 1206 ferventi
1563 1164 1721 1217 spiritu
1739 1163 1888 1205 Domi-

1056 1233 1161 1260 num
1200 1219 1391 1261 dilexisti
1424 1221 1619 1262 emnium
1650 1220 1888 1274 Apostolo-

1056 1288 1152 1317 rum
1170 1274 1463 1318 fidelissimus.

1111 1336 1161 1387 Κ.
1179 1333 1307 1375 Beati
1326 1334 1441 1384 estis,
1466 1346 1565 1375 cum
1583 1333 1891 1376 maledixerint

1057 1389 1184 1431 vobis
1220 1389 1436 1440 hemines,
1475 1395 1520 1432 et
1556 1391 1778 1443 persecuti
1809 1404 1890 1433 vos

1056 1446 1234 1497 fuerint,
1269 1452 1313 1489 et
1346 1446 1536 1489 dixerint
1565 1460 1694 1489 omne
1725 1448 1891 1490 malum

1057 1503 1293 1545 adversum
1312 1517 1404 1555 vos,
1418 1505 1690 1555 mentientes,
1704 1509 1891 1558 propter

1056 1573 1140 1601 me:
1168 1562 1190 1584 *
1214 1560 1426 1611 Gaudete,
1451 1566 1496 1603 et
1527 1561 1755 1611 exsultate,
1783 1563 1888 1613 quo-

1056 1617 1173 1658 niam
1198 1630 1368 1659 merces
1386 1622 1534 1659 vestra
1554 1618 1736 1671 copiosa
1761 1623 1827 1660 est
1846 1618 1890 1658 in

1057 1673 1192 1715 coelis.
1229 1669 1278 1721 XV.
1309 1674 1419 1715 Cum
1443 1687 1524 1717 vos
1554 1674 1727 1717 oderint
1754 1674 1890 1717 homi-

1056 1743 1145 1780 nes,
1161 1736 1204 1772 et
1220 1744 1319 1772 cum
1334 1732 1638 1784 separaverint
1652 1744 1744 1782 vos,
1760 1736 1804 1774 et
1819 1744 1890 1774 ex-

1056 1787 1367 1840 probraverint
1409 1794 1453 1830 et
1490 1789 1696 1841 ejecerint
1731 1801 1890 1830 nomen

1058 1850 1250 1886 vestrum
1275 1850 1501 1898 tamquam
1520 1845 1683 1887 malum
1706 1849 1891 1898 propter

1058 1901 1216 1942 Filium
1237 1901 1438 1943 hominis.
1467 1902 1680 1945 Gaudete.

1364 1959 1517 2000 Lectio
1538 1959 1590 1997 vi.

1062 2011 1305 2119 Gaudeas
1333 2020 1377 2058 et
1403 2020 1451 2057 tu
1478 2015 1608 2058 beate
1635 2015 1786 2066 Paule,
1821 2015 1892 2057 cui

1172 2077 1305 2125 caput
1330 2072 1411 2114 fuit
1436 2071 1585 2123 gladio
1606 2074 1891 2125 amputatum,

1059 2129 1180 2180 cujus
1210 2129 1395 2170 virtutes
1423 2128 1554 2170 nullis
1579 2128 1727 2170 verbis
1756 2128 1890 2182 expli-

1059 2185 1150 2226 cari
1166 2190 1362 2238 possunt.
1388 2185 1600 2235 Quisnam
1614 2185 1787 2237 gladius
1803 2198 1892 2226 san·

1059 2247 1179 2284 ctum
1196 2246 1346 2293 guttur
1366 2247 1491 2284 tuum
1510 2242 1722 2295 pervasit,
1741 2242 1890 2284 Domi-

1059 2298 1892 2351 nicum,inquam,instrumentum,quod

1060 2368 1085 2397 a
1110 2355 1225 2397 coelo
1251 2355 1437 2397 habetur
1455 2356 1499 2396 in
1519 2354 1824 2406 admiratione,
1848 2360 1893 2397 et

1061 2411 1181 2464 quod
1199 2417 1316 2454 terra
1335 2411 1583 2454 reveretur?
1605 2413 1815 2463 Quisnam
1829 2411 1891 2453 lo-

1060 2481 1137 2510 cus
1152 2473 1276 2510 tuum
1291 2469 1547 2520 sanguinem
1563 2469 1748 2522 excepit,
1766 2467 1892 2510 lactis

1060 2525 1208 2578 specie
1227 2525 1271 2566 in
1291 2527 1382 2578 ejus
1408 2525 1481 2578 qui
1502 2531 1546 2567 te
1566 2524 1799 2578 percussit,
1825 2527 1891 2566 tu-

1060 2583 1157 2623 nica
1183 2581 1494 2635 apparentem?
1525 2582 1600 2634 qui
1629 2582 1818 2622 animam
1845 2580 1891 2622 il·

1060 2638 1143 2680 lius
1166 2638 1344 2680 barbari
1367 2651 1501 2690 supra
1522 2637 1704 2679 modum
1727 2635 1891 2678 dulcio-

1060 2708 1153 2735 rem
1177 2693 1387 2744 reddens,
1415 2693 1592 2735 fidelem
1620 2693 1766 2735 effecit
1793 2706 1891 2734 cum

1061 2751 1203 2792 sociis.
1231 2750 1297 2792 Sit
1314 2750 1421 2791 mihi
1438 2749 1611 2802 gladius
1629 2749 1702 2791 ille
1721 2762 1803 2802 pro
1822 2762 1892 2791 co-
