2040 2976
196 207 265 244 258

501 308 653 348 Lectio
672 308 726 348 iii.

197 368 352 473 Esto
371 367 522 409 firmus
546 369 590 410 in
609 369 679 410 via
698 368 893 417 Domini,
919 373 963 410 et
982 369 1025 408 in

287 425 473 467 veritate
498 437 652 466 sensus
677 425 741 466 tui
766 430 810 466 et
833 424 1025 474 seientia,

196 486 240 522 et
260 483 557 533 prosequatur
575 487 619 523 te
638 481 823 523 verbum
841 481 963 534 pacis
983 486 1026 522 et

194 537 380 589 justitiae.
435 538 544 580 Esto
579 540 833 579 mansuetus
868 537 925 579 ad
954 550 1024 578 au-

196 593 403 636 diendum
423 594 622 645 verbum,
651 600 699 636 ut
723 594 954 645 intelligas:
983 599 1026 635 et

196 664 295 692 cum
315 652 528 704 sapientia
545 652 746 705 proferas
765 653 1027 705 responsum

195 720 358 749 verum.
399 709 444 750 Si
472 714 539 751 est
566 709 645 751 tibi
671 708 933 758 intellectus,
962 722 1025 750 re-

195 763 367 817 sponde
405 765 622 818 preximo:
663 765 729 807 sin
766 771 927 815 autem,
969 765 1026 807 sit

194 834 350 863 manus
373 826 450 864 tua
472 835 606 876 super
633 835 683 864 os
708 827 850 872 tuum,
876 835 931 864 ne
958 835 1025 864 ca-

195 878 331 931 piaris
358 879 402 920 in
430 878 568 921 verbo
601 879 944 933 indisciplinato,
982 884 1026 922 et

196 935 489 977 confundaris.
546 937 702 978 Honor
735 942 778 978 et
810 936 950 988 gleria
981 936 1024 977 in

196 994 399 1034 sermene
429 994 609 1043 sensati,
637 993 785 1045 lin'gua
813 1005 919 1035 vero
948 993 1023 1034 im-

195 1049 425 1102 prudentis
474 1049 703 1092 subversio
753 1055 821 1092 est
876 1051 1024 1103 ipsius.

195 1105 297 1147 Non
322 1106 557 1160 appelleris
582 1110 781 1157 susurro,
809 1113 853 1150 et
878 1108 1024 1160 lingua

194 1166 269 1204 tua
287 1175 342 1204 ne
362 1163 559 1216 capiaris,
580 1168 624 1205 et
643 1163 938 1206 confundaris.

246 1225 297 1275 R.
322 1223 485 1266 Emitte
504 1224 704 1267 Domine.
722 1225 817 1267 252.

424 1310 472 1349 In
497 1310 546 1348 ΙΙ.
572 1310 796 1348 Nocturno.

195 1383 345 1423 Sermo
361 1383 501 1425 sancti
514 1383 538 1424 J
541 1385 694 1425 oannis
709 1384 1023 1438 Chrysostomi.

219 1450 356 1484 Homil.
374 1450 425 1483 22.
443 1449 482 1483 in
498 1449 527 1483 2.
547 1449 632 1484 Cor.
650 1449 705 1482 10.
725 1448 763 1481 in
778 1447 1001 1483 Moralibus.

496 1510 648 1551 Lectio
668 1510 721 1549 iv.

205 1601 210 1611 .
330 1597 354 1626 e
386 1585 536 1627 tardes
565 1587 762 1629 converti
789 1587 846 1630 ad
872 1588 1022 1630 Domi—

204 1652 206 1654 ·
226 1640 258 1698 >5
277 1641 294 1692 ’ἴς
346 1655 459 1691 num,
479 1647 523 1684 et
541 1655 595 1684 ne
617 1643 794 1686 differas
815 1644 870 1687 de
890 1644 961 1688 die
979 1646 1023 1687 in

347 1697 476 1740 diem:
504 1700 648 1742 nescis
675 1702 790 1743 enim
819 1701 925 1754 quid
949 1716 1022 1756 pa-

192 1753 330 1795 ritura
349 1755 406 1796 sit
425 1761 746 1809 superventura
767 1758 872 1800 dies.
906 1760 1022 1801 Peri-

194 1810 339 1852 culum
364 1812 478 1854 enim
502 1818 547 1855 et
571 1819 714 1856 metus
739 1820 805 1857 est
831 1816 875 1856 in
902 1815 1022 1859 diffe-

193 1866 345 1908 rendo:
372 1869 489 1911 salus
510 1883 616 1912 vero
641 1877 761 1913 certa
785 1886 836 1914 ac
856 1877 1022 1924 secura,

193 1923 230 1964 si
250 1924 368 1966 nulla
388 1926 444 1968 sit
464 1926 628 1969 dilatio.
652 1929 876 1972 Virtutem
890 1931 1022 1982 igitur

193 1980 304 2022 cole:
332 1983 394 2024 sic
418 1984 534 2025 enim
557 1985 660 2028 licet
678 1987 847 2039 juvenis
864 1989 1021 2030 moria·

192 2037 267 2087 ris,
295 2043 448 2082 secure
469 2040 738 2085 discesseris:
768 2044 889 2097 quod
909 2046 946 2087 si
965 2045 1022 2088 ad

193 2099 465 2138 senectutem
485 2100 747 2150 perveneris,
767 2113 867 2142 cum
885 2102 1023 2144 multa

192 2150 403 2194 facilitate
432 2159 475 2196 et
503 2155 621 2197 nulla
647 2157 850 2200 molestia
879 2171 903 2200 e
931 2159 1022 2201 vita

193 2206 411 2260 discedes3
436 2209 742 2266 duplicemque
762 2214 945 2258 habebis
964 2216 1021 2258 fe-

194 2264 449 2318 stivitatem,
479 2273 522 2310 et
547 2270 666 2322 quod
690 2284 715 2312 a
734 2272 838 2314 vitae
855 2273 1022 2316 malitia

194 2321 472 2374 abstinueris,
501 2330 544 2367 et
573 2326 694 2379 quod
717 2329 925 2371 virtutem
951 2343 1021 2372 co-

193 2378 338 2423 lueris.
396 2381 464 2422 Ne
511 2381 646 2424 dicas:
692 2384 787 2426 Erit
831 2391 1022 2439 tempus,

195 2435 371 2487 quando
422 2440 619 2481 converti
670 2440 834 2483 licebit:
888 2443 1022 2486 verba

195 2493 310 2534 enim
329 2493 426 2536 haec
438 2495 582 2537 Deum
601 2497 729 2539 valde
749 2500 1022 2552 exasperant.

244 2558 295 2608 Rv.
323 2556 392 2597 Da
410 2555 639 2607 mihi.‚253.

502 2629 654 2669 Lectio
676 2644 711 2669 v.

194 2681 323 2788 Cur
349 2703 467 2741 nam,
501 2704 599 2734 cum
627 2694 723 2746 ipse
750 2694 830 2737 tibi
859 2697 1022 2738 aeterna

283 2747 446 2790 saecula
464 2750 676 2802 promisit,
694 2755 742 2793 tu
756 2751 800 2792 in
815 2748 1022 2805 praesenti

819 213 1019 246 Dominica
1047 213 1087 247 V.
1114 213 1290 255 Augusti.

1079 302 1169 344 vita
1192 301 1398 345 laborare
1421 316 1511 346 non
1535 304 1619 355 vis,
1648 318 1747 358 quae
1772 319 1911 359 parva

1081 364 1124 401 et
1149 362 1458 402 momentanea
1486 366 1570 412 est3
1598 361 1678 404 sed
1702 363 1766 405 sic
1791 363 1908 415 igna-

1080 429 1160 456 vus
1185 428 1237 457 ac
1263 415 1506 459 dissolutus
1531 419 1643 469 agis,
1677 420 1803 472 quasi
1827 419 1911 463 hac

1079 471 1329 514 breviorem
1355 473 1486 515 aliam
1512 474 1749 527 quamdam
1771 476 1910 529 inqui·

1079 527 1173 570 ras?
1205 529 1366 571 Nonne
1388 530 1475 572 illae
1501 531 1769 583 quotidianae
1795 546 1910 575 com·

1080 586 1334 637 essationes,
1353 599 1498 630 nonne
1511 587 1598 630 illae
1614 601 1792 640 mensae,
1805 603 1910 632 non-

1078 654 1133 683 ne
1161 648 1309 685 scorta
1334 643 1426 694 illa,
1458 657 1603 687 nonne
1627 645 1803 688 theatra
1825 646 1910 698 ina,

1078 711 1222 741 nonne
1248 699 1413 742 divitiae
1438 701 1526 743 illae
1550 705 1769 744 testantur
1792 703 1910 746 inex-

1077 755 1285 808 plebilem
1296 757 1474 800 malitiae
1486 758 1910 813 concupiscentiam?

1080 812 1237 864 Cogita
1255 813 1385 865 bene,
1413 815 1533 867 quod
1553 817 1726 869 quoties
1746 819 1911 860 scorta-

1077 873 1148 910 tus
1163 882 1222 918 es,
1241 871 1373 913 teties
1389 871 1693 915 condemnasti
1706 876 1911 927 teipsum:

1077 929 1313 978 peccatum
1345 929 1460 969 enim
1496 929 1558 971 ita
1589 942 1637 971 se
1668 929 1820 982 habet,
1862 935 1911 973 ut

1077 996 1182 1024 mox
1214 989 1347 1037 atque
1379 988 1603 1038 patratum
1635 987 1783 1038 fuerit,
1815 1000 1909 1030 sen-

1077 1041 1259 1082 tentiam
1276 1041 1390 1084 ferat
1408 1041 1550 1094 judex.

1132 1108 1183 1160 Rz.
1206 1106 1383 1149 Initium
1402 1108 1642 1160 sapientiae.
1660 1109 1754 1150 253.

1382 1206 1536 1248 Lectio
1557 1208 1609 1249 vi.

1080 1267 1348 1372 Inebriatus
1382 1277 1452 1320 es?
1490 1279 1633 1321 ventri
1664 1279 1908 1323 indulsisti?

1137 1333 1346 1387 rapuisti?
1371 1335 1476 1378 siste
1495 1336 1581 1387 jam
1599 1335 1798 1387 gradum:
1815 1350 1908 1380 ver-

1076 1395 1120 1432 te
1152 1395 1197 1432 te
1229 1391 1274 1432 in
1304 1391 1540 1433 diversum:
1572 1393 1783 1436 confitere
1810 1394 1908 1437 Deo

1076 1447 1278 1499 gratiam,
1308 1448 1429 1501 quod
1455 1462 1545 1491 non
1569 1449 1613 1490 in
1631 1450 1789 1492 mediis
1808 1463 1909 1504 pec-

1077 1505 1187 1546 catis
1215 1510 1260 1546 te
1288 1505 1484 1547 abstulit:
1517 1518 1572 1548 ne
1606 1520 1755 1560 quaere
1790 1507 1910 1550 aliud

1075 1561 1156 1603 tibi
1173 1563 1407 1614 prorogari
1424 1567 1599 1616 tempus
1614 1569 1662 1606 ut
1676 1565 1791 1607 male
1805 1578 1908 1619 ope-

1075 1619 1197 1660 reris.
1238 1619 1366 1660 Multi
1394 1617 1499 1661 dum
1527 1620 1642 1662 male
1671 1634 1722 1663 ac
1749 1621 1908 1665 vitiese

1075 1677 1292 1726 viverent,
1330 1675 1478 1718 subito
1509 1677 1750 1730 perierunt,
1790 1683 1833 1721 et
1864 1679 1909 1720 in

1074 1732 1909 1778 manifestamdamnationemabierunt:

1074 1790 1180 1832 time
1195 1802 1250 1831 ne
1264 1789 1382 1832 idem
1398 1790 1479 1832 tibi
1493 1790 1676 1834 accidat.
1697 1791 1787 1834 Sed
1800 1792 1908 1835 mul-

1074 1846 1146 1897 tis,
1165 1847 1326 1899 inquis,
1350 1847 1473 1889 dedit
1490 1847 1613 1890 Deus
1633 1849 1841 1901 spatium,
1860 1854 1908 1892 ut

1074 1904 1119 1944 in
1164 1904 1318 1946 ultima
1363 1906 1541 1947 senecta
1582 1905 1907 1948 confiterentur.

1075 1959 1192 2011 Quid
1210 1960 1364 2012 igitur?
1389 1960 1604 2014 numquid
1623 1967 1667 2004 et
1684 1961 1765 2005 tibi
1785 1961 1906 2005 dabi-

1073 2016 1166 2060 tur?
1201 2018 1411 2060 Fortasse
1443 2018 1581 2068 dabit,
1613 2019 1769 2071 inquis.
1820 2019 1907 2061 Cur

1075 2073 1195 2125 dicis,
1211 2074 1420 2117 fortasse?
1442 2075 1636 2127 Contigit
1650 2075 1905 2128 aliquoties?

1076 2131 1231 2183 Cogita
1264 2131 1383 2184 quod
1415 2131 1470 2174 de
1500 2132 1642 2174 anima
1671 2131 1907 2174 deliberas:

1074 2188 1261 2242 proinde
1281 2189 1412 2230 etiam
1433 2188 1490 2231 de
1508 2189 1729 2231 contrario
1750 2189 1906 2241 cegita‚

1075 2250 1119 2287 et
1153 2245 1238 2288 dic:
1272 2245 1388 2296 Quid
1413 2251 1582 2295 autem,
1616 2246 1654 2287 si
1685 2258 1774 2288 non
1809 2244 1905 2288 det?

1075 2301 1192 2353 Quid
1210 2307 1373 2353 autem,
1407 2303 1444 2344 si
1463 2301 1553 2353 det,
1585 2301 1752 2355 inquis?
1784 2302 1906 2354 Esto,

1075 2359 1151 2401 dat
1172 2358 1350 2412 quidem
1368 2359 1479 2412 ipse:
1500 2362 1801 2402 verumtamen
1820 2359 1906 2402 hoc

1074 2416 1150 2457 illo
1171 2416 1332 2458 certius
1352 2421 1396 2458 et
1415 2416 1575 2458 utilius.

1127 2485 1177 2536 Rg.
1203 2481 1402 2523 Verbum
1419 2482 1628 2534 iniquum.
1647 2482 1743 2523 254.
1815 2492 1819 2498 ·

1128 2555 1179 2605 Rg.
1200 2554 1268 2593 vii.
1295 2551 1484 2593 Domine
1503 2556 1641 2604 pater.
1661 2550 1764 2592 ibid.

1127 2623 1177 2674 Rg.
1199 2622 1280 2662 viii.
1309 2620 1409 2662 Duo
1428 2621 1668 2674 Seraphim.
1686 2621 1786 2662 ibid.
