2040 2976
774 218 985 251 Commune
1012 216 1231 250 Doctorum,

146 315 357 357 saeculum
383 327 472 356 non
501 314 729 356 delebitur.
779 313 883 355 Non
911 325 974 354 re-

146 372 274 414 cedet
293 371 507 413 memoria
527 371 629 423 ejus,
649 375 693 412 et
707 382 869 412 nomen
884 370 975 421 ejus

145 429 394 480 requiretur
417 442 444 470 a
466 427 752 479 generatione
779 427 824 467 in
848 438 975 478 gene-

145 485 373 526 ratienem.
404 483 677 538 Sapientiam
694 484 785 536 ejus
805 483 975 524 enarra-

145 541 256 583 bunt
277 546 444 592 gentes,
469 545 514 583 et
532 540 710 582 laudem
734 540 825 591 ejus
846 551 976 580 enun-

146 597 277 639 tiabit
295 597 505 639 Ecclesia.

277 669 363 709 Pro
392 669 586 710 Doctore
616 668 839 709 Pontifice.

199 730 250 782 R.
277 728 447 770 Juravit
468 727 696 769 Dominus.
724 726 806 779 [52]

218 799 304 839 Pro
332 800 529 840 Doctore
559 812 644 840 non
676 798 900 840 Pontifice.

198 860 249 911 R.
278 858 370 901 Iste
399 858 619 910 cognevit.
647 857 734 909 [70]

372 942 421 981 In
449 943 500 982 ΙΙ.
528 943 752 982 Nocturno.

148 1011 218 1051 Ex
235 1009 350 1051 libro
365 1010 600 1052 Moralium
619 1009 760 1051 sancti
775 1007 980 1058 Gregorii

490 1068 635 1120 Papae.

569 1132 874 1184 Lib.9.Cap.6.

156 1202 266 1265 fis
281 1197 326 1238 ui
343 1201 448 1250 post
467 1198 655 1240 Orionas
673 1195 882 1249 Hyadum
905 1197 980 1236 no-

156 1253 160 1279 ³
181 1247 238 1297 Ἀθ
273 1295 274 1300 ,
307 1254 434 1304 mine,
462 1254 548 1295 nisi
569 1254 790 1296 Doctores
815 1257 980 1294 sanctae

156 1309 237 1334 ἐκέ*
254 1303 274 1333 ’ἢ
306 1310 520 1352 Ecclesiae
543 1308 856 1362 designantur?
895 1309 981 1359 Qui

251 1133 404 1175 Lectio
426 1134 478 1173 iv,

151 1366 379 1408 subductis
397 1366 677 1419 Martyribus‚
698 1379 751 1408 60
771 1367 856 1418 jam
875 1366 981 1407 tem-

149 1435 261 1476 pore
284 1423 342 1465 ad
365 1423 518 1465 mundi
538 1423 738 1465 notitiam
755 1424 981 1472 venerunt,

151 1492 239 1532 quo
258 1479 371 1522 fides
390 1479 550 1522 clarius
568 1479 725 1530 elucet,
753 1484 796 1521 et
812 1480 980 1532 repres-

151 1549 200 1578 sa
226 1536 498 1578 infidelitatis
529 1536 693 1586 hieme,
737 1535 867 1577 altius
901 1548 982 1588 per

151 1592 289 1634 corda
314 1592 512 1635 fidelium
539 1593 607 1634 sol
632 1592 830 1634 veritatis
857 1592 981 1634 calet.

151 1650 236 1700 Qui
271 1651 443 1691 remeta
475 1651 742 1703 tempestate
777 1662 980 1702 persecu-

150 1706 296 1757 tionis,
326 1707 513 1760 expletis
535 1706 678 1759 longis
698 1706 902 1748 noctibus
921 1706 980 1747 in-

150 1762 397 1814 fidelitatis,
435 1768 541 1805 tunc
573 1768 737 1805 sanctae
769 1763 981 1804 Ecclesiae

153 1820 239 1862 orti
265 1825 377 1871 sunt,
413 1833 513 1862 cum
541 1821 582 1862 ei
609 1821 693 1873 jam
720 1833 802 1873 per
829 1819 981 1862 credu-

150 1876 286 1919 lita‘tis
313 1890 496 1920 vernum
514 1877 704 1919 lucidior
723 1890 862 1919 annus
882 1890 981 1930 ape-

151 1935 272 1975 ritur.

288 1994 374 2034 Pro
403 1990 599 2034 Doctore
624 1992 847 2033 Pontifiee.

206 2059 257 2111 R.
282 2053 436 2096 Inveni
452 2054 610 2106 David,
634 2068 810 2097 servum
826 2068 983 2106 meum,

155 2109 255 2152 oleo
279 2116 432 2153 sancto
457 2124 557 2154 meo
580 2112 686 2153 unxi
712 2125 827 2154 eum:
846 2115 869 2139 *
894 2112 983 2153 Ma-

153 2180 235 2208 nus
250 2167 366 2209 enim
379 2181 479 2210 mea
493 2168 775 2210 auxiliabitur
792 2169 842 2210 ei.
854 2164 905 2215 V.
916 2168 985 2210 Ni-

153 2223 214 2264 hil
232 2224 436 2277 proficiet
448 2224 649 2266 inimicus
664 2225 708 2266 in
724 2237 789 2275 eo,
810 2229 854 2266 et
868 2224 984 2266 filius

154 2280 396 2332 iniquitatis
414 2294 504 2323 non
522 2281 701 2324 nocebit
720 2282 771 2323 ei.
798 2282 965 2323 Manus.

232 2342 319 2383 Pro
344 2342 540 2383 Doctore
568 2355 655 2383 non
684 2342 907 2383 Pontifice.

196 2398 258 2450 R.
283 2396 534 2439 Honestum
561 2398 666 2440 fecit
692 2397 816 2440 illum
834 2398 984 2439 Domi-

154 2466 247 2503 nuS‚
273 2458 317 2495 et
336 2454 574 2496 custodivit
593 2467 694 2496 cum
713 2454 769 2496 ab
788 2455 984 2505 inimicis,

157 2514 200 2551 et
228 2523 254 2551 a
280 2510 587 2552 seductoribus
614 2511 774 2553 tutavit
799 2511 938 2553 illum:
962 2512 985 2537 *

156 2567 213 2608 Et
242 2566 365 2608 dedit
395 2567 457 2608 illi
486 2567 733 2609 claritatem
765 2570 987 2613 aeternam.

158 2619 208 2670 W.
239 2624 264 2664 J
266 2628 412 2665 ustum
445 2623 627 2666 deduxit
659 2624 876 2666 Dominus
907 2637 987 2677 per

157 2680 250 2776 {ias
269 2685 425 2779 Ἐξῒειε,
449 2685 494 2722 et
513 2681 706 2722 ostendit
723 2681 786 2722 illi
803 2694 987 2733 regnum

202 2749 252 2778 e1.
337 2768 346 2778 .

1341 311 1492 350 Lectio
1517 324 1549 348 v.

1124 381 1174 409 ec
1209 369 1428 409 immerito
1464 368 1686 410 Doctores
1723 368 1863 409 sancti

1132 424 1341 477 Hyadum
1355 425 1683 477 nuncupatione
1700 425 1863 476 signan-

1027 486 1109 523 tur.
1138 481 1298 522 Graeco
1319 482 1483 534 quippe
1504 481 1681 533 eloquio
1704 481 1862 534 hyetos

1028 538 1180 591 pluvia
1198 539 1398 579 vocatur:
1427 543 1471 580 et
1493 537 1676 590 Hyades
1702 551 1864 580 nomen

1029 608 1056 636 a
1088 594 1249 647 pluviis
1286 596 1575 647 acceperunt,
1617 595 1720 647 quia
1753 599 1864 636 ortae

1030 650 1186 704 procul
1207 650 1343 692 dubio
1363 650 1529 692 imbres
1548 651 1704 692 ferunt.
1741 651 1864 692 Bene

1031 720 1136 759 ergo
1150 707 1359 759 Hyadum
1377 707 1675 760 appellatione
1698 709 1866 760 expres-

1031 764 1069 805 si
1091 768 1208 814 sunt,
1238 764 1313 816 qui
1336 763 1393 805 ad
1418 769 1582 806 statum
1604 764 1865 806 universalis

1030 820 1255 870 Ecclesiae,
1282 821 1407 872 quasi
1428 821 1472 861 in
1493 820 1596 862 coeli
1614 820 1773 862 faciem
1793 820 1865 862 de-

1032 877 1171 927 ducti,
1208 889 1342 929 super
1370 878 1567 918 arentem
1597 881 1762 918 terram
1790 876 1864 918 hu-

1030 933 1150 974 mani
1174 933 1370 986 pectoris
1394 938 1561 975 sanctae
1584 933 1865 986 praedicatio-

1030 990 1099 1030 nis
1119 989 1284 1031 imbres
1304 989 1522 1031 fuderunt.
1549 989 1596 1030 Si
1618 990 1734 1031 enim
1754 1002 1866 1042 prae-

1034 1046 1268 1087 dicatienis
1290 1059 1436 1088 sermo
1458 1046 1610 1099 pluvia
1626 1059 1717 1088 non
1737 1051 1865 1096 esset,
1913 1055 1916 1079 ὲ

1032 1103 1211 1155 Moyses
1239 1102 1418 1144 minime
1450 1103 1655 1145 dixisset:
1699 1103 1866 1156 Exspe-
1914 1106 1916 1118 ¹

1034 1161 1177 1201 ctetur
1208 1159 1322 1201 sicut
1349 1159 1500 1212 pluvia
1528 1159 1754 1212 eloquium
1780 1173 1867 1201 me-

1033 1229 1123 1257 um:
1152 1221 1196 1258 et
1214 1218 1496 1269 nequaquam
1513 1230 1595 1270 per
1609 1217 1771 1258 Isaiam
1781 1217 1867 1258 Ve-

1032 1273 1141 1314 ritas
1180 1272 1365 1314 diceret:
1411 1273 1634 1315 Mandabo
1675 1273 1867 1315 nubibus

1033 1329 1163 1379 meis,
1203 1342 1258 1371 ne
1293 1329 1450 1382 pluant
1487 1343 1621 1384 super
1655 1343 1753 1371 eam
1789 1330 1865 1371 im-

1032 1385 1175 1434 brem:
1200 1390 1334 1438 atque
1353 1385 1448 1438 hoc,
1474 1386 1596 1438 quod
1612 1386 1747 1439 paulo
1765 1391 1868 1428 ante

1033 1442 1317 1495 protulimus:
1371 1443 1673 1493 Quamobrem
1722 1443 1867 1496 prohi-

1033 1498 1140 1540 bitae
1168 1503 1271 1541 sunt
1299 1499 1439 1541 stellae
1467 1500 1729 1552 pluviarum.

1173 1560 1256 1598 Pro
1286 1560 1482 1599 Doctore
1512 1558 1734 1598 l'ontifice.

1088 1616 1138 1667 K.
1170 1612 1306 1653 Posui
1334 1612 1602 1665 adjuterium
1630 1626 1764 1666 super
1791 1626 1866 1666 po-

1034 1669 1221 1717 tentem,
1268 1673 1312 1710 et
1351 1669 1543 1711 exaltavi
1583 1669 1771 1712 electum
1811 1670 1867 1712 de

1032 1724 1164 1777 plebe
1201 1737 1318 1766 mea:
1358 1730 1380 1753 *
1415 1726 1572 1767 Manus
1611 1727 1728 1768 enim
1768 1740 1867 1769 mea

1034 1780 1318 1823 auxiliabitur
1351 1783 1402 1824 ei.
1455 1778 1503 1830 V.
1533 1784 1688 1825 Inveni
1719 1783 1868 1825 David

1034 1850 1212 1879 servum
1242 1851 1406 1889 meum,
1445 1839 1544 1881 oleo
1578 1844 1733 1881 sancto
1765 1852 1866 1882 meo

1034 1894 1141 1935 unxi
1169 1907 1280 1936 eum.
1319 1895 1488 1937 Manus.

1107 1955 1193 1993 Pro
1224 1954 1418 1992 Doctore
1449 1965 1532 1991 non
1566 1950 1791 1992 Pontifice.

1091 2011 1141 2062 Rv.
1186 2005 1368 2048 Amavit
1410 2020 1511 2048 eum
1546 2008 1784 2059 Dominus,
1826 2013 1870 2050 et

1036 2063 1210 2104 ornavit
1230 2076 1344 2104 eum:
1373 2063 1533 2105 stolam
1551 2064 1706 2116 gloriae
1725 2064 1869 2107 induit

1037 2131 1153 2169 eum,
1179 2125 1200 2149 *
1224 2119 1283 2160 Et
1309 2119 1368 2161 ad
1393 2125 1547 2173 portas
1575 2121 1771 2174 paradisi
1799 2134 1869 2163 co-

1036 2174 1213 2216 ronavit
1241 2188 1352 2216 eum.
1394 2175 1442 2226 V.
1468 2177 1619 2220 Induit
1647 2190 1748 2220 eum
1775 2178 1870 2219 Dfis

1036 2231 1222 2273 loricam
1240 2231 1366 2283 fidei,
1394 2237 1438 2274 et
1463 2235 1638 2277 ornAvit
1663 2247 1775 2277 eum.
1802 2235 1870 2276 Et.

1339 2293 1494 2335 Lectio
1519 2294 1572 2334 vi.

1127 2357 1204 2386 um
1231 2358 1336 2398 ergo
1363 2346 1547 2399 Hyades
1575 2347 1677 2389 cuin
1706 2347 1870 2400 pluviis

1142 2402 1335 2452 veniunt,
1356 2402 1414 2444 ad
1429 2403 1532 2445 coeli
1548 2404 1693 2457 spatia
1712 2404 1871 2446 altiora

1039 2457 1108 2498 sol
1142 2457 1332 2499 ducitur:
1371 2460 1474 2512 quia
1507 2462 1750 2514 apparente
1782 2460 1870 2502 Do-

1039 2515 1214 2555 ctorum
1233 2515 1428 2566 scientia,
1448 2516 1554 2558 dum
1575 2530 1699 2558 mens
1719 2521 1872 2558 nostra

1038 2570 1181 2612 imbre
1231 2572 1564 2624 praedicationis
1615 2572 1871 2622 infunditur,

1038 2626 1145 2668 fidei
1186 2628 1307 2669 calor
1348 2631 1543 2681 augetur.
1596 2630 1654 2671 Et
1693 2629 1873 2681 perfusa

1039 2687 1159 2724 terra
1198 2684 1255 2726 ad
1296 2685 1489 2727 fructum
1528 2685 1727 2738 preficit,
1772 2697 1873 2726 cum

1038 2738 1187 2781 lumen
1214 2740 1393 2783 aetheris
1416 2742 1617 2793 ignescit:
1647 2741 1750 2794 quia
1767 2740 1872 2783 ube-
