2040 2976
520 212 592 246 Die
618 212 647 246 6.
674 212 771 254 Aug.
817 211 860 245 In
884 211 1242 253 Transfiguratione
1267 212 1311 244 Ι).
1338 211 1382 244 N.
1408 211 1440 244 J.
1467 211 1506 245 C.

209 312 309 352 Ant.
337 307 518 349 Thabor
546 312 590 349 et
613 307 813 349 Hermon
841 307 886 347 in
912 308 986 348 Πό-

156 365 272 406 mine
298 370 376 407 tuo
406 364 705 406 exsultabunt:
739 369 864 405 tuum
890 363 986 405 bra-

158 421 302 464 chium
322 434 422 463 cum
441 421 650 474 potentia.

210 480 310 521 Ant.
329 478 423 519 Lux
444 483 541 519 orta
561 483 628 519 est
646 478 773 530 justo,
793 482 838 519 et
856 476 987 518 rectis

157 533 293 576 corde
311 535 474 576 laetitia.

426 592 627 634 Psalmus
655 594 722 634 96.

158 647 422 753 Deminus
446 648 659 699 regnavit,
688 646 878 689 exsultet
903 652 986 688 ter-

266 718 330 746 ra:
349 706 372 731 '⁸¹
391 704 595 746 laetentur
613 704 768 746 insulae
786 703 949 745 multae.

208 761 372 812 Nubes,
388 766 432 803 et
451 761 591 812 caligo
611 762 656 802 in
676 761 861 803 circuitu
880 761 986 813 ejus:

157 819 180 843 *
199 819 377 870 justitia,
397 823 441 860 et
462 817 668 870 judicium
687 818 901 860 correctio
923 830 986 858 se-

159 874 226 917 dis
246 876 348 928 ejus.

209 932 327 983 Ignis
355 936 457 974 ante
484 931 629 984 ipsum
646 930 881 983 praecedet,
900 931 923 956 *
944 935 988 972 et

158 988 400 1030 inflaffiabit
413 988 458 1029 in
472 988 658 1031 circuitu
670 988 869 1029 inimicos
885 988 988 1040 ejus.

210 1044 453 1087 Illuxerunt
475 1045 648 1096 fulgura
672 1045 763 1096 ejus
787 1044 885 1086 orbi
904 1050 987 1086 ter-

159 1114 235 1143 rae:
260 1102 284 1127 *
307 1100 427 1153 vidit,
456 1106 500 1143 et
525 1103 745 1144 commeta
769 1106 837 1142 est
860 1106 988 1143 terra.

209 1158 399 1208 Montes,
432 1158 544 1200 sicut
578 1171 679 1200 cera
710 1158 930 1199 fluxerunt
964 1172 989 1200 a

156 1214 267 1256 facie
281 1215 382 1255 Dfli:
398 1215 421 1240 *
437 1228 463 1256 a
477 1215 587 1256 facie
601 1214 688 1255 Dfii
704 1215 844 1256 omnis
860 1220 987 1256 terra.

210 1271 592 1313 Annuntiaverunt
637 1270 738 1313 coeli
781 1271 989 1324 justitiam

158 1327 265 1378 ejus:
293 1327 317 1353 *
345 1332 389 1369 et
417 1327 621 1369 viderunt
650 1340 803 1370 omnes
834 1328 989 1381 pepuli

83 1394 88 1399 ·
107 1386 112 1394 '
156 1383 342 1434 gleriam
361 1385 463 1436 ejus.

211 1439 545 1482 Confundantur
586 1454 755 1492 omnes,
802 1442 876 1495 qui
917 1442 989 1484 ad-

159 1499 285 1538 erant
313 1498 547 1550 sculptilia:
575 1498 597 1523 *
628 1503 671 1540 et
700 1499 774 1551 qui
801 1499 988 1550 glorian-

156 1559 229 1597 tur
245 1554 289 1595 in
308 1554 554 1596 simulacris
577 1555 677 1596 suis.

207 1611 408 1653 Adorate
429 1624 529 1653 eum
545 1624 698 1653 omnes
710 1612 869 1663 Angeli
884 1613 989 1665 ejus:

157 1669 181 1694 ¹⁸¹
201 1668 379 1718 audivit,
399 1673 443 1711 et
461 1668 612 1711 laetata
631 1674 699 1711 est
717 1670 834 1711 Sion.

209 1725 266 1767 Et
298 1725 627 1769 exsultaverunt
659 1726 762 1768 ffliae
794 1727 818 1767 J
820 1726 938 1777 udae,
966 1727 990 1753 *

158 1787 342 1835 propter
360 1782 520 1834 judicia
538 1788 614 1825 tua
632 1783 838 1826 D6mine:

211 1839 430 1890 Qu6niam
442 1844 490 1881 tu
504 1840 720 1881 Deminus
735 1840 990 1882 Altissimus

158 1908 292 1949 super
316 1909 492 1938 omnem
515 1901 693 1939 terram:
718 1899 742 1924 *
766 1898 895 1939 nimis
920 1911 990 1939 ex-

159 1952 320 1995 altatus
340 1966 388 1995 es
408 1966 541 2006 super
561 1966 713 1996 omnes
734 1954 854 1996 deos.

212 2009 298 2059 Qui
342 2010 524 2062 diligitis
567 2012 823 2062 D6minum,
869 2011 990 2053 odite

158 2065 336 2108 malum:
367 2067 392 2093 *
424 2067 620 2110 custodit
650 2068 865 2109 Deminus
903 2068 990 2109 ani-

159 2134 254 2163 mas
279 2125 533 2165 sanct6rum
557 2127 754 2175 su6rum‚
778 2124 834 2166 de
859 2138 991 2166 manu

159 2180 407 2231 peccatdris
425 2180 630 2223 liberabit
649 2194 738 2223 eos

210 2235 308 2276 Lux
340 2241 438 2278 orta
470 2242 538 2279 est
569 2239 694 2290 justo,
726 2240 749 2263 *
783 2243 827 2280 et
857 2238 990 2280 rectis

160 2290 295 2334 corde
314 2291 476 2335 laetitia.

214 2349 448 2391 Laetamini
470 2351 571 2402 justi
594 2352 639 2392 in
663 2352 872 2394 Demino:
896 2353 920 2379 *
947 2357 991 2393 et

160 2407 429 2448 confitemini
474 2409 698 2450 memoriae
749 2409 991 2451 sanetifica-

161 2465 293 2506 tionis
313 2465 414 2516 ejus.

216 2521 316 2561 Ant.
336 2521 433 2562 Lux
451 2526 548 2563 orta
569 2526 636 2563 est
653 2522 778 2573 justo,
798 2528 842 2564 et
860 2523 991 2565 rectis

163 2578 298 2620 corde
316 2578 480 2620 laetitia.

213 2634 314 2675 Ant.
351 2634 683 2676 Confessic'mem
712 2641 755 2677 et
783 2635 991 2677 decerem

161 2690 317 2741 induit,
341 2694 525 2733 amictus
548 2691 711 2734 lumine
731 2693 844 2734 sieut
862 2693 990 2735 vesti-

160 2749 321 2790 mento.

1303 305 1502 346 Psalmus
1523 307 1615 346 103.

1127 363 1281 406 enedie
1309 364 1453 405 anima
1481 376 1580 405 mea
1611 363 1820 405 Deminoz
1851 364 1875 389 *

1135 421 1325 462 Domine
1342 421 1464 462 Deus
1483 432 1607 461 meus
1626 420 1874 472 magnifica-

1041 484 1112 520 tus
1132 491 1179 520 es
1198 476 1493 518 vehementer.

1095 538 1442 587 Confessic'mem,
1489 542 1532 579 et
1570 537 1777 579 decerem
1814 538 1874 578 in-

1042 595 1191 638 duisti:
1211 596 1234 622 *
1259 597 1445 636 amictus
1472 594 1635 635 lumine
1664 594 1778 635 sieut
1805 607 1876 636 ve-

1041 654 1263 695 stimentoz

1093 714 1349 756 Extendens
1374 713 1535 754 coelum
1559 713 1671 754 sicut
1696 713 1876 765 pellem:

1041 773 1064 798 *
1085 771 1160 824 qui
1178 771 1289 823 tegis
1309 770 1436 822 aquis
1457 769 1686 822 superiora
1706 770 1807 821 ejus.

1095 833 1179 883 Qui
1209 832 1336 885 ponis
1364 831 1527 873 nubem
1556 833 1788 872 ascensum
1812 835 1877 872 tu-

1041 904 1130 931 um:
1158 891 1181 915 *
1211 889 1286 942 qui
1320 889 1518 931 ambulas
1548 901 1681 941 super
1709 900 1877 940 pennas

1041 949 1286 989 ventorum.

1095 1004 1179 1055 Qui
1197 1004 1306 1045 facis
1326 1003 1523 1054 Angelos
1543 1008 1660 1053 tuos,
1681 1002 1877 1055 spiritus:

1041 1062 1065 1087 *
1082 1066 1125 1103 et
1143 1061 1369 1102 ministros
1388 1066 1488 1102 tuos
1504 1060 1651 1112 ignem
1665 1061 1878 1101 urentem.

1095 1123 1180 1174 Qui
1199 1121 1393 1164 fundasti
1412 1127 1577 1164 terram
1596 1134 1730 1174 super
1745 1120 1877 1162 stabi-

1041 1180 1211 1222 litatem
1231 1192 1369 1221 suam:
1384 1180 1407 1204 *
1425 1192 1513 1220 non
1532 1178 1813 1220 inclinabitur
1831 1177 1876 1218 in

1042 1237 1253 1279 saeculum
1273 1236 1434 1278 saeculi.

1094 1299 1306 1352 Abyssus
1322 1299 1435 1340 sicut
1447 1298 1759 1340 vestimentum
1775 1297 1876 1336 ami-

1043 1362 1140 1399 ctus
1167 1357 1271 1409 ejus:
1291 1356 1315 1382 *
1335 1369 1468 1408 super
1495 1360 1670 1397 montes
1699 1352 1878 1395 stabunt

1043 1427 1182 1468 aquae,

1094 1470 1166 1512 Ab
1186 1470 1487 1523 increpaticfine
1510 1474 1586 1511 tua
1605 1468 1788 1519 fugient:
1808 1467 1832 1494 *
1852 1479 1878 1508 a

1042 1540 1152 1569 voce
1170 1527 1353 1569 tonitrui
1372 1526 1436 1568 tui
1455 1524 1768 1567 formidabunt.

1095 1587 1355 1630 Ascendunt
1391 1592 1581 1629 montes:
1618 1591 1662 1628 et
1700 1585 1878 1627 descen-

1043 1646 1153 1688 dunt
1172 1646 1317 1698 campi
1336 1645 1359 1671 *
1378 1645 1423 1685 in
1441 1645 1605 1694 locum,
1635 1655 1766 1695 quem
1785 1642 1876 1683 fun-

1044 1702 1159 1745 dasti
1179 1703 1253 1744 eis.

1095 1761 1351 1802 Terminum
1382 1758 1592 1812 posuisti,
1626 1769 1757 1809 quem
1789 1769 1878 1797 non
1925 1754 1928 1784 ἶ

1043 1817 1437 1869 transgredientur:
1465 1816 1488 1841 *
1517 1827 1661 1866 neque
1699 1826 1878 1855 conver-

1043 1878 1190 1917 tentur
1210 1876 1386 1928 operire
1404 1878 1579 1915 terram.

1097 1937 1181 1987 Qui
1222 1935 1385 1978 emittis
1420 1934 1564 1975 fontes
1596 1933 1639 1973 in
1673 1931 1878 1973 convalli-

1044 1994 1142 2037 bus:
1162 1994 1185 2019 *
1203 1993 1317 2034 inter
1335 1990 1530 2032 medium
1549 1989 1765 2031 m6ntium
1783 2001 1879 2041 per-

1044 2050 1292 2093 transibunt
1311 2061 1451 2100 aquae.

1098 2111 1321 2154 Potabunt
1355 2121 1507 2151 omnes
1535 2107 1691 2150 bestiae
1720 2107 1828 2158 agri:
1855 2107 1878 2132 *

1046 2167 1367 2221 exspectabunt
1388 2165 1540 2217 (magri
1558 2165 1603 2205 in
1622 2164 1694 2206 siti
1713 2177 1803 2205 sua.

1097 2230 1238 2283 Super
1268 2242 1319 2271 ea
1350 2227 1555 2270 volucres
1581 2225 1684 2268 coeli
1711 2224 1878 2267 habita-

1045 2287 1168 2329 bunt:
1183 2289 1206 2314 *
1225 2285 1280 2328 de
1298 2284 1445 2327 medio
1465 2285 1692 2337 petrarum
1712 2281 1879 2324 dabunt

1045 2356 1191 2386 voces.
1605 2350 1625 2371 -‘

1098 2401 1263 2452 Rigans
1290 2403 1464 2440 montes
1493 2394 1877 2449 de-superioribus

1045 2458 1152 2499 suis:
1181 2459 1205 2484 ¹⁸¹
1233 2456 1289 2498 de
1316 2456 1461 2497 fructu
1489 2457 1674 2507 Operum
1701 2455 1878 2495 tuorum

1045 2514 1276 2556 satiabitur
1295 2518 1428 2555 terra:

1096 2575 1352 2617 Producens
1372 2574 1538 2616 foenum
1556 2571 1770 2625 jumentis,
1789 2570 1813 2595 *
1834 2574 1877 2611 et

1043 2631 1226 2674 herbam
1245 2630 1446 2685 servituti
1464 2629 1704 2671 h6minum:

1096 2693 1156 2735 Ut
1182 2692 1346 2734 educas
1371 2704 1531 2745 panem
1557 2690 1612 2732 de
1637 2695 1770 2731 terra:
1789 2689 1813 2715 *
1832 2691 1877 2728 et

1043 2750 1192 2792 vinum
1210 2749 1407 2791 laetifieet
1427 2761 1504 2790 cor
1522 2745 1727 2788 h6minis:
