2040 2976
690 209 760 243 Die
790 210 836 242 16.
861 209 967 243 Julii.
1014 209 1217 252 Triumphi
1243 210 1278 243 S.
1305 210 1451 244 Crucis,

211 307 426 359 praeclara
465 308 651 349 victoria
696 309 922 361 appellata
967 316 1044 360 est,

211 364 392 406 obtenta
413 364 585 406 decimo
607 365 797 417 septimo
816 366 1044 408 Kalendas

210 421 401 472 Augusti
443 434 557 463 anno
594 422 775 463 Domini
809 423 1043 465 millesimo

210 477 513 520 ducentesimo
534 478 812 521 duodecimo.

262 538 311 588 Rz.
331 535 474 576 Tuam
494 535 680 577 Crucem
701 535 938 579 adoramus
955 538 1043 579 Do-

209 591 340 641 mine,
377 597 498 634 tuam
535 592 774 644 gloriosam
806 594 1043 636 recolimus

210 649 485 700 passionemz.
503 652 525 675 *
555 650 766 692 Miserere
791 651 938 701 nobis,
969 651 1043 703 qui

209 718 367 757 passus
387 719 435 748 es
454 719 536 759 pro
556 707 696 749 nobis.
722 707 773 754 V.
790 707 1043 750 Adoramus

209 767 253 803 te
292 762 481 813 Christe,
523 769 567 806 et
604 764 907 806 benedicimus
946 764 1042 806 tibi:

209 819 311 871 quia
343 832 424 872 per
454 821 641 863 Crucem
667 826 789 862 tuam
816 821 1043 863 redemisti

207 876 428 918 mundum.
465 877 686 920 Miserere.
728 878 883 920 Gloria
910 878 1042 920 Patri.

207 932 429 975 Miserere.

432 1015 482 1053 In
501 1015 571 1053 III.
592 1015 816 1055 Nocturno.

264 1080 360 1121 Ant.
416 1081 453 1121 O
493 1078 610 1120 Crux
649 1077 896 1129 benedicta,
942 1093 1040 1132 quae

208 1133 303 1174 sola
335 1133 454 1175 fuisti
491 1134 624 1186 digna
656 1138 837 1188 portare
871 1136 1041 1188 Regem

207 1189 420 1231 coelorum
441 1195 485 1232 et
504 1191 752 1233 Dominum.

257 1251 403 1343 Psal[mi
420 1256 461 1285 ut
479 1252 517 1285 in
536 1252 598 1286 111.
613 1253 812 1288 Nocturno
832 1254 878 1288 de
894 1255 1038 1290 Comm.

207 1300 310 1343 Yirg.
353 1300 410 1344 91]

263 1354 360 1394 Ant.
402 1354 495 1394 Hoc
523 1352 695 1404 signum
725 1353 877 1395 Crucis
907 1367 1039 1407 appa-

207 1408 321 1450 rebit
355 1409 399 1449 in
435 1409 567 1459 coelo,
602 1423 702 1451 cum
734 1410 950 1452 Dominus
984 1410 1040 1453 ad

207 1464 488 1517 judicandum
508 1467 687 1509 venerit.

260 1526 358 1566 Ant.
399 1525 538 1577 Super
567 1524 714 1566 omnia
740 1524 858 1575 ligna
887 1523 1038 1567 cedro-

207 1593 304 1621 rum
327 1585 375 1622 tu
399 1581 493 1622 sola
513 1581 746 1631 excelsior,
775 1582 818 1622 in
845 1595 930 1634 qua
950 1582 1040 1624 vita

206 1637 436 1689 pependit,
468 1639 511 1679 in
545 1651 631 1691 qua
661 1638 863 1680 Christus
891 1639 1039 1680 trium-

206 1693 376 1746 phavit,
405 1701 449 1736 et
467 1708 587 1737 mors
606 1701 795 1737 mortem
814 1697 1040 1748 superavit

206 1750 248 1791 in
268 1753 490 1793 aetemum.

259 1804 309 1856 V.
349 1809 501 1850 Omnis
539 1814 659 1850 terra
698 1809 855 1851 adoret
891 1814 953 1859 te,
995 1814 1039 1852 et

205 1865 366 1916 psallat
384 1865 475 1907 tibi.
511 1866 562 1918 R.
584 1866 808 1907 Psalmum
828 1866 945 1908 dicat
963 1869 1037 1908 no-

205 1922 310 1962 mini
329 1927 406 1964 tuo
426 1923 628 1965 Domine.

210 1996 361 2038 Lectio
383 1997 523 2039 sancti
541 1996 769 2049 Evangelii
794 1997 1037 2039 secundum

532 2054 709 2095 Lucam.

284 2112 436 2153 Lectio
458 2113 527 2153 vii.
732 2114 836 2166 Cap.
851 2115 908 2154 21.
925 2127 959 2155 c.

203 2165 280 2272 In
314 2170 388 2212 illo
419 2173 634 2225 tempore:
669 2173 792 2215 Dixit
818 2174 947 2215 Jesus
977 2172 1037 2216 di-

283 2228 462 2280 scipulis
504 2229 609 2270 suis:
660 2230 769 2272 Cum
809 2230 1036 2273 audieritis

203 2284 369 2337 praelia,
388 2289 432 2326 et
448 2285 697 2336 seditiones,
716 2286 851 2328 nolite
866 2288 1036 2329 terreri:

204 2343 382 2394 oportet
397 2343 586 2394 primum
602 2342 699 2385 haec
714 2343 821 2393 fieri,
836 2343 916 2386 sed
930 2357 1034 2386 non-

203 2396 309 2439 dum
329 2398 477 2440 statim
495 2398 606 2440 finis.
633 2400 690 2441 Et
708 2400 889 2453 reliqua.

256 2467 443 2510 Homilia
462 2469 603 2511 sancti
623 2469 827 2522 Gregorii
845 2471 990 2524 Papae.

390 2533 530 2567 11011111.
547 2534 598 2567 3).
620 2534 657 2567 in
675 2534 730 2568 Ev
734 2537 856 2577 angel

244 2583 508 2639 'Nominus
527 2595 579 2623 ac
594 2582 870 2636 Redemptor
883 2589 1035 2626 noster

240 2635 283 2691 ἐς
322 2651 326 2675 2
351 2639 536 2692 1131111111
552 2639 702 2681 mundi
721 2641 1035 2692 praecurrentia

214 2693 215 2698 ’
244 2704 248 2706 “
271 2692 325 2717 *Α
350 2695 465 2737 111313
485 2695 729 2746 denuntiat,
750 2701 798 2737 ut
818 2709 871 2737 eo
891 2697 1032 2738 minus

200 2751 460 2803 perturbent
488 2752 720 2803 venientia,
755 2765 842 2805 quo
871 2753 1033 2795 fuerint

1098 310 1314 362 praescita.
1350 307 1495 349 Minus
1525 307 1640 349 enim
1667 307 1807 359 1331113
1833 309 1929 351 feri-

1098 371 1185 416 unt,
1207 378 1306 418 quae
1323 363 1640 418 praevidentur:
1659 369 1704 407 et
1721 377 1804 407 nos
1821 365 1929 408 tole-

1097 422 1277 464 rabilius
1292 420 1444 463 mundi
1461 420 1578 462 mala
1596 421 1872 475 suscipimus,
1893 422 1930 463 si

1097 483 1252 521 contra
1284 478 1381 519 haec
1414 490 1495 530 per
1525 478 1816 530 praescientiae
1845 478 1930 532 cly-

1096 548 1230 588 peum
1254 537 1485 576 munimur.
1521 534 1639 576 Ecce
1666 534 1783 576 enim
1808 534 1930 578 dicit:

1097 592 1208 634 Cum
1239 591 1468 633 audieritis
1495 591 1650 644 praelia
1678 596 1722 633 et
1750 590 1929 634 seditio-

1095 662 1191 699 nes,
1226 649 1363 690 nolite
1396 648 1568 690 terreri:
1606 650 1786 702 oportet
1814 649 1931 690 enim

1095 706 1285 758 primum
1325 705 1422 747 haec
1461 705 1573 755 fieri,
1615 705 1696 747 sed
1732 705 1929 748 nondum

1096 763 1245 804 statim
1269 763 1380 804 finis.
1417 761 1650 804 Pensanda
1674 767 1775 805 sunt
1793 762 1930 805 verba

1095 819 1412 872 Redemptoris
1430 819 1588 870 nostri,
1616 832 1696 872 per
1722 832 1822 872 quae
1846 832 1929 862 nos

1096 876 1216 918 aliud
1239 877 1438 927 interiuS,
1467 875 1587 918 aliud
1613 877 1805 918 exterius
1830 890 1926 930 pas-

1095 937 1223 976 suros
1238 947 1336 976 esse
1353 934 1592 976 denuntiat.
1620 933 1747 976 Bella
1763 934 1928 988 quippe

1095 989 1152 1032 ad
1171 990 1323 1033 hostes
1342 991 1582 1044 pertinent,
1610 990 1853 1034 seditiones
1871 991 1929 1034 ad

1095 1047 1225 1089 cives.
1253 1047 1313 1090 Ut
1337 1060 1442 1099 ergo
1461 1061 1543 1090 nos
1562 1047 1727 1090 indicet
1744 1048 1928 1090 interius

1095 1104 1379 1157 exteriusque
1404 1104 1584 1154 turbari,
1613 1104 1734 1146 aliud
1762 1117 1845 1146 nos
1868 1105 1927 1146 fa-

1094 1162 1211 1203 tetur
1231 1160 1286 1203 ab
1302 1161 1517 1212 hostibus,
1538 1160 1658 1204 aliud
1677 1174 1704 1202 a
1716 1161 1927 1204 fratribus

1093 1218 1293 1271 perpeti·

1149 1278 1200 1329 R·.
1223 1275 1309 1316 Per
1335 1275 1506 1327 signum
1531 1274 1683 1316 Crucis
1709 1274 1764 1317 de
1788 1275 1927 1317 inimi·

1094 1331 1157 1372 cis
1176 1332 1354 1382 nostris,
1379 1335 1401 1359 *
1418 1331 1579 1374 Libera
1604 1345 1686 1374 nos
1704 1332 1827 1374 Deus
1851 1345 1926 1374 no-

1093 1393 1199 1438 ster,
1219 1388 1403 1441 alleluja.
1435 1384 1486 1437 V.
1500 1388 1631 1430 Salva
1649 1401 1732 1430 nos
1753 1388 1927 1432 Christe

1093 1445 1296 1487 Salvator
1320 1459 1401 1499 per
1424 1446 1634 1488 virtatem
1658 1445 1822 1488 Crucis.
1857 1446 1926 1488 Li-

1092 1501 1199 1544 bera
1219 1515 1311 1544 nos.

1385 1557 1539 1599 Lectio
1559 1557 1643 1598 viii.

1162 1611 1219 1653 ed
1262 1611 1330 1653 his
1368 1612 1498 1660 malis
1538 1612 1925 1666 praevenientibus,

1179 1669 1283 1720 quia
1307 1682 1395 1711 non
1416 1669 1564 1711 statim
1583 1669 1682 1711 finis
1702 1672 1925 1722 sequatur,

1092 1725 1303 1777 adjungit:
1331 1726 1489 1777 Surget
1512 1739 1620 1777 gens
1647 1731 1801 1768 contra
1824 1740 1924 1779 gen-

1091 1787 1197 1833 tem,
1223 1787 1267 1824 et
1291 1794 1474 1833 regnum
1494 1782 1708 1836 adversus
1726 1796 1925 1834 regnum:

1092 1843 1135 1880 et
1175 1841 1456 1881 terraemotus
1498 1839 1645 1890 magni
1681 1845 1808 1882 erunt
1843 1853 1924 1893 per

1090 1895 1199 1946 loca,
1220 1901 1263 1938 et
1277 1896 1553 1950 pestilentiae,
1573 1901 1618 1938 et
1632 1896 1782 1947 fames,
1795 1902 1926 1939 terro

1090 1954 1251 2005 resque
1280 1951 1335 1995 de
1363 1953 1494 1995 coelo:
1531 1959 1575 1996 et
1608 1954 1734 2006 signa
1764 1966 1925 2006 magna

1091 2015 1229 2052 erunt.
1257 2010 1421 2052 Ultima
1438 2010 1665 2053 tribulatio
1683 2010 1833 2053 multis
1851 2010 1924 2052 tri-

1089 2065 1390 2109 bulationibus
1431 2070 1718 2120 praevenitur:
1760 2071 1804 2110 et
1843 2079 1924 2120 per

1090 2123 1246 2166 crebra
1264 2123 1396 2173 mala,
1423 2137 1523 2177 quae
1543 2124 1838 2178 praeveniunt,
1862 2124 1923 2165 in-

1090 2180 1293 2223 dicantur
1311 2181 1428 2223 mala
1446 2183 1678 2234 perpetua,
1704 2194 1804 2234 quae
1823 2181 1921 2223 sub·

1089 2239 1341 2290 sequentur.
1391 2238 1448 2279 Et
1475 2237 1578 2280 ideo
1606 2243 1710 2291 post
1737 2238 1854 2280 bella
1879 2243 1923 2281 et

1090 2294 1331 2337 seditiones
1365 2308 1454 2337 non
1485 2295 1635 2338 statim
1667 2295 1782 2337 finis:
1821 2295 1923 2348 quia

1088 2351 1225 2393 multa
1245 2351 1409 2394 debent
1427 2352 1543 2393 mala
1562 2355 1850 2405 praecurrere,
1873 2357 1922 2394 ut

1087 2407 1251 2449 malum
1276 2409 1453 2450 valeant
1478 2408 1572 2450 sine
1598 2409 1685 2451 fine
1709 2409 1921 2450 nuntiare.

1144 2472 1195 2523 R.
1216 2469 1334 2511 Ecce
1353 2469 1539 2511 Crucem
1563 2470 1758 2520 Domini,
1785 2469 1921 2522 fugite

1087 2532 1236 2579 partes
1256 2525 1473 2577 adversae,
1503 2526 1608 2568 vicit
1629 2526 1699 2568 leo
1725 2526 1780 2568 de
1803 2526 1922 2583 tribu

1086 2583 1110 2624 J
1113 2583 1217 2633 uda,
1270 2587 1292 2612 *
1332 2583 1479 2625 Radix
1522 2583 1685 2633 David,
1735 2583 1920 2635 alleluja.

1092 2638 1143 2687 V.
1171 2640 1288 2682 Crux
1321 2639 1555 2682 benedicta
1582 2640 1626 2681 in
1655 2653 1741 2692 qua
1767 2640 1918 2682 trium-

1085 2696 1240 2749 phavit
1289 2710 1367 2738 rex
1418 2696 1700 2748 Angelorum.
1762 2695 1919 2738 Radix.

1091 2753 1243 2794 Gloria
1262 2753 1394 2795 Patri.
1427 2752 1585 2795 Radix.
