2040 2976
640 195 743 228 Infra
766 192 1063 228 Hebdomadam
1087 192 1108 226 i.
1134 192 1311 234 Augusti.

139 300 273 339 neges
297 287 403 328 mihi
427 290 663 339 antequam
686 286 857 327 moriar.
893 286 966 327 Di-

139 344 279 386 vitias.
309 343 463 387 Gloria
480 344 612 385 Patri.
640 343 838 384 Divitias.

190 405 242 458 Rz.
274 403 344 445 vii.
386 400 575 442 Domine
611 405 737 452 pater
772 404 815 441 et
845 399 966 440 Deus

139 456 242 498 vitae
269 469 397 507 meae,
429 469 483 498 ne
520 456 798 509 derelinquas
825 469 894 497 me
923 455 966 496 in

139 513 332 564 cogitatu
344 513 550 564 maligno:
565 512 864 555 extollentiam
875 524 968 553 ocu-

138 568 280 610 lorum
298 571 497 611 meorum
517 582 572 610 ne
593 568 766 610 dederis
785 567 901 618 mihi,
923 573 966 610 et

139 625 405 667 desiderium
427 626 665 676 malignum
685 627 834 667 averte
853 638 878 666 a
895 638 966 667 me

137 682 339 732 Domine3
366 682 487 724 aufer
513 695 538 724 a
560 695 631 724 me
656 682 965 735 concupiscen-

137 738 259 789 tiam,
278 746 301 771 *
319 739 376 780 Et
396 739 541 780 animo
561 739 819 781 irreverenti
844 743 888 781 01
906 739 964 779 111-

139 794 299 837 frunito
323 808 378 837 ne
402 795 552 837 tradas
576 808 647 837 me
670 796 779 837 Dfie.
820 792 872 845 V.
897 796 965 837 Ne

141 850 417 904 derelinquas
453 865 523 894 me
559 852 763 903 Domine,
805 865 859 894 ne
898 865 965 893 ac-

139 911 338 950 crescant
351 909 610 960 ignorantiae
624 922 745 959 meae,
764 922 846 951 nec
859 909 965 950 mul-

138 965 388 1018 tiplicentur
407 964 568 1007 delicta
586 978 696 1007 mea.
729 966 786 1007 Et
810 966 965 1008 animo.

189 1025 241 1077 Rz.
277 1025 363 1066 viii.
406 1022 508 1064 Duo
545 1022 773 1075 Seraphim
810 1022 964 1064 clama-

138 1077 244 1120 bant
271 1078 380 1120 alter
407 1078 465 1120 ad
493 1079 691 1121 alterum:
718 1080 741 1105 *
767 1080 965 1130 Sanctus,

139 1139 332 1186 sanctus,
377 1140 553 1177 sanctus
590 1136 807 1177 Dominus
843 1136 964 1177 Deus

138 1191 347 1233 Sabaoth:
372 1195 396 1221 *
419 1191 556 1233 Ρ10113
584 1197 651 1234 051
680 1192 820 1234 01111115
847 1197 965 1234 terra

137 1247 276 1299 gloria
296 1249 397 1300 ejus.
428 1244 480 1297 W.
502 1249 613 1290 Tres
634 1255 734 1290 sunt
754 1249 828 1301 qui
846 1249 964 1290 10511-

137 1305 333 1346 111011111111
352 1304 457 1347 dant
475 1306 519 1346 in
539 1305 670 1355 00010,
689 1306 837 1355 Ρ3101,
855 1306 963 1347 Ver-

138 1360 253 1411 bum,
274 1365 318 1402 et
331 1361 518 1414 Spiritus
539 1366 729 1404 sanctus:
750 1367 793 1403 01
811 1361 856 1402 111
873 1367 964 1403 1105

136 1430 272 1514 iulium
291 1423 403 1460 sunt.
436 1418 630 1460 Sanctus.
664 1418 814 1460 Gloria
833 1419 964 1460 Patri.

192 1486 283 1515 ena.

190 1537 455 1581 Responsoria
497 1537 612 1581 hujus
649 1537 866 1572 Dominicae
909 1535 964 1570 di-

138 1591 275 1620 cuntur
308 1586 348 1620 in
383 1586 470 1620 aliis
502 1585 719 1620 Dominicis
755 1595 878 1628 usque
915 1584 964 1619 ad

137 1633 381 1668 Dominicam
403 1634 431 1668 1.
456 1633 703 1678 Septembris.

188 1681 293 1716 Infra
334 1682 645 1725 Hebdomadam,
695 1682 851 1726 quando
894 1682 965 1716 Re-

139 1730 346 1774 sponsoria
373 1736 574 1766 sumuntur
604 1741 652 1765 ex
674 1730 740 1765 111.
764 1730 963 1765 Nocturno

138 1777 367 1822 Dominicae,
391 1779 505 1813 Feria
527 1779 591 1814 IV.
618 1783 654 1813 et
678 1778 850 1813 Sabbato
875 1782 966 1822 post

140 1827 177 1861 ii.
206 1831 242 1862 et
265 1827 318 1862 iii.
346 1827 569 1862 Lectionem
590 1828 755 1871 ponitur
782 1827 820 1861 ii.
851 1831 887 1861 et
911 1826 964 1860 iii.

139 1874 446 1919 Responsorium
469 1875 593 1911 Feriae
615 1875 661 1910 II.
687 1875 895 1919 sequentis.

262 1952 473 2011 *Feria
511 1973 809 2011 Secunda.

252 2028 317 2069 De
339 2026 569 2069 Parabolis
592 2027 849 2069 Salomonis.

216 2089 370 2131 Lectio
394 2089 419 2130 i.
729 2089 833 2141 Cap.
851 2089 888 2128 3.

135 2147 266 2255 uili
279 2148 348 2198 mi,
364 2161 418 2190 ne
435 2148 708 2191 obliviscaris
720 2148 828 2199 legis
841 2162 962 2198 meae,

238 2209 282 2246 01
298 2207 525 2258 praecepta
542 2218 641 2246 mea
660 2217 735 2246 cor
753 2210 876 2247 tuum
892 2218 962 2246 cu-

136 2260 309 2303 stodiat.
363 2261 703 2313 Longitudinem
730 2261 845 2303 enim
875 2261 961 2303 die-

135 2330 248 2368 rum,
275 2323 318 2360 et
337 2331 474 2360 annos
493 2318 614 2368 vitae,
643 2322 686 2359 et
709 2330 864 2370 pacem
888 2330 960 2370 ap-

135 2376 300 2426 ponent
325 2375 414 2416 tibi.
459 2373 763 2416 Misericordia
788 2379 831 2415 et
854 2374 961 2415 veri-

134 2434 202 2471 tas
221 2435 265 2472 te
284 2443 372 2472 non
392 2429 612 2480 deserant,
640 2430 863 2471 circumda
887 2442 961 2471 eas

134 2487 300 2537 gutturi
316 2492 410 2537 tuo,
438 2491 480 2528 et
506 2486 707 2528 describe
731 2486 775 2526 in
799 2485 961 2527 tabulis

136 2541 282 2584 cordis
306 2543 383 2584 tui:
408 2547 451 2584 et
473 2542 667 2583 invenies
690 2542 891 2593 gratiam,
917 2547 962 2584 et

136 2597 411 2651 disciplinam
436 2598 597 2640 bonam
622 2610 770 2639 coram
794 2598 891 2639 Deo
918 2603 961 2640 et

136 2653 395 2697 hominibus.
430 2654 557 2696 Habe
583 2654 788 2695 fiduciam
811 2653 855 2694 in
873 2655 960 2696 Do-

135 2711 252 2752 mino
272 2723 327 2752 ex
345 2715 441 2753 toto
462 2709 595 2753 corde
614 2714 703 2760 tuo,
724 2714 767 2752 01
785 2723 839 2751 110
856 2710 959 2751 111111-

291 2848 354 2873 Pars
369 2848 478 2875 AEstiva.

1019 286 1127 327 taris
1154 286 1399 339 prudentiae
1428 292 1527 328 tuae.
1563 287 1615 326 In
1644 285 1845 327 omnibus

1020 343 1100 383 viis
1119 343 1204 384 tuis
1231 344 1376 394 cogita
1394 343 1530 393 illum,
1559 347 1602 384 et
1627 343 1721 395 ipse
1748 341 1846 383 diri-

1019 403 1093 450 get
1111 411 1288 450 gressus
1307 405 1418 441 tuos.

1072 458 1125 509 R.
1156 456 1224 497 Ne
1253 455 1530 509 derelinquas
1562 472 1631 500 me
1658 461 1846 503 Domine

1018 516 1146 564 pater
1174 517 1216 553 01
1242 512 1492 555 dominator
1516 514 1618 556 vitae
1644 529 1770 567 meae,
1798 523 1846 559 ut

1019 580 1107 609 non
1132 570 1334 610 corruam
1359 570 1404 610 in
1431 573 1671 623 conspectu
1695 573 1845 615 adver-

1019 624 1235 666 sariorum
1265 628 1479 667 meorum:
1507 629 1530 654 *
1555 627 1623 669 Ne
1654 628 1846 679 gaudeat

1020 680 1075 722 de
1103 694 1173 723 me
1200 682 1400 724 inimicus
1427 696 1562 725 meus.
1599 677 1650 730 V.
1675 686 1844 738 Appre-

1018 736 1161 779 hende
1181 752 1302 781 arma
1321 744 1365 781 01
1383 744 1570 790 5011111111,
1598 746 1642 782 01
1662 746 1846 794 exsurge

1018 793 1062 834 in
1081 794 1343 847 adjutorium
1362 796 1477 837 mihi.
1508 797 1577 838 Ne
1595 797 1794 847 gaudeat.

1327 852 1479 894 Lectio
1500 852 1539 892 ii.

1114 920 1137 948 0
1156 908 1215 948 515
1231 908 1405 961 sapiens
1422 909 1539 962 apud
1553 912 1846 963 temetipsum:

1121 963 1226 1006 time
1246 965 1404 1016 Deum,
1429 971 1473 1007 01
1496 966 1654 1008 recede
1674 980 1699 1007 a
1718 967 1846 1008 malo:

1018 1020 1182 1062 sanitas
1215 1021 1378 1074 quippe
1410 1023 1491 1064 0111
1522 1022 1729 1064 umbilico
1758 1028 1846 1074 tuo,

1019 1081 1062 1117 et
1093 1077 1289 1128 irrigatio
1322 1079 1487 1120 ossium
1519 1082 1705 1121 tuorum.
1755 1081 1845 1122 Ho-

1017 1135 1126 1174 nora
1149 1134 1388 1176 Dominum
1413 1135 1467 1177 de
1493 1141 1568 1177 tua
1591 1135 1845 1187 substantia,

1018 1193 1062 1230 et
1082 1189 1136 1231 de
1151 1190 1352 1242 primitiis
1369 1192 1561 1233 omnium
1576 1192 1747 1243 frugum
1761 1195 1847 1234 tua·

1018 1258 1114 1300 rum
1139 1246 1195 1288 da
1220 1248 1273 1288 ei:
1299 1253 1341 1289 et
1366 1248 1663 1301 implebuntur
1687 1249 1845 1290 horrea

1017 1306 1092 1343 tua
1124 1304 1368 1354 saturitate,
1407 1310 1450 1346 et
1477 1305 1579 1346 vino
1607 1305 1844 1347 torcularia

1016 1362 1092 1399 tua
1112 1359 1431 1403 redundabunt.

1072 1416 1124 1469 Rz.
1144 1416 1305 1467 Magna
1329 1417 1442 1458 enim
1465 1422 1565 1459 sunt
1587 1417 1746 1469 judicia
1769 1422 1844 1459 tua

1016 1471 1214 1523 Domine,
1231 1478 1274 1515 et
1287 1474 1593 1516 inenarrabilia
1606 1474 1741 1516 verba
1755 1478 1844 1515 tua:

1020 1530 1043 1554 *
1064 1528 1355 1580 Magnificasti
1381 1531 1597 1584 populum
1624 1535 1765 1580 tuum,
1799 1535 1842 1572 et

1015 1584 1255 1627 honorasti.
1282 1578 1333 1631 V.
1350 1587 1632 1629 Transtulisti
1651 1587 1749 1628 illos
1764 1599 1843 1639 per

1015 1641 1138 1683 Mare
1166 1642 1360 1694 rubrum,
1388 1649 1431 1686 et
1457 1643 1737 1685 transvexisti
1765 1655 1841 1685 eos

1016 1711 1095 1751 per
1115 1711 1274 1751 aquam
1292 1700 1479 1742 nimiam.
1507 1700 1807 1751 Magnificasti.

1321 1754 1473 1796 Lectio
1494 1753 1548 1793 iii.

1023 1808 1359 1914 Disciplinam
1376 1813 1568 1863 Domini,
1601 1813 1664 1854 fili
1687 1813 1762 1863 mi,
1790 1826 1844 1855 ne

1111 1869 1305 1921 abjicias:
1334 1883 1415 1912 nec
1442 1870 1639 1920 deficias,
1663 1883 1763 1911 cum
1787 1870 1842 1912 ab

1016 1938 1069 1967 eo
1103 1925 1352 1978 corriperis:
1392 1939 1523 1978 quem
1556 1926 1670 1967 enim
1704 1925 1844 1977 diligit

1015 1981 1246 2031 Dominus,
1275 1982 1471 2035 corripit:
1500 1987 1543 2024 et
1567 1983 1692 2034 quasi
1716 1988 1842 2035 pater

1014 2038 1058 2078 in
1077 2037 1169 2079 filio
1189 2038 1436 2091 complacet
1456 2038 1550 2081 sibi.
1583 2039 1748 2080 Beatus
1768 2038 1841 2080 ho-

1014 2107 1103 2144 mo,
1130 2094 1203 2147 qui
1221 2094 1386 2136 invenit
1405 2095 1679 2147 sapientiam,
1706 2100 1749 2136 et
1770 2095 1842 2147 qui

1015 2150 1156 2191 affluit
1191 2150 1438 2203 prudentia:
1475 2151 1630 2192 melior
1669 2156 1736 2193 est
1774 2164 1840 2192 30-

1016 2206 1193 2258 quisitio
1225 2207 1314 2258 ejus
1339 2207 1840 2259 negotiatione'argenti,

1015 2267 1059 2304 et
1084 2262 1177 2304 auri
1206 2262 1336 2314 primi
1361 2269 1404 2306 01
1430 2263 1652 2317 purissimi
1675 2263 1840 2304 fructus

1015 2319 1119 2370 ejus:
1135 2319 1373 2371 pretiosior
1394 2325 1460 2362 est
1479 2320 1648 2361 cunctis
1668 2319 1840 2372 opibus:

1015 2380 1058 2416 et
1078 2375 1240 2426 omnia,
1270 2388 1370 2427 quae
1394 2375 1715 2426 desiderantur,
1740 2375 1839 2416 huic

1013 2444 1101 2473 non
1120 2431 1266 2473 valent
1285 2433 1543 2485 comparari.

1074 2488 1126 2539 Rz.
1137 2489 1245 2538 Quae
1265 2493 1366 2530 sunt
1388 2489 1433 2529 in
1452 2488 1586 2530 corde
1604 2487 1836 2537 hominum,

1015 2543 1129 2585 oculi
1147 2543 1212 2585 tui
1229 2543 1380 2586 vident
1394 2545 1592 2594 Domine,
1612 2544 1711 2585 etin
1725 2543 1836 2585 libro

1013 2604 1090 2641 tuo
1116 2600 1260 2641 omnia
1286 2599 1543 2642 scribentur:
1572 2598 1754 2641 *Homo
1778 2598 1836 2639 vi-

1014 2655 1088 2697 det
1107 2656 1151 2696 in
1170 2656 1295 2705 facie,
1323 2656 1444 2698 Deus
1469 2660 1613 2697 autem
1631 2655 1675 2695 in
1693 2653 1835 2695 corde.

1023 2708 1074 2758 V.
1082 2712 1239 2754 Omnia
1257 2712 1372 2753 enim
1391 2711 1526 2753 corda
1543 2713 1770 2760 scrutatur,
1791 2714 1834 2751 et

1567 2837 1629 2870 16*
