2040 2976
134 1348 139 1476 ——a-
135 1311 139 1333 a.
134 811 143 1305 mmm—mmm...
137 753 142 801 —-

134 1478 139 1507 ἔ

134 1510 139 1546 ἔ

246 299 282 335 3.
316 296 367 334 lit
386 291 494 333 dixi:
515 292 540 317 *
558 291 679 341 Ergo
699 290 791 332 sine
812 303 945 332 causa
963 292 1022 343 ju-

192 350 378 391 stificavi
412 360 489 389 cor
515 359 680 397 meum,
714 352 758 388 et
791 347 879 388 lavi
910 348 1023 389 inter

190 407 446 447 innocentes
470 417 626 445 manus
645 416 777 454 meas,
797 409 842 446 et
864 404 925 445 fui
949 405 1022 446 fla-

191 462 378 514 gellatus
396 466 492 503 tota
512 459 593 502 die.

244 522 279 558 4.
306 517 556 559 ‚Secundum
570 516 894 558 multitudinem
907 518 931 543 *
948 517 1022 559 do-

190 575 333 617 lerum
352 576 553 615 meorum
571 573 615 613 in
635 572 770 614 corde
789 586 901 622 meo,
922 586 1022 615 con-

192 630 433 672 solatienes
458 634 546 671 tuae
571 629 907 672 laetificaverunt
935 630 1022 671 eini-

189 700 307 728 mam
325 699 483 728 meam.

243 746 279 784 5.
312 746 430 784 Pone
453 755 524 784 me
542 742 565 768 *
584 746 634 783 ut
657 742 930 793 signaculum
954 756 1021 784 su-

190 812 271 852 per
291 812 368 841 cor
382 804 518 848 tuum,
531 803 581 840 ut
597 798 870 849 signaculum
889 812 1023 852 super

191 855 420 898 brachium
438 861 573 898 tuum.

298 914 558 963 Capitulum.
714 913 839 951 lsuiae
862 914 918 952 12.

189 963 348 1070 Ecce
373 969 495 1010 Deus
523 968 727 1009 Salvator
755 980 891 1018 meus,
915 968 1023 1010 fidu—

298 1025 466 1067 cialiter
490 1037 633 1075 agam,
659 1029 704 1066 et
728 1037 817 1065 non
841 1024 1023 1066 timebo:

191 1082 293 1133 quia
329 1080 545 1123 fortitudo
578 1093 678 1122 mea
716 1086 759 1122 et
794 1081 889 1122 laus
925 1094 1023 1122 mea

190 1138 418 1186 Dominus,
446 1142 490 1178 et
512 1137 654 1178 factus
681 1141 749 1178 est
766 1137 873 1177 mihi
891 1137 935 1177 in
957 1150 1021 1178 sa-

189 1193 336 1235 lutem.
373 1194 598 1235 Haurietis
627 1206 765 1245 aquas
792 1193 836 1234 in
859 1193 1022 1243 gaudio

191 1248 246 1291 de
267 1250 464 1292 sentibus
483 1249 737 1291 Salvatoris.

503 1309 712 1358 Hymnus.

264 1378 327 1414 or,
346 1375 447 1404 arca
466 1363 610 1413 legem
629 1362 859 1403 centinens

319 1421 422 1462 Non
441 1418 665 1460 servitutis
685 1419 857 1469 veteris,

240 1478 330 1521 Sed
349 1477 513 1529 gratiae,
534 1475 614 1516 sed
633 1476 787 1526 veniae,

242 1535 331 1583 Sed
360 1538 403 1575 et
422 1531 749 1573 misericerdiae.

193 1596 291 1641 (jor,
311 1589 610 1632 sanctuarium
628 1588 733 1629 novi

242 1648 558 1689 Intemere'ltum
577 1644 768 1695 foederis,

242 1704 478 1756 Templum
497 1705 674 1743 vetusto
694 1702 899 1752 sanetius,

242 1760 492 1811 Velumque
511 1759 650 1799 scisso
670 1758 830 1800 utilius.

194 1819 256 1859 Te
276 1817 554 1857 vulneratum
573 1815 735 1856 ceritas

244 1874 343 1914 Ictu
362 1871 529 1925 patenti
548 1869 698 1921 veluit,

243 1928 419 1970 Ameris
439 1927 668 1969 invisibilis

244 1986 302 2028 Ut
320 1985 580 2026 veneremur
599 1983 793 2025 vulnera.

193 2044 290 2083 lloc
312 2041 394 2082 sub
413 2040 575 2081 ameris
595 2039 798 2092 symbolo

242 2098 404 2138 Passus
425 2097 606 2138 cruenta
626 2101 670 2137 et
687 2096 885 2148 mystica,

242 2154 490 2204 Utrumque
510 2152 775 2194 sacrificium

244 2210 443 2251 Christus
463 2207 673 2250 sacerdos
694 2209 866 2250 obtulit.

192 2266 300 2317 Quis
319 2278 407 2306 non
426 2267 646 2306 amantem
666 2263 888 2306 redamet?

243 2322 350 2372 Quis
370 2334 457 2362 non
476 2321 732 2374 redemptus
752 2320 916 2372 diligat,

242 2379 300 2419 Et
319 2377 454 2419 corde
473 2378 517 2418 in
535 2377 621 2419 isto
642 2378 798 2428 seligat

243 2434 427 2475 AEterna
445 2432 753 2475 tabernacula?

190 2491 339 2531 Decus
357 2489 546 2538 Parenti,
566 2494 610 2530 et
628 2489 752 2540 Filio,

243 2546 495 2597 Sancteque
515 2545 571 2586 sit
589 2545 780 2598 Spiritui,

244 2601 414 2652 Quibus
434 2603 645 2654 potestas,
664 2602 814 2652 glemu,

243 2659 538 2710 Regnumque
564 2658 609 2699 in
637 2671 767 2700 omne
793 2664 860 2700 est
887 2661 1020 2701 saecu-

397 2714 499 2756 lum.
553 2714 706 2756 Amen.

1132 288 1181 339 Y'.
1201 292 1320 333 Vere
1347 292 1583 344 langueres
1607 298 1786 335 nostros
1809 293 1907 347 ipse

1074 347 1186 389 tulit.
1230 350 1275 400 R.
1300 348 1357 390 Et
1394 348 1572 391 doleres
1602 354 1779 391 nostros
1810 350 1907 402 ipse

1074 404 1282 457 portavit.

1131 466 1201 506 Ad
1229 466 1389 507 Bened.
1419 467 1518 507 Ant.
1550 465 1815 508 Vulneratus
1839 471 1907 508 est

1075 526 1259 574 propter
1270 520 1525 573 iniquitzites
1534 526 1722 572 nostras,
1731 524 1906 564 attritus

1076 583 1143 619 est
1170 582 1355 630 propter
1383 577 1553 619 scelera
1579 583 1747 620 nostra:
1780 577 1906 620 disci-

1075 633 1195 687 plina
1222 634 1344 686 pacis
1370 638 1535 675 nostrae
1564 647 1698 687 super
1723 647 1835 684 eum,
1862 639 1908 676 et

1074 690 1214 732 livere
1233 691 1323 741 ejus
1342 690 1485 732 saneti
1504 703 1666 732 sumus.

1418 768 1579 809 Oratio.

1153 828 1321 871 cncede
1348 831 1601 882 quaesumus
1630 832 1909 883 omnipotens

1179 887 1316 928 Deus:
1348 891 1410 936 ut,
1445 886 1521 937 qui
1552 887 1596 927 in
1629 887 1906 928 sanctissimo

1076 943 1227 985 dilecti
1254 942 1354 983 Filii
1386 942 1450 983 tui
1479 942 1625 985 Corde
1657 942 1907 994 gloriantes

1074 1001 1301 1052 praecipua
1314 999 1359 1039 in
1371 1011 1455 1040 nos
1467 999 1662 1042 caritatis
1676 1001 1767 1051 ejus
1777 999 1908 1042 bene-

1075 1056 1176 1097 ficia
1203 1055 1454 1105 recelimus;
1489 1057 1643 1097 cerum
1669 1056 1837 1108 pariter
1865 1060 1910 1098 et

1076 1117 1177 1154 actu
1218 1110 1489 1153 delectemur
1529 1117 1574 1154 et
1614 1112 1770 1154 fructu.
1823 1113 1909 1154 Per

1076 1167 1281 1210 eumdem
1299 1168 1549 1209 Deminum.

1349 1232 1418 1269 Ad
1440 1231 1642 1270 Primam.

1130 1295 1179 1334 ln
1207 1295 1258 1346 R.
1285 1294 1346 1335 br.
1380 1290 1431 1340 Y<
1462 1289 1547 1339 Qui
1569 1302 1727 1342 passus
1752 1303 1799 1332 es
1825 1303 1908 1344 pro

1074 1346 1216 1388 nobis.

1347 1411 1416 1448 Ad
1438 1411 1645 1450 Tertiam.

1130 1471 1228 1509 Ant.
1258 1468 1537 1511 Sanctificevi
1555 1469 1714 1510 locum.

1131 1531 1391 1581 Capitulum.
1420 1531 1536 1572 Ecce
1554 1529 1676 1572 Deus
1695 1530 1910 1573 Salvetor.

1078 1594 1123 1627 ut
1144 1600 1286 1637 supra.

1134 1649 1180 1699 R.
1197 1647 1258 1688 br.
1273 1646 1393 1690 Vere
1416 1649 1438 1672 *
1455 1646 1712 1698 Langueres
1730 1653 1909 1690 nostros

1074 1706 1170 1757 ipse
1190 1704 1300 1746 tulit.
1327 1703 1456 1745 Vere.
1489 1699 1539 1750 Y
1559 1703 1617 1744 Et
1636 1702 1814 1745 doleres
1832 1716 1908 1746 no-

1075 1766 1193 1802 stros
1238 1761 1334 1813 ipse
1380 1759 1588 1812 portevit.
1641 1759 1910 1811 Languores.

1078 1817 1230 1859 Gloria
1248 1816 1379 1858 Patri.
1406 1816 1538 1870 Vere.

1130 1873 1179 1924 Y
1192 1877 1349 1918 Pesuit
1359 1876 1474 1918 fines
1489 1881 1591 1918 tuos
1605 1888 1772 1929 pacem.
1789 1879 1840 1930 R
1852 1877 1910 1919 Et

1077 1934 1208 1987 adipe
1228 1933 1435 1974 frumenti
1454 1932 1586 1974 satiat
1604 1938 1660 1974 te.

1355 2010 1424 2046 Ad
1446 2009 1634 2046 Sextam.

1130 2067 1229 2106 Ant.
1260 2066 1315 2104 Et
1334 2061 1436 2104 dixi.

1184 2139 1443 2190 Capitulum.
1600 2139 1728 2180 Isuiae
1748 2141 1805 2180 12.

1163 2202 1288 2244 icetis
1321 2201 1365 2242 in
1399 2201 1471 2243 die
1499 2201 1591 2242 illa:
1632 2201 1910 2243 Confitemini

1190 2258 1398 2308 Demino‚
1434 2263 1479 2299 et
1510 2258 1715 2300 invocate
1746 2270 1909 2299 nomen

1077 2317 1182 2367 ejus:
1203 2320 1246 2357 et
1262 2316 1530 2356 mementete
1546 2315 1753 2367 queniam
1768 2314 1908 2356 ex‘cel-

1076 2384 1173 2412 sum
1193 2375 1260 2412 est
1279 2383 1441 2412 nomen
1461 2371 1562 2422 ejus.
1613 2414 1615 2417 ,

1130 2434 1179 2484 R.
1191 2433 1253 2473 br.
1272 2431 1426 2473 Pesuit
1443 2431 1465 2455 *
1478 2431 1610 2472 Fines
1625 2436 1726 2473 tuos
1741 2443 1907 2484 pacem.

1075 2488 1239 2530 Pesuit.
1268 2483 1319 2535 YV.
1336 2487 1393 2528 Et
1408 2486 1540 2540 adipe
1555 2487 1759 2528 frumenti
1777 2486 1909 2528 satiat

1075 2550 1130 2586 te.
1158 2544 1301 2586 Fines.
1333 2543 1486 2585 Gloria
1503 2543 1636 2585 Patri.
1661 2542 1825 2584 Pesuit.

1128 2602 1177 2652 Y'.
1227 2604 1445 2657 Dirupisti
1492 2603 1682 2645 Demine
1733 2603 1908 2644 vincula

1075 2673 1184 2702 mea.
1217 2664 1269 2714 R.
1295 2660 1398 2702 Tibi
1429 2658 1688 2702 sacrificabo
1715 2658 1907 2701 hestiam

1074 2716 1228 2758 laudis.
1855 2749 1862 2754 ,
