2040 2976
725 191 927 226 Dominica
954 192 1003 225 ad
1028 192 1264 227 Matutinum.

191 288 486 330 Providebam
516 290 754 331 Dominum
790 291 833 331 in
870 304 968 332 con-

141 346 294 397 spectu
321 358 419 387 meo
448 359 636 399 semper:
660 347 683 372 *
710 347 915 400 quoniam
944 361 970 389 a

141 400 307 443 dextris
327 407 394 443 est
412 402 527 452 mihi,
547 416 602 444 ne
621 405 911 445 commevear.

190 458 380 511 Propter
420 459 504 501 hoc
545 459 742 502 laetatum
783 466 850 502 est
892 474 968 503 cor

139 527 299 564 meum,
339 520 382 556 et
415 516 648 558 exsultavit
679 517 825 568 lingua
856 531 968 559 mea:

138 571 162 596 *
190 573 367 624 insuper
396 578 439 614 et
467 585 570 614 caro
598 586 695 614 mea
722 574 969 626 requiescet

137 627 182 668 in
201 641 291 681 spe.

192 685 406 735 Queniam
441 698 530 727 non
568 686 844 740 derelinques
881 689 967 730 ani-

138 754 254 782 mam
281 755 424 784 meam
452 743 496 783 in
522 743 707 785 inferno:
734 745 757 770 *
784 758 866 786 nec
895 745 966 787 da-

138 797 205 839 bis
242 804 440 840 sanctum
477 804 600 840 tuum
635 800 785 843 videre
820 815 966 843 corru-

137 855 344 907 ptionem.

188 912 328 953 Notas
352 912 457 953 mihi
479 913 621 955 fecisti
640 915 731 956 vias
751 915 868 965 vitae,
893 916 965 957 ad-

136 968 338 1021 implebis
357 982 427 1011 me
446 969 598 1012 laetitia
618 984 717 1012 cum
730 972 854 1014 vultu
873 977 965 1014 tuo:

136 1025 160 1050 *
186 1024 500 1068 delectationes
523 1027 567 1068 in
593 1027 773 1070 dextera
797 1034 872 1070 tua
897 1043 964 1071 us-

139 1095 223 1134 que
241 1083 285 1123 in
304 1082 446 1124 finem.

190 1139 273 1180 Per
284 1140 468 1180 Annum.
488 1141 588 1181 Ant.
609 1141 831 1183 Bon6rum
845 1145 961 1184 mee-

135 1208 231 1236 rum
246 1208 334 1237 non
349 1196 530 1248 indiges,
544 1198 588 1238 in
603 1202 646 1240 te
663 1199 847 1252 speravi,
864 1212 962 1241 con-

134 1253 263 1294 serva
281 1266 351 1295 me
369 1253 568 1296 Domine.

190 1310 288 1350 Ant.
318 1310 501 1363 Propter
521 1311 667 1353 verba.

414 1368 612 1407 Psalmus
634 1368 691 1407 16.

135 1417 357 1522 Exaudi
374 1422 562 1464 Demine
580 1424 787 1476 justitiam
805 1439 962 1468 meam:

222 1478 245 1502 ¹⁸¹
255 1477 431 1519 intende
443 1478 797 1531 deprecatiOnem
807 1495 961 1524 meam.

184 1533 377 1575 Auribus
401 1536 580 1588 percipe
604 1535 850 1576 oratienem
874 1548 960 1576 me-

132 1603 213 1640 am,
231 1591 255 1616 *
274 1604 362 1632 non
380 1591 424 1632 in
443 1591 569 1634 labiis
590 1591 767 1632 dolosis.

183 1647 251 1688 De
287 1647 411 1689 vultu
450 1653 526 1690 tuo
567 1647 774 1700 judicium
814 1661 959 1689 meum

131 1703 333 1756 predeat:
356 1705 379 1730 *
404 1705 518 1746 eculi
541 1705 604 1746 tui
626 1704 805 1746 videant
828 1706 959 1757 aequi-

131 1761 257 1802 tates.

182 1816 386 1859 Probasti
411 1830 487 1859 cor
511 1831 677 1867 meum,
707 1823 749 1859 et
774 1818 959 1859 visitasti

130 1878 273 1916 nocte:
287 1875 310 1900 *
325 1874 424 1925 igne
438 1887 508 1916 me
525 1874 793 1924 examinasti,
814 1879 857 1916 et
870 1887 959 1916 non

131 1935 198 1972 est
215 1930 391 1973 inventa
409 1931 454 1972 in
471 1945 542 1973 me
560 1931 776 1983 iniquitas.

181 1987 241 2029 Ut
258 2000 345 2029 non
363 1987 571 2040 loquatur
590 2000 640 2029 os
658 2000 804 2029 meum
823 1990 958 2041 opera

129 2043 367 2085 heminum:
395 2045 418 2070 *
446 2049 630 2097 propter
661 2043 797 2086 verba
824 2044 957 2086 labio-

129 2113 225 2142 rum
266 2103 443 2143 tuerum
484 2114 566 2152 ego
610 2100 827 2143 custodivi
865 2102 958 2142 vias

131 2156 274 2199 duras.

179 2214 347 2256 Perfice
375 2228 552 2266 gressus
576 2227 699 2256 meos
723 2215 767 2255 in
792 2214 957 2255 semitis

128 2270 228 2311 tuis:
251 2271 275 2296 *
300 2276 348 2312 ut
370 2284 459 2313 non
488 2273 746 2313 moveantur
772 2271 957 2322 vestigia

128 2333 236 2368 mea.

180 2383 274 2434 Ego
296 2383 492 2434 clamavi,
514 2385 719 2437 quoniam
740 2384 956 2426 exaudisti

127 2453 197 2481 me
229 2441 369 2482 Deus:
400 2441 423 2465 *
454 2441 614 2482 inclina
654 2453 803 2482 aurem
835 2445 955 2482 tuam

128 2495 244 2546 mihi,
264 2502 307 2538 et
327 2495 486 2538 exaudi
504 2497 639 2539 verba
657 2509 765 2538 mea.

178 2553 361 2595 Mirifica
380 2553 703 2595 misericerdias
718 2559 826 2603 tuas,
841 2554 864 2580 *
882 2554 955 2606 qui

129 2609 274 2651 salvos
293 2610 400 2652 facis
420 2612 647 2663 sperantes
666 2611 710 2650 in
728 2615 782 2651 te.

179 2666 219 2707 A
238 2666 542 2708 resistentibus
562 2666 755 2707 dexterae
775 2671 862 2708 tuae
883 2680 952 2708 cu-

127 2722 245 2764 stedi
263 2735 344 2773 me,
363 2723 386 2749 *
406 2728 454 2764 ut
470 2722 682 2776 pupillam
703 2723 828 2764 eculi.

279 2857 343 2882 Pars
358 2856 466 2881 AEstiva.

1074 291 1163 333 Sub
1188 292 1343 334 umbra
1368 293 1533 335 alarum
1557 297 1731 336 tuarum
1751 298 1849 348 pro-

1022 352 1121 398 tege
1154 362 1238 390 me:
1262 349 1284 374 *
1309 362 1334 390 a
1366 350 1477 392 facie
1509 352 1743 404 impierum
1777 353 1850 404 qui

1022 417 1091 446 me
1112 405 1369 447 afflixerunt.

1074 462 1242 503 Inimici
1271 463 1356 504 mei
1385 463 1573 504 animam
1600 478 1742 506 meam
1771 466 1848 507 cir-

1023 518 1355 569 cumdederunt,
1389 519 1565 572 adipem
1593 534 1718 563 suum
1748 535 1848 564 con-

1022 574 1258 617 cluserunt:
1278 577 1300 601 *
1321 589 1371 617 os
1397 579 1548 618 eerum
1567 578 1762 620 locutum
1783 584 1849 621 est

1022 631 1284 684 superbiam.

1072 689 1355 741 Projicientes
1378 703 1448 731 me
1472 704 1586 732 nunc
1611 692 1847 734 circumde-

1021 744 1178 787 derunt
1208 759 1293 788 me:
1317 747 1340 772 *
1369 747 1520 788 oculos
1553 761 1656 789 suos
1690 751 1847 790 statue-

1019 807 1121 843 runt
1140 802 1360 844 declinare
1380 804 1423 844 in
1442 809 1615 845 terram.

1070 859 1367 912 Susceperunt
1390 873 1460 902 me
1485 861 1598 902 sicut
1624 861 1694 903 leo
1723 864 1846 914 para-

1018 920 1089 957 tus
1114 915 1171 958 ad.
1195 916 1408 969 praedam:
1427 918 1450 943 *
1470 923 1514 959 et
1542 919 1653 959 sicut
1677 919 1847 960 catulus

1018 972 1157 1013 leenis
1177 973 1378 1015 habitans
1398 974 1441 1014 in
1462 974 1631 1016 abditis.

1070 1030 1270 1081 Exsurge
1288 1031 1492 1080 Domine,
1516 1032 1711 1084 praeveni
1737 1045 1846 1081 eum,

1018 1091 1062 1127 et
1081 1087 1316 1140 supplanta
1337 1100 1451 1128 eum:
1469 1088 1492 1113 *
1513 1089 1632 1141 eripe
1658 1089 1846 1129 animam

1017 1156 1160 1184 meam
1180 1143 1234 1185 ab
1254 1145 1401 1196 impio,
1421 1145 1631 1186 frameam
1650 1151 1770 1187 tuam
1790 1145 1844 1187 ab

1016 1199 1202 1241 inimicis
1221 1214 1375 1242 manus
1395 1206 1493 1242 tuae.

1068 1257 1258 1298 Domine
1278 1271 1302 1298 a
1322 1258 1474 1310 paucis
1495 1257 1550 1299 de
1565 1262 1682 1299 terra
1699 1257 1844 1299 divide

1017 1325 1094 1354 eos
1127 1314 1170 1354 in
1204 1314 1293 1355 vita
1328 1317 1494 1356 eorum:
1522 1314 1545 1339 *
1574 1313 1629 1355 de
1664 1313 1844 1356 abscon-

1016 1369 1118 1411 ditis
1159 1370 1244 1411 tuis
1287 1370 1551 1424 adimpletus
1589 1375 1655 1412 est
1692 1376 1844 1412 venter

1016 1428 1179 1467 eerum.

1066 1483 1258 1525 Saturati
1283 1489 1383 1525 sunt
1408 1483 1523 1524 filiis:
1547 1484 1570 1509 *
1597 1489 1640 1525 et
1671 1483 1842 1526 dimise-

1014 1545 1115 1581 runt
1133 1539 1340 1592 reliquias
1359 1553 1459 1581 suas
1478 1541 1671 1593 parvulis
1692 1541 1790 1582 suis.

1065 1596 1160 1647 Ego
1190 1602 1336 1638 autem
1365 1597 1408 1637 in
1432 1597 1594 1649 justitia
1619 1597 1841 1650 apparebo

1014 1654 1269 1706 conspectui
1288 1659 1378 1695 tuo:
1398 1655 1421 1679 *
1438 1653 1631 1695 satiabor
1651 1667 1749 1695 cum
1769 1667 1840 1707 ap-

1012 1710 1207 1761 paruerit
1226 1710 1366 1761 gloria
1385 1716 1469 1752 tua.

1067 1769 1150 1810 Per
1166 1770 1350 1810 Annum.
1376 1771 1475 1811 Ant.
1503 1771 1691 1824 Propter
1706 1770 1840 1812 verba

1011 1826 1228 1868 labiorum
1273 1829 1448 1869 tuerum
1495 1841 1576 1879 ego
1624 1827 1840 1869 custodivi

1011 1884 1105 1924 vias
1126 1883 1269 1925 duras.

1067 1943 1166 1984 Ant.
1194 1944 1382 1996 Diligam
1400 1950 1454 1986 te.

1066 2017 1114 2051 Et
1142 2028 1219 2051 non
1248 2018 1434 2061 repetitur
1465 2019 1503 2052 in
1532 2019 1702 2053 Psalmo:
1736 2020 1839 2063 quod

1014 2074 1165 2108 semper
1190 2067 1244 2105 fit,
1271 2066 1426 2110 quando
1444 2067 1531 2101 Ant.
1558 2067 1693 2110 incipit
1718 2078 1738 2101 a
1764 2067 1838 2110 pri-

1012 2123 1074 2146 mo
1091 2113 1215 2147 Versu
1234 2114 1395 2153 Psalmi;
1419 2119 1455 2148 et
1472 2115 1532 2149 Ps.
1551 2119 1639 2149 tunc
1658 2116 1839 2158 incipitur

1013 2157 1061 2190 ab
1085 2167 1130 2191 eo
1148 2158 1283 2200 verbo,
1308 2158 1346 2191 in
1370 2168 1446 2202 quo
1471 2159 1612 2193 desinit
1628 2160 1730 2202 Ant.7
1756 2160 1838 2193 sive

1013 2204 1161 2248 integra
1179 2206 1344 2249 dicatur,
1370 2207 1452 2242 sive
1475 2208 1622 2241 tantuni
1639 2208 1837 2249 inchoata:

1012 2252 1046 2286 si
1062 2257 1190 2287 tamen
1207 2254 1341 2288 eadem
1359 2255 1436 2289 sint
1448 2256 1578 2298 verba,
1596 2260 1632 2290 et
1644 2256 1838 2290 continue-

1011 2305 1071 2335 tur
1088 2302 1175 2336 Ant.
1194 2313 1279 2336 cum
1296 2303 1461 2337 Psalmo.

1286 2376 1485 2416 l'salmus
1507 2376 1561 2415 17.

1010 2436 1245 2541 Diligam
1294 2448 1337 2484 te
1384 2443 1571 2483 Demine
1621 2441 1831 2484 fortinido

1118 2512 1230 2540 mea:
1245 2499 1268 2524 *
1283 2499 1497 2540 Deminus
1512 2499 1830 2539 firmamentum

1006 2568 1167 2605 meum,
1201 2561 1244 2597 et
1275 2555 1489 2606 refugium
1516 2568 1676 2604 meum,
1710 2560 1753 2595 et
1783 2554 1828 2594 li-

1005 2611 1183 2653 berator
1211 2625 1344 2653 meus.

1056 2669 1177 2709 Deus
1209 2681 1332 2709 meus
1365 2667 1537 2719 adjutor
1568 2679 1705 2715 meuS‚
1733 2666 1756 2691 *
1785 2670 1828 2706 et

1005 2724 1193 2777 sperabo
1213 2724 1257 2765 in
1277 2737 1386 2766 eum.
