2040 2976
630 195 836 230 Dominica
859 195 960 229 VIH.
986 199 1076 238 post
1098 195 1364 232 Pentecosten.

194 289 246 341 Κ.
273 289 529 341 Praeparate
554 289 691 331 corda
714 295 862 332 vestra
885 292 972 333 Do-

143 343 278 393 mino,
303 349 346 386 et
367 347 530 386 servite
553 345 616 386 illi
636 346 732 387 soli:
749 347 773 372 *
794 347 851 388 Et
869 347 972 389 libe-

142 399 258 441 rabit
285 413 366 442 vos
396 401 451 442 de
473 402 675 443 manibus
696 403 974 445 inimicorum

141 458 401 497 vestrorum.
458 454 508 506 V.
556 458 871 500 Convertimini
916 460 973 501 ad

142 524 241 552 eum
268 513 312 553 in
340 517 435 555 toto
465 513 601 555 corde
629 520 794 565 vestro,
828 521 872 558 et
900 529 971 557 311-

139 567 249 609 ferte
270 567 379 610 deos
399 569 564 612 alienos
585 569 640 612 de
659 570 807 613 medio
827 573 971 614 vestri.

138 623 195 665 Et
213 623 428 667 liberabit.

250 699 256 706 ·
447 683 601 725 Lectio
620 684 660 724 ii.

207 736 221 776 i
246 742 393 779 autem
419 739 648 780 aversione
674 741 817 782 aversi
843 741 969 782 fueri-

233 794 290 835 tis
318 807 399 835 vos
428 799 472 836 et
500 795 579 835 filii
607 797 759 846 vestri,
787 810 877 838 non
905 811 969 839 se-

138 851 322 901 quentes
341 864 422 900 me,
441 863 522 892 nec
538 852 837 895 custodientes
852 868 969 895 man-

137 905 241 947 data
277 920 392 957 mea,
433 913 477 949 et
513 909 801 951 caeremonias
837 923 969 961 meas,

137 973 246 1012 quas
265 965 483 1016 proposui
503 964 648 1015 vobis,
675 965 755 1007 sed
775 966 969 1009 abieritis

136 1022 179 1059 et
194 1019 417 1061 colueritis
434 1019 544 1062 deos
560 1021 737 1071 alienos,
758 1027 802 1063 et
817 1023 969 1064 adora-

134 1075 285 1116 veritis
311 1088 404 1117 eos:
432 1077 628 1118 auferam
653 1079 790 1119 Israel
819 1079 874 1120 de
900 1093 968 1120 su-

134 1131 316 1182 perficie
344 1136 492 1183 terrae,
522 1146 654 1185 quam
684 1134 787 1176 dedi
816 1136 893 1176 eis:
926 1141 969 1178 et

133 1188 356 1241 templum,
377 1189 498 1241 quod
518 1190 789 1232 sanctificavi
803 1193 969 1234 nomini

134 1256 253 1292 meo,
281 1246 510 1298 projiciam
536 1259 561 1287 a
587 1249 831 1300 conspectu
855 1262 967 1300 meo,

135 1301 306 1352 eritque
324 1301 463 1343 Israel
481 1302 525 1342 in
543 1303 841 1355 proverbium,
862 1310 906 1346 et
923 1306 968 1346 in

133 1355 328 1398 fabulam
360 1358 528 1399 cunctis
562 1359 752 1411 populis.
803 1361 860 1402 Et
891 1360 966 1403 do-

132 1425 230 1453 mus
248 1412 345 1454 haec
364 1415 447 1455 erit
466 1415 510 1455 in
530 1415 795 1468 exemplum:
815 1418 966 1468 omnis,

134 1468 209 1520 qui
225 1471 447 1512 transierit
465 1483 546 1523 per
566 1484 674 1522 eam,
696 1473 903 1525 stupebit,
923 1479 967 1516 et

132 1524 341 1575 sibilabit,
368 1531 413 1568 et
433 1527 563 1569 dicet:
589 1529 735 1578 Quare
753 1529 858 1571 fecit
877 1531 965 1572 Do-

130 1581 274 1622 minus
312 1582 375 1624 sic
411 1588 542 1625 terrae
575 1583 695 1635 huic,
739 1590 783 1626 et
815 1586 966 1627 domui

130 1635 253 1678 huic?
294 1638 352 1680 Et
378 1639 725 1693 respondebunt:
754 1642 865 1691 Quia
893 1643 965 1684 de-

129 1693 399 1746 reliquerunt
412 1696 651 1738 Dominum
665 1697 810 1738 Deum
827 1711 965 1750 suum,

131 1749 206 1801 qui
232 1749 384 1793 eduxit
408 1758 559 1804 patres
587 1755 740 1794 eorum
768 1754 823 1795 de
847 1760 965 1796 terra

129 1805 330 1858 AEgj'rpti,
360 1812 404 1849 et
432 1809 572 1850 secuti
601 1814 702 1851 sunt
728 1809 836 1851 deos
863 1811 963 1852 alie-

129 1873 226 1912 nos,
252 1867 296 1903 et
314 1863 612 1906 adoraverunt
634 1878 728 1915 eos,
755 1871 799 1907 et
819 1866 964 1908 colue-

129 1923 230 1959 runt
250 1931 342 1960 eos:
368 1919 535 1962 idcirco
555 1921 727 1963 induxit
745 1923 963 1964 Dominus

130 1985 262 2026 super
283 1987 360 2016 eos
381 1988 510 2018 omne
529 1977 694 2018 malum
710 1978 807 2020 hoc.

182 2032 233 2085 R.
257 2030 380 2072 Deus
405 2034 600 2074 omnium
623 2034 855 2076 exauditor
880 2040 962 2076 est:

129 2085 226 2137 ipse
250 2087 369 2129 misit
388 2088 607 2139 Angelum
632 2103 775 2140 suum,
801 2096 845 2132 et
863 2091 963 2132 tulit

127 2155 198 2183 me
225 2142 281 2184 de
307 2145 464 2186 ovibus
488 2146 626 2197 patris
646 2147 747 2187 mei:
767 2149 790 2173 *
809 2147 866 2188 Et
885 2161 959 2188 un-

128 2198 193 2239 xit
210 2212 281 2240 me
301 2201 508 2242 unctione
526 2201 842 2244 misericordiae
858 2216 960 2244 suae.

129 2252 180 2301 V.
197 2255 423 2306 Dominus,
445 2257 520 2309 qui
541 2258 702 2310 eripuit
721 2271 792 2299 me
812 2258 868 2299 de
884 2271 961 2300 ore

128 2309 279 2360 leonis,
299 2316 343 2353 et
362 2311 417 2353 de
435 2325 567 2360 manu
585 2313 740 2355 bestiae
758 2313 961 2356 liberavit

128 2378 209 2407 me.
235 2366 303 2408 Et.

425 2421 579 2464 Lectio
601 2423 657 2463 iii.

128 2470 369 2576 Expletis
380 2485 526 2521 autem
537 2482 661 2522 annis
671 2481 962 2533 viginti,·post-

225 2547 357 2586 quam
407 2536 706 2578 aedificaverat
752 2537 960 2579 Salomon

130 2589 239 2630 duas
267 2590 442 2640 domos,
474 2591 520 2633 id
548 2597 631 2641 est,
666 2591 846 2633 domum
872 2594 959 2634 Do-

128 2645 249 2695 mini,
269 2651 313 2687 et
332 2647 512 2688 domum
531 2648 647 2699 regis
667 2648 837 2698 (Hiram
855 2661 960 2700 rege

128 2700 234 2752 Tyri
257 2703 485 2755 praebente
504 2703 731 2744 Salomoni
755 2703 873 2755 ligna
893 2707 959 2746 ce-

1794 205 1858 240 211

1026 293 1152 335 drina
1181 300 1224 336 et
1252 296 1452 348 abiegna,
1486 305 1529 340 et
1557 313 1710 342 aurum
1739 302 1860 354 juxta

1026 362 1155 392 omne
1183 352 1304 403 quod
1330 365 1443 405 opus
1473 355 1720 407 habuerat),
1751 362 1858 400 tunc

1025 405 1148 448 dedit
1175 407 1385 449 Salomon
1412 411 1567 451 Hiram
1593 413 1748 464 viginti
1780 415 1856 467 op-

1023 462 1128 514 pida
1147 463 1191 504 in
1210 469 1328 505 terra
1344 466 1553 508 Galilaeae.
1580 469 1638 509 Et
1654 471 1856 519 egressus

1025 524 1092 560 est
1110 520 1265 561 Hiram
1285 521 1340 563 de
1360 523 1497 574 Tyro,
1522 528 1571 564 ut
1590 523 1760 567 videret
1780 528 1855 578 op-

1023 575 1130 627 pida
1158 589 1256 628 quae
1286 577 1470 619 dederat
1496 579 1535 620 ei
1559 580 1783 631 Salomon,
1812 587 1857 624 et

1022 644 1112 683 non
1132 632 1392 684 placuerunt
1411 635 1465 684 ei,
1487 640 1530 676 et
1551 636 1624 676 ait:
1648 638 1855 679 Haeccine

1023 692 1125 729 sunt
1153 689 1372 740 civitates,
1407 703 1516 742 quas
1546 691 1707 734 dedisti
1734 694 1855 743 mihi,

1022 743 1181 785 frater?
1223 745 1280 787 Et
1312 747 1554 799 appellavit
1587 761 1661 789 eas
1693 755 1856 790 terram

1024 799 1193 842 Chabul
1212 814 1354 853 usque
1381 803 1424 843 in
1444 803 1561 844 diem
1580 804 1704 845 hanc.
1736 806 1856 847 Misit

1024 868 1201 908 quoque
1225 858 1382 899 Hiram
1408 859 1465 900 ad
1489 872 1638 910 regem
1661 861 1855 903 Salomo-

1021 924 1123 953 nem
1143 919 1318 955 centum
1337 915 1490 966 viginti
1509 916 1673 957 talenta
1693 918 1797 958 auri.

1076 976 1127 1027 Rz.
1150 974 1384 1025 Dominus,
1414 977 1488 1029 qui
1518 978 1677 1029 eripuit
1703 991 1772 1019 me
1799 979 1853 1020 de

1023 1042 1099 1071 ore
1114 1029 1264 1080 leonis,
1286 1036 1330 1072 et
1350 1032 1405 1073 de
1424 1046 1555 1074 manu
1575 1034 1730 1075 bestiae
1749 1034 1853 1076 libe-

1021 1085 1136 1127 ravit
1153 1099 1239 1136 me,
1256 1091 1279 1115 *
1302 1088 1405 1140 Ipse
1423 1102 1494 1130 me
1515 1090 1671 1142 eripiet
1692 1090 1746 1132 de
1765 1093 1853 1132 ma-

1020 1140 1149 1182 nibus
1168 1142 1443 1185 inimicorum
1466 1147 1676 1186 meorum.
1706 1142 1757 1193 V.
1777 1147 1853 1187 Mi-

1022 1197 1077 1238 sit
1104 1198 1226 1239 Deus
1258 1199 1606 1242 misericordiam
1634 1215 1772 1253 suam,
1811 1208 1854 1245 et

1020 1254 1252 1303 veritatem
1293 1268 1432 1296 suam:
1481 1258 1670 1298 animam
1710 1271 1854 1300 meam

1021 1310 1181 1362 eripuit
1215 1310 1271 1351 de
1305 1311 1452 1353 medio
1486 1313 1731 1354 catulorum
1765 1314 1852 1355 leo-

1019 1379 1134 1406 num.
1162 1366 1277 1418 Ipse.
1306 1367 1457 1409 Gloria
1474 1369 1606 1409 Patri.
1634 1370 1748 1422 Ipse.

1251 1455 1300 1494 In
1323 1455 1374 1494 11.
1398 1454 1621 1494 Nocturno.

1018 1514 1088 1554 Ex
1105 1512 1219 1555 libro
1239 1516 1379 1557 sancti
1393 1516 1629 1567 Augustini
1642 1517 1854 1570 Episcopi

1248 1571 1303 1613 de
1324 1572 1513 1614 Civitate
1532 1573 1627 1614 Dei.

1158 1637 1277 1672 Libro
1298 1638 1347 1672 17.
1367 1648 1449 1681 cap.
1470 1638 1502 1671 8.
1521 1637 1592 1671 sub
1610 1636 1710 1670 med.

1324 1694 1478 1735 Lectio
1498 1694 1551 1734 iv.

1047 1755 1235 1815 §stacta
1256 1756 1322 1792 est
1339 1752 1518 1804 quidem
1533 1754 1742 1795 nonnulla
1755 1755 1854 1796 ima-

1025 1807 1029 1848 ’ζ
1050 1816 1127 1886 M]
1151 1819 1208 1857 go
1234 1807 1298 1848 rei
1324 1808 1484 1849 futurae
1512 1810 1643 1850 etiam
1668 1811 1712 1850 in
1731 1811 1849 1852 Salo-

1050 1859 1121 1880 1υῆ
1152 1865 1299 1913 mone,
1332 1864 1377 1904 in
1405 1877 1458 1905 eo
1489 1864 1609 1917 quod
1636 1867 1850 1919 templum

1017 1918 1266 1969 aedificavit,
1287 1925 1331 1961 et
1349 1933 1505 1972 pacem
1524 1921 1678 1963 habuit
1697 1926 1848 1964 secun-

1017 1974 1121 2015 dum
1144 1988 1304 2016 nomen
1328 1989 1455 2017 suum
1480 1977 1703 2027 (Salomon
1727 1979 1848 2031 quip-

1014 2043 1072 2082 pe
1095 2031 1307 2082 pacificus
1334 2037 1401 2073 est
1423 2033 1611 2084 Latine),
1638 2039 1682 2086 et
1707 2035 1750 2075 in
1777 2048 1846 2076 ex-

1017 2087 1144 2128 ordio
1170 2088 1293 2137 regni
1322 2088 1389 2128 sui
1415 2089 1674 2131 mirabiliter
1698 2090 1846 2132 lauda-

1013 2142 1113 2183 bilis
1132 2143 1224 2185 fuit.
1260 2143 1350 2184 Sed
1373 2145 1530 2186 eadem
1555 2159 1634 2187 sua
1655 2149 1847 2199 persona

1013 2211 1094 2250 per
1126 2199 1327 2240 umbram
1359 2201 1494 2242 futuri
1522 2202 1847 2254 praenuntiabat

1015 2255 1146 2296 etiam
1166 2256 1262 2307 ipse
1278 2256 1500 2298 Christum
1514 2259 1752 2299 Dominum
1770 2271 1844 2300 no·
1894 2280 1895 2283 ¹

1014 2315 1167 2361 strum,
1193 2324 1282 2353 non
1302 2312 1549 2355 exhibebat.
1582 2313 1710 2356 Unde
1730 2327 1844 2366 quae-

1014 2366 1116 2408 dam
1135 2367 1191 2408 de
1209 2368 1289 2409 illo
1311 2369 1372 2410 ita
1392 2370 1558 2422 scripta
1576 2375 1691 2419 sunt,
1720 2370 1845 2422 quasi

1014 2421 1069 2463 de
1101 2423 1200 2475 ipso
1233 2424 1318 2465 ista
1348 2425 1563 2477 praedicta
1597 2426 1699 2474 sint,
1740 2425 1844 2466 dum

1013 2479 1239 2531 Scriptura
1271 2486 1422 2522 sancta
1455 2482 1587 2523 etiam
1613 2481 1744 2522 rebus
1772 2493 1842 2531 ge-

1013 2535 1092 2575 stis
1118 2536 1409 2588 prophetans,
1443 2536 1770 2588 quodammodo
1798 2537 1842 2576 in

1014 2603 1067 2631 eo
1087 2591 1273 2642 figuram
1293 2592 1483 2634 delineat
1501 2593 1758 2634 futurorum.

1065 2651 1116 2701 R.
1148 2652 1372 2693 Percussit
1396 2652 1499 2693 Saul
1523 2652 1655 2701 mille,
1688 2656 1732 2692 et
1755 2651 1840 2691 Da-

1011 2706 1087 2747 vid
1118 2706 1273 2748 decem
1306 2707 1456 2748 millia:
1482 2704 1506 2729 *
1541 2708 1652 2757 Quia
1685 2719 1839 2747 manus
