2040 2976
201 206 274 243 202

201 304 297 356 ipse
313 301 460 354 pesuit
474 300 517 340 in
532 312 582 341 os
597 299 767 341 ancillae
781 304 870 341 tuae
886 299 1033 340 omnia

203 359 336 400 verba
363 357 471 397 haec.
514 356 573 398 Ut
602 358 820 397 verterem
847 355 1032 406 figuram

201 413 415 455 sermonis
439 413 584 464 hujus,
612 424 766 453 servus
791 417 893 452 tuus
919 411 1030 452 Joab

201 469 415 523 praecepit
443 467 578 510 istud:
605 474 654 509 tu
680 472 827 509 autem
855 467 1031 508 demine

199 527 258 567 mi
277 539 371 575 rex,
398 525 574 578 sapiens
594 537 658 573 es,
681 525 795 565 sicut
813 523 947 565 habet
966 537 1030 564 sa-

199 583 409 636 pientiam
442 581 637 632 Angelus
666 580 764 621 Dei:
797 585 846 622 ut
877 580 1030 621 intelli-

198 652 276 690 gas
310 639 457 680 omnia
490 650 623 690 super
656 642 829 678 terram.
884 637 940 677 Et
971 636 1031 677 ait

198 709 275 738 rex
309 695 366 736 ad
397 695 421 735 J
425 694 524 736 oab:
565 695 681 735 Ecce
715 693 915 745 placatus
947 692 1030 733 feci

198 752 382 794 verbum
401 756 540 792 tuum:
565 750 676 792 vade
696 763 818 801 ergo,
844 754 888 790 et
907 751 1029 790 revo-

199 822 250 850 ca
268 811 456 861 puerum
475 807 699 849 Absalom.

255 867 303 917 Rg.
327 864 422 915 Ego
441 869 485 905 te
504 863 595 905 tuli.
615 864 695 903 181.

410 968 574 1004 Feria
607 967 823 1013 Quarta.

305 1025 372 1063 De
396 1020 508 1062 libro
530 1019 725 1061 secundo
744 1020 927 1069 Regum.

280 1085 430 1125 Lectio
452 1086 475 1124 i.
776 1084 879 1134 Cap.
898 1084 953 1122 15.

208 1148 233 1177 :22
256 1138 402 1188 gitur
426 1143 529 1189 post
547 1137 644 1178 haec
663 1136 767 1178 fecit
787 1136 871 1177 sibi
889 1136 1028 1178 Absa-

206 1195 233 1231 *Z'
304 1194 394 1235 lom
410 1206 573 1242 currus,
594 1199 637 1235 et
653 1194 833 1246 equites,
850 1197 892 1234 et
911 1193 1030 1244 quin-

201 1252 408 1302 quaginta
440 1250 577 1299 viros,
620 1250 694 1302 qui
725 1249 1031 1301 praecederent

200 1319 310 1348 eum.
351 1306 408 1347 Et
435 1319 562 1347 mane
592 1309 863 1356 consurgens
891 1305 1030 1346 Absa-

197 1362 303 1412 lom,
323 1362 470 1404 stabat
488 1364 607 1413 juxta
627 1362 855 1404 introitum
874 1367 1031 1414 portae‚

199 1425 243 1461 et
263 1432 438 1461 omnem
457 1419 617 1467 virum,
646 1419 721 1470 qui
744 1417 937 1459 habebat
959 1431 1031 1459 ne-

198 1476 367 1526 gotium
404 1481 452 1517 ut
486 1477 655 1517 veniret
687 1474 745 1515 ad
777 1474 892 1525 regis
924 1474 1030 1525 judi-

199 1532 329 1581 cium,
356 1532 546 1574 vocabat
574 1531 788 1572 Absalom
813 1531 870 1572 ad
896 1543 959 1580 se,
987 1535 1032 1572 et

200 1587 389 1629 dicebat:
409 1589 477 1629 De
498 1600 585 1639 qua
604 1587 780 1629 civitate
797 1600 842 1629 es
857 1585 926 1628 tu?
948 1587 1033 1637 Qui

200 1643 473 1696 respendens
507 1643 664 1695 ajebat:
697 1644 763 1684 Ex
795 1657 882 1685 una
914 1643 1033 1685 tribu

199 1699 337 1740 Israel
369 1713 451 1751 ego
485 1713 582 1741 sum
614 1712 766 1741 servus
793 1705 907 1741 tuus.
948 1700 1032 1741 Re-

201 1755 539 1808 spondebatque
560 1756 599 1797 ei
618 1756 849 1798 Absalom:
869 1756 1032 1797 Viden-

199 1816 270 1852 tur
288 1811 394 1852 mihi
414 1815 640 1853 sermones
660 1813 723 1854 tui
738 1812 844 1854 boni
863 1818 906 1854 et
921 1812 1032 1863 justi.

200 1867 288 1908 Sed
306 1880 394 1908 non
415 1874 481 1910 est
501 1869 575 1920 qui
595 1874 639 1910 te
658 1868 807 1910 audiat
823 1868 1031 1910 constitu-

199 1928 270 1966 tus
291 1938 315 1965 a
334 1937 448 1974 rege.

254 1982 305 2032 R.
326 1980 522 2022 Peccavi.
541 1980 628 2021 179.

507 2043 662 2083 Lectio
684 2044 722 2083 ii.

203 2092 524 2196 Dicebatque
560 2097 791 2138 Absalom:
825 2097 932 2146 Quis
962 2110 1033 2139 me

323 2156 561 2194 constituat
585 2152 773 2204 judicem
798 2166 931 2205 super
949 2158 1033 2195 ter-

202 2222 310 2260 ram,
335 2214 383 2250 ut
403 2208 459 2249 ad
477 2222 547 2250 me
566 2209 743 2250 veniant
763 2222 931 2259 omnes,
958 2211 1032 2262 qui

201 2265 366 2307 habent
384 2265 619 2315 negotium,
641 2270 683 2306 et
698 2266 808 2316 juste
824 2265 1032 2316 judicem?

201 2321 290 2363 Sed
313 2326 358 2363 et
382 2334 482 2362 cum
506 2319 737 2363 accederet
762 2320 819 2363 ad
841 2334 941 2363 eum
956 2322 1032 2363 ho-

202 2390 275 2419 mo
300 2384 348 2418 ut
373 2377 582 2418 salutaret
602 2376 738 2426 illum,
766 2378 1034 2419 extendebat

201 2446 379 2474 manum
415 2446 556 2480 suam,
602 2437 646 2473 et
681 2432 1034 2484 apprehendens,

203 2488 487 2531 osculabatur
503 2501 612 2529 eum.
637 2488 671 2527 F
674 2488 933 2540 aciebatque
949 2489 1034 2530 hoc

204 2545 322 2586 omni
349 2543 487 2585 Israel
514 2543 705 2584 venienti
733 2544 790 2584 ad
818 2544 1034 2594 judicium,

204 2606 252 2642 ut
273 2599 498 2642 audiretur
517 2613 542 2640 a
561 2611 679 2649 rege,
705 2604 749 2640 et
769 2599 1035 2642 sollicitabat

204 2657 341 2699 corda
359 2657 554 2698 virorum
571 2655 719 2696 Israel.

262 2718 307 2768 R.
333 2712 565 2755 Exaudisti
584 2713 784 2754 Demine.
803 2714 897 2754 180.

560 202 659 235 Infra
690 201 983 235 llcbdonmdum
1008 200 1055 234 vi.
1083 204 1171 243 post
1197 199 1275 233 Oct.
1301 199 1562 232 Pentecostcs.

1390 293 1542 334 Lectio
1563 292 1619 332 iii.

1168 358 1239 394 ost
1271 352 1561 405 quadraginta
1591 358 1739 396 autem
1766 366 1915 404 annOS,

1184 409 1295 451 dixit
1322 409 1538 451 Absalom
1568 409 1626 451 ad
1652 423 1802 461 regem
1829 410 1915 450 Da-

1084 466 1172 507 vid:
1201 465 1393 515 Vadam,
1422 470 1467 507 et
1490 465 1676 508 reddam
1694 471 1800 508 vota
1818 478 1917 508 mea

1085 535 1184 574 quae
1203 522 1307 563 vovi
1326 523 1518 563 Demino
1542 523 1586 564 in
1605 522 1800 564 Hebron.
1827 523 1916 564 Vo-

1084 591 1190 620 vens
1216 579 1333 620 enim
1351 579 1474 621 vovit
1498 592 1652 620 servus
1675 584 1793 628 tuus,
1817 591 1917 620 cum

1085 641 1202 677 esset
1227 636 1270 676 in
1296 636 1464 677 Gessur
1488 635 1642 688 syriae,
1670 634 1836 676 dicens:
1871 635 1918 676 Si

1083 692 1311 733 red1'1xerit
1334 705 1404 733 me
1429 691 1646 732 Deminus
1674 692 1718 732 in
1743 691 1917 732 Jerusa-

1083 748 1181 797 lem,
1201 747 1460 789 sacrificabo
1480 747 1685 789 Demino.
1707 747 1918 799 Dixitque

1085 804 1124 845 ei
1151 817 1230 846 rex
1257 803 1420 846 David:
1457 803 1586 846 Vade
1612 804 1657 844 in
1684 816 1807 857 pace.
1860 803 1918 844 Et

1084 861 1289 910 surrexit,
1316 865 1360 902 et
1380 860 1487 902 abiit
1508 861 1552 900 in
1571 859 1767 902 Hebron.
1799 859 1919 900 Misit

1084 921 1233 958 autem
1270 916 1484 958 Absalom
1523 916 1830 969 exploratores
1874 916 1919 956 in

1084 973 1312 1014 universas
1356 973 1498 1015 tribus
1542 972 1698 1022 Israel,
1753 971 1919 1014 dicens:

1084 1029 1242 1071 Statim
1290 1034 1339 1070 ut
1389 1029 1614 1071 audieritis
1665 1028 1918 1079 clangerem

1084 1085 1300 1135 buccinae,
1335 1084 1484 1127 dicite:
1525 1084 1746 1136 Regnavit
1778 1083 1918 1125 Absa-

1085 1141 1176 1183 lom
1194 1142 1238 1182 in
1256 1142 1452 1183 Hebron.

1142 1200 1191 1251 R.
1215 1197 1335 1240 Audi
1353 1198 1555 1239 Domine.
1574 1198 1669 1238 180.

1272 1302 1460 1339 Feria
1496 1301 1737 1350 Quinta.

1189 1358 1257 1397 De
1280 1354 1395 1396 libro
1416 1353 1612 1396 secundo
1632 1354 1817 1404 Regum.

1166 1418 1319 1459 Lectio
1340 1417 1365 1456 i.
1612 1413 1844 1467 Cap.15.{c.

1095 1483 1191 1555 aas
1205 1468 1921 1570 θέῗέέὲἐωὲἓέἶῗῖἓῗαῗΞᾳνὲῗ

1259 1542 1273 1569 1
1385 1544 1393 1568 ι
1811 1541 1854 1567 1v
1905 1549 1919 1556 -

1087 1597 1161 1626 sus
1193 1584 1332 1625 Israel
1366 1585 1564 1636 sequitur
1596 1583 1822 1626 Absalom.
1864 1583 1922 1625 Et

1086 1643 1147 1684 ait
1179 1640 1326 1683 David
1363 1641 1502 1682 servis
1542 1641 1649 1688 suis,
1692 1640 1767 1693 qui
1799 1645 1922 1682 erant

1087 1711 1186 1740 cum
1211 1711 1264 1740 eo
1289 1698 1333 1738 in
1355 1697 1615 1739 Jerusalem:
1641 1696 1831 1748 surgite,
1859 1697 1922 1738 fu-

1086 1755 1271 1806 giamus:
1298 1767 1444 1806 neque
1471 1754 1588 1795 enim
1615 1753 1696 1795 erit
1714 1753 1843 1795 nobis
1863 1753 1920 1795 ef-

1087 1812 1254 1862 fugium
1279 1823 1304 1852 a
1324 1810 1438 1852 facie
1462 1810 1694 1852 Absalom:
1716 1809 1922 1851 festinate

1088 1867 1256 1919 egredi,
1289 1880 1344 1909 ne
1376 1867 1491 1909 forte
1518 1867 1700 1908 veniens
1733 1868 1923 1919 occupet

1087 1937 1186 1973 nos,
1207 1929 1251 1966 et
1269 1923 1467 1976 impellat
1486 1935 1620 1975 super
1638 1935 1720 1964 nos
1739 1924 1922 1972 ruinam,

1088 1986 1132 2023 et
1149 1981 1370 2033 percutiat
1385 1979 1610 2021 civitatem
1624 1979 1668 2020 in
1683 1991 1760 2020 ore
1776 1977 1922 2029 gladii.

1087 2037 1394 2088 Dixer1'1ntque
1426 2035 1542 2077 servi
1574 2035 1690 2087 regis
1723 2034 1780 2076 ad
1808 2047 1923 2076 eum:

1090 2093 1236 2134 omnia
1257 2095 1549 2144 quaecumque
1567 2091 1833 2144 praeceperit
1847 2090 1923 2132 de-

1088 2149 1230 2190 minus
1262 2154 1415 2190 noster
1447 2160 1542 2197 rex,
1581 2147 1768 2189 libenter
1801 2159 1922 2188 exse·

1090 2207 1274 2257 quemur
1294 2204 1410 2246 servi
1428 2204 1503 2246 tui.

1142 2265 1193 2316 R.
1218 2262 1485 2314 Praeparate.
1504 2261 1592 2301 198.

1400 2322 1552 2364 Lectio
1574 2323 1614 2362 ii.

1173 2379 1350 2430 gressus
1366 2382 1433 2419 est
1452 2390 1558 2428 ergo
1577 2390 1671 2426 reX,
1691 2382 1735 2420 et
1753 2377 1921 2419 univer-

1184 2447 1233 2475 sa
1253 2433 1410 2475 domus
1431 2435 1522 2485 ejus
1542 2433 1730 2486 pedibus
1749 2433 1853 2474 suis:
1877 2438 1921 2475 et

1089 2490 1323 2542 dereliquit
1337 2502 1415 2531 rex
1431 2489 1585 2531 decem
1599 2489 1805 2531 mulieres
1820 2488 1919 2530 con-

1089 2546 1269 2587 cubinas
1294 2545 1350 2587 ad
1374 2546 1710 2588 custodiendam
1729 2545 1920 2587 domum.

1089 2602 1396 2654 Egressusque
1430 2615 1508 2644 rex
1542 2607 1587 2644 et
1615 2602 1757 2643 omnis
1783 2601 1921 2642 Israel

1089 2658 1278 2710 pedibus
1298 2659 1400 2708 suis,
1420 2659 1541 2700 stetit
1559 2658 1715 2710 procul
1730 2671 1755 2698 a
1771 2657 1921 2699 domo:

1089 2718 1133 2755 et
1162 2715 1354 2756 universi
1379 2715 1495 2756 servi
1520 2715 1611 2766 ejus
1636 2713 1922 2756 ambulabant
