2040 2976
447 293 598 333 Lectio
620 294 674 333 iii.

225 365 244 402 t
256 360 539 413 praecedebat
554 362 768 413 sapientia
782 360 976 402 Saloma-

233 418 300 458 nis
324 418 587 469 sapientiam
611 417 805 458 omnium
825 416 974 458 Orien-

140 474 295 515 talium
315 478 359 515 et
375 474 706 526 AEgyptiorum‚
732 477 776 514 et
796 477 890 514 erat
909 485 973 513 sa-

139 530 330 582 pientior
346 530 513 571 cunctis
524 529 789 571 hominibus:
805 529 973 581 sapien-

139 586 226 627 tior
245 586 391 628 Ethan
409 585 631 634 Ezrahita,
656 590 700 626 et
718 587 905 634 Heman‚
931 590 974 626 et

140 642 336 692 ChalcoL
364 646 408 683 et
427 641 594 692 Dorda,
619 642 720 682 filiis
740 641 905 682 Mahol:
930 646 974 682 et

140 703 234 740 erat
257 698 510 740 nominatus
534 698 578 738 in
600 698 817 739 universis
836 698 972 748 genti-

138 754 221 796 bus
257 767 337 807 per
373 754 614 795 circuitum.
673 754 869 795 Locutus
906 760 972 796 est

141 823 318 863 quoque
341 810 552 852 Salomon
576 811 660 851 tria
684 810 822 851 millia
846 813 971 863 para-

139 867 281 908 bolas:
296 871 339 908 et
353 867 528 907 fuerunt
544 867 738 908 carmina
752 868 843 918 ejus
860 868 972 919 quin-

141 936 225 975 que
255 928 298 964 et
324 923 453 964 mille.
490 922 546 964 Et
570 922 812 975 disputavit
838 936 972 976 super

138 979 265 1030 lignis
291 992 316 1020 a
341 979 490 1028 cedro,
519 991 619 1030 quae
643 984 710 1021 est
727 980 771 1020 in
790 980 970 1030 Libano,

137 1048 278 1087 usque
305 1035 361 1076 ad
385 1035 646 1087 hyssopum,
677 1049 775 1087 quae
803 1036 968 1086 egredi-

137 1096 209 1133 tur
236 1091 291 1133 de
315 1094 501 1144 pariete,
533 1096 577 1132 et
600 1090 807 1133 disseruit
832 1092 887 1133 de
912 1094 969 1143 ju-

138 1148 314 1198 mentis,
347 1152 392 1188 et
422 1147 695 1197 volucribus,
731 1153 774 1189 et
805 1149 969 1201 reptili-

137 1203 236 1254 bus,
265 1208 308 1245 et
331 1202 539 1256 piscibus.
581 1204 638 1245 Et
658 1204 892 1246 veniebant
914 1204 970 1246 de

138 1261 306 1301 cunctis
332 1260 509 1312 populis
534 1259 591 1301 ad
615 1260 879 1302 audiendam
902 1274 966 1302 53-

136 1316 346 1369 pientiam
364 1315 626 1365 Salomonis,
652 1321 696 1358 et
719 1317 774 1357 ab
799 1318 968 1358 univer-

138 1372 197 1413 sis
229 1372 407 1423 regibus
439 1377 586 1422 terrae,
625 1373 700 1424 qui
732 1372 970 1416 audiebant

138 1429 397 1482 sapientiam
416 1429 518 1480 ejus.

189 1490 240 1541 R.
265 1489 492 1531 Deminus
510 1490 612 1530 205.

343 1618 378 1654 F
396 1629 419 1655 e
436 1629 457 1654 r
471 1618 485 1655 i
502 1629 526 1654 a
563 1618 591 1655 S
610 1630 632 1655 e
649 1631 675 1655 x
691 1623 708 1655 t
725 1630 760 1658 a.

270 1677 339 1717 De
362 1675 475 1717 libro
499 1676 631 1718 tertio
655 1677 838 1728 Regum.

213 1742 367 1782 Lectio
387 1742 411 1781 i.
733 1742 835 1793 Cap.
851 1743 888 1782 5.

160 1810 330 1899 41⁵1S1t
365 1817 540 1857 quoque
568 1807 724 1848 Hiram
755 1820 833 1848 rex
861 1808 968 1860 Tyri

167 1863 174 1890 ’ἴ
274 1874 428 1902 servos
458 1874 563 1903 suos
591 1862 649 1904 ad
673 1863 967 1905 Salomonem:

136 1917 303 1959 audivit
340 1918 453 1958 enim
493 1918 613 1969 quod
645 1919 791 1971 ipsum
822 1922 966 1960 unxis-

136 1979 234 2015 sent
265 1986 416 2024 regem
447 1987 530 2027 pro
563 1980 692 2027 patre
726 1977 832 2028 ejus:
866 1976 967 2028 quia

136 2031 301 2070 amicus
329 2029 472 2071 fuerat
495 2031 652 2072 Hiram
674 2031 820 2073 David
849 2033 967 2073 omni

136 2087 349 2137 tempore.
377 2086 498 2128 Misit
517 2092 663 2128 autem
681 2088 890 2129 Salomon
910 2087 967 2129 ad

100 2181 114 2185 i.
135 2141 300 2191 Hiram,
320 2141 485 2183 dicens:
504 2143 574 2184 Tu
593 2144 678 2184 scis
695 2144 966 2185 voluntatem

134 2197 280 2239 David
299 2199 436 2250 patris
454 2200 557 2249 mei,
585 2204 629 2241 et
654 2200 756 2251 quia
777 2213 866 2241 non
889 2213 964 2252 po-

134 2254 268 2295 tuerit
311 2254 532 2297 aedificare
575 2255 756 2297 domum
801 2256 966 2297 nomini

134 2310 313 2351 Domini
335 2311 420 2352 Dei
443 2312 510 2352 sui
534 2318 720 2365 propter
748 2311 867 2354 bella
888 2313 964 2352 im-

133 2366 341 2408 minentia
360 2380 441 2419 per
461 2368 704 2418 circuitum,
731 2368 872 2409 donec
893 2368 965 2409 da-

134 2427 202 2463 ret
225 2423 440 2465 Dominus
469 2437 546 2466 eos
572 2424 653 2465 sub
679 2425 865 2475 vestigio
892 2437 965 2476 pe-

135 2477 240 2519 dum
272 2480 373 2530 ejus.
428 2480 556 2521 Nunc
590 2485 737 2521 autem
767 2481 965 2532 requiem

135 2533 259 2575 dedit
292 2535 509 2577 Deminus
540 2537 662 2577 Deus
699 2549 823 2577 meus
859 2536 965 2577 mihi

133 2602 214 2641 per
246 2591 488 2633 circuitum:
529 2597 572 2632 et
609 2604 696 2632 non
729 2597 796 2633 est
828 2597 964 2642 satan,

133 2658 277 2698 neque
298 2651 507 2689 occursus
528 2647 679 2688 malus.

190 2705 240 2756 [ἰν.
260 2707 484 2749 Percussit
502 2707 615 2749 Saul.
635 2708 736 2748 205.

488 200 589 233 Iussa
619 200 913 234 Hebdomadam
939 202 1000 235 vii.
1027 209 1115 243 post
1144 202 1221 236 Oct.
1249 203 1507 237 pentecostes,

1340 298 1489 338 Lectio
1512 301 1548 338 ii.

1040 347 1380 469 Quamobrem
1432 363 1578 412 cogito
1635 363 1857 404 aedificare

1131 417 1345 470 templum
1377 418 1542 458 nemini
1570 420 1747 460 Demini
1773 419 1858 460 Dei

1027 473 1130 522 mei,
1170 473 1282 514 sicut
1322 473 1496 514 locutus
1538 480 1605 515 est
1640 475 1856 516 Dominus

1026 529 1172 570 David
1209 530 1325 581 patri
1359 542 1476 579 11160,
1513 529 1678 572 dicens:
1720 531 1856 572 Filius

1026 590 1143 635 tuus,
1187 598 1319 636 quem
1359 585 1475 627 dabo
1517 599 1600 638 pro
1642 591 1685 627 te
1725 599 1857 639 super

1027 641 1187 682 solium
1213 646 1351 691 tuum,
1386 642 1483 693 ipse
1516 642 1752 684 aedificabit
1781 642 1855 684 do-

1025 711 1145 738 mum
1169 698 1334 738 nomini
1354 710 1464 738 meo.
1500 698 1699 750 Praecipe
1726 699 1856 750 igitur

1025 758 1073 794 ut
1092 753 1338 806 praecidant
1356 753 1461 793 mihi
1483 754 1597 795 servi
1615 755 1678 795 tui
1698 754 1856 796 cedros

1026 810 1081 851 de
1107 810 1293 860 Libano,
1322 814 1367 851 et
1393 810 1509 851 servi
1533 811 1620 851 mei
1646 811 1731 851 sint
1757 824 1855 852 cum

1025 867 1164 907 servis
1193 866 1295 907 tuis:
1323 865 1575 907 mercedem
1599 872 1745 908 autem
1769 880 1854 908 ser-

1025 924 1180 963 vorum
1195 925 1371 963 tuo'rum
1387 921 1503 963 dabo
1519 922 1599 963 tibi
1616 926 1858 974 quamcum-

1026 991 1110 1030 que
1137 979 1333 1031 petieris:
1364 979 1450 1019 scis
1484 979 1598 1019 enim
1632 979 1855 1031 quomodo

1023 1047 1112 1075 non
1138 1040 1205 1076 est
1229 1035 1272 1074 in
1291 1034 1459 1086 populo
1479 1047 1579 1075 meo
1600 1035 1666 1076 vir
1688 1035 1762 1087 qui
1780 1037 1854 1076 no-

1023 1091 1136 1132 verit
1156 1091 1272 1141 ligna
1292 1090 1464 1132 caedere
1485 1091 1598 1132 sicut
1617 1091 1796 1132 Sidonii.

1076 1152 1127 1201 R.
1153 1152 1327 1192 Montes
1348 1151 1529 1193 Gelboe.
1548 1153 1650 1192 206.

1330 1217 1481 1256 Lectio
1505 1218 1556 1256 iii.

1102 1292 1177 1319 um
1202 1290 1307 1327 ergo
1333 1277 1529 1317 audisset
1547 1277 1702 1317 Hiram
1721 1277 1856 1318 verba

1120 1334 1384 1382 Salomonis,
1413 1333 1588 1373 laetatus
1618 1338 1684 1374 est
1710 1332 1855 1382 valde,

1024 1397 1067 1433 et
1094 1391 1168 1432 ait:
1196 1389 1463 1431 Benedictus
1491 1389 1705 1430 Dominus
1733 1389 1854 1430 Deus

1022 1446 1171 1495 hedie,
1202 1446 1276 1497 qui
1304 1445 1426 1486 dedit
1451 1443 1598 1485 David
1624 1445 1763 1485 filium
1791 1457 1854 1485 sa-

1023 1503 1345 1556 pientissimum
1364 1514 1496 1553 super
1512 1501 1725 1553 papulum
1739 1501 1854 1541 hunc

1022 1559 1269 1611 plurimum.
1305 1558 1363 1599 Et
1387 1557 1505 1598 misit
1528 1557 1681 1598 Hiram
1707 1557 1763 1597 ad
1782 1557 1853 1598 Sa-

1022 1615 1255 1664 lomonem,
1271 1613 1438 1655 dicens:
1458 1612 1620 1654 Audivi
1637 1616 1854 1664 quaecum-

1024 1684 1108 1723 que
1150 1670 1370 1711 mandasti
1414 1670 1533 1710 mihi:
1578 1682 1660 1720 ego
1698 1669 1855 1709 faciam
1898 1722 1903 1726 .

1023 1739 1198 1768 omnem
1221 1726 1494 1767 voluntatem
1516 1731 1637 1767 tuam
1659 1726 1703 1765 in
1726 1725 1853 1775 lignis

1023 1782 1211 1824 cedrinis
1232 1787 1275 1823 et
1295 1781 1501 1832 abiegnis.
1534 1782 1658 1823 Servi
1677 1781 1763 1821 mei
1782 1780 1853 1821 de-

1022 1841 1189 1892 ponent
1215 1851 1267 1879 ea
1293 1838 1347 1879 de
1369 1838 1537 1879 Libano
1565 1837 1621 1878 ad
1646 1850 1783 1878 mare:
1810 1841 1853 1878 et

1022 1908 1105 1946 ego
1143 1897 1409 1947 componam
1446 1907 1497 1935 ea
1532 1894 1577 1934 in
1608 1893 1777 1935 ratibus
1809 1893 1852 1933 in

1019 1951 1130 1992 mari
1148 1964 1289 2003 usque
1311 1950 1367 1992 ad
1385 1950 1547 2000 10611111,
1576 1962 1707 2001 quem
1726 1949 1851 2000 signi-

1020 2007 1223 2048 ficaveris
1242 2006 1364 2056 mihi;
1390 2011 1434 2047 et
1453 2005 1688 2058 applicabo
1710 2017 1761 2045 ea
1781 2005 1851 2054 ibi,

1021 2068 1065 2103 61
1084 2068 1132 2104 tu
1146 2062 1276 2104 tolles
1294 2075 1359 2103 ea:
1377 2061 1687 2114 praebebisque
1703 2073 1851 2101 neces-

1020 2120 1135 2159 saria
1163 2117 1285 2168 mihi,
1317 2123 1366 2159 ut
1393 2117 1520 2159 detur
1550 2117 1673 2159 cibus
1702 2116 1851 2158 domui

1019 2187 1140 2215 meae.

1076 2230 1123 2268 R.
1147 2230 1243 2280 Ego
1263 2234 1307 2271 te
1326 2229 1416 2270 tuli.
1438 2230 1539 2270 206.

1253 2399 1257 2405 Ν
1291 2353 1319 2390 S
1339 2365 1364 2390 a
1380 2355 1406 2390 b
1423 2354 1450 2389 b
1470 2365 1495 2390 a
1511 2358 1528 2390 t
1545 2365 1582 2390 0.

1158 2412 1224 2452 Ι)6
1244 2410 1357 2452 111110
1377 2411 1508 2452 tertio
1529 2411 1711 2461 Regum.

1075 2476 1266 2516 1661101.
1479 2476 1580 2526 Cap.
1598 2476 1631 2514 7.
1648 2489 1685 2523 g.
1703 2477 1795 2515 618.

1043 2546 1123 2588 ΓΝ
1146 2541 1331 2593 perfecit
1357 2553 1486 2582 omne
1511 2553 1623 2592 opus
1651 2539 1771 2591 quod
1790 2539 1847 2579 fa-

1043 2596 1094 2632 1]
1129 2597 1272 2638 ciebat
1297 2597 1506 2638 Salomon
1531 2596 1575 2636 111
1601 2595 1733 2636 (101110
1758 2595 1847 2634 Do-

1017 2653 1136 2703 mini,
1155 2658 1199 2694 61
1214 2652 1360 2694 intulit
1380 2665 1478 2703 quae
1498 2651 1848 2692 sanctificaverat

990 2749 993 2753 .
1016 2708 1162 2749 David
1179 2713 1307 2760 pater
1325 2721 1444 2758 suus,
1466 2709 1691 2757 argentum
1711 2710 1754 2747 et
1773 2718 1845 2746 au-
