2040 2976
199 207 306 252 [200]

644 209 818 243 Officium
846 210 1017 243 votivum
1044 210 1089 243 dc
1116 209 1266 243 sanetis
1291 209 1462 251 Angelis.

250 308 307 350 Et
325 312 451 349 erunt
467 312 516 349 ut
531 307 835 360 complaceant
853 308 1027 361 eloquia

199 364 287 406 oris
305 364 405 406 mei:
423 364 448 389 *
467 369 511 406 et
528 363 757 406 meditatio
777 364 923 407 cordis
941 365 1027 407 mei

199 421 242 462 in
262 421 503 473 conspectu
521 426 598 462 tuo
619 433 804 473 semper.

251 477 438 519 Domine
464 475 638 529 adjutor
661 489 796 528 meus,
815 477 838 503 *
864 483 908 519 et
933 476 1027 519 red-

199 536 373 587 emptor
399 546 535 575 meus.

254 593 349 633 Ant.
384 589 594 633 Ascendit
618 590 761 632 fumus
785 593 1028 632 aromatum

199 647 243 688 in
262 649 504 701 conspectu
522 647 700 688 Domini
719 646 774 689 de
793 660 923 688 manu
942 647 1028 687 An-

199 704 296 755 geli.

254 765 349 805 Ant.
389 763 597 804 Immittet
621 760 817 812 Angelus
841 760 1029 801 Domini.

477 830 673 870 Psalmus
692 831 756 870 23.

200 878 423 986 Domini
456 883 523 920 est
555 882 689 928 terra,
724 883 769 920 et
801 877 1028 931 plenitudo

311 936 417 987 ejus:
439 935 463 961 *
487 934 606 977 orbis
626 937 853 983 terrarum,
877 938 921 975 et
939 934 1029 975 uni-

200 992 315 1034 versi
335 991 409 1044 qui
427 991 627 1034 habitant
644 991 688 1032 in
708 1003 772 1048 eo.

253 1049 364 1100 Quia
391 1048 486 1101 ipse
515 1061 647 1101 super
670 1048 807 1104 maria
831 1047 1030 1089 fundavit

202 1119 316 1148 eum:
334 1106 358 1131 *
378 1110 422 1147 et
450 1117 583 1158 super
607 1105 786 1146 flumina
809 1106 1029 1157 praepara-

201 1163 264 1204 vit
283 1175 392 1204 eum.

253 1218 360 1270 Quis
393 1217 602 1259 ascendet
638 1217 682 1258 in
714 1221 910 1259 montem
941 1217 1028 1258 Do-

201 1273 326 1316 mini?
346 1275 370 1301 *
389 1280 464 1316 aut
484 1274 581 1327 quis
601 1273 734 1316 stabit
752 1274 795 1315 in
813 1273 914 1316 loco
934 1286 1028 1315 san-

202 1337 275 1374 cto
296 1329 410 1384 ejus?

253 1389 470 1430 Innocens
519 1387 721 1429 manibus
772 1393 815 1429 et
864 1386 1028 1428 mundo

202 1445 351 1494 corde,
379 1445 402 1471 *
432 1445 506 1497 qui
531 1456 621 1486 non
645 1444 815 1496 accepit
842 1444 887 1484 in
914 1455 1028 1484 vano

203 1502 390 1543 animam
410 1514 548 1551 suam,
573 1513 654 1543 nec
677 1501 835 1553 juravit
857 1500 901 1541 in
924 1499 1028 1542 dolo

203 1558 406 1612 proximo
427 1570 518 1599 suo.

254 1615 339 1656 Hic
379 1615 566 1667 accipiet
607 1613 961 1656 benedictionem
1004 1625 1030 1653 a

202 1671 409 1713 Domino:
423 1671 447 1697 *
462 1675 507 1713 et
524 1669 870 1713 misericordiam
888 1682 914 1711 a
932 1670 1030 1711 Deo

204 1728 385 1770 salutari
403 1740 495 1769 suo.

254 1785 365 1826 Haec
392 1789 460 1826 est
486 1784 712 1835 generatio
742 1782 1030 1836 quaerentium

204 1854 319 1891 eum,
355 1842 379 1867 *
417 1841 705 1894 quaerentium
754 1840 911 1882 faciem
946 1839 1031 1881 Dei

202 1897 352 1940 Jacob.

255 1954 459 1997 Attollite
505 1959 658 2007 portas
702 1952 924 2006 principes
961 1966 1030 1995 ve-

205 2015 335 2061 stras,
364 2016 408 2053 et
433 2010 662 2053 elevamini
685 2015 828 2063 portae
849 2011 1031 2051 aeterna-

203 2067 282 2109 les:
300 2068 323 2094 *
343 2072 387 2109 et
404 2067 603 2110 introibit
621 2067 719 2109 Rex
737 2066 922 2118 gloriae:-

257 2124 363 2175 Quis
389 2129 456 2166 est
475 2124 559 2166 iste
577 2124 675 2166 Rex
693 2121 868 2175 gloriae?
893 2124 917 2150 *
942 2123 1030 2164 Do-

203 2181 345 2222 minus
376 2180 503 2222 fortis
535 2185 580 2222 et
610 2185 784 2233 potens:
815 2180 1031 2222 Dominus

205 2242 365 2290 potens
382 2237 426 2278 in
443 2237 608 2290 praelio.

257 2293 461 2336 Attollite
505 2298 658 2346 portas
703 2293 925 2346 principes
961 2306 1030 2334 ve-

205 2355 335 2400 stras,
363 2354 408 2392 et
432 2349 660 2391 elevamini
682 2355 825 2403 portae
850 2351 1032 2391 aeterna-

204 2407 284 2450 les:
302 2408 326 2434 *
345 2411 389 2448 et
407 2405 604 2448 introibit
623 2407 720 2448 Rex
738 2406 901 2457 gloriae.

257 2463 364 2515 Quis
389 2467 457 2505 est
480 2462 564 2504 iste
582 2463 679 2504 Rex
707 2461 882 2514 gloriae?
902 2464 925 2489 *
944 2463 1031 2504 Do-

204 2520 346 2562 minus
370 2519 581 2562 virtutum
608 2519 703 2571 ipse
731 2524 798 2561 est
822 2520 918 2561 Rex
941 2520 1031 2571 glo-

204 2590 292 2618 riae.

256 2632 352 2671 Ant.
402 2632 607 2674 Immittet
635 2631 829 2682 Angelus
856 2633 1031 2674 Domini

203 2689 247 2730 in
271 2689 454 2732 circuitu
477 2688 721 2731 timentium
746 2701 860 2739 eum,
885 2695 929 2732 et
954 2692 1032 2731 eri-

204 2746 296 2799 piet
314 2759 403 2789 eos.

1136 313 1235 354 Ant.
1264 307 1515 352 Laudemus
1534 309 1782 351 Dominum.

1352 370 1550 411 Psalmus
1570 371 1633 410 33.

1169 420 1394 464 enedicam
1428 422 1666 464 Dominum
1708 423 1754 464 in
1794 425 1911 466 omni

1083 535 1091 544 Î‡
1193 479 1407 531 tempore:
1434 479 1458 504 *
1486 491 1663 532 semper
1692 479 1787 522 laus
1820 481 1911 532 ejus

1081 549 1124 576 m
1153 547 1230 576 ore
1258 548 1369 577 meo.

1131 592 1182 632 In
1190 592 1382 633 Domino
1390 590 1641 634 laudabitur
1649 593 1911 635 animamea:

1081 648 1105 674 *
1125 647 1305 690 audiant
1323 649 1551 698 mansueti,
1570 654 1614 691 et
1633 649 1847 691 laetentur.

1133 705 1413 756 Magnificate
1427 706 1666 747 Dominum
1684 718 1872 748 mecum:
1888 707 1912 733 *

1082 767 1126 804 et
1163 756 1406 804 exaltemus
1442 776 1603 805 nomen
1641 764 1732 815 ejus
1768 764 1813 804 in
1848 762 1910 805 id-

1081 821 1237 872 ipsum.

1133 877 1363 929 Exquisivi
1371 877 1621 927 Dominum,
1635 882 1680 919 et
1690 876 1914 919 exaudivit

1081 946 1169 975 me:
1193 934 1217 959 *
1244 939 1288 976 et
1313 947 1368 976 ex
1396 934 1598 977 omnibus
1623 933 1912 976 tribulationi-

1082 989 1166 1031 bus
1183 991 1293 1032 meis
1310 992 1470 1044 eripuit
1487 1004 1569 1033 me.

1133 1047 1347 1090 Accedite
1380 1048 1437 1090 ad
1471 1061 1591 1097 eum,
1625 1053 1668 1089 et
1701 1047 1912 1089 illumina-

1081 1103 1204 1144 mini:
1232 1105 1256 1131 *
1281 1109 1324 1146 et
1350 1104 1486 1147 facies
1505 1109 1666 1146 vestrae
1694 1116 1783 1145 non
1811 1116 1911 1146 con-

1082 1158 1328 1202 fundentur.

1134 1216 1226 1258 Iste
1235 1230 1406 1270 pauper
1416 1217 1632 1267 clamavit,
1644 1222 1688 1259 et
1695 1217 1913 1259 Dominus

1083 1273 1306 1315 exaudivit
1326 1287 1443 1316 eum:
1457 1274 1480 1300 *
1496 1279 1540 1316 et
1555 1272 1610 1316 de
1625 1273 1827 1316 omnibus
1841 1273 1912 1316 tri-

1082 1329 1380 1372 bulationibus
1400 1331 1491 1383 eius
1511 1330 1697 1372 salvavit
1717 1343 1827 1373 eum.

1134 1387 1347 1430 Immittet
1361 1387 1558 1440 Angelus
1576 1388 1754 1430 Domini
1771 1388 1816 1429 in
1835 1387 1912 1429 cir-

1085 1443 1205 1486 cuitu
1224 1444 1471 1486 timentium
1495 1458 1614 1486 eum:
1638 1446 1663 1472 *
1688 1449 1732 1487 et
1758 1444 1915 1498 eripiet

1085 1512 1173 1541 eos.

1138 1556 1326 1600 Gustate
1350 1564 1393 1600 et
1417 1557 1564 1600 videte
1587 1558 1795 1611 quoniam
1818 1559 1913 1599 sua-

1083 1615 1150 1657 vis
1178 1619 1246 1656 est
1264 1614 1496 1656 Dominus:
1520 1615 1544 1641 â€™â¸â€˜
1561 1614 1719 1657 beatus
1743 1614 1819 1664 vir,
1839 1614 1915 1667 qui

1084 1676 1232 1725 sperat
1258 1671 1302 1712 in
1331 1684 1395 1713 eo.

1135 1728 1306 1771 Timete
1328 1728 1568 1770 Dominum
1595 1741 1748 1770 omnes
1760 1756 1764 1760 Îº
1775 1727 1915 1770 sancti

1085 1786 1194 1838 eius:
1230 1785 1254 1811 *
1295 1785 1502 1838 quoniam
1536 1797 1625 1827 non
1662 1789 1730 1827 est
1764 1784 1914 1837 inopia

1083 1842 1337 1884 timentibus
1366 1855 1476 1884 eum.

1137 1899 1307 1941 Divites
1337 1900 1547 1950 eguerunt
1578 1903 1622 1940 et
1654 1897 1914 1939 esurierunt:

1083 1956 1107 1982 *
1125 1956 1397 2009 inquirentes
1412 1960 1560 1997 autem
1573 1954 1812 1996 Dominum
1825 1966 1915 1996 non

1083 2014 1333 2055 minuentur
1351 2013 1470 2054 omni
1486 2012 1616 2054 bono.

1135 2071 1295 2112 Venite
1309 2069 1399 2119 filii,
1414 2069 1563 2112 audite
1577 2082 1663 2111 me:
1677 2069 1701 2094 *
1711 2068 1915 2109 timorem

1083 2127 1263 2169 Domini
1282 2126 1454 2168 docebo
1475 2138 1565 2168 vos.

1137 2183 1245 2234 Quis
1265 2187 1332 2224 est
1354 2182 1488 2224 homo
1515 2182 1589 2234 qmÎ‡
1612 2181 1706 2224 vult
1723 2181 1872 2223 vitam:
1891 2181 1915 2205 *

1086 2240 1225 2292 diligit
1245 2239 1338 2282 dies
1357 2239 1507 2282 videre
1525 2238 1692 2281 bonos?

1135 2295 1327 2338 Prohibe
1346 2296 1538 2347 linguam
1557 2300 1678 2338 tuam
1698 2308 1723 2336 a
1741 2294 1872 2336 malo:
1891 2294 1915 2319 *

1086 2359 1129 2396 et
1148 2353 1263 2395 labia
1281 2358 1357 2396 tua
1375 2366 1429 2395 ne
1448 2353 1685 2406 loquantur
1705 2352 1865 2394 dolum.

1136 2411 1317 2452 Diverte
1337 2423 1362 2451 a
1384 2410 1512 2460 malo,
1539 2415 1583 2452 et
1604 2410 1672 2451 fac
1690 2409 1872 2451 bonum:
1891 2409 1915 2434 *

1084 2467 1254 2520 inquire
1275 2479 1443 2520 pacem,
1463 2472 1506 2508 et
1523 2468 1788 2520 persequere
1807 2478 1915 2507 eam.

1138 2523 1266 2565 Oculi
1284 2524 1462 2565 Domini
1487 2536 1621 2577 super
1644 2523 1797 2575 justos:
1822 2522 1846 2548 *
1872 2527 1915 2563 et

1085 2593 1213 2622 aures
1234 2580 1325 2632 ejus
1344 2581 1387 2621 in
1407 2593 1562 2632 preces
1583 2581 1745 2622 eorum.
1817 2590 1838 2621 .Î‡

1136 2636 1298 2678 Vultus
1326 2642 1472 2679 autem
1491 2636 1670 2678 Domini
1697 2647 1830 2688 super
1857 2634 1914 2675 fa-

1087 2693 1251 2735 cientes
1269 2693 1399 2734 mala:
1423 2694 1446 2719 *
1472 2698 1520 2735 ut
1544 2692 1701 2746 perdat
1715 2690 1776 2733 'de
1799 2695 1916 2732 terra

1085 2749 1341 2791 memoriam
1369 2751 1530 2791 eorum.
