2040 2976
534 211 606 245 Dic
630 211 660 245 6.
683 210 788 244 Julii.
834 209 878 243 In
903 209 1050 243 Octava
1075 208 1131 243 Ss.
1156 207 1259 242 Petri
1287 211 1323 242 et
1347 207 1468 241 Pauli.

411 310 490 351 Ad
516 307 724 350 Laudes.

456 371 668 422 Hymnus.

283 448 341 475 ux
363 446 388 475 o
411 432 574 475 decora
592 431 749 484 patriae

308 491 537 542 Slavisque
558 490 697 530 amica
716 485 931 538 gentibus,

258 547 444 596 Salvete,
465 546 637 587 fratres:
657 546 801 585 annuo

256 604 353 646 Vos
372 603 603 645 efferemus
623 600 812 649 cantic03

206 674 327 722 Quos
346 669 490 710 Roma
509 665 725 720 plaudens
745 663 919 716 excipit,

259 725 501 778 Complexa
519 728 658 764 mater
677 721 804 771 filios,

259 782 406 834 Auget
425 782 589 822 corona
608 777 859 832 praesulum,

257 838 479 890 Novoque
498 837 644 877 firmat
662 834 837 876 robore.

211 905 369 945 Terras
388 901 445 943 ad
464 913 604 953 usque
623 898 837 942 barbaras

259 959 424 1001 Inferre
446 957 668 1000 Christum
686 955 883 1009 pergitis:

260 1017 378 1066 Quot
397 1027 536 1055 vanus
557 1026 679 1055 error
699 1012 874 1060 luserat,

261 1071 392 1113 Almo
412 1070 592 1124 repletis
611 1069 786 1110 lumine.

208 1137 347 1179 Noxis
367 1136 511 1178 solnta
529 1137 714 1188 pectora

259 1193 408 1235 Ardor
426 1194 642 1245 supernus
662 1190 841 1242 abripit;

258 1250 452 1292 Mutatur
470 1248 631 1290 horror
650 1248 851 1300 veprium

257 1307 310 1347 In
329 1305 576 1347 sanctitatis
596 1303 816 1346 flosculos.

207 1372 264 1413 Et
282 1383 398 1412 nunc
417 1372 571 1412 serena
591 1368 788 1411 co‘elitum

257 1428 415 1470 Locati
433 1427 478 1468 in
498 1426 607 1476 aula,
627 1425 817 1478 supplici

258 1485 426 1526 Adeste
445 1488 566 1525 voto:
585 1482 779 1524 Slavicas

258 1542 440 1583 Servate
458 1544 613 1592 gentes
632 1537 822 1580 Numini.

207 1608 368 1648 Errore
386 1618 556 1647 mersos
576 1605 753 1646 unicum

258 1663 386 1704 Ovile
406 1661 570 1704 Christi
589 1663 842 1712 cengreget3

255 1719 403 1760 Factis
422 1718 550 1760 avitis
570 1717 729 1759 aemula

257 1774 390 1817 Fides
409 1775 599 1817 virescat
619 1772 857 1827 pulchrior.

206 1841 273 1881 Tu
291 1852 385 1890 nos,
403 1839 535 1882 beata
554 1838 760 1887 Trinitas,

259 1895 439 1938 Coelesti
458 1897 608 1937 amere
629 1893 813 1943 concita,

258 1952 526 2004 Patremque
544 1956 674 1993 natos
693 1949 857 2002 inclyta

257 2008 327 2049 Da
344 2008 553 2061 persequi
571 2006 767 2058 vestigia.
795 2006 949 2046 Amen.

209 2068 260 2118 V.
294 2069 563 2122 Sapientiam
600 2069 855 2110 sanctorum
891 2078 986 2106 nar-

154 2130 252 2167 rent
275 2126 440 2179 pepuli.
473 2129 524 2190 I}
551 2126 608 2167 Et
631 2122 808 2165 laudem
833 2124 988 2164 eorum

155 2182 325 2224 nuntiet
344 2182 554 2224 Ecclesia.

210 2241 281 2283 Ad
297 2241 459 2283 Bened.
490 2243 590 2283 Ant.
618 2243 669 2282 In
688 2239 922 2282 sanctitate
943 2243 987 2279 et

156 2299 319 2350 justitia
352 2299 596 2341 servierunt
626 2296 819 2339 Domino
853 2294 985 2336 emni-

155 2355 238 2397 bus
266 2354 421 2397 diebus
448 2355 555 2396 suis:
582 2353 684 2396 ideo
711 2351 870 2394 stolam
896 2350 986 2401 glo-

155 2412 233 2453 riae
278 2411 418 2453 induit
461 2411 560 2453 illos
604 2409 820 2452 Dominus
866 2407 987 2448 Deus

156 2468 307 2509 Israel.
605 2507 613 2515 ,

493 2507 657 2547 Orat1o.

242 2565 495 2615 mnipotens
542 2561 807 2613 sempiterne
847 2560 988 2610 Deus,

260 2619 334 2671 qui
359 2618 578 2660 Slavoniae
603 2622 757 2668 gentes
782 2629 862 2668 per
886 2616 986 2658 bea-

158 2681 229 2718 tos
249 2675 536 2717 Confess6res
562 2679 664 2715 tuos
689 2678 822 2724 atque
841 2673 987 2714 Ponti-

160 2732 266 2774 fices
301 2731 510 2784 Cyrillum
547 2735 591 2772 et
622 2729 898 2771 Methodium
931 2729 989 2770 ad

1796 203 1869 239 407

1036 301 1304 352 agniti6nem
1327 301 1391 342 tui
1415 300 1604 341 neminis
1624 302 1772 341 venire
1796 299 1868 340 tri-

1035 357 1183 398 buisti:
1212 362 1391 409 praesta;
1420 362 1468 398 ut
1493 369 1681 408 quorum
1706 356 1868 397 festivi-

1036 416 1128 455 tate
1160 413 1417 464 gloriamur,
1457 415 1609 454 eerum
1643 412 1868 454 consortio

1038 470 1305 523 copulemur.
1332 470 1417 511 Per
1437 470 1685 511 Deminum.

1088 532 1135 566 Et
1158 532 1199 566 fit
1223 542 1419 566 commem.
1446 531 1525 566 Oet.
1551 531 1607 565 Ss.
1634 532 1769 573 Apost.

1090 580 1189 620 Ant.
1240 578 1433 620 GloriOsi
1470 578 1692 631 principes
1728 583 1870 627 terrae,

1039 634 1264 688 quomodo
1285 636 1327 676 in
1343 635 1434 676 vita
1455 648 1533 676 sua
1548 634 1797 676 dilexerunt
1813 647 1871 683 se,

1038 693 1098 734 ita
1125 698 1168 734 et
1195 693 1239 732 in
1262 697 1406 734 morte
1431 704 1519 733 non
1545 696 1646 732 sunt
1666 690 1871 743 separati.

1090 749 1140 797 V.
1168 749 1219 789 In
1248 762 1423 790 omnem
1446 754 1611 790 terram
1641 747 1775 789 exivit
1803 760 1870 788 so-

1040 820 1122 847 nus
1151 808 1314 847 eerum.
1367 805 1418 856 Rz.
1452 806 1509 846 Et
1540 805 1583 845 in
1613 805 1721 846 fines
1751 803 1871 845 orbis

1039 868 1172 904 terrae
1191 862 1326 905 verba
1346 865 1510 904 eorum.

1373 919 1536 959 Oratio.

1040 971 1222 1077 Deus,
1244 975 1319 1027 qui
1337 973 1596 1016 hodiernam
1616 973 1732 1015 diem
1752 973 1870 1025 Apo-

1141 1032 1357 1074 stolorum
1370 1033 1548 1073 tuorum
1561 1031 1681 1072 Petri
1696 1035 1739 1071 et
1749 1030 1873 1071 Pauli

1040 1089 1249 1141 martyrio
1270 1088 1556 1130 consecrasti:
1583 1086 1640 1129 da
1660 1085 1873 1127 Ecclesiae

1040 1150 1139 1195 tuae,
1160 1147 1314 1187 eorum
1332 1146 1375 1185 in
1396 1143 1599 1186 emnibus
1619 1143 1745 1195 sequi
1762 1156 1873 1195 prae-

1041 1203 1234 1254 ceptum,
1261 1215 1342 1254 per
1373 1214 1485 1254 quos
1510 1200 1733 1252 religienis
1759 1213 1871 1240 sum-

1040 1258 1129 1310 psit
1149 1258 1389 1300 exordium.
1417 1258 1502 1299 Per
1521 1257 1772 1298 Deminum.

1246 1332 1307 1372 In
1325 1332 1387 1372 11.
1408 1330 1661 1380 vesperis.

1090 1389 1127 1434 A
1150 1388 1274 1432 Capit.
1298 1388 1339 1422 fit
1364 1387 1411 1422 de
1437 1386 1516 1421 Oct.
1540 1386 1596 1421 Ss.
1613 1387 1750 1430 Apost.
1766 1386 1871 1422 Petri

1041 1442 1077 1471 et
1100 1437 1211 1471 Pauli
1238 1447 1323 1471 cum
1349 1446 1545 1470 commem.
1571 1446 1685 1478 praee.

1094 1485 1134 1520 Si
1150 1485 1196 1519 Π.
1214 1485 1330 1528 Vesp.
1354 1485 1514 1527 integra:
1535 1484 1607 1518 dic.
1625 1484 1712 1525 sint,
1730 1484 1870 1527 Hymn.

1041 1538 1077 1568 et
1108 1530 1154 1575 V.
1188 1534 1351 1568 sumitur
1381 1544 1400 1567 e
1432 1533 1457 1566 Ι.
1485 1532 1602 1575 Vesp.
1636 1538 1672 1566 et
1700 1533 1789 1567 Ant.
1822 1532 1871 1566 ad

1040 1581 1197 1625 Magnis.
1222 1586 1263 1616 ut
1287 1582 1397 1616 infra.

1318 1659 1403 1700 Die
1427 1660 1463 1699 6.
1487 1659 1511 1699 J
1515 1658 1599 1699 ulii.

1094 1725 1143 1764 In
1164 1724 1334 1765 Octava
1353 1723 1423 1765 Ss.
1442 1722 1580 1764 Petri
1598 1729 1641 1763 et
1663 1721 1820 1763 Pauli.

1373 1782 1539 1826 Duplex.

1256 1840 1318 1880 In
1337 1840 1373 1880 1.
1398 1838 1651 1889 vesperis.

1097 1896 1234 1930 Omnia
1261 1900 1302 1930 ut
1326 1896 1364 1929 in
1389 1895 1416 1929 I.
1440 1894 1628 1937 Vesperis
1653 1894 1700 1928 de
1726 1894 1871 1928 Comm.

1042 1945 1179 1988 Apost.
1204 1945 1251 1988 [2]
1278 1948 1420 1987 praeter
1443 1953 1550 1985 sequ.

1094 1991 1145 2044 V.
1169 1997 1423 2038 Constitues
1449 2008 1527 2036 eos
1553 1995 1776 2047 principes
1803 2008 1870 2036 su-

1040 2066 1120 2107 per
1148 2066 1325 2094 omnem
1352 2058 1525 2094 terram.
1573 2053 1623 2103 Rz.
1649 2052 1869 2093 Memores

1041 2115 1168 2152 erunt
1186 2109 1374 2151 nominis
1393 2109 1458 2151 tui
1477 2109 1677 2150 Domine.

1093 2165 1164 2207 Ad
1180 2166 1353 2217 Magnis.
1382 2166 1482 2207 Ant.
1507 2167 1662 2207 Petrus
1678 2165 1871 2217 Aposto-

1040 2222 1119 2272 lus,
1136 2227 1179 2264 et
1193 2221 1356 2263 Paulus
1370 2222 1542 2264 Doctor
1554 2221 1772 2271 Gentium,
1788 2221 1873 2273 ipsi

1041 2291 1122 2320 nos
1145 2278 1391 2320 docuerunt
1408 2277 1552 2329 legem
1570 2283 1693 2320 tuam
1710 2278 1820 2318 Dfie.

1377 2338 1543 2379 Oratio.

1131 2403 1226 2441 eUS,
1252 2391 1374 2442 cujus
1393 2389 1576 2432 dextera
1594 2389 1775 2432 beatum
1793 2389 1871 2430 Pe-

1135 2452 1252 2489 trum
1271 2447 1570 2489 ambulantem
1589 2447 1633 2488 in
1653 2445 1870 2494 fluctibus,

1040 2517 1095 2546 ne
1127 2505 1415 2554 mergeretur,
1450 2504 1603 2553 erexit,
1637 2508 1680 2544 et
1713 2504 1870 2554 coapo-

1041 2561 1203 2603 stolum
1223 2561 1314 2612 ejus
1333 2560 1528 2610 Paulum,
1550 2560 1681 2602 tertio
1700 2558 1869 2599 naufra-

1040 2619 1235 2668 gantem,
1269 2617 1324 2658 de
1349 2616 1571 2669 profundo
1596 2615 1742 2668 pelagi
1765 2614 1870 2655 libe-

1041 2674 1170 2715 ravit:
1189 2671 1351 2714 exaudi
1366 2685 1448 2714 nos
1464 2673 1692 2725 propitius,
1714 2675 1758 2711 et
1771 2682 1871 2711 con-

1042 2728 1168 2779 cede3
1194 2734 1243 2770 ut
1267 2728 1496 2770 amberum
1514 2727 1680 2769 meritis
1701 2725 1871 2767 aeterni-
