2040 2976
213 194 302 238 [244]

211 292 436 343 integritas
473 291 671 343 cerporis
702 290 865 343 potius,
902 303 1031 342 quam

212 348 415 397 decrevit,
435 351 478 389 et
497 346 721 398 virginitas
741 346 948 399 ampliata
967 351 1032 389 est

210 405 367 457 petius,
388 416 518 456 quam
536 402 694 454 fugata.

262 484 310 535 R..
334 475 450 518 Audi
468 476 530 517 fili
548 475 621 526 mi,
641 479 685 517 et
704 476 878 528 suscipe
897 475 1031 517 verba

211 548 308 576 mea
331 539 352 562 *
377 533 436 575 Ut
461 531 801 585 multiplicentur
829 532 908 574 tibi
932 532 1031 572 anni

211 592 323 632 vitae.
375 589 424 640 XV.
474 589 603 630 Viam
645 588 872 641 sapientiae
912 600 1031 629 mon-

211 647 359 689 strabo
386 645 480 695 tibi,
506 644 662 686 ducam
686 650 730 687 te
753 657 833 697 per
855 645 1031 686 semitas

213 702 440 755 aequitatis.
467 702 537 743 Ut.

507 787 657 828 Lectio
678 788 728 826 vi.

313 855 403 894 aria
433 865 563 904 quam
588 851 934 904 praeclarissimis
958 852 1031 893 tri-

325 909 408 951 bus
426 909 553 950 bonis
572 908 842 957 sublimetur,
866 908 1032 949 auscul-

209 973 271 1017 ta,
306 965 576 1007 salutatic'mis
602 963 828 1015 angelicae,
858 964 1031 1006 benedi-

210 1022 368 1065 ctionis
388 1021 557 1070 divinae,
578 1025 621 1062 et
639 1019 922 1072 plenitudinis
937 1023 1032 1071 gra-

209 1080 294 1121 tiae.
314 1078 383 1119 Sic
400 1077 514 1119 enim
531 1089 627 1118 eam
636 1075 794 1126 legitur
805 1076 1032 1118 salutasse:

211 1135 306 1176 Ave
320 1134 468 1183 Maria,
486 1133 625 1184 gratia
643 1132 784 1184 plena.
802 1131 1033 1175 benedicta

209 1192 321 1233 inter
335 1190 548 1231 mulieres.
567 1189 623 1230 Et
640 1194 688 1230 ut
706 1188 813 1229 nihil
831 1201 918 1230 non
935 1189 1031 1231 sub-

209 1248 310 1289 lime
335 1251 451 1288 esset
475 1246 519 1286 in
539 1245 622 1286 hac
646 1245 918 1286 sanctissima
936 1246 1032 1287 Vir-

209 1304 319 1354 gine,
341 1315 470 1355 quam
489 1301 682 1352 Angelus
701 1302 841 1352 gratia
857 1302 1032 1354 plenam

211 1360 430 1408 salutavit,
457 1371 545 1400 non
570 1358 661 1400 sine
681 1358 828 1400 divino
849 1359 1031 1400 consilio

211 1416 372 1458 factum
391 1420 472 1465 est,
498 1420 546 1456 ut
566 1415 656 1466 ejus
676 1415 806 1456 etiam
823 1415 1032 1466 imagines

210 1485 380 1514 summo
414 1476 560 1514 essent
591 1472 635 1512 in
666 1471 834 1513 honore
863 1476 907 1513 et
934 1485 1031 1524 pro-

210 1529 336 1580 digiis
381 1527 688 1580 miraculisque
734 1527 1032 1571 clarescerent.

211 1587 328 1636 Quas
352 1586 464 1626 inter
488 1597 541 1626 ea
562 1584 702 1626 tribus
722 1583 879 1626 abhinc
899 1587 1031 1627 saecu-

210 1641 263 1682 lis
286 1644 511 1694 praecipuo
535 1641 704 1682 honore
727 1640 898 1690 celitur,
934 1654 1031 1693 quae

210 1697 347 1739 Paulo
367 1696 560 1739 secundo
579 1696 759 1739 sedente
777 1697 1032 1739 mirabiliter

210 1756 465 1806 apparuisse
483 1753 526 1794 in
545 1755 711 1805 pariete
728 1753 938 1794 Ecclesiae
954 1754 1031 1795 Pa-

209 1815 325 1851 trum
358 1809 534 1851 Ordinis
566 1809 857 1851 Eremitarum
893 1811 1032 1852 sancti

210 1867 443 1918 Augustini
492 1867 535 1907 in
581 1866 748 1919 eppido
795 1866 1032 1909 Genestani

209 1923 491 1965 Praenestinae
502 1922 714 1973 dioecesis,
731 1935 785 1964 ex
795 1923 1031 1975 pontificiis

211 1978 521 2032 diplomatibus
542 1984 586 2021 et
604 1979 868 2032 supparibus
883 1993 1031 2022 monu-

210 2036 365 2077 mentis
385 2036 708 2089 comprobatur.
745 2036 912 2086 Quibus
936 2049 1031 2089 per-

209 2094 355 2135 metus
381 2092 484 2135 Pius
510 2093 630 2145 Papa
659 2097 807 2134 sextus
835 2093 1031 2145 praefatis

211 2147 403 2199 ejusdem
446 2148 597 2201 Oppidi
641 2148 883 2191 Coenobitis
929 2149 1031 2191 Offi-

211 2204 326 2245 cium
348 2205 576 2257 preprium
601 2206 819 2248 concessit
836 2207 1030 2259 xseptimo

210 2260 433 2302 Kalendas
456 2261 608 2313 Maias,
632 2263 730 2315 ipso
757 2262 924 2304 scilicet
942 2263 1030 2316 Ap-

210 2317 439 2369 paritionis
459 2317 546 2367 die,
570 2318 857 2369 recitandum,
885 2332 936 2361 ac
960 2319 1030 2361 de-

209 2372 310 2415 inde
324 2373 431 2415 illud
447 2372 528 2423 die,
549 2387 646 2426 quae
664 2375 913 2417 immediate
932 2377 1030 2417 sub-

210 2429 404 2482 sequitur
443 2442 525 2482 pro
567 2432 657 2482 ejus
697 2432 952 2474 recitatione
988 2433 1030 2473 in

210 2487 436 2538 pesterum
459 2487 678 2537 assignata
703 2487 759 2529 ad
782 2487 1031 2530 universum

210 2541 469 2594 praedictum
501 2542 698 2584 ordinem
730 2543 811 2585 sub
842 2544 927 2586 ritu
955 2544 1030 2586 du-

210 2598 336 2650 plicis
363 2599 538 2650 majoris
565 2599 767 2641 extendit.
807 2600 898 2641 Leo
925 2614 1030 2642 vero

211 2654 404 2696 decimus
427 2655 580 2697 tertius
605 2655 660 2696 ad
679 2655 925 2706 augendum
945 2657 1029 2698 cul-

210 2716 302 2752 tum
338 2724 441 2763 erga
477 2711 775 2754 beatissimam
806 2712 1030 2763 Virginem

573 198 643 231 Die
666 198 717 231 26.
743 179 899 240 Aprilis.
946 198 986 232 B.
1012 198 1058 231 M.
1084 198 1126 231 v.
1152 198 1198 231 de
1223 197 1331 231 Bono
1358 197 1541 231 Consilio.

1084 290 1164 331 sub
1183 289 1310 332 titulo
1329 290 1480 332 Matris
1497 291 1611 333 Boni
1630 291 1808 333 Consilii
1827 305 1902 335 no·

1083 359 1185 388 vum
1203 346 1288 388 hoc
1307 346 1498 388 officium
1516 347 1788 400 approbavit.

1135 414 1186 464 R.
1211 411 1425 453 Ausculta
1448 413 1671 454 sermenes
1694 425 1834 464 meos,
1860 417 1904 456 et

1084 467 1140 509 ad
1169 467 1342 520 elequia
1365 479 1463 509 mea
1486 467 1644 509 inclina
1668 481 1816 510 aurem
1838 473 1902 510 tu-

1084 536 1168 565 am:
1187 528 1207 551 *
1236 523 1304 565 Ne
1329 523 1536 566 recedant
1561 523 1615 566 ab
1642 524 1779 566 oculis
1803 525 1904 567 tuis:

1085 579 1257 622 custedi
1293 592 1344 621 ea
1383 579 1428 620 in
1462 578 1608 621 medio
1652 580 1797 622 cordis
1831 580 1905 623 tui.

1084 635 1133 686 V.
1165 636 1269 678 Vita
1305 636 1418 678 enim
1454 641 1554 677 sunt
1587 636 1905 678 invenientibus

1085 705 1146 742 ea,
1175 697 1218 734 et
1245 692 1458 734 universae
1485 692 1603 734 carni
1627 693 1800 735 sanitas.
1837 693 1906 735 Ne

1085 749 1302 791 recedant.
1330 749 1492 791 Gleria.
1518 749 1587 791 Ne
1605 749 1822 792 recedant.

1308 829 1355 867 In
1374 828 1443 866 III.
1464 828 1684 869 Nocturno.

1138 896 1235 935 Ant.
1274 895 1360 936 Via
1392 894 1512 937 stulti
1541 899 1662 937 recta
1692 895 1738 936 in
1769 896 1906 938 eculis

1085 950 1193 1001 ejuS,
1222 951 1295 1003 qui
1314 956 1460 1011 autem
1479 951 1653 1004 sapiens
1673 957 1757 1003 est,
1786 952 1907 995 audit

1085 1007 1275 1048 consilia.

1138 1069 1237 1110 Ant
1291 1069 1377 1109 Cor
1419 1067 1523 1109 boni
1560 1068 1728 1110 consilii
1765 1070 1907 1110 statue

1084 1128 1248 1173 tecum,
1293 1136 1381 1165 non
1417 1129 1484 1166 est
1523 1125 1638 1166 enim
1671 1124 1752 1167 tibi
1789 1124 1907 1167 aliud

1085 1180 1221 1233 pluris
1248 1180 1334 1222 illo.

1136 1242 1235 1282 Ant.
1267 1241 1448 1294 Sapiens
1469 1253 1545 1282 cor
1571 1245 1614 1282 et
1638 1240 1907 1292 intelligibile

1085 1296 1320 1339 abstinebit
1339 1309 1386 1339 se
1411 1310 1436 1339 a
1454 1297 1658 1350 peccatiS,
1682 1297 1788 1339 etin
1806 1299 1907 1351 ope-

1085 1353 1205 1396 ribus
1224 1354 1400 1406 justitiae
1420 1355 1648 1396 successus
1666 1353 1855 1396 habebit.

1135 1415 1185 1467 V.
1216 1419 1389 1461 Corona
1413 1419 1638 1472 sapientiae
1662 1419 1795 1461 timor
1817 1419 1905 1462 Do-

1085 1475 1198 1516 mini.
1223 1479 1272 1529 R.
1297 1476 1490 1529 Replens
1508 1489 1673 1529 pacem,
1693 1480 1737 1518 et
1755 1475 1907 1518 salutis

1085 1531 1283 1574 fructum.

1084 1606 1238 1648 Lectio
1264 1606 1404 1648 sancti
1422 1606 1649 1658 Evangelii
1667 1606 1908 1649 secundum

1408 1663 1584 1707 Lucam.

1187 1724 1337 1766 Lectio
1358 1726 1425 1765 vii.
1606 1726 1708 1778 Cap.
1724 1727 1752 1766 1.
1769 1739 1802 1767 0.

1132 1798 1160 1825 11
1178 1784 1252 1826 1110
1272 1786 1486 1837 tempore:
1503 1786 1662 1827 Missus
1682 1791 1749 1828 est
1763 1787 1905 1837 Ange-

1148 1841 1215 1882 lus
1240 1841 1419 1883 Gabriel
1446 1855 1471 1883 a
1495 1842 1592 1884 Deo
1619 1842 1663 1883 in
1687 1842 1906 1884 civitatem

1085 1897 1281 1939 Galilaeae
1306 1898 1376 1940 cui
1399 1911 1558 1940 nomen
1580 1898 1817 1949 Nazareth,
1850 1899 1907 1941 ad

1083 1954 1310 2005 Virginem
1342 1953 1656 2007 desponsatam
1683 1955 1795 2006 viro,
1837 1956 1907 1998 cui

1083 2023 1242 2052 nomen
1258 2016 1350 2054 erat
1359 2011 1383 2052 J
1386 2011 1525 2064 oseph
1542 2010 1596 2054 de
1608 2011 1740 2053 domo
1751 2011 1906 2062 David,

1084 2072 1128 2108 et
1153 2079 1313 2109 nomen
1339 2068 1531 2120 Virginis
1559 2068 1707 2109 Maria.
1759 2068 1816 2110 Et
1842 2069 1905 2110 re-

1083 2123 1211 2175 liqua.

1202 2197 1391 2239 Homilia
1419 2199 1556 2240 sancti
1583 2197 1795 2241 Bernardi

1397 2253 1594 2297 Abbatis.

1086 2318 1142 2351 Ex
1163 2318 1299 2352 Homil.
1316 2318 1345 2351 2.
1369 2329 1484 2361 super
1500 2320 1644 2356 Missus
1666 2320 1766 2355 circa
1782 2321 1903 2355 finem.

1091 2413 1093 2415 .
1123 2381 1215 2431 sawt
1233 2388 1406 2427 nomen,
1430 2377 1585 2429 inquit,
1604 2377 1798 2429 Virginis
1817 2377 1904 2419 Ma-

1090 2443 1097 2485 ζζ
1121 2450 1191 2492 ³„
1215 2435 1292 2483 ria,
1320 2433 1440 2485 quod
1462 2434 1796 2486 interpretatum
1818 2447 1904 2476 ma-

1087 2488 1191 2513 *³2
1214 2489 1274 2530 ris
1300 2489 1426 2531 stella
1451 2490 1618 2532 dicitur.
1658 2491 1763 2544 Ipsa
1788 2503 1904 2532 nam-

1084 2557 1168 2597 que
1194 2550 1261 2587 est
1283 2545 1441 2587 nebilis
1460 2546 1533 2587 illa
1551 2546 1676 2588 stella
1696 2559 1750 2588 ex
1767 2547 1904 2588 Jacob

1083 2606 1197 2651 orta,
1228 2602 1348 2653 cujus
1380 2602 1528 2644 radius
1560 2603 1811 2644 universum
1838 2615 1903 2644 or-

1082 2656 1183 2698 bem
1210 2658 1432 2700 illuminat.
1475 2660 1593 2711 Ipsa,
1619 2659 1809 2711 inquam,
1838 2663 1904 2700 est

1081 2714 1294 2766 praeclara
1335 2719 1379 2757 et
1418 2715 1575 2758 eximia
1613 2715 1740 2758 stella
1774 2727 1906 2768 super
