2040 2976
799 211 997 245 Dominicu
1025 209 1072 243 ud
1098 209 1301 250 Vespa-rus.

219 321 273 361 Ut
290 331 426 367 mane,
448 314 567 369 quod
584 326 667 355 nos
687 311 888 354 ultimum

265 376 349 417 Hic
369 373 658 426 deprecemur
678 367 838 416 cernui,

264 432 373 473 Cum
390 431 488 471 luce
507 427 634 469 nobis
652 425 812 472 effluat,

261 489 361 529 Hoc
381 487 486 528 dum
505 485 665 526 canore
686 482 936 530 concrepat.

218 562 310 600 Deo
327 555 449 598 Patri
469 555 526 596 sit
545 552 696 605 gloria,

264 615 458 666 Eiusque
477 610 562 652 soli
579 608 705 656 Filio,

265 671 376 712 Cum
395 668 560 721 Spiritu
577 662 809 711 PareclitQ

264 727 393 768 Nunc
413 730 456 766 et
474 735 554 777 per
574 732 703 763 omne
723 715 942 759 saeculum.

450 781 602 822 Amen.

241 838 289 889 Y.
319 836 497 890 Repleti
525 845 674 876 sumus
702 841 830 872 mane
850 826 1015 869 miseri-

191 895 343 938 cordia
357 899 443 936 tua.
464 897 509 946 lx’g.
531 887 869 935 Exsultzivimus‚
885 888 929 925 et
945 882 1016 924 de-

190 952 342 994 lectati
359 963 519 992 sumus,
697 993 701 997 .

244 1012 308 1051 Ad
333 1010 488 1051 lic-ned.
510 1011 605 1049 Ant.
635 1003 1017 1048 Illumine'lre*D()-

192 1069 309 1110 mine
326 1068 404 1117 his,
422 1066 497 1118 qui
513 1066 557 1106 in
575 1063 769 1106 tenebris
789 1060 956 1109 sedent,
976 1062 1019 1099 et

193 1125 330 1176 dirige
349 1123 487 1176 pedes
505 1126 681 1163 nostros
696 1120 741 1160 in
754 1118 872 1159 viam
886 1115 1019 1168 pacis,

192 1181 313 1223 Deus
332 1179 481 1221 Israel.

236 1248 390 1281 Preces.
423 1246 577 1289 quamdo
612 1244 787 1278 dict-nme
819 1246 921 1276 sunt.
952 1241 1017 1273 ha,-

193 1296 326 1328 buntur
351 1305 464 1336 supr-:1
494 1294 526 1326 in
556 1293 664 1326 Furia
694 1293 734 1325 11.
760 1292 821 1327 50.

452 1374 762 1394 —-——<>³&³2-<>——

273 1448 550 1500 Dominica
574 1446 644 1496 ad
664 1446 946 1509 Vesperas.

255 1529 380 1591 lJater
399 1531 562 1568 noster.
591 1528 622 1566 Λ
630 1538 684 1566 ve
703 1524 852 1565 Maria.

251 1589 296 1634 δ’.
326 1590 448 1630 Deus
468 1588 512 1628 in
532 1585 806 1638 adjutorium.
835 1585 893 1625 14.

251 1649 346 1687 Ant.
375 1648 502 1689 Dixit
528 1646 753 1687 Dominus.

458 1716 652 1756 l'salmus
675 1716 765 1754 1‹›9.

207 1778 413 1846 fx!
429 1776 644 1818 Deminus
662 1775 853 1816 Demino
873 1787 987 1815 meo:
1002 1775 1026 1800 *

244 1834 304 1880 μ’
321 1846 328 1884 j·
351 1833 465 1875 Sede
484 1846 510 1874 a
529 1832 696 1874 dextris
715 1831 840 1872 meis:

243 1914 246 1915 ν
274 1885 329 1915 *4
390 1891 545 1931 Donec
563 1901 724 1941 ponam
742 1888 944 1929 inimicos
962 1892 1027 1929 tu-

204 1960 266 1997 os,
285 1947 308 1973 *
327 1945 566 1988 scabellum
584 1944 749 1998 pedum
766 1946 954 1986 tuorum.

255 2003 437 2054 virgam
457 2002 630 2044 virtutis
649 2006 738 2042 tuae
756 2002 926 2042 emittet
940 2001 1027 2042 Do-

204 2059 347 2100 minus
374 2071 427 2100 ex
447 2058 567 2100 Sion:
586 2057 609 2084 *
630 2057 855 2099 dominere
878 2057 924 2098 in
943 2058 1029 2098 me-

207 2115 280 2158 dio
300 2115 575 2156 inimicorum
592 2116 779 2155 tuerum.

257 2170 423 2212 Tecum
451 2170 714 2223 principium
742 2170 785 2210 in
806 2168 877 2211 die
898 2168 1029 2210 virtu-

206 2228 263 2269 tis
277 2232 365 2269 tuae
381 2227 425 2267 in
441 2226 750 2279 splendoribus
765 2226 1031 2266 sanctorum:

206 2284 230 2310 *
251 2296 304 2325 ex
324 2286 450 2324 utero
468 2287 568 2323 ante
584 2282 811 2323 luciferum
829 2281 960 2333 genui
976 2286 1031 2323 te.

258 2340 282 2380 J
284 2339 427 2380 urevit
453 2339 563 2388 Diis,
598 2343 641 2380 et
675 2351 764 2379 non
796 2337 1031 2390 poenitebit

209 2409 323 2438 eum:
337 2396 360 2421 *
377 2395 446 2436 Tu
466 2407 512 2436 es
528 2393 736 2436 sacerdos
755 2393 800 2434 in
821 2395 1032 2435 aeternum

209 2450 450 2494 secundum
475 2450 674 2492 ordinem
694 2449 1032 2491 Melchisedech.

259 2507 475 2548 Dominus
491 2520 515 2547 a
531 2506 697 2547 dextris
712 2506 810 2555 tuis,
826 2506 850 2531 *
867 2506 1033 2547 confre-

208 2564 271 2615 git
291 2564 334 2604 in
355 2563 426 2604 die
444 2563 521 2603 irae
541 2575 632 2603 suae
651 2574 789 2613 reges.

209 2678 375 2717 ruinas:
406 2676 430 2701 *
465 2674 779 2726 conquassabit
813 2674 958 2725 capita
991 2674 1035 2714 in

209 2737 327 2773 terra
346 2730 595 2772 multorum.

1117 306 1185 346 De
1211 305 1409 345 torrente
1433 302 1478 343 in
1501 301 1573 342 via
1597 299 1736 341 bibet:
1755 297 1779 325 *
1799 310 1898 350 pro-

1066 363 1219 415 pterea
1239 358 1452 402 exaltabit
1471 361 1615 410 caput.

1122 430 1218 468 Ant.
1273 423 1397 465 Dixit
1441 422 1660 464 Dominus
1704 419 1899 461 Domino

1067 494 1183 523 meo:
1207 480 1322 523 Sede
1342 493 1368 521 a
1389 479 1557 521 dextris
1575 477 1697 519 meis.

1120 549 1217 588 Ant.
1247 544 1428 588 Fidelia.

1332 623 1529 664 Psalmus
1557 623 1638 661 110.

1069 690 1367 798 Confitebor
1397 691 1480 733 tibi
1506 690 1698 732 Domine
1729 689 1775 730 in
1801 694 1901 732 toto

1165 749 1300 791 corde
1318 761 1437 790 meo:
1455 748 1480 774 *
1498 747 1543 788 in
1564 745 1750 788 consilio
1769 747 1902 798 justo-

1069 820 1178 857 rum,
1197 811 1241 848 et
1260 803 1615 857 congregatiOne.

1121 863 1281 915 Magna
1313 863 1450 914 epera
1477 859 1674 902 Domini:
1700 859 1725 886 *
1754 859 1903 911 exqui-

1071 922 1156 962 sita
1173 921 1219 960 in
1239 931 1392 960 omnes
1409 917 1662 959 voluntates
1682 916 1784 968 ejus.

1123 975 1354 1017 Confessio
1385 978 1429 1016 et
1447 972 1774 1025 magnificentia
1791 984 1905 1024 opus

1073 1034 1181 1086 ejus:
1210 1032 1234 1058 *
1268 1036 1312 1074 et
1348 1031 1515 1084 justitia
1552 1031 1643 1082 ejus
1679 1032 1829 1070 manet
1859 1028 1905 1069 in

1073 1089 1284 1131 saeculum
1311 1087 1474 1129 saeculi.

1124 1145 1386 1187 Memoriam
1403 1143 1509 1186 fecit
1524 1142 1792 1184 mirabilium
1806 1143 1906 1183 suo-

1073 1215 1186 1254 rum,
1213 1201 1466 1243 misericors
1491 1204 1535 1242 et
1561 1199 1798 1241 miseretor
1817 1198 1906 1239 Do-

1073 1259 1235 1300 minus:
1245 1259 1269 1285 *
1281 1270 1428 1300 escam
1440 1256 1563 1299 dedit
1577 1254 1836 1298 timentibus
1849 1266 1908 1296 se.

1125 1315 1298 1357 Memor
1336 1314 1419 1356 erit
1455 1313 1501 1354 in
1534 1312 1747 1354 saeculum
1776 1315 1908 1353 testa-

1075 1372 1212 1413 menti
1232 1371 1316 1412 sui:
1335 1371 1360 1397 *
1377 1370 1589 1412 virtutem
1608 1370 1794 1422 operum
1810 1369 1909 1409 suo-

1076 1442 1174 1469 rum
1192 1426 1470 1469 annuntiabit
1486 1425 1655 1479 populo
1676 1437 1774 1467 suo:

1128 1485 1189 1526 Ut
1223 1484 1299 1526 det
1332 1484 1420 1524 illis
1452 1481 1761 1524 haereditatem
1796 1481 1910 1523 Gen-

1076 1541 1235 1583 tiumz*
1251 1543 1389 1593 epera
1404 1541 1613 1580 manuum
1628 1539 1720 1591 ejus
1734 1537 1911 1588 veritas,

1078 1602 1122 1639 et
1149 1597 1369 1650 judicium.

1129 1653 1300 1695 Fidelia
1311 1652 1459 1694 omnia
1468 1651 1678 1693 mandata
1689 1651 1796 1703 ejus:
1810 1663 1911 1693 con-

1078 1711 1253 1751 firmata
1271 1710 1317 1750 in
1337 1709 1550 1751 saeculum
1571 1707 1733 1760 saeculi,
1753 1708 1777 1734 *
1795 1707 1913 1750 facta

1079 1767 1124 1808 in
1140 1766 1329 1808 veritate
1349 1770 1394 1808 et
1414 1765 1635 1817 aequite'tte.

1131 1822 1506 1875 Redemptionem
1565 1821 1686 1862 misit
1743 1820 1912 1874 pepulo

1081 1892 1180 1921 suo:
1196 1879 1220 1906 *
1235 1878 1464 1920 mandavit
1482 1878 1528 1919 in
1547 1879 1762 1919 aeternum
1779 1881 1913 1919 testa-

1079 1937 1277 1978 mentum
1297 1948 1435 1976 suum.
1614 1956 1617 1959 ·
1911 1953 1914 1957 ·

1133 1992 1353 2042 Sanctum,
1369 1996 1413 2033 et
1428 1990 1626 2033 terribile
1636 2002 1799 2032 nomen
1809 1991 1915 2043 eius:

1081 2050 1105 2075 *
1126 2048 1297 2090 initium
1321 2048 1552 2100 sapientiae
1573 2047 1706 2089 timor
1724 2046 1916 2087 Domini.

1133 2105 1391 2146 Intellectus
1429 2104 1574 2146 bonus
1612 2102 1816 2145 omnibus
1856 2102 1915 2144 fa-

1083 2161 1302 2203 cientibus
1325 2174 1440 2203 eum:
1459 2161 1483 2187 *
1501 2159 1698 2202 laudatio
1720 2160 1811 2212 ejus
1827 2172 1917 2200 ma-

1083 2223 1158 2260 net
1174 2218 1219 2259 in
1239 2217 1451 2259 saeculum
1472 2216 1635 2259 saeculi.

1134 2287 1234 2328 Ant.
1249 2287 1423 2330 Fidelia
1433 2287 1581 2328 omnia
1590 2286 1799 2328 mandata
1810 2286 1916 2338 ejus:

1085 2345 1343 2386 confirmata
1359 2344 1404 2401 in
1425 2343 1637 2385 saeculum
1656 2342 1818 2384 saeculi.

1063 2438 1071 2443 .
1135 2410 1234 2449 Ant.
1256 2410 1309 2450 In
1326 2408 1557 2450 mandetis.

1352 2484 1553 2525 Psalmus
1574 2484 1645 2523 111.

1085 2548 1295 2652 Beatus
1314 2557 1396 2606 vir,
1425 2556 1501 2608 qui
1516 2556 1644 2598 timet
1663 2554 1917 2596 Dominum:

1181 2614 1205 2639 *
1224 2614 1269 2654 in
1286 2612 1508 2654 mandatis
1528 2613 1619 2664 ejus
1638 2610 1760 2652 volet
1776 2610 1917 2653 nimis.

1140 2674 1304 2715 Potens
1327 2674 1372 2715 in
1395 2678 1515 2716 terra
1536 2672 1620 2715 erit
1639 2684 1789 2713 semen
1811 2672 1917 2723 eius:

1087 2730 1111 2755 *
1129 2731 1355 2781 generatio
1375 2732 1601 2772 rectorum
1618 2727 1918 2770 benedicetur.
