2040 2976
425 198 497 232 Die
516 198 546 231 3.
572 198 670 239 Aug.
716 198 760 231 In
784 197 1011 232 Inventione
1038 197 1072 231 S.
1098 197 1285 241 Stephani
1310 199 1538 233 Protoniart.

84 308 85 313 ¹
127 297 366 349 propterea
393 298 567 336 occisus
592 295 665 345 sit,
692 296 794 347 quia
813 295 958 337 Salva-

127 352 239 393 teris
257 351 568 404 praedicaverit
588 351 837 393 adventum.

176 416 229 466 R.
252 416 493 457 Patefactae
538 421 639 457 sunt
677 418 817 468 januae
857 416 958 465 coeli

127 471 290 513 Christi
325 472 509 524 Martyri
549 472 683 514 beato
721 472 958 525 Stephano,

128 528 202 580 qui
227 528 271 569 in
290 531 473 569 mimero
494 528 737 581 Martyrum
756 529 958 569 inventus

127 591 194 626 est
213 585 396 637 primus:
417 586 440 611 *
459 585 516 626 Et
532 585 634 626 ideo
654 584 896 637 triumphat
913 585 957 625 in

126 641 251 682 coelis
270 643 520 682 coronatus.
550 637 600 687 V.
621 641 812 682 Mortem
832 641 957 691 enim,

127 709 259 749 quam
273 697 478 739 Salvator
493 702 645 739 noster
660 696 864 748 dignatus
890 703 958 739 est

124 766 209 806 pro
238 753 367 795 nobis
399 754 509 806 pati,
540 753 654 795 hanc
685 753 759 794 ille
787 754 956 806 primus

125 810 319 852 reddidit
346 810 577 853 Salvateri.
613 811 671 852 Et
693 810 807 852 ideo.
854 812 956 853 Glo-

124 867 190 908 ria
207 867 339 909 Patri.
366 867 424 909 Et
441 868 555 909 ideo.

425 951 577 993 Lectio
597 951 653 991 ix.

123 1011 248 1116 Ais·
279 1014 412 1056 istum
437 1014 592 1056 volunt
625 1027 723 1055 esse
752 1015 955 1057 Zachari-

240 1083 312 1111 am
329 1071 403 1123 qui
419 1073 592 1112 occisus
610 1075 677 1112 est
692 1083 717 1111 a
731 1071 838 1113 Joas
852 1085 957 1124 rege

123 1126 149 1166 J
150 1126 262 1176 udae,
281 1127 395 1168 inter
408 1127 623 1180 templum
642 1132 686 1169 et
706 1127 858 1177 altare,
878 1129 957 1170 sic-

124 1187 173 1224 ut
188 1183 360 1234 Regum
378 1189 527 1225 narrat
541 1183 736 1225 historia.
772 1184 860 1226 Sed
881 1185 955 1226 ob-

125 1239 408 1290 servandum,
451 1240 573 1292 quod
607 1241 682 1282 ille
718 1241 956 1283 Zacharias

124 1309 212 1338 non
241 1296 296 1338 sit
320 1296 436 1337 filius
461 1297 706 1347 Barachiae,
735 1297 815 1339 sed
842 1298 956 1339 filius
1026 1317 1027 1320 ¹

125 1353 295 1395 Joiadae
329 1352 586 1395 sacerdofis:
623 1354 739 1395 unde
774 1358 817 1395 et
846 1355 955 1396 Scri-

124 1413 256 1462 ptara
280 1410 430 1451 refert:
466 1409 569 1450 Non
592 1409 673 1451 fuit
697 1410 957 1453 recordatus

124 1465 230 1507 Joas
252 1467 391 1518 patris
415 1466 507 1518 ejus
532 1466 558 1507 J
560 1466 719 1516 oiadae,
749 1468 851 1519 quia
875 1467 957 1509 sibi

49 1526 53 1532 “
124 1522 301 1564 fecisset
316 1522 445 1564 bona.
478 1522 588 1563 Cum
608 1535 713 1574 ergo
734 1528 778 1565 et
792 1523 956 1565 Zacha-

124 1580 235 1619 riam
261 1581 490 1620 teneamus
522 1583 566 1620 et
593 1580 828 1620 occisianis
855 1593 955 1621 con-

125 1635 286 1676 sentiat
300 1634 439 1676 locus:
458 1635 706 1687 quaerimus,
722 1649 858 1688 quare
875 1637 956 1677 Ba-

124 1690 286 1732 rachiae
310 1690 484 1733 dicatur
507 1691 639 1740 filius,
666 1696 710 1733 et
733 1705 822 1733 non
842 1692 867 1733 J
870 1695 956 1734 oia-

126 1745 218 1788 dae?
249 1746 466 1788 Barachia
484 1746 631 1798 lingua
648 1753 800 1789 nostra
817 1749 955 1790 Bene-

125 1801 268 1844 dictus
278 1803 458 1845 Domini
471 1803 640 1854 dicitur,
657 1810 700 1846 et
712 1804 957 1846 sacerdetis

125 1858 150 1898 J
152 1858 295 1900 oiadae
337 1859 502 1911 justitia
538 1859 733 1901 Hebraeo
781 1861 956 1901 nomine

126 1913 465 1956 demonstratur.
509 1916 561 1956 In
592 1916 834 1966 Evangelio
868 1929 955 1968 quo

125 1973 307 2012 utantur
329 1971 563 2022 Nazareni,
591 1985 675 2025 pro
704 1972 795 2014 filio
823 1973 956 2014 Bara-

126 2025 248 2076 chiae,
263 2026 402 2068 filium
413 2028 438 2068 J
440 2028 584 2070 oiadae
594 2031 839 2082 reperimus
852 2030 956 2070 scri-

125 2086 261 2134 ptum.

178 2142 243 2184 Te
262 2143 407 2185 Deum
423 2144 665 2187 laudamus.
683 2146 742 2187 13.

391 2247 471 2287 Ad
496 2248 695 2291 Laudes

331 2306 382 2337 et
419 2312 518 2346 per
554 2303 750 2338 Horas.

178 2359 277 2399 Ant.
291 2360 320 2398 1.
340 2358 670 2411 Lapidaverunt
677 2361 957 2414 Stephanum,

127 2414 151 2440 *
177 2420 220 2455 et
245 2414 341 2466 ipse
360 2415 597 2457 invocabat
615 2416 870 2466 Deminum,
897 2416 957 2458 di-

128 2483 247 2512 cens:
262 2469 331 2511 Ne
343 2473 511 2512 statuas
522 2471 608 2512 illis
617 2471 703 2514 hoc
712 2474 958 2525 peccatum.

178 2535 246 2575 Ps.
267 2535 491 2576 Deminus
515 2537 728 2587 regnavit.
750 2538 810 2577 14.

175 2599 212 2638 2.
232 2598 426 2651 Lapides
444 2601 652 2642 torrentis
675 2601 699 2626 *
722 2600 786 2641 illi
805 2600 957 2643 dulces

128 2654 316 2696 fuerunt:
353 2655 498 2707 ipsum
531 2658 773 2708 sequuntur
805 2668 957 2698 omnes

129 2711 284 2751 animae
302 2711 441 2763 justae.

1066 297 1101 335 3.
1124 294 1323 338 Adhaesit
1342 297 1486 338 anima
1505 312 1603 340 mea
1623 300 1646 324 *
1666 306 1769 352 post
1787 306 1843 348 te,

1012 351 1115 402 quia
1134 364 1238 393 caro
1257 365 1356 394 mea
1374 352 1569 405 lapidata
1593 361 1660 397 est
1682 369 1763 409 pro
1787 362 1842 406 te,

1012 408 1132 449 Deus
1151 421 1285 449 meus.

1064 471 1101 509 4.
1127 469 1374 521 Stephanus
1407 470 1516 512 vidit
1548 472 1686 513 coelos
1718 475 1841 525 aper-

1010 529 1091 573 tos,
1113 526 1135 551 *
1155 525 1275 575 vidit,
1298 531 1341 567 et
1360 526 1570 568 introivit:
1589 528 1747 570 beatus
1766 529 1840 570 ho-

1009 593 1099 630 mo,
1119 581 1189 622 cui
1209 581 1310 623 coeli
1327 582 1550 635 patebant.

1064 644 1099 682 5
1128 644 1242 682 Ecce
1271 642 1403 684 video
1431 643 1455 669 *
1484 644 1623 685 coelos
1652 647 1843 697 apertos,

1011 702 1055 738 et
1069 698 1093 738 J
1097 710 1220 739 esum
1235 703 1424 740 stantem
1443 712 1468 740 a
1483 699 1650 741 dextris
1666 701 1843 743 virtutis

1010 754 1106 795 Dei.

1089 830 1349 882 Capitulum.
1563 830 1657 868 Act.
1678 830 1715 867 6.
1735 828 1774 869 b.

1081 889 1298 942 tephanus
1324 895 1488 938 autem,
1517 892 1675 944 plenus
1703 893 1843 944 gratia

1097 951 1141 986 et
1153 946 1422 997 fortitudine,
1438 948 1627 990 faciebat
1640 948 1844 1002 prodigia

1011 1006 1054 1042 et
1073 1002 1197 1052 signa
1215 1016 1375 1055 magna
1394 1005 1438 1044 in
1457 1004 1637 1057 populo.

1325 1076 1535 1127 Hymnus.

1110 1144 1254 1184 nvicte
1276 1143 1458 1196 Martyr,
1477 1145 1654 1186 unicum

1140 1198 1284 1240 Patris
1304 1203 1483 1241 secutus
1503 1200 1673 1249 Filium,

1115 1254 1256 1295 Victis
1276 1256 1520 1309 triumphas
1541 1257 1755 1306 hostibus,

1114 1310 1270 1352 Victor
1289 1311 1435 1353 fruens
1454 1312 1720 1354 coelestibus.

1062 1379 1145 1435 Tui
1164 1382 1371 1432 precatus
1390 1385 1570 1423 manere

1112 1435 1327 1477 Nostrum
1346 1439 1514 1479 reatum
1534 1437 1661 1488 dilue,

1114 1491 1283 1533 Arcens
1303 1493 1406 1534 mali
1426 1495 1689 1545 contagium,

1114 1548 1231 1590 Vitae
1251 1549 1470 1601 repellens
1489 1550 1680 1592 taedium.

1062 1617 1217 1660 Soluta
1239 1624 1339 1660 sunt
1358 1620 1443 1671 iam
1462 1620 1635 1661 vincula

1114 1674 1199 1715 Tui
1218 1676 1379 1716 sacrati
1399 1677 1615 1728 corporis:

1113 1730 1209 1771 Nos
1229 1731 1353 1773 solve
1371 1732 1524 1773 vinclis
1543 1733 1694 1774 saeculi

1114 1786 1244 1828 Dono
1266 1788 1444 1840 superni
1462 1789 1674 1830 Naminis.

1063 1857 1160 1897 Deo
1180 1856 1301 1897 Patri
1322 1858 1379 1898 sit
1397 1857 1548 1908 gleria,

1114 1911 1307 1963 Ejusque
1327 1913 1411 1954 soli
1429 1913 1553 1962 Filio,

1115 1968 1225 2009 Cum
1244 1968 1410 2021 Spiritu
1429 1970 1660 2021 Paraclito,

1114 2023 1155 2064 N
1158 2037 1244 2065 unc
1263 2030 1307 2066 et
1325 2037 1406 2077 per
1425 2037 1555 2067 omne
1575 2027 1796 2068 saeculum.

1322 2080 1477 2122 Amen.

1063 2137 1113 2188 V.
1141 2140 1416 2193 Sepelierunt
1451 2142 1724 2195 Stephanum
1762 2144 1843 2186 viri

1010 2196 1216 2238 timorati.
1253 2199 1303 2250 Rv.
1321 2198 1379 2239 Et
1402 2198 1598 2241 fecerunt
1618 2199 1842 2251 planctum

1010 2266 1217 2305 magnum
1237 2266 1371 2306 super
1390 2267 1500 2296 eum.

1064 2315 1135 2355 Ad
1165 2315 1325 2355 Bened.
1360 2317 1459 2356 Ant.
1497 2316 1744 2368 Stephanus
1770 2330 1841 2358 au-

1011 2373 1102 2409 tem
1121 2370 1144 2396 *
1163 2369 1321 2422 plenus
1345 2371 1486 2421 gratia
1510 2376 1555 2413 et
1574 2372 1841 2422 fortitudine,

1011 2424 1200 2466 faciebat
1219 2426 1344 2478 signa
1362 2440 1521 2478 magna
1538 2428 1583 2469 in
1601 2429 1781 2481 populo.

1348 2493 1511 2534 Oratio.

1012 2544 1123 2650 Da
1162 2546 1306 2597 nobis,
1350 2550 1602 2600 quaesumus
1636 2549 1840 2597 Domine,

1106 2602 1267 2644 imitari
1287 2603 1407 2656 quod
1425 2604 1619 2655 celimus,
1639 2609 1687 2646 ut
1701 2603 1839 2645 disca-

1010 2671 1107 2699 mus
1127 2664 1172 2701 et
1189 2659 1389 2701 inimicos
1409 2660 1604 2712 diligere:
1630 2661 1730 2712 quia
1749 2661 1839 2712 ejus

1011 2714 1316 2757 Inventionem
1345 2715 1633 2765 celebramus,
1664 2715 1739 2767 qui
1765 2728 1840 2756 no-
