2040 2976
173 191 239 227 336

173 292 260 336 tus,
306 285 579 334 fratrumque
625 284 806 324 suorum
852 282 1008 324 studiis

173 341 359 409 praefuit.
413 339 566 381 Multis
610 351 718 381 vero
762 339 1007 391 peragratis

173 397 430 451 provinciis,
459 409 574 437 anno
603 401 704 437 ante
733 395 902 437 obitum
928 395 1006 436 Pa-

173 454 340 496 tavium
369 453 504 502 venit,
532 452 607 494 ubi
635 451 820 494 illustria
849 451 1007 493 sancti-

172 510 278 552 tatis
298 522 391 551 suae
409 511 692 551 monumenta
711 508 902 560 reliquit.
924 507 1008 549 De-

172 567 305 619 nique
324 566 495 617 magnis
519 565 747 607 laboribus
765 577 848 617 pro
867 563 1009 614 gloria

173 622 257 664 Dei
275 622 550 675 perfunctus,
574 621 742 663 meritis
763 626 806 662 et
824 621 1008 661 miracu-

173 677 226 719 lis
259 678 404 720 clarus
438 677 709 720 obdormivit
739 678 784 718 in
813 677 1007 719 Domino

172 733 326 776 Idibus
350 735 484 784 Ji'mii,
512 747 626 776 anno
655 734 809 776 salutis
834 733 1007 774 millesi-

173 804 246 833 mo
272 791 576 833 ducentesimo
600 791 826 841 trigesimo
851 790 1008 843 primo:

447 192 516 225 Dic
545 192 593 224 1-1.
619 192 735 225 Junii.
784 194 818 225 S.
847 192 980 225 Basilii
1010 192 1137 233 Magni
1164 193 1290 235 Episc.
1318 193 1426 226 Conf.
1454 199 1490 227 et
1513 194 1623 228 Doet.

1112 282 1162 333 V.
1183 283 1209 324 J
1210 288 1358 325 ustum
1378 284 1562 326 dednxit
1580 285 1796 327 Dominus
1815 297 1896 338 per

1061 339 1155 380 vias
1181 344 1336 380 rectas.
1367 345 1418 384 R.
1447 340 1504 382 Et
1529 341 1723 383 ostendit
1745 341 1808 382 illi
1830 354 1894 383 re-

1060 408 1194 446 gnum
1212 395 1307 437 Dei.

1113 455 1185 494 Or
1177 454 1276 495 itio.
1306 452 1554 494 Ecclesiam
1573 457 1705 495 tuam.
1732 453 1827 496 335.

1111 515 1153 549 In
1186 516 1210 549 Ι.
1242 516 1442 550 Nocturno
1472 516 1677 551 Lectiones
1715 519 1762 553 de
1793 518 1892 554 Scri-

1058 568 1171 607 ptura
1197 569 1432 598 occurrente.

1290 640 1339 678 In
1365 640 1416 678 11.
1440 639 1665 679 Nocturno.

1363 704 1516 745 Lectio
1537 704 1590 745 iv.

1073 802 1076 819 ἶ
1097 784 1137 816 {a
1165 766 1322 807 asilius
1333 765 1492 808 nobilis
1503 765 1761 820 Cappadox,
1770 767 1899 809 Athe·

1073 814 1167 863 ‘is-³²1&
1191 823 1257 863 nis
1294 835 1381 863 una
1417 836 1517 864 cum
1554 822 1772 875 Gregorio
1810 823 1896 866 Na-

175 860 306 899 quem
345 848 588 899 Gregorius
624 861 767 889 nonus
804 848 1008 890 Pontifex

174 904 392 945 Maximus
417 907 669 946 sanctorum
694 905 1008 946 Confessorum

172 963 356 1002 numero
377 960 622 1013 adscripsit.

227 1033 274 1083 R.
304 1027 394 1068 Iste
414 1026 559 1067 homo.
578 1026 662 1078 [72]

222 1095 262 1128 1η
290 1096 352 1129 HI.
378 1096 578 1130 Nocturno
604 1096 775 1130 Homilia
802 1096 838 1128 in
858 1095 1004 1137 Evang.

170 1143 257 1177 Sint
280 1143 402 1178 lumbi
426 1144 547 1178 vestri
568 1144 777 1187 praecincti.
800 1144 845 1177 de
868 1144 1004 1177 eodem

171 1191 374 1225 Communi
404 1192 429 1224 l.
455 1192 551 1225 loco.
582 1192 652 1235 [74]

225 1247 411 1289 chperae
443 1259 462 1282 a
497 1248 621 1291 Capit.
656 1248 703 1282 de
734 1258 838 1291 sequ.
870 1258 1004 1282 comm.

170 1295 334 1338 praeced.

438 1398 521 1439 Die
541 1399 601 1439 14.
619 1399 643 1439 J
646 1399 745 1440 unii.

212 1470 255 1511 S.
279 1470 456 1512 Basilii
479 1471 654 1522 Magni
678 1472 822 1523 Episc.
849 1472 969 1513 Conf.

424 1536 466 1570 et
488 1529 604 1569 Eccl.
624 1530 752 1569 Doct.

504 1595 668 1637 Duplex.

224 1660 361 1694 Omnia
395 1660 441 1694 dc
475 1660 619 1694 Comm.
653 1659 762 1694 Conf.
794 1659 902 1695 Pont.
932 1661 1005 1705 [49]

170 1716 312 1753 przeter
337 1719 442 1751 sequ.
464 1706 523 1748 (m.
548 1710 571 1741 t.
594 1707 644 1750 V.)

222 1766 265 1800 In
292 1766 465 1810 utrisque
492 1766 607 1809 Vcsp.
634 1766 684 1800 ad
708 1766 864 1809 Magnis.

222 1827 322 1867 Ant.
346 1827 383 1867 O
403 1827 575 1870 Doctor
595 1829 772 1882 optime,
792 1831 1006 1874 Ecclesiae

172 1888 337 1924 sanctae
371 1883 532 1934 lumen,
567 1885 696 1928 beate
720 1886 872 1938 Basili,
898 1887 1005 1929 divi-

171 1951 240 1980 nae
271 1939 381 1990 legis
418 1943 607 1992 amator,
649 1942 890 1996 deprecare
921 1956 1006 1997 pro

171 1994 300 2036 nobis
320 1996 478 2038 Filium
496 1998 591 2040 Dei.

505 2072 668 2113 Oratio.

170 2131 398 2237 Exaudi,
421 2139 671 2188 quaesumus
690 2138 890 2189 Domine,
908 2151 1005 2192 pre·

269 2204 344 2234 ces
364 2198 556 2244 nostras,
584 2208 694 2247 quas
717 2195 762 2236 in
783 2195 904 2237 beati
923 2196 1006 2237 Ba-

172 2248 257 2290 silii
276 2248 552 2291 Confessoris
577 2251 641 2293 tui
668 2257 802 2303 atque
827 2252 1005 2294 Pontifi-

172 2305 236 2346 cis
263 2304 542 2348 solemnitate
574 2307 827 2349 deferimus:
860 2313 904 2350 et
930 2308 1005 2360 qui

171 2360 252 2402 tibi
270 2359 401 2412 digne
419 2363 579 2404 meruit
598 2364 814 2414 famulari,
833 2366 926 2416 ejus
944 2365 1004 2406 in-

171 2415 501 2459 tercedentibus
527 2419 695 2461 meritis
721 2420 775 2462 ab
801 2420 1005 2462 omnibus

171 2485 252 2514 nos
272 2472 454 2515 absolve
474 2475 683 2527 peccatis.
701 2476 796 2518 Per
814 2477 943 2518 Dnm.

222 2539 269 2573 Et
294 2539 334 2573 fit
359 2548 558 2573 commem.
584 2539 750 2581 praeced.

223 2596 323 2636 Ant.
343 2595 430 2637 Hic
444 2596 510 2637 vir
530 2595 778 2649 despiciens
793 2597 1006 2639 mundum

173 2656 216 2693 et
259 2653 449 2702 terrena,
494 2652 784 2706 triumphanS,
830 2653 1005 2696 divitias

173 2708 288 2752 coelo
307 2707 506 2752 condidit
525 2721 618 2760 ore,
642 2722 785 2751 manu.

1067 876 1167 904 —Q
1190 879 1418 929 zianzeno,
1473 880 1563 930 ejus
1609 879 1895 931 amicissimo,

1061 935 1347 977 saecularibus
1367 935 1541 985 litteris,
1562 934 1722 977 deinde
1741 935 1785 976 in
1802 949 1894 978 mo·

1060 991 1254 1033 nasterio
1289 992 1427 1033 sacris
1459 991 1719 1033 mirabiliter
1754 992 1894 1035 erudi-

1060 1052 1149 1097 ωε,
1179 1060 1279 1089 eum
1302 1047 1428 1089 brevi
1451 1061 1630 1089 cursum
1652 1048 1757 1090 fecit
1775 1048 1833 1091 ad
1852 1061 1896 1090 o-

1060 1116 1208 1145 mnem
1234 1103 1449 1146 doctrinae
1481 1110 1526 1145 et
1555 1117 1727 1145 morum
1755 1105 1895 1147 excel-

1060 1160 1257 1210 lentiam,
1285 1165 1335 1202 ut
1357 1160 1459 1202 inde
1478 1161 1626 1211 Magni
1651 1163 1895 1212 cognomen

1059 1216 1285 1258 invenerit.
1319 1218 1363 1258 Is
1388 1217 1446 1259 ad
1468 1216 1803 1270 praedicandum
1826 1218 1852 1259 J
1854 1231 1894 1259 e-

1060 1286 1112 1315 su
1139 1273 1302 1316 Christi
1327 1274 1614 1325 Evangelium
1638 1274 1683 1314 in
1705 1274 1896 1316 Pontum

1061 1332 1312 1380 accersitus,
1332 1343 1430 1372 eam
1448 1330 1722 1383 provinciam
1741 1343 1767 1371 a
1786 1330 1894 1372 chri-

1061 1386 1215 1427 stianis
1253 1386 1466 1428 institutis
1505 1386 1800 1438 aberrantem,
1839 1387 1895 1430 ad

1059 1442 1176 1483 viam
1192 1442 1346 1484 salutis
1361 1443 1602 1484 revocavit:
1619 1455 1725 1484 mox
1741 1442 1796 1485 ab
1811 1443 1895 1485 Eu-

1060 1498 1183 1540 sebio
1214 1498 1431 1540 Caesareae
1462 1501 1676 1552 episcopo
1709 1499 1768 1541 ad
1800 1512 1894 1541 eru-

1060 1554 1268 1597 diendam
1309 1568 1406 1597 eam
1452 1556 1676 1598 civitatem
1720 1555 1894 1609 adjutor

1059 1610 1309 1653 adhibetur:
1336 1612 1381 1652 in
1409 1613 1531 1663 cujus
1558 1611 1707 1653 locum
1734 1614 1894 1665 postea

1059 1668 1284 1710 successit.
1317 1668 1363 1709 Is
1382 1668 1542 1710 Filium
1559 1668 1681 1710 Patri
1707 1668 1893 1710 consub-

1058 1724 1310 1766 stantialem
1329 1737 1428 1766 esse
1448 1725 1493 1765 in
1511 1724 1664 1777 primis
1685 1723 1894 1774 defendit,

1059 1793 1110 1822 ac
1123 1780 1358 1823 Valentem
1377 1781 1691 1834 imperatorem
1711 1781 1796 1823 sibi
1813 1781 1894 1823 ira-

1058 1842 1169 1886 tum,
1196 1838 1419 1879 miraculis
1448 1837 1562 1880 adeo
1590 1838 1730 1889 flexit,
1758 1843 1807 1880 ut
1832 1838 1893 1879 in-

1059 1894 1338 1936 cumbentem
1357 1894 1415 1936 ad
1432 1894 1707 1937 voluntatem
1725 1894 1893 1946 ejicien-

1059 1950 1103 1992 di
1131 1950 1277 2003 ipsum
1302 1952 1345 1992 in
1371 1951 1588 2000 exsilium,
1625 1964 1652 1992 a
1675 1951 1893 1993 sententia

1059 2005 1288 2048 discedere
1309 2008 1515 2058 coegerit.

1113 2070 1164 2121 R.
1188 2068 1343 2110 Inveni
1363 2067 1511 2111 David
1534 2081 1712 2110 servum
1735 2081 1893 2118 meum,

1059 2124 1159 2166 oleo
1185 2130 1339 2168 sancto
1363 2138 1463 2167 meo
1486 2125 1592 2166 unxi
1617 2138 1731 2167 eum:
1759 2125 1783 2150 *
1803 2124 1892 2166 Ma·

1057 2193 1140 2222 nus
1156 2182 1271 2223 enim
1285 2194 1384 2223 mea
1398 2181 1678 2224 auxiliabitur
1693 2181 1743 2223 ei.
1759 2176 1810 2229 V.
1826 2180 1895 2222 Ni-

1058 2237 1118 2278 hil
1132 2238 1338 2291 proficiet
1351 2238 1552 2280 inimicus
1567 2238 1611 2279 in
1627 2251 1692 2289 eo,
1715 2243 1759 2280 et
1778 2237 1892 2279 filius

1058 2294 1299 2346 iniquitatis
1318 2307 1407 2336 non
1426 2294 1604 2337 nocebit
1623 2295 1673 2336 ei.
1698 2295 1866 2336 Manus

1371 2363 1524 2404 Lectio
1545 2377 1583 2403 v.

1155 2441 1226 2470 am
1257 2433 1301 2471 et
1331 2428 1531 2471 Valentis
1564 2429 1690 2479 sella,
1727 2429 1772 2470 in
1804 2441 1892 2481 qua

1168 2486 1363 2528 facturus
1390 2486 1616 2528 decretum
1642 2485 1698 2528 de
1723 2485 1891 2538 ejicien-

1058 2542 1116 2584 do
1138 2555 1162 2584 e
1188 2542 1366 2585 civitate
1386 2542 1570 2593 Basilio,
1599 2541 1754 2584 sedere
1773 2542 1890 2584 vole-

1057 2598 1150 2648 bat,
1177 2599 1403 2641 confracta
1423 2605 1504 2642 est:
1529 2604 1574 2642 et
1595 2598 1736 2641 tribus
1759 2597 1815 2640 ab
1836 2611 1889 2640 eo

1058 2655 1238 2698 calamis
1275 2655 1484 2698 adhibitis
1521 2654 1580 2698 ad
1612 2655 1891 2698 scribendam

1057 2712 1200 2754 exsilii
1217 2711 1376 2764 legem,
1402 2712 1547 2754 nullus
1571 2714 1726 2754 eorum
1743 2711 1888 2756 reddi-
