2040 2976
170 198 244 234 20*

541 199 608 231 Die
634 200 662 231 2.
692 199 717 231 A
727 199 864 241 ugusti.

913 199 947 234 S.
973 200 1157 244 Stephani
1184 200 1209 233 1.
1234 200 1351 242 Papae
1377 206 1412 234 et
1437 200 1544 234 Mart.

173 294 387 343 Romano,
413 294 592 346 quidam
613 293 868 336 thesaurum
888 306 1002 346 quae-

173 352 330 399 rentes,
355 350 398 390 in
424 363 571 392 arcam
589 352 881 392 marmoream
900 350 1002 392 inci-

173 405 332 448 derint:
354 406 401 447 -in
428 420 515 459 qua
541 419 703 460 corpus
730 406 869 448 sancti
892 406 1003 448 Feli-

172 462 234 504 cis
253 464 478 515 repertum
498 468 574 514 est,
601 476 687 504 una
707 476 806 504 cum
826 461 1002 516 lapideo

172 519 396 569 laterculo,
421 519 586 562 ibidem
604 520 720 561 intus
739 520 898 573 posito,
920 519 1003 560 his-

174 588 258 627 que
277 575 435 617 litteris
455 578 651 618 exarato:
672 576 844 629 Corpus
864 576 1003 617 sancti

172 631 331 673 Felicis
355 633 490 685 Papae
515 637 559 674 et
582 633 803 686 Martyris,
833 632 907 685 qui
932 633 1003 673 da-

171 689 338 730 mnavit
371 689 687 731 Constantium.
734 689 927 740 Centigit
959 688 1004 730 id

172 745 315 798 pridie
342 746 433 797 ejus
460 745 548 787 diei
574 759 662 798 quo
681 745 843 787 Felicis
861 746 905 786 in
923 746 1003 787 Ec-

173 802 306 843 clesia
324 802 482 844 natalis
503 801 598 844 dies
618 803 688 853 agi
703 804 1004 852 consueverat,

175 864 332 911 quarto
375 857 602 900 Kalendas
637 859 844 910 Augusti,
889 871 1003 900 anno

173 915 350 957 Domini
385 915 615 957 millesimo
654 915 1003 968 quingentesimo

173 971 447 1022 octogesimo
472 971 679 1013 secundo.
713 971 838 1013 Unde
858 971 1005 1013 Felice

174 1028 299 1079 quasi
322 1041 405 1080 pro
433 1041 480 1069 se
503 1028 802 1070 testimonium
820 1027 1003 1069 redden-

171 1089 226 1134 te,
247 1084 406 1126 festum
431 1085 523 1135 ejus
548 1084 592 1124 in
617 1084 773 1126 eadem
792 1084 1003 1135 diaconia,

172 1153 272 1182 cum
316 1141 470 1192 majeri
508 1140 786 1182 solemnitate
823 1141 1003 1193 singulis

173 1197 296 1238 annis
325 1197 540 1239 celebrari
568 1198 809 1239 consuevit.

228 1266 276 1316 Ru
302 1262 551 1304 Honestum
576 1263 679 1304 fecit
705 1263 827 1304 illum
853 1264 1001 1305 Demi-

171 1332 267 1371 nus,
294 1324 337 1361 et
357 1319 593 1362 custodivit
613 1332 711 1361 eum
731 1319 786 1362 ab
806 1320 1003 1370 inimicis,

173 1381 217 1417 et
245 1389 271 1417 a
300 1375 607 1417 seductoribus
634 1377 793 1419 tutavit
816 1377 953 1418 illum:
979 1382 1000 1405 *

172 1432 228 1474 Et
261 1432 383 1474 dedit
413 1432 476 1473 illi
508 1432 750 1475 claritatem
782 1435 1002 1475 aeternam.

179 1487 223 1537 N'.
262 1487 591 1542 Descenditque
623 1502 723 1531 cum
754 1490 830 1531 1110
866 1491 911 1531 111
941 1490 1002 1531 fo-

174 1557 312 1595 veam,
332 1550 375 1587 et
393 1546 437 1585 in
456 1546 640 1587 vinculis
660 1559 748 1588 non
769 1546 1003 1599 dereliquit

175 1614 285 1643 eum.
310 1602 368 1644 Et
387 1600 520 1643 dedit.

228 1673 327 1705 Lect.
346 1682 381 1705 v.
405 1671 637 1707 Sermonem.
662 1672 762 1705 Lect.
783 1673 832 1706 vi.
858 1672 1001 1707 Vicina.

174 1725 213 1754 ut
231 1730 300 1763 pro
320 1719 354 1753 S.
373 1719 531 1753 Urbano
557 1723 715 1757 (mutato
738 1721 915 1763 nomine),
941 1721 1002 1755 die

173 1769 227 1801 28.
254 1767 354 1810 Maji.
379 1766 424 1802 5*

229 1824 270 1857 In
293 1823 357 1857 III.
383 1823 582 1857 Nocturno
606 1823 776 1857 Homilia
802 1823 838 1856 in
856 1824 1001 1867 Evang.

177 1871 217 1906 Si
257 1872 345 1916 quis
381 1871 498 1907 venit.
537 1871 583 1905 de
623 1871 759 1905 eodem
800 1871 1002 1906 Communi

176 1921 201 1953 1.
228 1920 325 1953 loco.

227 1976 267 2009 In
293 1975 412 2009 Laud.
445 1974 484 2007 fit
509 1984 704 2009 commem.
731 1975 787 2009 Ss.
812 1975 1001 2020 Simplicii

174 2030 210 2058 et
235 2024 317 2057 Soc.
344 2023 450 2056 Mart.
478 2023 637 2059 (omisso
664 2023 702 2057 in
728 2024 911 2059 Oratione
935 2036 1001 2060 no-

174 2072 274 2105 mine
300 2073 461 2109 Felicis)-

292 2211 699 2311 138811111Χο
710 2214 889 2276 usn.

406 2340 491 2382 Die
509 2342 546 2382 2.
567 2343 765 2392 Augusti.

175 2404 218 2446 S.
239 2404 486 2455 Stephani
504 2405 539 2445 Ι.
562 2404 695 2455 Papae
720 2410 763 2446 et
789 2406 1002 2460 Martyris.

508 2464 670 2508 Duplex.

229 2521 365 2556 Omnia
406 2522 452 2556 de
492 2523 693 2557 Communi
732 2525 844 2559 unius
884 2526 1002 2566 Mart..

176 2574 315 2613 praeter
339 2571 549 2613 sequentia.

227 2622 369 2656 Oratio.
399 2622 513 2667 Deus,
538 2624 604 2668 qui
628 2634 711 2659 1108.

227 2678 269 2712 In
302 2678 329 2712 I.
358 2678 558 2713 Nocturno
591 2680 794 2715 Lectiones
827 2682 874 2716 de
905 2684 1002 2717 Scri—

176 2731 287 2769 ptura
313 2732 544 2761 occurrente.

1294 297 1343 335 In
1363 297 1414 335 H.
1436 297 1657 337 Nocturno.

1360 353 1512 394 Lectio
1534 354 1587 394 iv,

1061 411 1151 460 ,Ἐξ-,ἢ
1177 406 1392 459 ephanus,
1430 407 1674 457 Romanus,
1710 407 1885 460 pontifi-

1061 461 1152 522 <⁶5³¹-
1184 465 1331 504 catum
1376 463 1513 514 gessit
1558 464 1796 506 Valeriano
1842 470 1886 506 et

1086 523 1097 544 '³
1185 519 1386 561 Gallieno
1412 520 1765 572 imperatoribus.
1818 521 1885 561 In-

1056 576 1215 626 stituit,
1251 581 1300 618 ut
1337 576 1674 619 sacerdotes-et
1711 576 1887 619 diaconi

1055 645 1272 684 nusquam
1318 633 1453 674 sacris
1491 632 1689 675 vestibus
1725 633 1808 674 nisi
1842 633 1886 674 in

1056 689 1255 730 Ecclesia
1278 691 1515 731 uterentur.
1549 689 1807 742 Baptizatos
1830 689 1885 731 ab

1055 745 1274 787 haereticis
1307 748 1466 787 iterum
1491 745 1707 799 baptizari
1737 746 1887 796 vetuit,

1056 801 1303 843 rescribens
1324 807 1478 844 sancto
1500 802 1721 855 cypriano
1741 802 1887 844 verbis

1055 858 1156 899 illis:
1174 858 1295 899 Nihil
1308 859 1552 909 innovetur,
1570 859 1653 900 nisi
1668 858 1789 911 quod
1801 861 1886 901 tra-

1057 913 1196 956 ditum
1221 920 1299 956 est.
1335 915 1499 956 Multos
1525 916 1656 957 etiam
1685 915 1742 956 ad
1768 914 1887 957 Chri-

1056 975 1172 1012 stum
1204 971 1438 1013 convertit:
1474 971 1518 1011 in
1549 971 1602 1012 118
1636 971 1889 1024 Olympium

1055 1027 1280 1069 tribunum
1300 1041 1399 1070 cum
1418 1029 1556 1069 uxore
1575 1028 1822 1080 Exsuperia
1845 1033 1888 1069 et

1056 1083 1147 1125 filio
1194 1083 1447 1135 Theodulo;
1491 1084 1598 1126 item
1631 1084 1887 1126 Nemesium

1055 1140 1282 1181 tribunum
1303 1153 1403 1182 cum
1424 1145 1520 1182 tota
1542 1140 1721 1191 familia,
1749 1140 1887 1181 0011118

1055 1196 1237 1238 Lucillae
1257 1198 1349 1249 ejus
1368 1197 1472 1238 fssiae
1491 1197 1722 1239 restitutis:
1749 1197 1824 1249 qui
1842 1209 1886 1238 o-

1054 1266 1178 1295 mnes
1186 1253 1210 1294 J
1213 1266 1292 1295 esu
1300 1253 1464 1294 Christi
1474 1254 1691 1306 Martyres
1702 1254 1887 1295 fuerunt.
1916 1284 1922 1287 <

1111 1309 1161 1361 Rz.
1177 1310 1425 1351 Honestum
1443 1310 1556 1352 feeit.
1576 1317 1625 1361 ut
1644 1323 1788 1363 supra.

1363 1367 1516 1409 Lectio
1538 1383 1574 1408 v.

1060 1418 1182 1527 Sed
1190 1422 1491 1465 vehementius
1501 1424 1586 1475 jam
1595 1423 1889 1475 ingravescen-

1157 1485 1201 1522 te
1225 1480 1534 1532 persecutiene
1560 1480 1887 1533 imperatorum,

1054 1535 1322 1590 Stephanus,
1360 1538 1608 1578 convocato
1646 1536 1786 1586 clero,
1830 1536 1887 1579 ad

1054 1593 1311 1646 martyrium
1326 1606 1430 1634 suos
1444 1593 1716 1640 hortabatur,
1735 1593 1780 1634 in
1795 1605 1887 1646 cry-

1054 1652 1232 1702 ptisque
1257 1650 1501 1702 Martyrum
1527 1649 1702 1691 assidue
1727 1649 1886 1691 Missas

1054 1711 1098 1747 et
1135 1705 1319 1747 concilia
1356 1705 1621 1748 celebrabat.
1668 1706 1752 1756 Qui
1787 1719 1886 1748 cum

1053 1762 1291 1814 aliquando
1317 1767 1471 1815 raptus
1492 1767 1610 1805 esset
1629 1762 1685 1804 ab
1703 1762 1884 1805 infideli-

1053 1819 1136 1860 bus
1152 1817 1209 1861 ad
1223 1818 1438 1871 templum
1452 1819 1617 1870 MartiS,
1635 1824 1684 1861 ut
1701 1819 1884 1861 01811011-

1052 1876 1216 1926 ficaret,
1240 1875 1378 1918 libere
1404 1875 1581 1927 negavit
1603 1888 1651 1917 se
1676 1875 1884 1918 (1301110111-

1052 1932 1136 1974 bus
1169 1932 1386 1974 honorem
1416 1932 1529 1974 velle
1561 1931 1773 1982 tribuere,
1810 1932 1885 1985 qui

1052 1989 1127 2030 uni
1144 1989 1243 2031 Deo
1263 1988 1510 2031 deberetur.
1539 1988 1709 2039 Quibus
1727 1989 1771 2030 in
1790 2001 1883 2031 ver-

1052 2046 1120 2087 bis
1145 2046 1298 2088 Martis
1326 2048 1472 2088 statua
1498 2048 1758 2088 terraemetu
1783 2047 1883 2087 0011-

1053 2102 1169 2152 cidit,
1187 2102 1491 2155 templumque
1510 2102 1784 2145 contremuit.

1110 2159 1160 2210 R.
1189 2158 1471 2201 Desiderium
1504 2159 1662 2200 animae
1691 2159 1782 2210 ejus
1809 2158 1882 2200 tri-

1052 2215 1184 2258 buisti
1217 2216 1258 2258 ei
1283 2216 1492 2266 Demine,
1527 2221 1550 2245 *
1572 2216 1629 2257 Et
1657 2215 1882 2257 voluntate

1051 2271 1268 2314 labierum
1296 2272 1387 2324 ejus
1414 2284 1502 2313 non
1530 2271 1746 2314 fraudasti
1774 2284 1884 2313 eum.

1058 2325 1334 2379 V.Queniam
1353 2328 1611 2381 praevenisti
1631 2328 1792 2370 011111111
1811 2327 1883 2370 be-

1051 2384 1377 2427 nedictionibus
1406 2383 1668 2427 dulcedinis:
1696 2385 1885 2438 posuisti

1052 2442 1095 2482 in
1124 2442 1269 2494 capite
1297 2443 1388 2493 ejus
1417 2443 1626 2483 corenam
1654 2440 1884 2499 (1011ορ1110

1052 2498 1263 2551 pretioso.
1291 2498 1359 2540 Et.

1360 2555 1511 2596 Lectio
1534 2556 1586 2595 vi.
1820 2570 1827 2577 ·

1060 2593 1264 2716 Quare,
1311 2611 1512 2653 omnibus
1549 2610 1884 2662 aufugientibus,

1164 2668 1238 2720 qui
1253 2667 1525 2721 Stephanum
1539 2667 1757 2717 tenebant,
1772 2667 1883 2708 Pon-

1052 2723 1159 2765 tifex
1185 2724 1241 2766 ad
1266 2737 1372 2765 suos
1397 2724 1631 2766 revertitur
1656 2724 1699 2764 in
1726 2736 1882 2766 coeme-
