<?xml version="1.0" encoding="UTF-8"?>
<!DOCTYPE html PUBLIC "-//W3C//DTD XHTML 1.0 Transitional//EN"
    "http://www.w3.org/TR/xhtml1/DTD/xhtml1-transitional.dtd">
<html xmlns="http://www.w3.org/1999/xhtml" xml:lang="en" lang="en">
 <head>
  <title>
</title>
<meta http-equiv="Content-Type" content="text/html;charset=utf-8" />
  <meta name='ocr-system' content='tesseract 3.04.00' />
  <meta name='ocr-capabilities' content='ocr_page ocr_carea ocr_par ocr_line ocrx_word'/>
</head>
<body>
  <div class='ocr_page' id='page_1' title='image "./p3breviariumroma00cathuoft_0851.png"; bbox 0 0 2040 2976; ppageno 0'>
   <div class='ocr_carea' id='block_1_1' title="bbox 519 242 1469 290">
    <p class='ocr_par' dir='ltr' id='par_1_1' title="bbox 519 242 1469 290">
     <span class='ocr_line' id='line_1_1' title="bbox 519 242 1469 290; baseline -0.009 -7"><span class='ocrx_word' id='word_1_1' title='bbox 519 250 590 283; x_wconf 77' lang='lat' dir='ltr'>Die</span> <span class='ocrx_word' id='word_1_2' title='bbox 615 249 667 282; x_wconf 77' lang='lat'>21.</span> <span class='ocrx_word' id='word_1_3' title='bbox 693 247 793 290; x_wconf 79' lang='lat' dir='ltr'>Maji.</span> <span class='ocrx_word' id='word_1_4' title='bbox 842 245 877 279; x_wconf 85' lang='lat' dir='ltr'>S.</span> <span class='ocrx_word' id='word_1_5' title='bbox 902 243 1044 279; x_wconf 82' lang='lat' dir='ltr'>Felicis</span> <span class='ocrx_word' id='word_1_6' title='bbox 1071 254 1091 276; x_wconf 79' lang='lat' dir='ltr'>a</span> <span class='ocrx_word' id='word_1_7' title='bbox 1118 243 1333 276; x_wconf 73' lang='lat' dir='ltr'>Cantalicio</span> <span class='ocrx_word' id='word_1_8' title='bbox 1361 242 1469 275; x_wconf 64' lang='lat' dir='ltr'>(loni.</span> 
     </span>
    </p>
   </div>
   <div class='ocr_carea' id='block_1_2' title="bbox 1758 244 1849 288">
    <p class='ocr_par' dir='ltr' id='par_1_2' title="bbox 1758 244 1849 288">
     <span class='ocr_line' id='line_1_2' title="bbox 1758 244 1849 288; baseline 0 -9"><span class='ocrx_word' id='word_1_9' title='bbox 1758 244 1849 288; x_wconf 88' lang='lat'>[261]</span> 
     </span>
    </p>
   </div>
   <div class='ocr_carea' id='block_1_3' title="bbox 127 304 1853 320">
    <p class='ocr_par' dir='ltr' id='par_1_3' title="bbox 127 304 1853 320">
     <span class='ocr_line' id='line_1_3' title="bbox 127 304 1853 320; baseline 0 2656"><span class='ocrx_word' id='word_1_10' title='bbox 127 304 1853 320; x_wconf 95' lang='lat' dir='ltr'> </span> 
     </span>
    </p>
   </div>
   <div class='ocr_carea' id='block_1_4' title="bbox 113 342 968 1245">
    <p class='ocr_par' dir='ltr' id='par_1_4' title="bbox 113 342 968 1245">
     <span class='ocr_line' id='line_1_4' title="bbox 132 342 964 395; baseline 0.001 -13"><span class='ocrx_word' id='word_1_11' title='bbox 132 342 267 395; x_wconf 90' lang='lat' dir='ltr'>plecti</span> <span class='ocrx_word' id='word_1_12' title='bbox 286 343 456 384; x_wconf 86' lang='lat' dir='ltr'>meruit.</span> <span class='ocrx_word' id='word_1_13' title='bbox 487 342 741 395; x_wconf 90' lang='lat' dir='ltr'>Prophetiae</span> <span class='ocrx_word' id='word_1_14' title='bbox 760 342 900 394; x_wconf 89' lang='lat' dir='ltr'>gratia</span> <span class='ocrx_word' id='word_1_15' title='bbox 921 347 964 384; x_wconf 87' lang='lat' dir='ltr'>et</span> 
     </span>
     <span class='ocr_line' id='line_1_5' title="bbox 132 398 964 450; baseline 0.001 -12"><span class='ocrx_word' id='word_1_16' title='bbox 132 398 444 440; x_wconf 84' lang='lat' dir='ltr'>miraculorum</span> <span class='ocrx_word' id='word_1_17' title='bbox 481 399 640 450; x_wconf 85' lang='lat' dir='ltr'>clarus,</span> <span class='ocrx_word' id='word_1_18' title='bbox 686 399 964 440; x_wconf 84' lang='lat' dir='ltr'>demortuum</span> 
     </span>
     <span class='ocr_line' id='line_1_6' title="bbox 135 454 964 497; baseline 0 -2"><span class='ocrx_word' id='word_1_19' title='bbox 135 455 266 496; x_wconf 90' lang='lat' dir='ltr'>etiam</span> <span class='ocrx_word' id='word_1_20' title='bbox 289 454 427 496; x_wconf 89' lang='lat' dir='ltr'>filium</span> <span class='ocrx_word' id='word_1_21' title='bbox 446 456 576 497; x_wconf 85' lang='lat' dir='ltr'>matri</span> <span class='ocrx_word' id='word_1_22' title='bbox 595 456 744 497; x_wconf 89' lang='lat' dir='ltr'>vivum</span> <span class='ocrx_word' id='word_1_23' title='bbox 762 455 964 497; x_wconf 81' lang='lat' dir='ltr'>restituit.</span> 
     </span>
     <span class='ocr_line' id='line_1_7' title="bbox 134 510 964 561; baseline 0.002 -10"><span class='ocrx_word' id='word_1_24' title='bbox 134 510 302 552; x_wconf 89' lang='lat' dir='ltr'>Meritis</span> <span class='ocrx_word' id='word_1_25' title='bbox 326 511 505 553; x_wconf 89' lang='lat' dir='ltr'>tandem</span> <span class='ocrx_word' id='word_1_26' title='bbox 530 512 574 552; x_wconf 93' lang='lat' dir='ltr'>in</span> <span class='ocrx_word' id='word_1_27' title='bbox 597 511 713 554; x_wconf 89' lang='lat' dir='ltr'>bona</span> <span class='ocrx_word' id='word_1_28' title='bbox 724 515 964 561; x_wconf 59' lang='lat' dir='ltr'>,senectute</span> 
     </span>
     <span class='ocr_line' id='line_1_8' title="bbox 113 567 965 620; baseline 0 -12"><span class='ocrx_word' id='word_1_29' title='bbox 113 567 115 570; x_wconf 77' lang='grc'><strong>’</strong></span> <span class='ocrx_word' id='word_1_30' title='bbox 135 567 393 617; x_wconf 85' lang='lat' dir='ltr'>cumulatus,</span> <span class='ocrx_word' id='word_1_31' title='bbox 406 567 598 610; x_wconf 80' lang='lat' dir='ltr'>secunda</span> <span class='ocrx_word' id='word_1_32' title='bbox 610 569 672 619; x_wconf 90' lang='lat' dir='ltr'>(ut</span> <span class='ocrx_word' id='word_1_33' title='bbox 682 567 965 620; x_wconf 77' lang='lat' dir='ltr'>praedixerat)</span> 
     </span>
     <span class='ocr_line' id='line_1_9' title="bbox 134 623 964 676; baseline 0.001 -13"><span class='ocrx_word' id='word_1_34' title='bbox 134 623 242 664; x_wconf 91' lang='lat' dir='ltr'>feria</span> <span class='ocrx_word' id='word_1_35' title='bbox 259 624 546 666; x_wconf 75' lang='lat' dir='ltr'>Pentecestes</span> <span class='ocrx_word' id='word_1_36' title='bbox 567 624 624 665; x_wconf 91' lang='lat' dir='ltr'>ad</span> <span class='ocrx_word' id='word_1_37' title='bbox 644 624 871 666; x_wconf 88' lang='lat' dir='ltr'>coelestem</span> <span class='ocrx_word' id='word_1_38' title='bbox 890 626 964 676; x_wconf 90' lang='lat' dir='ltr'>pa-</span> 
     </span>
     <span class='ocr_line' id='line_1_10' title="bbox 133 679 966 733; baseline 0.001 -14"><span class='ocrx_word' id='word_1_39' title='bbox 133 679 279 730; x_wconf 89' lang='lat' dir='ltr'>triam,</span> <span class='ocrx_word' id='word_1_40' title='bbox 325 681 519 733; x_wconf 88' lang='lat' dir='ltr'>Deipara</span> <span class='ocrx_word' id='word_1_41' title='bbox 563 680 791 730; x_wconf 86' lang='lat' dir='ltr'>invitante,</span> <span class='ocrx_word' id='word_1_42' title='bbox 837 680 966 721; x_wconf 88' lang='lat' dir='ltr'>laetus</span> 
     </span>
     <span class='ocr_line' id='line_1_11' title="bbox 135 735 967 789; baseline 0 -13"><span class='ocrx_word' id='word_1_43' title='bbox 135 735 253 778; x_wconf 88' lang='lat' dir='ltr'>abiit.</span> <span class='ocrx_word' id='word_1_44' title='bbox 293 738 396 789; x_wconf 87' lang='lat' dir='ltr'>Ejus</span> <span class='ocrx_word' id='word_1_45' title='bbox 425 750 587 789; x_wconf 90' lang='lat' dir='ltr'>corpus</span> <span class='ocrx_word' id='word_1_46' title='bbox 614 737 658 777; x_wconf 89' lang='lat' dir='ltr'>in</span> <span class='ocrx_word' id='word_1_47' title='bbox 686 737 872 778; x_wconf 86' lang='lat' dir='ltr'>ecclesia</span> <span class='ocrx_word' id='word_1_48' title='bbox 900 736 967 777; x_wconf 90' lang='lat' dir='ltr'>sui</span> 
     </span>
     <span class='ocr_line' id='line_1_12' title="bbox 136 792 966 836; baseline 0 -4"><span class='ocrx_word' id='word_1_49' title='bbox 136 792 303 834; x_wconf 68' lang='lat' dir='ltr'>Ordinis</span> <span class='ocrx_word' id='word_1_50' title='bbox 329 806 499 835; x_wconf 89' lang='lat' dir='ltr'>summa</span> <span class='ocrx_word' id='word_1_51' title='bbox 522 793 654 836; x_wconf 83' lang='lat' dir='ltr'><strong>Urbis</strong></span> <span class='ocrx_word' id='word_1_52' title='bbox 685 793 966 834; x_wconf 65' lang='lat' dir='ltr'>veneratit‘me</span> 
     </span>
     <span class='ocr_line' id='line_1_13' title="bbox 136 848 967 899; baseline 0.001 -11"><span class='ocrx_word' id='word_1_53' title='bbox 136 848 311 899; x_wconf 73' lang='lat' dir='ltr'>celitur,</span> <span class='ocrx_word' id='word_1_54' title='bbox 336 849 528 891; x_wconf 82' lang='lat' dir='ltr'>Domino</span> <span class='ocrx_word' id='word_1_55' title='bbox 556 849 722 891; x_wconf 85' lang='lat' dir='ltr'>crebris</span> <span class='ocrx_word' id='word_1_56' title='bbox 745 848 967 890; x_wconf 89' lang='lat' dir='ltr'>miraculis</span> 
     </span>
     <span class='ocr_line' id='line_1_14' title="bbox 137 905 967 954; baseline 0 -9"><span class='ocrx_word' id='word_1_57' title='bbox 137 905 253 946; x_wconf 88' lang='lat' dir='ltr'>servi</span> <span class='ocrx_word' id='word_1_58' title='bbox 290 906 357 946; x_wconf 90' lang='lat' dir='ltr'>sui</span> <span class='ocrx_word' id='word_1_59' title='bbox 394 906 674 947; x_wconf 90' lang='lat' dir='ltr'>sanctitatem</span> <span class='ocrx_word' id='word_1_60' title='bbox 709 905 967 954; x_wconf 86' lang='lat' dir='ltr'>illustrante,</span> 
     </span>
     <span class='ocr_line' id='line_1_15' title="bbox 138 962 967 1015; baseline 0.001 -14"><span class='ocrx_word' id='word_1_61' title='bbox 138 973 269 1013; x_wconf 90' lang='lat' dir='ltr'>quem</span> <span class='ocrx_word' id='word_1_62' title='bbox 311 964 552 1015; x_wconf 86' lang='lat' dir='ltr'>propterea</span> <span class='ocrx_word' id='word_1_63' title='bbox 597 962 802 1004; x_wconf 92' lang='lat' dir='ltr'>Urbanus</span> <span class='ocrx_word' id='word_1_64' title='bbox 845 962 967 1013; x_wconf 89' lang='lat' dir='ltr'>Papa</span> 
     </span>
     <span class='ocr_line' id='line_1_16' title="bbox 137 1018 968 1067; baseline -0.001 -9"><span class='ocrx_word' id='word_1_65' title='bbox 137 1020 322 1059; x_wconf 89' lang='lat' dir='ltr'>octavus</span> <span class='ocrx_word' id='word_1_66' title='bbox 350 1018 597 1067; x_wconf 82' lang='lat' dir='ltr'>beatorum,</span> <span class='ocrx_word' id='word_1_67' title='bbox 632 1018 833 1059; x_wconf 87' lang='lat' dir='ltr'>Clemens</span> <span class='ocrx_word' id='word_1_68' title='bbox 862 1030 968 1058; x_wconf 90' lang='lat' dir='ltr'>vero</span> 
     </span>
     <span class='ocr_line' id='line_1_17' title="bbox 136 1072 968 1116; baseline 0.001 -2"><span class='ocrx_word' id='word_1_69' title='bbox 136 1072 395 1115; x_wconf 91' lang='lat' dir='ltr'>undecimus</span> <span class='ocrx_word' id='word_1_70' title='bbox 438 1076 692 1116; x_wconf 74' lang='lat' dir='ltr'>sanctorum</span> <span class='ocrx_word' id='word_1_71' title='bbox 729 1075 854 1116; x_wconf 85' lang='lat' dir='ltr'>fastis</span> <span class='ocrx_word' id='word_1_72' title='bbox 895 1073 968 1115; x_wconf 90' lang='lat' dir='ltr'>ad-</span> 
     </span>
     <span class='ocr_line' id='line_1_18' title="bbox 137 1130 323 1182; baseline 0.005 -12"><span class='ocrx_word' id='word_1_73' title='bbox 137 1130 323 1182; x_wconf 85' lang='lat' dir='ltr'>scripsit.</span> 
     </span>
     <span class='ocr_line' id='line_1_19' title="bbox 190 1191 620 1245; baseline -0.002 -12"><span class='ocrx_word' id='word_1_74' title='bbox 190 1194 240 1245; x_wconf 68' lang='lat' dir='ltr'>R.</span> <span class='ocrx_word' id='word_1_75' title='bbox 266 1192 356 1233; x_wconf 90' lang='lat' dir='ltr'>Iste</span> <span class='ocrx_word' id='word_1_76' title='bbox 375 1191 522 1233; x_wconf 93' lang='lat' dir='ltr'>homo.</span> <span class='ocrx_word' id='word_1_77' title='bbox 541 1191 620 1244; x_wconf 86' lang='lat'>[72]</span> 
     </span>
    </p>
   </div>
   <div class='ocr_carea' id='block_1_5' title="bbox 353 1270 754 1310">
    <p class='ocr_par' dir='ltr' id='par_1_5' title="bbox 353 1270 754 1310">
     <span class='ocr_line' id='line_1_20' title="bbox 353 1270 754 1310; baseline -0.002 -1"><span class='ocrx_word' id='word_1_78' title='bbox 353 1271 402 1309; x_wconf 91' lang='lat' dir='ltr'>In</span> <span class='ocrx_word' id='word_1_79' title='bbox 430 1271 502 1310; x_wconf 89' lang='grc' dir='ltr'>ΠΙ.</span> <span class='ocrx_word' id='word_1_80' title='bbox 530 1270 754 1309; x_wconf 80' lang='lat' dir='ltr'>Nooturno.</span> 
     </span>
    </p>
   </div>
   <div class='ocr_carea' id='block_1_6' title="bbox 139 1329 971 1495">
    <p class='ocr_par' dir='ltr' id='par_1_6' title="bbox 139 1329 971 1495">
     <span class='ocr_line' id='line_1_21' title="bbox 139 1329 971 1381; baseline -0.001 -11"><span class='ocrx_word' id='word_1_81' title='bbox 139 1330 291 1373; x_wconf 87' lang='lat' dir='ltr'>Lectio</span> <span class='ocrx_word' id='word_1_82' title='bbox 318 1331 457 1372; x_wconf 90' lang='lat' dir='ltr'>sancti</span> <span class='ocrx_word' id='word_1_83' title='bbox 475 1330 702 1381; x_wconf 79' lang='lat' dir='ltr'>Evangelii</span> <span class='ocrx_word' id='word_1_84' title='bbox 728 1329 971 1371; x_wconf 80' lang='lat' dir='ltr'>secundum</span> 
     </span>
     <span class='ocr_line' id='line_1_22' title="bbox 414 1387 683 1429; baseline -0.004 -1"><span class='ocrx_word' id='word_1_85' title='bbox 414 1387 683 1429; x_wconf 76' lang='lat' dir='ltr'>Matthaeum.</span> 
     </span>
     <span class='ocr_line' id='line_1_23' title="bbox 241 1441 865 1495; baseline -0.002 -12"><span class='ocrx_word' id='word_1_86' title='bbox 241 1443 393 1484; x_wconf 84' lang='lat' dir='ltr'>Lectio</span> <span class='ocrx_word' id='word_1_87' title='bbox 414 1443 482 1483; x_wconf 90' lang='lat' dir='ltr'>vii.</span> <span class='ocrx_word' id='word_1_88' title='bbox 638 1443 740 1495; x_wconf 85' lang='lat' dir='ltr'>Cap.</span> <span class='ocrx_word' id='word_1_89' title='bbox 759 1443 809 1482; x_wconf 90' lang='lat'>11.</span> <span class='ocrx_word' id='word_1_90' title='bbox 827 1441 865 1483; x_wconf 91' lang='lat' dir='ltr'>d.</span> 
     </span>
    </p>
   </div>
   <div class='ocr_carea' id='block_1_7' title="bbox 139 1499 973 1958">
    <p class='ocr_par' dir='ltr' id='par_1_7' title="bbox 139 1499 973 1840">
     <span class='ocr_line' id='line_1_24' title="bbox 139 1499 971 1606; baseline -0.002 -60"><span class='ocrx_word' id='word_1_91' title='bbox 139 1499 216 1606; x_wconf 87' lang='lat' dir='ltr'>In</span> <span class='ocrx_word' id='word_1_92' title='bbox 241 1505 316 1546; x_wconf 93' lang='lat' dir='ltr'>illo</span> <span class='ocrx_word' id='word_1_93' title='bbox 341 1506 556 1557; x_wconf 86' lang='lat' dir='ltr'>tempore:</span> <span class='ocrx_word' id='word_1_94' title='bbox 584 1504 880 1557; x_wconf 63' lang='lat' dir='ltr'>Respondens</span> <span class='ocrx_word' id='word_1_95' title='bbox 903 1504 928 1544; x_wconf 90' lang='lat' dir='ltr'>J</span> <span class='ocrx_word' id='word_1_96' title='bbox 931 1516 971 1545; x_wconf 94' lang='lat' dir='ltr'>e-</span> 
     </span>
     <span class='ocr_line' id='line_1_25' title="bbox 207 1560 972 1611; baseline -0.001 -9"><span class='ocrx_word' id='word_1_97' title='bbox 207 1574 296 1611; x_wconf 85' lang='lat' dir='ltr'>sus,</span> <span class='ocrx_word' id='word_1_98' title='bbox 323 1561 448 1602; x_wconf 81' lang='lat' dir='ltr'>dixit:</span> <span class='ocrx_word' id='word_1_99' title='bbox 477 1561 702 1602; x_wconf 82' lang='lat' dir='ltr'>Confiteor</span> <span class='ocrx_word' id='word_1_100' title='bbox 726 1560 807 1602; x_wconf 90' lang='lat' dir='ltr'>tibi</span> <span class='ocrx_word' id='word_1_101' title='bbox 830 1561 972 1610; x_wconf 75' lang='lat' dir='ltr'>Pater,</span> 
     </span>
     <span class='ocr_line' id='line_1_26' title="bbox 139 1616 971 1669; baseline -0.001 -11"><span class='ocrx_word' id='word_1_102' title='bbox 139 1618 329 1659; x_wconf 80' lang='lat' dir='ltr'>Demine</span> <span class='ocrx_word' id='word_1_103' title='bbox 358 1617 459 1659; x_wconf 89' lang='lat' dir='ltr'>coeli</span> <span class='ocrx_word' id='word_1_104' title='bbox 487 1622 531 1659; x_wconf 89' lang='lat' dir='ltr'>et</span> <span class='ocrx_word' id='word_1_105' title='bbox 557 1622 705 1666; x_wconf 82' lang='lat' dir='ltr'>terrae,</span> <span class='ocrx_word' id='word_1_106' title='bbox 740 1617 842 1669; x_wconf 93' lang='lat' dir='ltr'>quia</span> <span class='ocrx_word' id='word_1_107' title='bbox 876 1616 971 1659; x_wconf 92' lang='lat' dir='ltr'>abs-</span> 
     </span>
     <span class='ocr_line' id='line_1_27' title="bbox 141 1673 971 1726; baseline -0.002 -10"><span class='ocrx_word' id='word_1_108' title='bbox 141 1673 332 1716; x_wconf 89' lang='lat' dir='ltr'>condisti</span> <span class='ocrx_word' id='word_1_109' title='bbox 355 1673 452 1715; x_wconf 88' lang='lat' dir='ltr'>haec</span> <span class='ocrx_word' id='word_1_110' title='bbox 471 1687 497 1715; x_wconf 91' lang='lat' dir='ltr'>a</span> <span class='ocrx_word' id='word_1_111' title='bbox 516 1673 788 1725; x_wconf 80' lang='lat' dir='ltr'>sapientibus</span> <span class='ocrx_word' id='word_1_112' title='bbox 809 1678 853 1715; x_wconf 93' lang='lat' dir='ltr'>et</span> <span class='ocrx_word' id='word_1_113' title='bbox 871 1686 971 1726; x_wconf 91' lang='lat' dir='ltr'>pru-</span> 
     </span>
     <span class='ocr_line' id='line_1_28' title="bbox 141 1730 973 1783; baseline -0.001 -11"><span class='ocrx_word' id='word_1_114' title='bbox 141 1730 363 1780; x_wconf 80' lang='lat' dir='ltr'>dentibus,</span> <span class='ocrx_word' id='word_1_115' title='bbox 389 1735 434 1772; x_wconf 88' lang='lat' dir='ltr'>et</span> <span class='ocrx_word' id='word_1_116' title='bbox 458 1731 667 1772; x_wconf 89' lang='lat' dir='ltr'>revelasti</span> <span class='ocrx_word' id='word_1_117' title='bbox 691 1743 742 1772; x_wconf 92' lang='lat' dir='ltr'>ea</span> <span class='ocrx_word' id='word_1_118' title='bbox 766 1730 973 1783; x_wconf 88' lang='lat' dir='ltr'>parvulis.</span> 
     </span>
     <span class='ocr_line' id='line_1_29' title="bbox 140 1787 399 1840; baseline -0.004 -11"><span class='ocrx_word' id='word_1_119' title='bbox 140 1788 198 1829; x_wconf 90' lang='lat' dir='ltr'>Et</span> <span class='ocrx_word' id='word_1_120' title='bbox 217 1787 399 1840; x_wconf 90' lang='lat' dir='ltr'>reliqua.</span> 
     </span>
    </p>

    <p class='ocr_par' dir='ltr' id='par_1_8' title="bbox 142 1857 973 1909">
     <span class='ocr_line' id='line_1_30' title="bbox 142 1857 973 1909; baseline 0 -12"><span class='ocrx_word' id='word_1_121' title='bbox 142 1857 335 1900; x_wconf 89' lang='lat' dir='ltr'>Homilia</span> <span class='ocrx_word' id='word_1_122' title='bbox 345 1858 486 1899; x_wconf 87' lang='lat' dir='ltr'>sancti</span> <span class='ocrx_word' id='word_1_123' title='bbox 505 1857 738 1909; x_wconf 86' lang='lat' dir='ltr'>Augustini</span> <span class='ocrx_word' id='word_1_124' title='bbox 749 1857 973 1909; x_wconf 90' lang='lat' dir='ltr'>Episcopi.</span> 
     </span>
    </p>

    <p class='ocr_par' dir='ltr' id='par_1_9' title="bbox 221 1915 892 1958">
     <span class='ocr_line' id='line_1_31' title="bbox 221 1915 892 1958; baseline -0.009 -4"><span class='ocrx_word' id='word_1_125' title='bbox 221 1919 338 1954; x_wconf 89' lang='lat' dir='ltr'>Scrm.</span> <span class='ocrx_word' id='word_1_126' title='bbox 363 1918 467 1953; x_wconf 56' lang='lat' dir='ltr'>9.‘de</span> <span class='ocrx_word' id='word_1_127' title='bbox 489 1917 604 1952; x_wconf 91' lang='lat' dir='ltr'>Verb.</span> <span class='ocrx_word' id='word_1_128' title='bbox 628 1916 750 1958; x_wconf 83' lang='lat' dir='ltr'>Dom.‚</span> <span class='ocrx_word' id='word_1_129' title='bbox 774 1926 808 1949; x_wconf 88' lang='lat' dir='ltr'>n.</span> <span class='ocrx_word' id='word_1_130' title='bbox 833 1915 892 1949; x_wconf 88' lang='lat'>70.</span> 
     </span>
    </p>
   </div>
   <div class='ocr_carea' id='block_1_8' title="bbox 142 1979 980 2818">
    <p class='ocr_par' dir='ltr' id='par_1_10' title="bbox 142 1979 974 2142">
     <span class='ocr_line' id='line_1_32' title="bbox 301 1979 973 2032; baseline 0 -13"><span class='ocrx_word' id='word_1_131' title='bbox 301 1979 374 2019; x_wconf 91' lang='lat' dir='ltr'>nia</span> <span class='ocrx_word' id='word_1_132' title='bbox 397 1992 516 2020; x_wconf 85' lang='lat' dir='ltr'>saeva</span> <span class='ocrx_word' id='word_1_133' title='bbox 540 1983 584 2020; x_wconf 91' lang='lat' dir='ltr'>et</span> <span class='ocrx_word' id='word_1_134' title='bbox 605 1979 827 2028; x_wconf 89' lang='lat' dir='ltr'>immania,</span> <span class='ocrx_word' id='word_1_135' title='bbox 851 1991 973 2032; x_wconf 91' lang='lat' dir='ltr'>pror-</span> 
     </span>
     <span class='ocr_line' id='line_1_33' title="bbox 142 1979 973 2117; baseline -0.001 -41"><span class='ocrx_word' id='word_1_136' title='bbox 142 1979 348 2117; x_wconf 40' lang='grc' dir='ltr'>ΕΗΒ</span> <span class='ocrx_word' id='word_1_137' title='bbox 374 2035 518 2076; x_wconf 82' lang='lat' dir='ltr'>facilia</span> <span class='ocrx_word' id='word_1_138' title='bbox 542 2040 586 2076; x_wconf 92' lang='lat' dir='ltr'>et</span> <span class='ocrx_word' id='word_1_139' title='bbox 611 2047 754 2088; x_wconf 89' lang='lat' dir='ltr'>prope</span> <span class='ocrx_word' id='word_1_140' title='bbox 778 2035 897 2076; x_wconf 90' lang='lat' dir='ltr'>nulla</span> <span class='ocrx_word' id='word_1_141' title='bbox 916 2035 973 2075; x_wconf 88' lang='lat' dir='ltr'>ef-</span> 
     </span>
     <span class='ocr_line' id='line_1_34' title="bbox 275 2091 974 2142; baseline -0.001 -10"><span class='ocrx_word' id='word_1_142' title='bbox 275 2091 367 2133; x_wconf 88' lang='lat' dir='ltr'>ficit</span> <span class='ocrx_word' id='word_1_143' title='bbox 386 2104 521 2133; x_wconf 89' lang='lat' dir='ltr'>amor.</span> <span class='ocrx_word' id='word_1_144' title='bbox 557 2092 731 2141; x_wconf 88' lang='lat' dir='ltr'>Quanto</span> <span class='ocrx_word' id='word_1_145' title='bbox 757 2104 862 2142; x_wconf 92' lang='lat' dir='ltr'>ergo</span> <span class='ocrx_word' id='word_1_146' title='bbox 885 2093 974 2132; x_wconf 93' lang='lat' dir='ltr'>cer-</span> 
     </span>
    </p>

    <p class='ocr_par' dir='ltr' id='par_1_11' title="bbox 142 2147 980 2818">
     <span class='ocr_line' id='line_1_35' title="bbox 142 2147 974 2190; baseline 0.001 -2"><span class='ocrx_word' id='word_1_147' title='bbox 142 2147 229 2188; x_wconf 87' lang='lat' dir='ltr'>tius</span> <span class='ocrx_word' id='word_1_148' title='bbox 256 2161 307 2189; x_wconf 89' lang='lat' dir='ltr'>ac</span> <span class='ocrx_word' id='word_1_149' title='bbox 333 2148 504 2190; x_wconf 87' lang='lat' dir='ltr'>facilius</span> <span class='ocrx_word' id='word_1_150' title='bbox 533 2148 590 2190; x_wconf 92' lang='lat' dir='ltr'>ad</span> <span class='ocrx_word' id='word_1_151' title='bbox 614 2161 764 2190; x_wconf 91' lang='lat' dir='ltr'>veram</span> <span class='ocrx_word' id='word_1_152' title='bbox 788 2148 974 2190; x_wconf 82' lang='lat' dir='ltr'>beatitu-</span> 
     </span>
     <span class='ocr_line' id='line_1_36' title="bbox 144 2203 974 2257; baseline -0.001 -11"><span class='ocrx_word' id='word_1_153' title='bbox 144 2203 292 2246; x_wconf 88' lang='lat' dir='ltr'>dinem</span> <span class='ocrx_word' id='word_1_154' title='bbox 311 2204 470 2246; x_wconf 84' lang='lat' dir='ltr'>caritas</span> <span class='ocrx_word' id='word_1_155' title='bbox 489 2205 607 2254; x_wconf 89' lang='lat' dir='ltr'>facit,</span> <span class='ocrx_word' id='word_1_156' title='bbox 634 2204 755 2257; x_wconf 90' lang='lat' dir='ltr'>quod</span> <span class='ocrx_word' id='word_1_157' title='bbox 774 2204 831 2246; x_wconf 91' lang='lat' dir='ltr'>ad</span> <span class='ocrx_word' id='word_1_158' title='bbox 849 2205 974 2245; x_wconf 88' lang='lat' dir='ltr'>mise-</span> 
     </span>
     <span class='ocr_line' id='line_1_37' title="bbox 143 2260 976 2314; baseline 0.001 -13"><span class='ocrx_word' id='word_1_159' title='bbox 143 2260 269 2310; x_wconf 86' lang='lat' dir='ltr'>riam,</span> <span class='ocrx_word' id='word_1_160' title='bbox 308 2265 518 2313; x_wconf 90' lang='lat' dir='ltr'>quantum</span> <span class='ocrx_word' id='word_1_161' title='bbox 555 2262 715 2314; x_wconf 83' lang='lat' dir='ltr'>potuit,</span> <span class='ocrx_word' id='word_1_162' title='bbox 758 2261 976 2314; x_wconf 88' lang='lat' dir='ltr'>cupiditas</span> 
     </span>
     <span class='ocr_line' id='line_1_38' title="bbox 144 2317 977 2371; baseline 0.002 -13"><span class='ocrx_word' id='word_1_163' title='bbox 144 2317 261 2358; x_wconf 82' lang='lat' dir='ltr'>fecit!</span> <span class='ocrx_word' id='word_1_164' title='bbox 289 2318 430 2368; x_wconf 90' lang='lat' dir='ltr'>Quam</span> <span class='ocrx_word' id='word_1_165' title='bbox 449 2318 575 2360; x_wconf 87' lang='lat' dir='ltr'>facile</span> <span class='ocrx_word' id='word_1_166' title='bbox 594 2319 809 2360; x_wconf 86' lang='lat' dir='ltr'>toleratur</span> <span class='ocrx_word' id='word_1_167' title='bbox 830 2318 977 2371; x_wconf 80' lang='lat' dir='ltr'>quaeli-</span> 
     </span>
     <span class='ocr_line' id='line_1_39' title="bbox 145 2373 976 2428; baseline 0.001 -14"><span class='ocrx_word' id='word_1_168' title='bbox 145 2373 222 2415; x_wconf 88' lang='lat' dir='ltr'>bet</span> <span class='ocrx_word' id='word_1_169' title='bbox 254 2373 499 2415; x_wconf 85' lang='lat' dir='ltr'>adversitas</span> <span class='ocrx_word' id='word_1_170' title='bbox 531 2375 807 2428; x_wconf 86' lang='lat' dir='ltr'>temporalis,</span> <span class='ocrx_word' id='word_1_171' title='bbox 839 2379 889 2416; x_wconf 89' lang='lat' dir='ltr'>ut</span> <span class='ocrx_word' id='word_1_172' title='bbox 922 2388 976 2415; x_wconf 88' lang='lat' dir='ltr'>ae-</span> 
     </span>
     <span class='ocr_line' id='line_1_40' title="bbox 144 2430 978 2482; baseline 0.001 -12"><span class='ocrx_word' id='word_1_173' title='bbox 144 2430 269 2470; x_wconf 88' lang='lat' dir='ltr'>terna</span> <span class='ocrx_word' id='word_1_174' title='bbox 291 2443 426 2482; x_wconf 91' lang='lat' dir='ltr'>poena</span> <span class='ocrx_word' id='word_1_175' title='bbox 449 2431 628 2480; x_wconf 88' lang='lat' dir='ltr'>vitetur,</span> <span class='ocrx_word' id='word_1_176' title='bbox 657 2436 701 2473; x_wconf 93' lang='lat' dir='ltr'>et</span> <span class='ocrx_word' id='word_1_177' title='bbox 726 2432 890 2473; x_wconf 85' lang='lat' dir='ltr'>aeterna</span> <span class='ocrx_word' id='word_1_178' title='bbox 915 2432 978 2471; x_wconf 90' lang='lat' dir='ltr'>re-</span> 
     </span>
     <span class='ocr_line' id='line_1_41' title="bbox 148 2485 978 2538; baseline 0.001 -12"><span class='ocrx_word' id='word_1_179' title='bbox 148 2485 272 2536; x_wconf 88' lang='lat' dir='ltr'>quies</span> <span class='ocrx_word' id='word_1_180' title='bbox 298 2486 595 2538; x_wconf 80' lang='lat' dir='ltr'>comparetur!</span> <span class='ocrx_word' id='word_1_181' title='bbox 631 2487 733 2529; x_wconf 93' lang='lat' dir='ltr'>Non</span> <span class='ocrx_word' id='word_1_182' title='bbox 759 2487 978 2528; x_wconf 87' lang='lat' dir='ltr'>immerito</span> 
     </span>
     <span class='ocr_line' id='line_1_42' title="bbox 146 2540 978 2594; baseline 0.001 -13"><span class='ocrx_word' id='word_1_183' title='bbox 146 2540 219 2582; x_wconf 92' lang='lat' dir='ltr'>ille</span> <span class='ocrx_word' id='word_1_184' title='bbox 238 2554 315 2582; x_wconf 92' lang='lat' dir='ltr'>vas</span> <span class='ocrx_word' id='word_1_185' title='bbox 341 2542 569 2584; x_wconf 79' lang='lat' dir='ltr'>electi6nis</span> <span class='ocrx_word' id='word_1_186' title='bbox 595 2556 694 2584; x_wconf 92' lang='lat' dir='ltr'>cum</span> <span class='ocrx_word' id='word_1_187' title='bbox 717 2543 882 2594; x_wconf 86' lang='lat' dir='ltr'>ingenti</span> <span class='ocrx_word' id='word_1_188' title='bbox 906 2542 978 2583; x_wconf 88' lang='lat' dir='ltr'>lae-</span> 
     </span>
     <span class='ocr_line' id='line_1_43' title="bbox 147 2597 979 2650; baseline 0.001 -12"><span class='ocrx_word' id='word_1_189' title='bbox 147 2598 244 2639; x_wconf 87' lang='lat' dir='ltr'>titia</span> <span class='ocrx_word' id='word_1_190' title='bbox 291 2597 414 2640; x_wconf 83' lang='lat' dir='ltr'>dixit:</span> <span class='ocrx_word' id='word_1_191' title='bbox 458 2598 561 2640; x_wconf 91' lang='lat' dir='ltr'>Non</span> <span class='ocrx_word' id='word_1_192' title='bbox 606 2605 706 2641; x_wconf 90' lang='lat' dir='ltr'>sunt</span> <span class='ocrx_word' id='word_1_193' title='bbox 748 2599 979 2650; x_wconf 86' lang='lat' dir='ltr'>condignae</span> 
     </span>
     <span class='ocr_line' id='line_1_44' title="bbox 147 2653 980 2708; baseline 0.001 -14"><span class='ocrx_word' id='word_1_194' title='bbox 147 2653 377 2706; x_wconf 82' lang='lat' dir='ltr'>passiones</span> <span class='ocrx_word' id='word_1_195' title='bbox 413 2654 540 2707; x_wconf 90' lang='lat' dir='ltr'>hujus</span> <span class='ocrx_word' id='word_1_196' title='bbox 571 2655 785 2708; x_wconf 88' lang='lat' dir='ltr'>temporis</span> <span class='ocrx_word' id='word_1_197' title='bbox 819 2654 877 2695; x_wconf 91' lang='lat' dir='ltr'>ad</span> <span class='ocrx_word' id='word_1_198' title='bbox 913 2668 980 2695; x_wconf 93' lang='lat' dir='ltr'>su-</span> 
     </span>
     <span class='ocr_line' id='line_1_45' title="bbox 147 2710 980 2762; baseline 0 -12"><span class='ocrx_word' id='word_1_199' title='bbox 147 2713 460 2761; x_wconf 83' lang='lat' dir='ltr'>perventuram</span> <span class='ocrx_word' id='word_1_200' title='bbox 483 2711 669 2761; x_wconf 86' lang='lat' dir='ltr'>gloriam</span> <span class='ocrx_word' id='word_1_201' title='bbox 693 2723 792 2762; x_wconf 87' lang='lat' dir='ltr'>quae</span> <span class='ocrx_word' id='word_1_202' title='bbox 817 2710 980 2751; x_wconf 91' lang='lat' dir='ltr'>revela-</span> 
     </span>
     <span class='ocr_line' id='line_1_46' title="bbox 148 2765 979 2818; baseline 0.002 -13"><span class='ocrx_word' id='word_1_203' title='bbox 148 2765 266 2806; x_wconf 87' lang='lat' dir='ltr'>bitur</span> <span class='ocrx_word' id='word_1_204' title='bbox 286 2765 330 2805; x_wconf 91' lang='lat' dir='ltr'>in</span> <span class='ocrx_word' id='word_1_205' title='bbox 349 2766 488 2807; x_wconf 90' lang='lat' dir='ltr'>nobis.</span> <span class='ocrx_word' id='word_1_206' title='bbox 519 2767 637 2808; x_wconf 90' lang='lat' dir='ltr'>Ecce</span> <span class='ocrx_word' id='word_1_207' title='bbox 655 2765 773 2807; x_wconf 90' lang='lat' dir='ltr'>unde</span> <span class='ocrx_word' id='word_1_208' title='bbox 794 2766 903 2807; x_wconf 92' lang='lat' dir='ltr'>illud</span> <span class='ocrx_word' id='word_1_209' title='bbox 921 2767 979 2818; x_wconf 88' lang='lat' dir='ltr'>ju-</span> 
     </span>
    </p>
   </div>
   <div class='ocr_carea' id='block_1_9' title="bbox 304 2905 493 2931">
    <p class='ocr_par' dir='ltr' id='par_1_12' title="bbox 304 2905 493 2931">
     <span class='ocr_line' id='line_1_47' title="bbox 304 2905 493 2931; baseline 0.005 -1"><span class='ocrx_word' id='word_1_210' title='bbox 304 2905 369 2930; x_wconf 85' lang='lat' dir='ltr'>Pars</span> <span class='ocrx_word' id='word_1_211' title='bbox 385 2906 493 2931; x_wconf 73' lang='lat' dir='ltr'>AEstivn.</span> 
     </span>
    </p>
   </div>
   <div class='ocr_carea' id='block_1_10' title="bbox 1016 344 1851 666">
    <p class='ocr_par' dir='ltr' id='par_1_13' title="bbox 1016 344 1850 393">
     <span class='ocr_line' id='line_1_48' title="bbox 1016 344 1850 393; baseline 0.004 -11"><span class='ocrx_word' id='word_1_212' title='bbox 1016 355 1120 393; x_wconf 90' lang='lat' dir='ltr'>gum</span> <span class='ocrx_word' id='word_1_213' title='bbox 1140 345 1274 385; x_wconf 90' lang='lat' dir='ltr'>suave</span> <span class='ocrx_word' id='word_1_214' title='bbox 1295 348 1379 393; x_wconf 88' lang='lat' dir='ltr'>est,</span> <span class='ocrx_word' id='word_1_215' title='bbox 1404 349 1448 386; x_wconf 91' lang='lat' dir='ltr'>et</span> <span class='ocrx_word' id='word_1_216' title='bbox 1467 345 1639 386; x_wconf 82' lang='lat' dir='ltr'>sarcina</span> <span class='ocrx_word' id='word_1_217' title='bbox 1658 344 1782 393; x_wconf 82' lang='lat' dir='ltr'>levis3</span> <span class='ocrx_word' id='word_1_218' title='bbox 1807 349 1850 386; x_wconf 89' lang='lat' dir='ltr'>et</span> 
     </span>
    </p>

    <p class='ocr_par' dir='ltr' id='par_1_14' title="bbox 1017 398 1850 453">
     <span class='ocr_line' id='line_1_49' title="bbox 1017 398 1850 453; baseline 0.004 -15"><span class='ocrx_word' id='word_1_219' title='bbox 1017 398 1054 439; x_wconf 90' lang='lat' dir='ltr'>si</span> <span class='ocrx_word' id='word_1_220' title='bbox 1083 402 1268 449; x_wconf 84' lang='lat' dir='ltr'>angusta</span> <span class='ocrx_word' id='word_1_221' title='bbox 1301 405 1368 441; x_wconf 89' lang='lat' dir='ltr'>est</span> <span class='ocrx_word' id='word_1_222' title='bbox 1395 401 1549 453; x_wconf 90' lang='lat' dir='ltr'>paucis</span> <span class='ocrx_word' id='word_1_223' title='bbox 1578 400 1850 451; x_wconf 73' lang='lat' dir='ltr'>eligentibus,</span> 
     </span>
    </p>

    <p class='ocr_par' dir='ltr' id='par_1_15' title="bbox 1017 454 1850 508">
     <span class='ocr_line' id='line_1_50' title="bbox 1017 454 1850 508; baseline 0.004 -13"><span class='ocrx_word' id='word_1_224' title='bbox 1017 454 1157 495; x_wconf 87' lang='lat' dir='ltr'>facilis</span> <span class='ocrx_word' id='word_1_225' title='bbox 1176 460 1323 497; x_wconf 91' lang='lat' dir='ltr'>tamen</span> <span class='ocrx_word' id='word_1_226' title='bbox 1339 456 1540 498; x_wconf 69' lang='lat' dir='ltr'>Omnibus</span> <span class='ocrx_word' id='word_1_227' title='bbox 1557 456 1850 508; x_wconf 87' lang='lat' dir='ltr'>diligentibus.</span> 
     </span>
    </p>

    <p class='ocr_par' dir='ltr' id='par_1_16' title="bbox 1017 511 1849 566">
     <span class='ocr_line' id='line_1_51' title="bbox 1017 511 1849 566; baseline 0.005 -15"><span class='ocrx_word' id='word_1_228' title='bbox 1017 511 1140 552; x_wconf 89' lang='lat' dir='ltr'>Dixit</span> <span class='ocrx_word' id='word_1_229' title='bbox 1158 512 1407 554; x_wconf 86' lang='lat' dir='ltr'>Psalmista:</span> <span class='ocrx_word' id='word_1_230' title='bbox 1427 513 1617 566; x_wconf 89' lang='lat' dir='ltr'>Propter</span> <span class='ocrx_word' id='word_1_231' title='bbox 1637 513 1773 555; x_wconf 91' lang='lat' dir='ltr'>verba</span> <span class='ocrx_word' id='word_1_232' title='bbox 1791 513 1849 554; x_wconf 89' lang='lat' dir='ltr'>la-</span> 
     </span>
    </p>

    <p class='ocr_par' dir='ltr' id='par_1_17' title="bbox 1017 567 1851 666">
     <span class='ocr_line' id='line_1_52' title="bbox 1017 567 1851 666; baseline 0.002 -58"><span class='ocrx_word' id='word_1_233' title='bbox 1017 567 1192 666; x_wconf 55' lang='lat' dir='ltr'>Riorum</span> <span class='ocrx_word' id='word_1_234' title='bbox 1217 571 1395 610; x_wconf 83' lang='lat' dir='ltr'>tuorum</span> <span class='ocrx_word' id='word_1_235' title='bbox 1415 582 1497 620; x_wconf 89' lang='lat' dir='ltr'>ego</span> <span class='ocrx_word' id='word_1_236' title='bbox 1518 570 1738 612; x_wconf 90' lang='lat' dir='ltr'>custodivi</span> <span class='ocrx_word' id='word_1_237' title='bbox 1757 570 1851 611; x_wconf 91' lang='lat' dir='ltr'>vias</span> 
     </span>
     <span class='ocr_line' id='line_1_53' title="bbox 1049 637 1162 665; baseline -0.009 0"><span class='ocrx_word' id='word_1_238' title='bbox 1049 637 1162 665; x_wconf 90' lang='lat' dir='ltr'>uras.</span> 
     </span>
    </p>
   </div>
   <div class='ocr_carea' id='block_1_11' title="bbox 1019 685 1911 2114">
    <p class='ocr_par' dir='ltr' id='par_1_18' title="bbox 1019 685 1856 1135">
     <span class='ocr_line' id='line_1_54' title="bbox 1076 685 1852 738; baseline 0.004 -13"><span class='ocrx_word' id='word_1_239' title='bbox 1076 685 1127 725; x_wconf 91' lang='lat' dir='ltr'>R.</span> <span class='ocrx_word' id='word_1_240' title='bbox 1148 686 1239 727; x_wconf 89' lang='lat' dir='ltr'>Iste</span> <span class='ocrx_word' id='word_1_241' title='bbox 1268 691 1336 728; x_wconf 90' lang='lat' dir='ltr'>est</span> <span class='ocrx_word' id='word_1_242' title='bbox 1366 687 1440 738; x_wconf 89' lang='lat' dir='ltr'>qui</span> <span class='ocrx_word' id='word_1_243' title='bbox 1468 692 1569 728; x_wconf 86' lang='lat' dir='ltr'>ante</span> <span class='ocrx_word' id='word_1_244' title='bbox 1592 688 1737 729; x_wconf 92' lang='lat' dir='ltr'>Deum</span> <span class='ocrx_word' id='word_1_245' title='bbox 1764 700 1852 728; x_wconf 90' lang='lat' dir='ltr'>ma-</span> 
     </span>
     <span class='ocr_line' id='line_1_55' title="bbox 1019 743 1852 796; baseline 0.004 -14"><span class='ocrx_word' id='word_1_246' title='bbox 1019 755 1126 794; x_wconf 90' lang='lat' dir='ltr'>gnas</span> <span class='ocrx_word' id='word_1_247' title='bbox 1155 743 1340 784; x_wconf 77' lang='lat' dir='ltr'>virtutes</span> <span class='ocrx_word' id='word_1_248' title='bbox 1371 746 1581 796; x_wconf 90' lang='lat' dir='ltr'>operatus</span> <span class='ocrx_word' id='word_1_249' title='bbox 1609 749 1691 793; x_wconf 85' lang='lat' dir='ltr'>est,</span> <span class='ocrx_word' id='word_1_250' title='bbox 1725 749 1769 785; x_wconf 93' lang='lat' dir='ltr'>et</span> <span class='ocrx_word' id='word_1_251' title='bbox 1798 743 1852 785; x_wconf 91' lang='lat' dir='ltr'>de</span> 
     </span>
     <span class='ocr_line' id='line_1_56' title="bbox 1020 799 1853 842; baseline 0.002 -3"><span class='ocrx_word' id='word_1_252' title='bbox 1020 799 1136 839; x_wconf 90' lang='lat' dir='ltr'>omni</span> <span class='ocrx_word' id='word_1_253' title='bbox 1155 799 1291 840; x_wconf 89' lang='lat' dir='ltr'>corde</span> <span class='ocrx_word' id='word_1_254' title='bbox 1303 812 1384 841; x_wconf 91' lang='lat' dir='ltr'>suo</span> <span class='ocrx_word' id='word_1_255' title='bbox 1395 799 1591 841; x_wconf 90' lang='lat' dir='ltr'>laudavit</span> <span class='ocrx_word' id='word_1_256' title='bbox 1601 800 1853 842; x_wconf 85' lang='lat' dir='ltr'>Dominum:</span> 
     </span>
     <span class='ocr_line' id='line_1_57' title="bbox 1024 855 1853 920; baseline 0.004 -25"><span class='ocrx_word' id='word_1_257' title='bbox 1024 858 1046 880; x_wconf 89' lang='lat'>*</span> <span class='ocrx_word' id='word_1_258' title='bbox 1071 855 1175 920; x_wconf 88' lang='lat' dir='ltr'>Ipse</span> <span class='ocrx_word' id='word_1_259' title='bbox 1204 855 1448 897; x_wconf 88' lang='lat' dir='ltr'>intercedat</span> <span class='ocrx_word' id='word_1_260' title='bbox 1475 869 1557 918; x_wconf 84' lang='lat' dir='ltr'>pro</span> <span class='ocrx_word' id='word_1_261' title='bbox 1586 857 1782 909; x_wconf 88' lang='lat' dir='ltr'>peccatis</span> <span class='ocrx_word' id='word_1_262' title='bbox 1810 859 1853 898; x_wconf 89' lang='grc' dir='ltr'>ό-</span> 
     </span>
     <span class='ocr_line' id='line_1_58' title="bbox 1019 907 1853 965; baseline 0.005 -14"><span class='ocrx_word' id='word_1_263' title='bbox 1019 912 1185 952; x_wconf 90' lang='lat' dir='ltr'>mnium</span> <span class='ocrx_word' id='word_1_264' title='bbox 1204 912 1485 965; x_wconf 85' lang='lat' dir='ltr'>populorum.</span> <span class='ocrx_word' id='word_1_265' title='bbox 1522 907 1571 958; x_wconf 78' lang='lat' dir='ltr'>V.</span> <span class='ocrx_word' id='word_1_266' title='bbox 1585 913 1701 954; x_wconf 88' lang='lat' dir='ltr'>Ecce</span> <span class='ocrx_word' id='word_1_267' title='bbox 1720 913 1853 955; x_wconf 92' lang='lat' dir='ltr'>homo</span> 
     </span>
     <span class='ocr_line' id='line_1_59' title="bbox 1021 968 1854 1020; baseline 0.004 -13"><span class='ocrx_word' id='word_1_268' title='bbox 1021 968 1114 1009; x_wconf 90' lang='lat' dir='ltr'>sine</span> <span class='ocrx_word' id='word_1_269' title='bbox 1135 969 1324 1020; x_wconf 89' lang='lat' dir='ltr'>querela,</span> <span class='ocrx_word' id='word_1_270' title='bbox 1340 982 1471 1010; x_wconf 89' lang='lat' dir='ltr'>verus</span> <span class='ocrx_word' id='word_1_271' title='bbox 1486 970 1570 1010; x_wconf 89' lang='lat' dir='ltr'>Dei</span> <span class='ocrx_word' id='word_1_272' title='bbox 1588 969 1743 1018; x_wconf 89' lang='lat' dir='ltr'>cultor,</span> <span class='ocrx_word' id='word_1_273' title='bbox 1759 969 1854 1010; x_wconf 86' lang='lat' dir='ltr'>abs-</span> 
     </span>
     <span class='ocr_line' id='line_1_60' title="bbox 1021 1025 1856 1079; baseline 0.001 -13"><span class='ocrx_word' id='word_1_274' title='bbox 1021 1025 1166 1066; x_wconf 90' lang='lat' dir='ltr'>tinens</span> <span class='ocrx_word' id='word_1_275' title='bbox 1186 1038 1233 1066; x_wconf 90' lang='lat' dir='ltr'>se</span> <span class='ocrx_word' id='word_1_276' title='bbox 1261 1025 1316 1068; x_wconf 95' lang='lat' dir='ltr'>ab</span> <span class='ocrx_word' id='word_1_277' title='bbox 1343 1027 1461 1067; x_wconf 90' lang='lat' dir='ltr'>omni</span> <span class='ocrx_word' id='word_1_278' title='bbox 1488 1029 1622 1079; x_wconf 82' lang='lat' dir='ltr'>opere</span> <span class='ocrx_word' id='word_1_279' title='bbox 1647 1026 1782 1076; x_wconf 85' lang='lat' dir='ltr'>malo,</span> <span class='ocrx_word' id='word_1_280' title='bbox 1812 1031 1856 1067; x_wconf 91' lang='lat' dir='ltr'>et</span> 
     </span>
     <span class='ocr_line' id='line_1_61' title="bbox 1022 1083 1856 1135; baseline 0 -13"><span class='ocrx_word' id='word_1_281' title='bbox 1022 1083 1285 1133; x_wconf 89' lang='lat' dir='ltr'>permanens</span> <span class='ocrx_word' id='word_1_282' title='bbox 1301 1083 1343 1123; x_wconf 91' lang='lat' dir='ltr'>in</span> <span class='ocrx_word' id='word_1_283' title='bbox 1360 1083 1610 1124; x_wconf 90' lang='lat' dir='ltr'>innocentia</span> <span class='ocrx_word' id='word_1_284' title='bbox 1625 1096 1715 1124; x_wconf 90' lang='lat' dir='ltr'>sua.</span> <span class='ocrx_word' id='word_1_285' title='bbox 1742 1083 1856 1135; x_wconf 89' lang='lat' dir='ltr'>Ipse.</span> 
     </span>
    </p>

    <p class='ocr_par' dir='ltr' id='par_1_19' title="bbox 1312 1151 1571 1191">
     <span class='ocr_line' id='line_1_62' title="bbox 1312 1151 1571 1191; baseline -0.008 0"><span class='ocrx_word' id='word_1_286' title='bbox 1312 1151 1466 1191; x_wconf 80' lang='lat' dir='ltr'>Lectio</span> <span class='ocrx_word' id='word_1_287' title='bbox 1490 1151 1571 1190; x_wconf 73' lang='lat' dir='ltr'>viii.</span> 
     </span>
    </p>

    <p class='ocr_par' dir='ltr' id='par_1_20' title="bbox 1027 1207 1858 1314">
     <span class='ocr_line' id='line_1_63' title="bbox 1027 1207 1858 1314; baseline 0 -56"><span class='ocrx_word' id='word_1_288' title='bbox 1027 1207 1149 1314; x_wconf 82' lang='lat' dir='ltr'>Sed</span> <span class='ocrx_word' id='word_1_289' title='bbox 1172 1230 1270 1269; x_wconf 79' lang='lat' dir='ltr'>quae</span> <span class='ocrx_word' id='word_1_290' title='bbox 1295 1217 1404 1259; x_wconf 90' lang='lat' dir='ltr'>dura</span> <span class='ocrx_word' id='word_1_291' title='bbox 1423 1223 1524 1260; x_wconf 89' lang='lat' dir='ltr'>sunt</span> <span class='ocrx_word' id='word_1_292' title='bbox 1542 1217 1858 1266; x_wconf 60' lang='lat' dir='ltr'>laborantibus</span> 
     </span>
    </p>

    <p class='ocr_par' dir='ltr' id='par_1_21' title="bbox 1023 1273 1911 2114">
     <span class='ocr_line' id='line_1_64' title="bbox 1108 1273 1856 1326; baseline 0 -12"><span class='ocrx_word' id='word_1_293' title='bbox 1108 1273 1275 1315; x_wconf 90' lang='lat' dir='ltr'>eisdem</span> <span class='ocrx_word' id='word_1_294' title='bbox 1295 1274 1402 1326; x_wconf 92' lang='lat' dir='ltr'>ipsis</span> <span class='ocrx_word' id='word_1_295' title='bbox 1422 1275 1657 1316; x_wconf 89' lang='lat' dir='ltr'>mitescunt</span> <span class='ocrx_word' id='word_1_296' title='bbox 1677 1274 1856 1315; x_wconf 90' lang='lat' dir='ltr'>amanti-</span> 
     </span>
     <span class='ocr_line' id='line_1_65' title="bbox 1024 1329 1857 1383; baseline 0.001 -13"><span class='ocrx_word' id='word_1_297' title='bbox 1024 1329 1118 1371; x_wconf 91' lang='lat' dir='ltr'>bus.</span> <span class='ocrx_word' id='word_1_298' title='bbox 1151 1331 1341 1383; x_wconf 87' lang='lat' dir='ltr'>Propter</span> <span class='ocrx_word' id='word_1_299' title='bbox 1366 1329 1488 1382; x_wconf 89' lang='lat' dir='ltr'>quod</span> <span class='ocrx_word' id='word_1_300' title='bbox 1507 1331 1567 1372; x_wconf 87' lang='lat' dir='ltr'>ita</span> <span class='ocrx_word' id='word_1_301' title='bbox 1589 1330 1748 1372; x_wconf 84' lang='lat' dir='ltr'>divinae</span> <span class='ocrx_word' id='word_1_302' title='bbox 1768 1330 1857 1383; x_wconf 91' lang='lat' dir='ltr'>pie-</span> 
     </span>
     <span class='ocr_line' id='line_1_66' title="bbox 1023 1386 1859 1439; baseline 0 -12"><span class='ocrx_word' id='word_1_303' title='bbox 1023 1386 1127 1427; x_wconf 88' lang='lat' dir='ltr'>tatis</span> <span class='ocrx_word' id='word_1_304' title='bbox 1157 1386 1486 1439; x_wconf 75' lang='lat' dir='ltr'>dispensatiene</span> <span class='ocrx_word' id='word_1_305' title='bbox 1515 1392 1662 1428; x_wconf 91' lang='lat' dir='ltr'>actum</span> <span class='ocrx_word' id='word_1_306' title='bbox 1692 1391 1776 1436; x_wconf 86' lang='lat' dir='ltr'>est,</span> <span class='ocrx_word' id='word_1_307' title='bbox 1809 1391 1859 1427; x_wconf 92' lang='lat' dir='ltr'>ut</span> 
     </span>
     <span class='ocr_line' id='line_1_67' title="bbox 1023 1441 1858 1495; baseline 0.001 -13"><span class='ocrx_word' id='word_1_308' title='bbox 1023 1442 1207 1483; x_wconf 84' lang='lat' dir='ltr'>interior</span> <span class='ocrx_word' id='word_1_309' title='bbox 1239 1442 1389 1492; x_wconf 87' lang='lat' dir='ltr'>homo,</span> <span class='ocrx_word' id='word_1_310' title='bbox 1427 1443 1501 1495; x_wconf 93' lang='lat' dir='ltr'>qui</span> <span class='ocrx_word' id='word_1_311' title='bbox 1534 1445 1772 1484; x_wconf 88' lang='lat' dir='ltr'>renovatur</span> <span class='ocrx_word' id='word_1_312' title='bbox 1803 1441 1858 1483; x_wconf 91' lang='lat' dir='ltr'>de</span> 
     </span>
     <span class='ocr_line' id='line_1_68' title="bbox 1026 1498 1858 1549; baseline 0.001 -11"><span class='ocrx_word' id='word_1_313' title='bbox 1026 1498 1096 1539; x_wconf 92' lang='lat' dir='ltr'>die</span> <span class='ocrx_word' id='word_1_314' title='bbox 1124 1498 1167 1538; x_wconf 92' lang='lat' dir='ltr'>in</span> <span class='ocrx_word' id='word_1_315' title='bbox 1198 1498 1330 1548; x_wconf 87' lang='lat' dir='ltr'>diem,</span> <span class='ocrx_word' id='word_1_316' title='bbox 1363 1512 1450 1540; x_wconf 95' lang='lat' dir='ltr'>non</span> <span class='ocrx_word' id='word_1_317' title='bbox 1479 1499 1623 1541; x_wconf 88' lang='lat' dir='ltr'>adhuc</span> <span class='ocrx_word' id='word_1_318' title='bbox 1652 1498 1732 1540; x_wconf 91' lang='lat' dir='ltr'>sub</span> <span class='ocrx_word' id='word_1_319' title='bbox 1762 1499 1858 1549; x_wconf 89' lang='lat' dir='ltr'>lege</span> 
     </span>
     <span class='ocr_line' id='line_1_69' title="bbox 1024 1555 1859 1607; baseline 0 -12"><span class='ocrx_word' id='word_1_320' title='bbox 1024 1555 1212 1607; x_wconf 69' lang='lat' dir='ltr'>positus,</span> <span class='ocrx_word' id='word_1_321' title='bbox 1239 1555 1318 1596; x_wconf 92' lang='lat' dir='ltr'>sed</span> <span class='ocrx_word' id='word_1_322' title='bbox 1337 1556 1420 1607; x_wconf 89' lang='lat' dir='ltr'>jam</span> <span class='ocrx_word' id='word_1_323' title='bbox 1440 1555 1521 1598; x_wconf 90' lang='lat' dir='ltr'>sub</span> <span class='ocrx_word' id='word_1_324' title='bbox 1541 1555 1682 1606; x_wconf 88' lang='lat' dir='ltr'>gratia</span> <span class='ocrx_word' id='word_1_325' title='bbox 1701 1567 1859 1596; x_wconf 92' lang='lat' dir='ltr'>exone-</span> 
     </span>
     <span class='ocr_line' id='line_1_70' title="bbox 1025 1611 1859 1653; baseline 0.001 -2"><span class='ocrx_word' id='word_1_326' title='bbox 1025 1613 1148 1652; x_wconf 92' lang='lat' dir='ltr'>ratus</span> <span class='ocrx_word' id='word_1_327' title='bbox 1175 1612 1358 1652; x_wconf 80' lang='lat' dir='ltr'>sarcinis</span> <span class='ocrx_word' id='word_1_328' title='bbox 1382 1612 1763 1653; x_wconf 90' lang='lat' dir='ltr'>innumerabilium</span> <span class='ocrx_word' id='word_1_329' title='bbox 1784 1611 1859 1652; x_wconf 91' lang='lat' dir='ltr'>ob-</span> 
     </span>
     <span class='ocr_line' id='line_1_71' title="bbox 1025 1668 1911 1720; baseline -0.001 -11"><span class='ocrx_word' id='word_1_330' title='bbox 1025 1669 1340 1718; x_wconf 84' lang='lat' dir='ltr'>servationum,</span> <span class='ocrx_word' id='word_1_331' title='bbox 1396 1668 1516 1720; x_wconf 92' lang='lat' dir='ltr'>quod</span> <span class='ocrx_word' id='word_1_332' title='bbox 1566 1673 1661 1710; x_wconf 87' lang='lat' dir='ltr'>erat</span> <span class='ocrx_word' id='word_1_333' title='bbox 1706 1670 1861 1709; x_wconf 83' lang='lat' dir='ltr'>revera</span> <span class='ocrx_word' id='word_1_334' title='bbox 1910 1676 1911 1679; x_wconf 74' lang='grc'>’</span> 
     </span>
     <span class='ocr_line' id='line_1_72' title="bbox 1025 1724 1860 1776; baseline -0.002 -10"><span class='ocrx_word' id='word_1_335' title='bbox 1025 1737 1158 1776; x_wconf 89' lang='lat' dir='ltr'>grave</span> <span class='ocrx_word' id='word_1_336' title='bbox 1174 1725 1330 1775; x_wconf 87' lang='lat' dir='ltr'>jugum,</span> <span class='ocrx_word' id='word_1_337' title='bbox 1350 1725 1429 1766; x_wconf 92' lang='lat' dir='ltr'>sed</span> <span class='ocrx_word' id='word_1_338' title='bbox 1445 1724 1568 1766; x_wconf 89' lang='lat' dir='ltr'>durae</span> <span class='ocrx_word' id='word_1_339' title='bbox 1583 1725 1743 1766; x_wconf 91' lang='lat' dir='ltr'>cervici</span> <span class='ocrx_word' id='word_1_340' title='bbox 1760 1737 1860 1765; x_wconf 90' lang='lat' dir='ltr'>con-</span> 
     </span>
     <span class='ocr_line' id='line_1_73' title="bbox 1024 1781 1860 1834; baseline -0.001 -12"><span class='ocrx_word' id='word_1_341' title='bbox 1024 1782 1250 1823; x_wconf 91' lang='lat' dir='ltr'>venienter</span> <span class='ocrx_word' id='word_1_342' title='bbox 1259 1781 1526 1834; x_wconf 77' lang='lat' dir='ltr'>impesitum,</span> <span class='ocrx_word' id='word_1_343' title='bbox 1542 1781 1751 1823; x_wconf 82' lang='lat' dir='ltr'>facilitate</span> <span class='ocrx_word' id='word_1_344' title='bbox 1763 1783 1860 1821; x_wconf 90' lang='lat' dir='ltr'>sim-</span> 
     </span>
     <span class='ocr_line' id='line_1_74' title="bbox 1024 1836 1860 1890; baseline -0.001 -12"><span class='ocrx_word' id='word_1_345' title='bbox 1024 1837 1151 1890; x_wconf 86' lang='lat' dir='ltr'>plicis</span> <span class='ocrx_word' id='word_1_346' title='bbox 1171 1836 1286 1887; x_wconf 85' lang='lat' dir='ltr'>fidei,</span> <span class='ocrx_word' id='word_1_347' title='bbox 1306 1843 1351 1879; x_wconf 93' lang='lat' dir='ltr'>et</span> <span class='ocrx_word' id='word_1_348' title='bbox 1364 1838 1495 1879; x_wconf 89' lang='lat' dir='ltr'>bonae</span> <span class='ocrx_word' id='word_1_349' title='bbox 1512 1838 1617 1890; x_wconf 84' lang='lat' dir='ltr'>spei,</span> <span class='ocrx_word' id='word_1_350' title='bbox 1638 1842 1682 1878; x_wconf 93' lang='lat' dir='ltr'>et</span> <span class='ocrx_word' id='word_1_351' title='bbox 1697 1842 1860 1878; x_wconf 88' lang='lat' dir='ltr'>sanctae</span> 
     </span>
     <span class='ocr_line' id='line_1_75' title="bbox 1026 1893 1862 1945; baseline -0.001 -11"><span class='ocrx_word' id='word_1_352' title='bbox 1026 1894 1232 1944; x_wconf 84' lang='lat' dir='ltr'>caritatis,</span> <span class='ocrx_word' id='word_1_353' title='bbox 1251 1893 1466 1945; x_wconf 91' lang='lat' dir='ltr'>quidquid</span> <span class='ocrx_word' id='word_1_354' title='bbox 1480 1893 1782 1935; x_wconf 90' lang='lat' dir='ltr'>molestiarum</span> <span class='ocrx_word' id='word_1_355' title='bbox 1798 1905 1862 1934; x_wconf 90' lang='lat' dir='ltr'>ex-</span> 
     </span>
     <span class='ocr_line' id='line_1_76' title="bbox 1025 1949 1862 1991; baseline -0.001 0"><span class='ocrx_word' id='word_1_356' title='bbox 1025 1949 1177 1991; x_wconf 78' lang='lat' dir='ltr'>terieri</span> <span class='ocrx_word' id='word_1_357' title='bbox 1196 1949 1362 1990; x_wconf 81' lang='lat' dir='ltr'>homini</span> <span class='ocrx_word' id='word_1_358' title='bbox 1381 1950 1623 1991; x_wconf 89' lang='lat' dir='ltr'>forinsecus</span> <span class='ocrx_word' id='word_1_359' title='bbox 1643 1949 1862 1990; x_wconf 90' lang='lat' dir='ltr'>intulisset</span> 
     </span>
     <span class='ocr_line' id='line_1_77' title="bbox 1025 2006 1862 2059; baseline 0 -13"><span class='ocrx_word' id='word_1_360' title='bbox 1025 2006 1098 2047; x_wconf 92' lang='lat' dir='ltr'>ille</span> <span class='ocrx_word' id='word_1_361' title='bbox 1117 2007 1342 2059; x_wconf 88' lang='lat' dir='ltr'>princeps,</span> <span class='ocrx_word' id='word_1_362' title='bbox 1369 2006 1443 2058; x_wconf 88' lang='lat' dir='ltr'>qui</span> <span class='ocrx_word' id='word_1_363' title='bbox 1465 2006 1625 2047; x_wconf 90' lang='lat' dir='ltr'>missus</span> <span class='ocrx_word' id='word_1_364' title='bbox 1646 2011 1713 2047; x_wconf 88' lang='lat' dir='ltr'>est</span> <span class='ocrx_word' id='word_1_365' title='bbox 1732 2006 1862 2055; x_wconf 84' lang='lat' dir='ltr'>foras,</span> 
     </span>
     <span class='ocr_line' id='line_1_78' title="bbox 1026 2062 1679 2114; baseline 0.002 -12"><span class='ocrx_word' id='word_1_366' title='bbox 1026 2063 1223 2104; x_wconf 78' lang='lat' dir='ltr'>interieri</span> <span class='ocrx_word' id='word_1_367' title='bbox 1242 2062 1405 2114; x_wconf 78' lang='lat' dir='ltr'>gaudio</span> <span class='ocrx_word' id='word_1_368' title='bbox 1426 2063 1552 2104; x_wconf 88' lang='lat' dir='ltr'>fieret</span> <span class='ocrx_word' id='word_1_369' title='bbox 1570 2062 1679 2103; x_wconf 90' lang='lat' dir='ltr'>leve.</span> 
     </span>
    </p>
   </div>
   <div class='ocr_carea' id='block_1_12' title="bbox 1028 2127 1863 2472">
    <p class='ocr_par' dir='ltr' id='par_1_22' title="bbox 1028 2127 1863 2460">
     <span class='ocr_line' id='line_1_79' title="bbox 1082 2127 1862 2180; baseline 0.001 -13"><span class='ocrx_word' id='word_1_370' title='bbox 1082 2128 1133 2179; x_wconf 68' lang='lat' dir='ltr'>Rv.</span> <span class='ocrx_word' id='word_1_371' title='bbox 1167 2128 1262 2169; x_wconf 88' lang='lat' dir='ltr'>Sint</span> <span class='ocrx_word' id='word_1_372' title='bbox 1294 2127 1431 2169; x_wconf 92' lang='lat' dir='ltr'>lumbi</span> <span class='ocrx_word' id='word_1_373' title='bbox 1460 2128 1595 2169; x_wconf 89' lang='lat' dir='ltr'>vestri</span> <span class='ocrx_word' id='word_1_374' title='bbox 1623 2128 1862 2180; x_wconf 78' lang='lat' dir='ltr'>praecincti,</span> 
     </span>
     <span class='ocr_line' id='line_1_80' title="bbox 1029 2183 1862 2226; baseline -0.002 0"><span class='ocrx_word' id='word_1_375' title='bbox 1029 2189 1073 2226; x_wconf 94' lang='lat' dir='ltr'>et</span> <span class='ocrx_word' id='word_1_376' title='bbox 1110 2184 1301 2226; x_wconf 82' lang='lat' dir='ltr'>lucernae</span> <span class='ocrx_word' id='word_1_377' title='bbox 1340 2183 1545 2225; x_wconf 89' lang='lat' dir='ltr'>ardentes</span> <span class='ocrx_word' id='word_1_378' title='bbox 1581 2184 1625 2224; x_wconf 89' lang='lat' dir='ltr'>in</span> <span class='ocrx_word' id='word_1_379' title='bbox 1661 2183 1862 2225; x_wconf 90' lang='lat' dir='ltr'>manibus</span> 
     </span>
     <span class='ocr_line' id='line_1_81' title="bbox 1028 2238 1862 2282; baseline -0.001 -1"><span class='ocrx_word' id='word_1_380' title='bbox 1028 2241 1202 2282; x_wconf 90' lang='lat' dir='ltr'>vestris:</span> <span class='ocrx_word' id='word_1_381' title='bbox 1218 2238 1241 2262; x_wconf 89' lang='lat'>*</span> <span class='ocrx_word' id='word_1_382' title='bbox 1255 2241 1312 2282; x_wconf 88' lang='lat' dir='ltr'>Et</span> <span class='ocrx_word' id='word_1_383' title='bbox 1331 2253 1411 2281; x_wconf 91' lang='lat' dir='ltr'>vos</span> <span class='ocrx_word' id='word_1_384' title='bbox 1432 2240 1596 2281; x_wconf 91' lang='lat' dir='ltr'>similes</span> <span class='ocrx_word' id='word_1_385' title='bbox 1612 2239 1862 2282; x_wconf 88' lang='lat' dir='ltr'>hominibus</span> 
     </span>
     <span class='ocr_line' id='line_1_82' title="bbox 1030 2295 1862 2349; baseline -0.002 -10"><span class='ocrx_word' id='word_1_386' title='bbox 1030 2295 1391 2349; x_wconf 85' lang='lat' dir='ltr'>exspectantibus</span> <span class='ocrx_word' id='word_1_387' title='bbox 1443 2295 1668 2338; x_wconf 85' lang='lat' dir='ltr'>dominum</span> <span class='ocrx_word' id='word_1_388' title='bbox 1719 2310 1862 2345; x_wconf 89' lang='lat' dir='ltr'>suum,</span> 
     </span>
     <span class='ocr_line' id='line_1_83' title="bbox 1031 2342 1863 2417; baseline -0.002 -23"><span class='ocrx_word' id='word_1_389' title='bbox 1031 2353 1208 2405; x_wconf 86' lang='lat' dir='ltr'>quando</span> <span class='ocrx_word' id='word_1_390' title='bbox 1224 2355 1470 2394; x_wconf 89' lang='lat' dir='ltr'>revertatur</span> <span class='ocrx_word' id='word_1_391' title='bbox 1489 2366 1515 2394; x_wconf 92' lang='lat' dir='ltr'>a</span> <span class='ocrx_word' id='word_1_392' title='bbox 1528 2353 1703 2417; x_wconf 80' lang='lat' dir='ltr'>nuptiis.</span> <span class='ocrx_word' id='word_1_393' title='bbox 1733 2342 1783 2393; x_wconf 84' lang='lat' dir='ltr'>V-</span> <span class='ocrx_word' id='word_1_394' title='bbox 1796 2353 1863 2393; x_wconf 91' lang='lat' dir='ltr'>Vi·</span> 
     </span>
     <span class='ocr_line' id='line_1_84' title="bbox 1029 2408 1863 2472; baseline -0.002 -22"><span class='ocrx_word' id='word_1_395' title='bbox 1029 2409 1163 2459; x_wconf 89' lang='lat' dir='ltr'>gilate</span> <span class='ocrx_word' id='word_1_396' title='bbox 1183 2422 1299 2460; x_wconf 90' lang='lat' dir='ltr'>ergo,</span> <span class='ocrx_word' id='word_1_397' title='bbox 1327 2409 1430 2460; x_wconf 91' lang='lat' dir='ltr'>quia</span> <span class='ocrx_word' id='word_1_398' title='bbox 1449 2409 1627 2451; x_wconf 87' lang='lat' dir='ltr'>nescitis</span> <span class='ocrx_word' id='word_1_399' title='bbox 1648 2421 1735 2472; x_wconf 82' lang='lat' dir='ltr'>qua</span> <span class='ocrx_word' id='word_1_400' title='bbox 1753 2408 1863 2449; x_wconf 87' lang='lat' dir='ltr'>hora</span> 
     </span>
    </p>
   </div>
   <div class='ocr_carea' id='block_1_13' title="bbox 1030 2464 1863 2563">
    <p class='ocr_par' dir='ltr' id='par_1_23' title="bbox 1030 2464 1863 2563">
     <span class='ocr_line' id='line_1_85' title="bbox 1030 2464 1863 2506; baseline -0.002 0"><span class='ocrx_word' id='word_1_401' title='bbox 1030 2465 1246 2506; x_wconf 81' lang='lat' dir='ltr'>Dominus</span> <span class='ocrx_word' id='word_1_402' title='bbox 1273 2470 1420 2506; x_wconf 88' lang='lat' dir='ltr'>vester</span> <span class='ocrx_word' id='word_1_403' title='bbox 1446 2469 1656 2506; x_wconf 77' lang='lat' dir='ltr'>venturus</span> <span class='ocrx_word' id='word_1_404' title='bbox 1686 2464 1751 2505; x_wconf 89' lang='lat' dir='ltr'>sit.</span> <span class='ocrx_word' id='word_1_405' title='bbox 1797 2464 1863 2505; x_wconf 89' lang='lat' dir='ltr'>Et.</span> 
     </span>
     <span class='ocr_line' id='line_1_86' title="bbox 1033 2519 1430 2563; baseline 0.005 -3"><span class='ocrx_word' id='word_1_406' title='bbox 1033 2519 1186 2562; x_wconf 70' lang='lat' dir='ltr'>Gloria</span> <span class='ocrx_word' id='word_1_407' title='bbox 1203 2521 1334 2563; x_wconf 91' lang='lat' dir='ltr'>Patri.</span> <span class='ocrx_word' id='word_1_408' title='bbox 1362 2522 1430 2563; x_wconf 88' lang='lat' dir='ltr'>Et.</span> 
     </span>
    </p>
   </div>
   <div class='ocr_carea' id='block_1_14' title="bbox 1335 2588 1563 2629">
    <p class='ocr_par' dir='ltr' id='par_1_24' title="bbox 1335 2588 1563 2629">
     <span class='ocr_line' id='line_1_87' title="bbox 1335 2588 1563 2629; baseline -0.009 -1"><span class='ocrx_word' id='word_1_409' title='bbox 1335 2588 1488 2629; x_wconf 84' lang='lat' dir='ltr'>Lectio</span> <span class='ocrx_word' id='word_1_410' title='bbox 1510 2588 1563 2627; x_wconf 83' lang='lat' dir='ltr'>ix.</span> 
     </span>
    </p>
   </div>
   <div class='ocr_carea' id='block_1_15' title="bbox 1032 2654 1865 2815">
    <p class='ocr_par' dir='ltr' id='par_1_25' title="bbox 1032 2654 1865 2815">
     <span class='ocr_line' id='line_1_88' title="bbox 1126 2654 1863 2698; baseline -0.003 -2"><span class='ocrx_word' id='word_1_411' title='bbox 1126 2655 1202 2696; x_wconf 90' lang='lat' dir='ltr'>ihil</span> <span class='ocrx_word' id='word_1_412' title='bbox 1229 2656 1343 2698; x_wconf 88' lang='lat' dir='ltr'>enim</span> <span class='ocrx_word' id='word_1_413' title='bbox 1367 2661 1457 2698; x_wconf 92' lang='lat' dir='ltr'>tam</span> <span class='ocrx_word' id='word_1_414' title='bbox 1483 2654 1610 2696; x_wconf 90' lang='lat' dir='ltr'>facile</span> <span class='ocrx_word' id='word_1_415' title='bbox 1635 2654 1766 2695; x_wconf 87' lang='lat' dir='ltr'>bonae</span> <span class='ocrx_word' id='word_1_416' title='bbox 1789 2666 1863 2694; x_wconf 91' lang='lat' dir='ltr'>vo-</span> 
     </span>
     <span class='ocr_line' id='line_1_89' title="bbox 1141 2709 1864 2763; baseline -0.003 -12"><span class='ocrx_word' id='word_1_417' title='bbox 1141 2711 1300 2753; x_wconf 89' lang='lat' dir='ltr'>luntati</span> <span class='ocrx_word' id='word_1_418' title='bbox 1320 2717 1402 2761; x_wconf 90' lang='lat' dir='ltr'>est,</span> <span class='ocrx_word' id='word_1_419' title='bbox 1428 2723 1559 2763; x_wconf 89' lang='lat' dir='ltr'>quam</span> <span class='ocrx_word' id='word_1_420' title='bbox 1577 2710 1675 2762; x_wconf 91' lang='lat' dir='ltr'>ipsa</span> <span class='ocrx_word' id='word_1_421' title='bbox 1694 2709 1793 2759; x_wconf 90' lang='lat' dir='ltr'>sibi,</span> <span class='ocrx_word' id='word_1_422' title='bbox 1820 2713 1864 2750; x_wconf 93' lang='lat' dir='ltr'>et</span> 
     </span>
     <span class='ocr_line' id='line_1_90' title="bbox 1032 2764 1865 2815; baseline -0.004 -7"><span class='ocrx_word' id='word_1_423' title='bbox 1032 2766 1129 2807; x_wconf 88' lang='lat' dir='ltr'>haec</span> <span class='ocrx_word' id='word_1_424' title='bbox 1166 2767 1328 2808; x_wconf 80' lang='lat' dir='ltr'>sufficit</span> <span class='ocrx_word' id='word_1_425' title='bbox 1363 2767 1472 2807; x_wconf 88' lang='lat' dir='ltr'>Deo.</span> <span class='ocrx_word' id='word_1_426' title='bbox 1535 2764 1865 2815; x_wconf 78' lang='lat' dir='ltr'>Quantumlibet</span> 
     </span>
    </p>
   </div>
   <div class='ocr_carea' id='block_1_16' title="bbox 1599 2895 1655 2927">
    <p class='ocr_par' dir='ltr' id='par_1_26' title="bbox 1599 2895 1655 2927">
     <span class='ocr_line' id='line_1_91' title="bbox 1599 2895 1655 2927; baseline 0 -14"><span class='ocrx_word' id='word_1_427' title='bbox 1599 2895 1655 2927; x_wconf 63' lang='lat' dir='ltr'>R*</span> 
     </span>
    </p>
   </div>
  </div>
 </body>
</html>
