2040 2976
739 218 949 252 Commune
977 218 1090 252 unius
1116 218 1307 261 Martyris.

451 313 603 354 Lectio
623 313 706 354 viii.

167 364 296 472 Sed
337 366 394 408 ad
435 366 532 408 haec
575 366 725 408 audita
765 366 1001 408 inardescit

256 423 442 473 animus,
479 424 652 475 jamque
676 422 764 464 illic
791 423 912 476 cupit
936 435 1000 464 as-

168 481 334 529 sistere,
353 479 428 521 ubi
448 493 496 521 se
515 484 666 532 sperat
684 479 777 521 sine
796 479 883 521 fine
899 492 1000 531 gau-

169 535 284 578 dere.
320 535 408 578 Sed
433 536 490 578 ad
517 549 676 588 magna
698 536 881 588 praemia
904 548 999 589 per-

167 592 306 634 veniri
324 605 413 633 non
432 597 592 645 potest,
620 592 704 633 nisi
718 605 799 644 per
816 605 1000 643 magnos

167 648 354 701 labores.
390 648 518 690 Unde
544 653 588 690 et
611 648 774 689 Paulus
800 648 999 699 egregius

167 704 436 757 praedicator
451 704 570 746 dicit:
587 704 691 746 Non
706 704 998 755 coronabitur,

168 761 252 802 nisi
277 762 352 814 qui
374 761 568 812 legitime
595 761 839 803 certaverit.
871 761 998 803 Dele-

167 822 258 859 ctat
278 830 382 869 ergo
402 822 594 859 mentem
611 817 868 868 magnitudo
888 831 998 871 prae-

167 874 369 925 miorum,
403 874 482 916 sed
504 887 594 916 non
617 873 837 916 deterreat
862 876 998 915 certa-

167 943 268 972 men
290 931 501 972 laborum.
537 930 664 972 Unde
684 930 741 972 ad
760 943 808 972 se
827 931 998 972 venien-

166 986 284 1029 tibus
303 987 480 1029 Veritas
513 986 632 1029 dicit:
673 987 718 1029 Si
752 987 848 1040 quis
880 988 1000 1029 venit

167 1043 225 1085 ad
247 1056 333 1094 me,
367 1049 412 1086 et
433 1056 522 1085 non
546 1043 640 1085 odit
663 1048 836 1096 patrem
861 1057 998 1094 suum,

167 1103 211 1141 et
230 1105 426 1150 matrem,
455 1105 499 1155 et
516 1102 712 1151 uxorem,
738 1105 782 1142 et
800 1100 927 1151 filios,
956 1106 999 1143 et

166 1156 338 1207 fratres,
375 1161 419 1198 et
448 1158 642 1207 sororeS,
680 1156 824 1198 adhuc
853 1162 999 1199 autem

167 1217 211 1254 et
232 1213 420 1254 animam
439 1226 574 1263 suam,
599 1226 687 1254 non
706 1218 856 1265 potest
874 1227 998 1256 meus

167 1282 264 1311 esse
284 1269 536 1322 discipulus.

214 1332 265 1384 Ra.
296 1330 382 1371 Hic
402 1334 469 1372 est
488 1343 592 1372 vere
610 1330 793 1382 Martyr,
823 1331 897 1382 qui
915 1343 998 1383 pro

168 1386 330 1428 Christi
365 1386 540 1428 nomine
578 1387 834 1438 sanguinem
872 1400 998 1428 suum

166 1442 296 1485 fudit:
325 1446 348 1471 *
393 1443 478 1493 Qui
509 1443 648 1484 minas
685 1443 878 1495 judicum
909 1457 998 1485 non

166 1499 320 1550 timuit,
347 1512 429 1541 nec
451 1501 638 1542 terrenae
663 1499 888 1551 dignitatis
908 1500 998 1551 glo-

165 1556 275 1597 riam
314 1556 535 1608 quaesivit,
589 1555 669 1598 sed
707 1556 763 1598 ad
801 1556 998 1598 coelestia

166 1624 300 1663 regna
317 1613 529 1665 pervenit.
546 1608 598 1660 Υ.
620 1612 794 1654 Justum
814 1612 998 1654 deduxit

165 1668 380 1709 Dominus
398 1681 478 1721 per
496 1669 590 1710 vias
610 1673 766 1717 rectas,
791 1674 835 1711 et
854 1671 996 1711 osten-

166 1723 232 1766 dit
261 1723 324 1765 illi
354 1737 537 1776 regnum
568 1725 664 1766 Dei.
705 1725 801 1776 Qui.
841 1725 997 1767 Gloria

164 1780 295 1822 Patri.
332 1781 426 1831 Qui.

214 1843 388 1886 Sequens
416 1843 461 1887 R.
489 1843 631 1878 dicitur
662 1844 798 1879 ultimo
830 1845 918 1879 loco
953 1846 991 1879 in

162 1891 271 1926 festis
311 1901 381 1926 sex
416 1891 473 1926 Ss.
510 1892 723 1936 Martyrum
760 1892 991 1927 Pontificum

162 1939 338 1982 Eusebii,
375 1939 567 1982 Marcelli,
605 1940 790 1983 Joannis,
825 1940 991 1981 Silverii‚

162 1987 332 2030 Martini,
362 1991 398 2023 et
421 1987 612 2023 Pontiani.

213 2042 267 2095 Rz.
303 2042 494 2085 Domine
524 2044 779 2096 praevenisti
815 2056 915 2085 eum
951 2044 995 2085 in

164 2097 546 2141 benedictionibus
575 2099 836 2141 dulcedinis:
858 2099 882 2125 *
914 2101 996 2142 Po-

166 2155 291 2196 suisti
322 2155 368 2195 in
400 2155 545 2208 capite
577 2156 667 2226 ejus
698 2158 908 2197 coronam
941 2157 996 2198 de

164 2210 311 2264 lapide
330 2212 539 2264 pretioso.
572 2206 623 2258 Υ.
654 2212 806 2254 Vitam
825 2213 953 2266 petiit
972 2226 995 2254 a

163 2271 218 2316 te,
244 2272 288 2309 et
305 2267 497 2309 tribuisti
512 2268 551 2309 ei
569 2268 888 2320 longitudinem
908 2269 996 2310 die-

164 2335 260 2364 rum
286 2323 331 2364 in
359 2324 570 2366 saeculum
597 2325 757 2366 saeculi.
794 2325 995 2366 Posuisti.

165 2379 318 2421 Gloria
337 2380 468 2422 Patri.
497 2380 702 2422 Posuisti.

217 2441 379 2483 Bened.
409 2440 481 2483 Ad
500 2441 769 2483 societatem.

463 2503 615 2543 Lectio
635 2503 689 2543 ix.

165 2559 292 2666 Sed
318 2565 572 2618 percontari
603 2565 728 2616 libet,
770 2566 995 2618 quomodo

125 2666 131 2669 ,
250 2624 474 2675 parentes,
503 2626 547 2663 et
566 2622 799 2664 carnaliter
818 2625 995 2675 propin-

166 2691 276 2731 quos
295 2678 578 2731 praecipimur
598 2678 757 2729 odisse,
787 2679 862 2730 qui
880 2679 995 2730 jube-

163 2748 260 2777 mur
279 2739 323 2778 et
340 2735 541 2776 inimicos
561 2734 765 2785 diligere?
800 2735 858 2777 Et
876 2740 995 2778 certe

1051 308 1231 351 Veritas
1247 308 1302 350 de
1321 310 1461 350 uxore
1477 308 1598 350 dicit:
1619 307 1750 359 Quod
1764 308 1887 349 Deus

1053 365 1291 417 conjunxit,
1324 364 1459 406 homo
1486 378 1574 406 non
1602 367 1788 418 separet.
1828 365 1886 406 Et

1050 421 1214 462 Paulus
1252 421 1327 462 ait:
1368 421 1481 471 Viri,
1521 420 1687 472 diligite
1723 422 1886 462 uxores

1050 483 1241 527 vestras,
1282 477 1398 519 sicut
1431 483 1475 520 et
1505 477 1704 519 Christus
1737 478 1886 519 Eccle-

1050 535 1171 576 siam.
1202 534 1331 584 Ecce,
1358 533 1600 587 discipulus
1620 536 1805 575 uxorem
1825 534 1886 575 di-

1050 590 1271 643 ligendam
1295 590 1527 643 praedicat,
1556 603 1656 632 cum
1676 594 1886 641 magister

1052 647 1185 689 dicat:
1223 647 1307 697 Qui
1333 649 1518 688 uxorem
1545 660 1634 688 non
1663 647 1768 697 odit,
1800 660 1887 688 non

1051 708 1201 756 potest
1220 716 1345 745 meus
1366 716 1463 744 esse
1480 703 1734 755 discipulus.
1753 704 1887 745 Num-

1055 760 1161 812 quid
1203 759 1322 801 aliud
1363 759 1495 812 judex
1535 760 1725 810 nuntiat,
1768 760 1887 802 aliud

1052 829 1203 869 praeco
1223 814 1404 857 clamat?
1434 817 1505 856 An
1525 816 1655 857 simul
1675 820 1719 857 et
1739 816 1887 858 odisse

1052 875 1299 926 possumUS,
1329 877 1372 914 et
1393 871 1597 923 diligere?
1635 871 1723 914 Sed
1743 873 1779 913 si
1798 873 1887 913 vim

1052 930 1269 982 praecepti
1293 928 1618 982 perpendimus,
1651 932 1887 980 utrumque

1054 989 1184 1037 agere
1216 999 1296 1039 per
1331 985 1642 1027 discretionem
1675 985 1887 1026 valemus:

1051 1048 1100 1084 ut
1118 1045 1313 1092 uxorem,
1334 1047 1378 1083 et
1395 1055 1483 1091 eos,
1506 1042 1579 1094 qui
1597 1041 1727 1083 nobis
1745 1043 1887 1083 carnis

1053 1099 1314 1151 cognatione
1335 1098 1556 1150 conjuncti
1575 1103 1686 1148 sunt,
1712 1103 1756 1140 et
1777 1112 1888 1151 quos

1051 1156 1281 1209 proximos
1310 1155 1533 1204 novimus,
1563 1154 1814 1206 diligamus3
1845 1160 1888 1197 et

1054 1226 1165 1265 quos
1194 1212 1475 1254 adversarios
1503 1211 1547 1251 in
1575 1211 1646 1252 via
1665 1212 1750 1253 Dei
1777 1212 1887 1264 pati-

1051 1282 1166 1319 mur,
1195 1267 1388 1310 odiendo
1417 1272 1461 1309 et
1489 1267 1696 1318 fugiendo
1723 1269 1887 1310 nescia-

1053 1339 1160 1366 mus.

1103 1390 1174 1435 *Te
1193 1387 1338 1427 Deum
1357 1385 1599 1428 laudamus.
1627 1386 1685 1427 13.

1320 1476 1400 1517 Ad
1425 1476 1624 1518 Laudes

1270 1543 1288 1567 e
1303 1537 1317 1566 t
1352 1543 1377 1576 p
1394 1543 1413 1567 e
1429 1544 1447 1566 r
1478 1533 1515 1567 H
1529 1543 1551 1567 0
1566 1544 1584 1567 r
1598 1544 1618 1567 a
1634 1544 1660 1568 s.

1102 1594 1202 1634 Ant.
1218 1595 1246 1633 1.
1272 1594 1360 1643 Qui
1382 1607 1453 1636 me
1472 1593 1698 1636 confessus
1719 1593 1850 1635 fuerit
1865 1594 1887 1620 *

1053 1664 1204 1693 coram
1240 1651 1512 1701 hominibus,
1559 1650 1806 1692 confitebor
1845 1656 1888 1693 et
1922 1680 1923 1689 2

1052 1720 1134 1759 ego
1164 1722 1264 1751 eum
1293 1721 1444 1750 coram
1470 1708 1603 1749 Patre
1631 1719 1742 1748 meo.

1102 1774 1171 1813 Ps.
1202 1773 1419 1815 Dominus
1439 1772 1649 1824 regnavit.
1677 1773 1738 1813 14.

1099 1839 1134 1878 2.
1171 1839 1260 1888 Qui
1291 1838 1489 1891 sequitur
1516 1850 1604 1887 me,
1627 1837 1651 1862 *
1679 1850 1769 1878 non
1797 1839 1885 1878 am-

1048 1894 1173 1937 bulat
1200 1896 1244 1936 in
1271 1894 1476 1943 tenebris,
1509 1893 1589 1935 sed
1615 1893 1797 1935 habebit
1824 1894 1884 1935 lu-

1048 1964 1151 1993 men
1170 1952 1285 2001 vitae,
1314 1951 1420 1993 dicit
1433 1950 1664 1992 Dominus.

1099 2016 1135 2055 3.
1172 2017 1258 2065 Qui
1283 2016 1390 2058 mihi
1412 2016 1645 2066 ministrat,
1669 2016 1693 2042 *
1721 2028 1792 2057 me
1820 2028 1884 2057 se-

1052 2075 1227 2126 quatur:
1255 2078 1299 2115 et
1318 2072 1394 2114 ubi
1413 2085 1495 2123 ego
1516 2085 1628 2122 sum,
1657 2072 1745 2114 illic
1766 2072 1822 2114 sit
1841 2077 1885 2114 et

1049 2130 1249 2171 minister
1267 2142 1404 2171 meus.

1101 2194 1137 2233 4.
1173 2193 1221 2233 Si
1251 2193 1348 2245 quis
1374 2192 1481 2234 mihi
1508 2192 1836 2243 ministraverit,
1860 2194 1884 2219 *

1049 2249 1360 2291 honorificabit
1379 2262 1480 2291 eum
1497 2250 1630 2291 Pater
1648 2263 1784 2300 meus,
1810 2250 1884 2302 qui

1051 2310 1118 2347 est
1136 2305 1180 2345 in
1200 2306 1335 2355 coelis,
1364 2305 1471 2347 dicit
1490 2306 1719 2361 Dominus.

1100 2370 1137 2409 5.
1172 2368 1283 2411 Volo
1298 2371 1443 2421 Pater,
1461 2371 1485 2397 *
1509 2374 1558 2412 ut
1576 2370 1653 2413 ubi
1671 2383 1754 2422 ego
1775 2384 1883 2421 sum,

1049 2425 1136 2468 illic
1155 2426 1212 2468 sit
1232 2431 1276 2468 et
1293 2427 1491 2469 minister
1509 2440 1646 2469 meus.

1155 2495 1413 2547 Capitulum.
1587 2496 1610 2535 J
1613 2509 1674 2536 ac.
1692 2498 1720 2535 1.
1737 2495 1774 2536 b.

1048 2562 1256 2668 Beatus
1281 2568 1362 2619 vir,
1380 2569 1477 2636 'qui
1500 2569 1655 2611 sufiert
1680 2569 1883 2636 tentatio-

1153 2637 1269 2666 nem:
1308 2638 1516 2678 quomam
1542 2638 1643 2667 cum
1667 2625 1883 2678 probatus

1048 2679 1190 2731 fuerit,
1201 2682 1389 2734 accipiet
1404 2683 1615 2723 coronam
1625 2682 1739 2731 vitae,
1751 2694 1882 2733 quam

1047 2738 1302 2789 repromisit
1318 2738 1441 2780 Deus
1459 2737 1740 2789 diligentibus
1760 2750 1819 2779 se.
