2040 2976
885 195 947 227 Aci
971 195 1132 228 Nonam.
1809 188 1853 223 37

164 289 346 338 Largire
372 288 519 329 lumen
547 290 742 340 vespere,

217 344 315 393 Quo
344 344 435 385 vita
461 357 678 396 nusquam
706 344 892 394 decidat,

215 399 303 441 Sed
330 400 561 452 praemium
588 401 743 441 mortis
773 413 911 441 sacrae

214 455 449 496 Perrennis
478 456 611 497 instet
637 456 788 506 gloria.

169 529 347 579 Praesta,
373 529 506 571 Pater
532 530 739 582 piissime,

216 585 426 637 Patrique
455 598 636 638 compar
664 585 814 635 Unice,

219 640 328 682 Cum
354 641 519 694 Spiritu
546 641 766 682 Paraclito

214 697 422 748 Regnans
449 710 530 749 per
558 710 688 739 omne
717 697 937 738 saeculum.

448 753 602 795 Amen.

188 827 237 866 In
266 826 506 865 Dominicis
536 838 614 876 per
643 826 828 865 Annum.

141 880 335 933 Alleluia.

188 953 236 991 In
251 952 383 991 feriali
399 952 555 992 Officio
568 966 645 1003 per
658 953 842 992 Annum.
866 954 963 993 Ant.

144 1007 304 1059 Aspice
332 1008 376 1048 in
404 1021 485 1050 me.

446 1069 652 1109 Psalmus.

865 826 964 867 Ant.

194 1186 236 1223 3244,-
287 1188 290 1220 ,³
300 1166 468 1208 irabilia
478 1168 728 1209 testimonia
738 1170 859 1210 tuat*
867 1170 967 1211 ideo

168 1223 188 1284 ⁷3
317 1225 511 1264 scrutata
534 1228 601 1265 est
624 1237 676 1265 ea
699 1226 842 1266 anima
860 1239 968 1267 mea

287 1283 289 1288 ’
350 1283 604 1325 Declaratio
632 1286 884 1326 sermonum
905 1291 968 1326 tu-

140 1339 266 1378 orum
280 1338 508 1380 illuminat:
517 1340 540 1365 *
552 1345 596 1381 et
609 1340 877 1382 intellectum
893 1341 969 1383 dat

138 1394 344 1445 parvulis.

191 1453 254 1494 Os
272 1466 419 1495 meum
440 1456 602 1507 aperui,
628 1461 672 1497 et
696 1457 857 1498 attraxi
883 1460 968 1509 spi-

138 1508 284 1550 ritum:
316 1510 340 1535 *
374 1511 475 1562 quia
507 1511 716 1553 mandata
747 1517 822 1553 tua
858 1513 968 1554 desi-

139 1563 360 1606 derabam.

189 1629 354 1682 Aspice
385 1631 429 1671 in
456 1644 538 1681 me,
562 1637 607 1673 et
633 1633 842 1674 miserere
871 1634 968 1683 mei,

138 1685 162 1711 *
191 1685 434 1727 secundum
462 1687 668 1738 judicium
696 1687 969 1739 diligentium

138 1753 300 1783 nomen
327 1746 461 1783 tuum,

191 1805 382 1847 Gressus
409 1820 534 1848 meos
562 1807 700 1859 dirige
727 1809 969 1851 secundum

139 1861 362 1914 eloquium
384 1867 522 1903 tuum:
543 1865 567 1889 *
588 1868 632 1905 et
658 1877 746 1906 non
775 1864 968 1906 domine-

138 1921 210 1958 tur
237 1918 324 1959 mei
351 1919 493 1960 omnis
522 1919 741 1971 injustitia.

189 1982 375 2024 Redime
410 1996 481 2025 me
519 1997 545 2025 a
573 1984 801 2027 calumniis
832 1986 968 2027 homi-

138 2051 257 2079 num:
278 2039 301 2064 *
322 2043 371 2080 ut
389 2039 636 2081 custodiam
655 2041 863 2083 mandata
882 2047 967 2084 tua.

190 2102 367 2144 Faciem
382 2108 503 2145 tuam
521 2104 717 2147 illumina
732 2119 865 2159 super
881 2119 967 2148 ser-

138 2171 243 2199 vum
266 2163 403 2200 tuum:
422 2160 446 2185 *
466 2165 510 2202 et
534 2160 645 2203 doce
668 2175 739 2204 me
767 2163 968 2213 justifica-

138 2214 281 2255 ti6nes
309 2219 418 2256 tuas.

178 2274 332 2315 Exitus
343 2278 556 2328 aquarum
567 2276 843 2319 deduxerunt
854 2279 969 2319 oculi

138 2330 239 2370 mei:
272 2330 295 2355 *
327 2331 428 2382 quia
460 2345 548 2374 non
577 2333 879 2375 custodierunt
910 2334 967 2376 le-

139 2398 240 2435 gem
267 2390 398 2427 tuam.

156 2496 164 2503 ,
190 2450 341 2491 Justus
366 2463 414 2492 es
441 2452 645 2495 Domine:
675 2454 698 2479 *
727 2458 771 2495 et
798 2459 968 2495 rectum

138 2505 344 2556 judicium
372 2512 505 2548 tuum.

190 2570 411 2612 Mandasti
460 2572 668 2622 justitiam
718 2573 968 2615 testimonia

139 2629 229 2666 tua:
256 2626 279 2651 *
308 2631 352 2667 et
368 2627 611 2670 ,veritatem
638 2633 758 2669 tuam
786 2629 924 2670 nimis.

191 2685 439 2728 Tabescere
449 2700 519 2728 me
536 2688 640 2729 fecit
654 2688 775 2730 zelus
790 2702 928 2731 meus:
944 2690 967 2715 *

1023 288 1125 352 quia
1147 287 1271 329 obliti
1299 293 1399 328 sunt
1426 287 1562 329 verba
1589 292 1664 329 tua
1691 287 1853 328 inimici

1021 356 1263 450 mc{Ignitum
1306 400 1527 451 eloquium
1566 404 1689 440 tuum
1726 399 1852 441 vehe-

1020 457 1205 520 menter:
1239 457 1262 482 *
1297 461 1341 497 et
1374 468 1527 497 servus
1563 461 1664 496 tuus
1702 455 1853 497 dilexit

1021 511 1445 609 llluAddolescen‘tulus
1465 581 1562 608 sum
1582 581 1664 618 ego
1688 573 1731 609 et
1752 580 1852 608 con-

1021 626 1230 676 temptus:
1254 625 1277 649 *
1298 624 1628 676 justificationes
1647 629 1745 665 tuas
1764 636 1852 664 non

1023 694 1119 721 sum
1148 680 1321 722 oblitus.

1073 733 1097 772 J
1100 733 1249 773 ustitia
1267 737 1352 781 tua,
1374 733 1537 783 justitia
1562 731 1605 772 in
1625 733 1852 772 aeternum:

1021 789 1044 814 *
1074 793 1118 829 et
1145 788 1217 829 lex
1243 793 1319 829 tua
1347 789 1520 830 veritas.

1073 844 1335 894 Tribulatio,
1371 850 1415 886 et
1447 844 1648 895 angustia
1680 844 1851 884 invene-

1022 905 1123 941 runt
1146 913 1234 941 me:
1258 901 1281 926 *
1307 900 1515 942 mandata
1534 906 1609 942 tua
1624 899 1852 941 meditatio

1021 969 1119 998 mea
1147 961 1224 997 est.

1074 1013 1279 1065 AEquitas
1298 1013 1548 1054 testimonia
1568 1017 1644 1053 tua
1663 1012 1706 1052 in
1728 1013 1851 1052 aeter-

1022 1082 1125 1109 num
1133 1069 1170 1108 :*
1177 1069 1447 1110 intellectum
1457 1068 1513 1110 da
1521 1068 1636 1117 mihi,
1646 1073 1690 1109 et
1698 1068 1852 1108 vivam.
1898 1098 1900 1103 ,

1105 1180 1264 1221 lamavi
1283 1181 1326 1220 in
1355 1186 1450 1221 toto
1480 1180 1614 1221 corde
1642 1192 1752 1228 meo,
1782 1192 1852 1220 ex-

1126 1237 1228 1277 audi
1243 1250 1313 1278 me
1327 1237 1532 1278 Domine:
1548 1237 1571 1261 *
1587 1236 1850 1287 justificatio-

1021 1294 1099 1333 nes
1129 1297 1227 1333 tuas
1255 1295 1486 1344 requiram.

1075 1348 1270 1389 Clamavi
1298 1347 1354 1389 ad
1382 1353 1443 1397 te,
1472 1348 1641 1388 salvum
1668 1359 1738 1387 me
1768 1347 1851 1387 fac:

1021 1404 1044 1429 *
1073 1409 1121 1445 ut
1150 1404 1395 1445 cust6diam
1422 1403 1630 1444 mandata
1657 1408 1742 1443 tua.

1073 1458 1851 1507 Praeveniinmaturitate‚etclamavi:

1021 1517 1044 1542 *
1073 1516 1175 1568 quia
1202 1516 1245 1556 in
1269 1512 1405 1557 verba
1431 1521 1507 1556 tua
1531 1514 1851 1567 supersperavi.

1073 1572 1388 1613 Praevenerunt
1407 1571 1522 1612 oculi
1539 1571 1626 1612 mei
1648 1570 1704 1611 ad
1726 1575 1770 1611 te
1792 1569 1852 1610 di-

1020 1628 1182 1670 luculo:
1202 1629 1225 1654 *
1244 1633 1293 1669 ut
1312 1627 1549 1669 meditarer
1574 1627 1748 1678 e16quia
1766 1631 1852 1667 tua.

1073 1684 1244 1726 Vocem
1256 1697 1401 1725 meam
1412 1683 1514 1724 audi
1525 1682 1766 1724 seeundum
1776 1682 1851 1722 mi-

1021 1740 1306 1782 sericordiam
1325 1745 1446 1781 tuam
1464 1739 1669 1780 Domine:
1683 1739 1707 1763 *
1724 1743 1768 1779 et
1787 1750 1850 1778 se-

1021 1796 1213 1838 cundum
1227 1796 1433 1848 judicium
1444 1801 1567 1837 tuum
1582 1794 1755 1835 vivifica
1770 1806 1850 1834 me.

1073 1853 1555 1905 Appropinquaverunt
1586 1851 1850 1903 persequen-

1020 1913 1088 1950 tes
1115 1908 1444 1960 meiniquitati:
1472 1908 1496 1933 *
1527 1920 1553 1948 a
1580 1907 1677 1957 lege
1705 1910 1851 1947 autem

1020 1969 1096 2006 tua
1122 1964 1253 2014 longe
1283 1964 1387 2005 facti
1415 1968 1526 2004 sunt.

1072 2021 1218 2072 Prope
1239 2032 1286 2061 es
1305 2025 1354 2061 tu
1371 2020 1576 2060 DOmine:
1591 2019 1614 2044 *
1635 2023 1679 2059 et
1698 2030 1849 2059 omnes

1020 2076 1104 2117 viae
1132 2081 1220 2117 ‘tuae
1250 2076 1422 2116 veritas.

1072 2132 1202 2173 Initio
1215 2131 1402 2182 cognovi
1413 2131 1468 2172 de
1478 2130 1739 2172 testim6niis
1750 2130 1850 2170 tuis:

1020 2188 1043 2213 *
1074 2188 1174 2239 quia
1197 2188 1241 2228 in
1269 2189 1483 2228 aeternum
1506 2186 1697 2228 fundasti
1726 2198 1788 2226 ea.

1072 2243 1187 2285 Vide
1203 2243 1492 2284 humilitatem
1502 2256 1655 2291 meam,
1672 2247 1715 2283 et
1729 2242 1850 2293 eripe

1020 2313 1105 2342 me:
1133 2300 1156 2325 *
1187 2299 1287 2351 quia
1314 2299 1457 2350 legem
1490 2304 1610 2340 tuam
1638 2311 1726 2339 non
1755 2311 1850 2338 sum

1021 2355 1194 2398 oblitus.

1072 2412 1097 2452 J
1099 2411 1228 2452 udiea
1238 2411 1444 2462 judicium
1453 2424 1610 2459 meum,
1628 2415 1672 2451 et
1684 2409 1849 2450 redime

1020 2480 1104 2509 me:
1133 2467 1156 2492 *
1181 2472 1366 2519 propter
1394 2467 1617 2519 e16quium
1643 2471 1766 2507 tuum
1790 2464 1848 2504 vi-

1019 2523 1149 2564 vifica
1176 2535 1256 2564 me.

1071 2579 1223 2629 Longe
1257 2591 1283 2619 a
1315 2578 1622 2631 peccatoribus
1657 2576 1788 2617 salus:
1824 2574 1848 2599 *

1021 2635 1122 2686 quia
1138 2634 1466 2686 justificationes
1486 2639 1583 2675 tuas
1598 2646 1685 2675 non
1701 2630 1847 2683 exqui-

1020 2690 1196 2731 sierunt.
