2040 2976
262 252 333 286 Die
350 252 379 284 4.
398 251 501 306 Julii.
527 250 561 284 S.
579 251 715 284 Irenaei
732 251 858 293 Episc.
877 250 983 284 Mart.
1002 269 1014 274 -
1030 251 1059 284 7.
1084 251 1124 284 B.
1143 251 1338 284 Benedicti
1362 251 1422 283 xl.
1441 251 1557 293 Papae
1576 250 1682 284 Conf.

1762 250 1825 285 13*

182 348 226 382 In
248 347 314 381 111.
334 346 532 380 Nocturno
558 346 727 379 Homilia
754 346 790 379 in
807 347 949 388 Evang.

133 396 266 479 lHtfffizo)
296 393 468 438 peregre.
498 393 545 427 de
582 394 716 427 eodem
751 394 952 427 Communi

402 514 485 556 Die
512 515 549 555 4.
576 514 601 555 J
602 515 687 556 ulii.

238 578 281 620 S.
301 578 484 621 Irenaei
500 577 644 628 Episc.
665 580 708 616 et
726 575 849 615 Mart.

462 639 625 682 Duplex.

181 693 233 728 Ut
266 693 364 727 inter
396 692 493 726 festa
525 701 595 735 pro
632 689 825 732 aliquibus
857 688 953 722 locis

132 742 267 776 eadem
291 741 363 775 die.

402 808 485 850 Die
513 808 549 849 7.
576 808 687 850 Julii.

149 873 202 914 B.
216 871 474 915 Benedicti
492 873 575 914 XI.
593 875 726 925 Papae
748 879 790 914 et
810 874 928 914 Conf.

462 935 625 977 Duplex.

185 989 321 1024 Omnia
354 989 400 1023 de
433 987 635 1021 Communi
669 987 775 1020 Conf.
806 987 953 1025 Pontis„

132 1042 273 1081 praeter
297 1036 508 1080 sequentia.

224 1146 319 1184 eus,
354 1133 428 1186 qui
460 1084 639 1175 'gr-‘ffiiiii
670 1132 957 1175 Benedictum

245 1190 506 1232 Pontificem
529 1189 846 1232 benedictionis
870 1195 957 1232 tuae

134 1247 276 1299 gratia
294 1246 351 1289 ad
369 1246 531 1288 coelum
546 1245 802 1288 sublevasti:
820 1248 958 1298 popu-

135 1303 226 1345 lum
243 1308 381 1354 tuum,
408 1305 673 1356 quaesumus,
698 1315 813 1344 nova
830 1302 958 1344 bene-

136 1359 326 1402 dictione
365 1359 606 1410 sanctifiea;
650 1365 693 1401 et
732 1371 758 1400 a
794 1359 958 1400 cunctis

134 1416 261 1458 malis
293 1415 634 1466 imminentibus,
672 1417 762 1467 ejus
793 1415 958 1456 meritis

136 1477 180 1514 et
211 1472 432 1526 precibus,
464 1477 539 1514 tua
570 1473 730 1515 virtute
764 1471 959 1514 defende.

134 1529 219 1571 Per
234 1529 481 1571 Dominum.

185 1599 229 1634 In
256 1599 283 1633 Ι.
314 1598 513 1632 Nocturno
549 1597 750 1630 Lectiones
785 1596 831 1629 de
861 1596 957 1629 Scri-

134 1652 247 1692 ptura
272 1651 504 1682 occurrente.

367 1708 416 1746 In
435 1707 485 1746 ΙΙ.
506 1706 726 1745 Nocturno.

438 1762 589 1803 Lectio
610 1762 662 1801 iv.

246 1813 472 1857 enedietus
504 1812 774 1863 undecimus,
802 1826 856 1855 ex
884 1813 958 1854 ho-

263 1872 389 1913 nesta
410 1871 778 1913 Boccassinorum
799 1869 959 1911 familia

263 1927 451 1969 Tarvisii
485 1931 630 1976 natus,
667 1938 781 1967 anno
815 1926 958 1966 aetatis

137 1983 308 2026 decimo
341 1990 497 2036 quarto
524 1982 869 2025 Praedicatorum
899 1981 959 2022 in-

136 2041 336 2083 stitutum
355 2041 582 2094 amplexus
601 2044 683 2089 est;
708 2039 751 2079 in
779 2050 865 2090 quo
884 2037 959 2078 hu-

135 2097 276 2138 manis
301 2096 547 2149 divinisque
576 2095 731 2138 studiis
756 2096 958 2146 quatuor-

137 2153 279 2195 decim
297 2154 420 2195 annis
442 2153 640 2206 impense
659 2150 842 2199 vacavit,
860 2149 959 2191 toti-

137 2209 324 2263 demque
361 2222 530 2251 summa
571 2221 670 2250 cum
706 2205 959 2248 eruditionis

134 2265 266 2308 laude
289 2266 495 2320 privatim
524 2277 575 2307 ac
598 2263 774 2317 publice
800 2261 959 2304 docuit.

134 2321 388 2365 Sanctitatis
407 2327 451 2364 et
468 2321 714 2375 prudentiae
731 2319 845 2360 fama
860 2331 958 2359 con-

136 2381 329 2432 spicuus,
356 2391 437 2432 per
464 2378 612 2419 varios
639 2375 800 2428 gradus
828 2379 871 2416 et
898 2372 958 2415 di-

134 2435 322 2486 gnitates
342 2435 507 2477 ordinis
527 2432 583 2475 ad
600 2433 850 2485 supremum
868 2431 959 2480 eius

135 2491 434 2542 magisterium
466 2491 643 2532 evectus
676 2493 761 2538 est;
798 2499 884 2538 quo
916 2485 960 2526 in

134 2550 314 2590 munere
361 2547 518 2589 ceteris
564 2543 765 2597 exemplo
802 2542 958 2595 praelu-

137 2615 252 2653 cens,
271 2603 547 2656 disciplinam
563 2601 744 2642 mirifice
762 2598 884 2647 fovit,
909 2609 960 2639 ac

135 2659 259 2701 brevi
276 2662 476 2713 tempore
496 2657 693 2700 ordinem
711 2656 855 2708 ipsum
873 2667 958 2695 am-

135 2716 359 2769 plificavit.
398 2716 520 2757 Illius
549 2716 685 2767 opera
710 2711 960 2753 Bonifacius

136 2774 319 2815 octavus
341 2773 386 2814 in
408 2769 691 2826 pacificandis
717 2768 960 2810 Galliarum

1006 350 1049 387 et
1066 346 1301 388 Britanniae
1320 346 1494 397 regibus
1513 346 1693 388 feliciter
1710 359 1825 396 usus,

1004 401 1241 444 lustrandis
1269 402 1511 444 commissis
1539 402 1621 443 sibi
1651 404 1824 455 provin-

1007 459 1084 500 ciis
1113 459 1157 499 in
1185 458 1327 500 Gallia
1355 459 1706 511 peregrinantem
1734 471 1826 499 san-

1008 519 1090 556 ctae
1108 515 1319 556 Romanae
1334 514 1542 556 Ecclesiae
1563 514 1826 555 cardinalem

972 609 974 611 ,
1006 569 1311 622 presbvterum
1331 570 1503 621 creavit,
1523 574 1654 622 atque
1674 569 1730 611 ad
1748 570 1825 611 Ur-

1006 626 1108 668 bem
1135 628 1319 668 accitum
1346 627 1388 667 in
1414 627 1683 667 Pannoniam
1712 626 1825 676 lega-

1006 687 1099 724 tum
1119 681 1376 732 designavit,
1400 682 1476 723 ubi
1498 687 1588 724 tres
1606 682 1826 735 principes

1008 737 1062 780 de
1082 738 1204 789 regni
1224 737 1338 780 illius
1357 738 1633 780 successione
1653 743 1825 779 conten-

1008 794 1160 837 dentes
1175 795 1284 836 mira
1299 794 1558 836 dexteritate
1569 794 1826 846 composuit.

1060 855 1110 906 R.
1134 851 1285 892 Inveni
1312 850 1466 892 David.
1492 852 1564 891 12*

1317 911 1465 951 Lectio
1486 925 1521 950 v.

1010 964 1215 1068 Pacata
1232 963 1457 1013 Hungaria
1475 962 1659 1003 Romam
1687 965 1826 1004 rever-

1124 1033 1215 1069 sus,
1246 1019 1472 1060 Bonifacio
1508 1019 1718 1070 Anagniae
1751 1019 1827 1060 cir-

1009 1079 1239 1119 cumvento
1269 1076 1380 1117 inter
1405 1075 1596 1117 hostium
1621 1075 1760 1116 minas
1785 1080 1828 1116 et

1008 1133 1256 1175 invasiones
1270 1132 1440 1174 fortiter
1454 1131 1602 1180 astitit,
1615 1131 1829 1182 haesitque

1008 1189 1234 1238 indivulse,
1261 1188 1438 1240 reliquis
1465 1188 1598 1229 ferme
1629 1186 1829 1228 omnibus

1009 1246 1064 1288 ab
1102 1259 1153 1288 eo
1190 1244 1463 1296 fugientibus.
1531 1243 1634 1284 Mox
1672 1242 1828 1284 eodem

1008 1302 1221 1344 Pontifice
1239 1301 1437 1342 humanis
1461 1299 1591 1341 rebus
1612 1301 1829 1351 exempto,

1009 1359 1052 1399 in
1074 1358 1193 1400 Petri
1215 1357 1373 1399 Sedem
1396 1356 1504 1397 mira
1528 1355 1706 1396 Patrum
1732 1367 1828 1395 con-

1010 1415 1210 1456 sensione
1226 1413 1432 1454 suffectus
1452 1417 1528 1454 est.
1555 1412 1606 1452 In
1626 1423 1678 1452 eo
1695 1410 1828 1461 digni-

1010 1471 1112 1513 tatis
1138 1470 1323 1520 fastigio,
1347 1468 1401 1510 ab
1427 1468 1543 1509 omni
1568 1468 1682 1508 fastu
1706 1479 1827 1519 pror-

1010 1541 1084 1568 sus
1129 1527 1311 1575 alienus,
1362 1524 1666 1566 demissionem
1716 1522 1827 1563 adeo

1010 1583 1154 1632 coluit,
1177 1588 1224 1624 ut
1247 1581 1482 1623 adductam
1507 1579 1563 1621 ad
1582 1592 1628 1620 se
1646 1584 1829 1620 matrem

1010 1639 1152 1681 adhuc
1179 1637 1456 1691 superstitem
1484 1636 1615 1689 paulo
1643 1634 1828 1687 splendi-

1011 1696 1118 1746 dius,
1132 1700 1180 1736 ut
1196 1694 1352 1736 decere
1366 1693 1607 1741 videbatur,
1623 1693 1830 1740 ornatam,

1011 1765 1036 1794 a
1055 1765 1101 1793 se
1122 1751 1333 1793 dimiserit
1351 1755 1574 1800 tamquam
1592 1760 1679 1789 non
1694 1759 1829 1788 suam:

1009 1822 1113 1850 mox
1131 1820 1237 1849 vero
1260 1809 1423 1855 nativo,
1447 1811 1578 1857 atque
1602 1803 1828 1844 humiliore

1011 1865 1129 1907 cultu
1147 1866 1350 1905 vestitam
1373 1862 1647 1914 peramanter
1669 1858 1827 1911 ample-

1010 1923 1150 1970 xatus,
1178 1918 1417 1960 honorifice
1444 1916 1605 1958 habuit.
1640 1914 1827 1956 Violatae

1010 1978 1053 2018 in
1070 1975 1397 2030 praedecessore
1417 1985 1496 2014 suo
1511 1971 1749 2024 pontificiae
1768 1969 1828 2011 di-

1009 2032 1188 2085 gnitatis
1213 2032 1413 2073 auctores
1433 2027 1705 2070 anathemate
1723 2027 1828 2067 mul-

1011 2089 1160 2138 ctavit;
1187 2087 1240 2129 ab
1266 2086 1341 2128 illo
1368 2090 1513 2127 autem
1539 2083 1731 2125 severius
1755 2082 1828 2123 ha-

1010 2147 1136 2195 bitos
1146 2144 1340 2197 pristinis
1350 2141 1589 2183 honoribus
1603 2139 1828 2180 restitutos

1011 2203 1055 2243 in
1071 2201 1240 2243 veniam
1264 2204 1307 2241 et
1330 2198 1515 2251 gratiam
1538 2195 1715 2248 recepit.
1751 2195 1828 2235 Pa-

1011 2257 1161 2300 candis
1178 2255 1317 2298 Italiae
1335 2253 1587 2307 provinciis,
1608 2250 1827 2303 Guelpho-

1010 2327 1106 2356 rum
1129 2318 1172 2355 et
1192 2311 1523 2358 Gibellinorum‚
1548 2308 1760 2361 Alborum
1786 2309 1829 2346 et

1010 2371 1246 2422 Nigrorum
1292 2365 1551 2408 factionibus
1591 2362 1828 2405 miserrime

1012 2425 1244 2474 divexatis,
1291 2422 1521 2464 Nicolaum
1566 2417 1828 2461 cardinalem

1010 2483 1264 2524 Pratensem
1295 2478 1459 2520 ordinis
1486 2475 1829 2518 Praedicatorum

1011 2552 1037 2580 a
1054 2538 1188 2580 latere
1206 2536 1397 2587 legatum
1417 2532 1591 2581 creavit,
1612 2528 1827 2572 eumdem-

1013 2607 1097 2647 que
1114 2594 1158 2634 in
1177 2591 1388 2644 Angliam,
1402 2588 1603 2636 Scotiam‚
1617 2591 1662 2627 et
1675 2584 1828 2626 Hiber-

1010 2651 1127 2692 niam
1141 2649 1198 2691 ad
1211 2645 1506 2690 conciliandos
1520 2655 1644 2694 reges
1660 2646 1703 2683 et
1715 2642 1827 2693 prin-

1012 2708 1132 2760 cipes
1151 2707 1214 2747 ire
1231 2703 1366 2757 jussit.

1072 2763 1117 2813 Rg.
1137 2761 1272 2803 Posui
1299 2756 1567 2811 adjutorium.
1594 2755 1666 2795 12*
