2040 2976
200 296 330 346 pinae,
356 292 593 346 quaerendo
619 292 775 334 animae
797 307 887 335 suae
906 294 1026 336 volu-

200 353 367 402 ptatem
393 349 447 390 ab
472 349 702 391 horterum
727 354 771 391 et
791 352 1027 403 cerporum

202 408 495 449 formosorum
513 406 670 457 gratia,
696 412 739 448 et
764 419 954 457 omnem,
979 413 1027 448 ut

201 464 262 505 ita
294 463 453 512 dicam,
493 463 800 505 oblectationis
833 469 876 505 et
908 464 1026 506 refri-

201 520 308 571 gerii
328 519 443 560 viam
461 519 683 561 sectando.

250 584 298 634 R
330 576 398 617 Da
417 575 521 616 mihi
540 576 729 617 Domine
749 576 917 617 sedium
935 579 1027 618 tua-

201 646 297 673 rum
314 632 578 674 assistricem
593 633 863 685 sapientiam,
882 638 925 674 et
939 633 1028 674 noli

201 702 271 730 me
291 688 530 741 reprobare
550 702 575 730 a
592 689 741 742 pueris
759 690 860 730 tuis:
853 695 892 718 ·*
915 691 1027 740 Quo-

203 746 319 786 niam
339 758 491 787 servus
510 751 611 787 tuus
630 759 726 786 sum
743 758 836 797 ego,
857 752 899 788 et
914 746 1029 787 filius

204 802 373 842 ancillae
391 807 490 843 tuae.
516 802 566 854 Y,
598 802 723 843 Mitte
745 802 863 843 illam
887 801 942 844 de
965 815 1028 844 se-

205 857 260 899 de
292 857 602 909 magnitudinis
633 863 737 907 tuae,
777 864 825 900 ut
857 871 1029 900 mecum

202 914 268 963 sit,
289 920 332 956 et
349 927 521 956 mecum
540 914 720 956 laboret.
749 915 974 965 Queniam.

508 981 658 1022 Lectio
680 993 715 1020 v.

269 1035 287 1071 t
331 1031 406 1072 ubi
435 1030 536 1073 inde
566 1030 623 1073 ad
655 1045 702 1073 se
734 1034 950 1082 reversus,
985 1039 1029 1075 et

325 1087 450 1139 quasi
492 1100 546 1129 ex
588 1087 796 1129 umbrosa
839 1088 1028 1141 quadam

204 1142 364 1195 abysso
400 1144 456 1184 ad
479 1143 624 1186 lumen
651 1157 769 1186 verae
802 1145 1028 1198 sapientiae

201 1202 420 1252 respicere
437 1200 588 1249 valuit,
610 1205 714 1242 tunc
733 1201 963 1243 sublimem
982 1203 1028 1243 il-

201 1256 298 1305 lam,
315 1262 358 1298 et
373 1256 495 1297 coelis
512 1256 687 1307 dignam
703 1258 845 1299 emisit
858 1271 1028 1300 vocem:

200 1313 385 1354 Vanitas
418 1313 676 1363 vanitatum,
708 1313 876 1363 dicens,
909 1320 952 1357 et
984 1318 1027 1356 ό-

200 1369 316 1410 mnia
335 1369 516 1411 van-itas.
550 1370 677 1411 Hanc
698 1375 741 1411 et
760 1383 857 1421 VOS,
884 1377 927 1413 et
945 1371 1028 1414 hac

201 1426 516 1477 sublimiorem,
545 1426 582 1467 si
608 1427 851 1478 volueritis,
879 1428 1026 1470 effere-

200 1482 255 1524 tis
275 1483 536 1526 sententiam
552 1483 607 1525 de
623 1483 932 1536 intempestiva
946 1485 1028 1527 hac

200 1538 445 1591 voluptate,
472 1540 509 1580 si
536 1539 850 1593 aliquantisper
869 1554 894 1582 a
913 1542 1027 1583 mala

200 1595 516 1637 consuetudine
536 1609 616 1638 vos
637 1599 1027 1648 sequestraveritis.

251 1658 301 1708 R.
329 1653 508 1693 Initium
532 1653 760 1705 sapientiae
785 1654 916 1695 timor
939 1655 1026 1697 Do-

200 1708 320 1749 mini:
337 1715 359 1738 *
381 1709 634 1751 Intellectus
656 1709 798 1751 bonus
823 1711 1026 1753 omnibus

198 1764 459 1806 facientibus
478 1778 592 1806 eum:
615 1766 809 1808 laudatio
830 1768 919 1818 ejus
939 1782 1025 1810 ma—

199 1826 274 1862 net
292 1821 335 1861 in
355 1822 565 1863 saeculum
579 1822 739 1864 saeculi.
768 1821 818 1873 V.
837 1823 1025 1867 Dilectio

200 1877 315 1918 illius
344 1879 544 1920 custodia
571 1879 716 1929 legum
745 1885 825 1922 est:
857 1881 959 1932 quia
981 1894 1024 1923 o-

201 1934 313 1974 mnis
339 1935 552 1987 sapientia
577 1936 708 1978 timor
733 1937 921 1978 Domini.
960 1939 1026 1979 In-

202 1990 414 2032 tellectus.

502 2046 655 2086 Lectio
675 2046 728 2085 vi.

205 2080 455 2204 Quamvis
483 2106 629 2142 autem
654 2114 679 2142 a
697 2101 929 2145 Salomene
950 2107 1027 2146 sa'e-

305 2156 414 2198 culis
459 2157 759 2209 superieribus
806 2172 893 2200 non
938 2166 1027 2202 tam

203 2213 338 2254 multa
375 2214 599 2265 sapientiae
642 2215 898 2266 exigebatur
935 2216 1028 2259 dili-

203 2269 362 2320 gentia:
404 2282 546 2322 neque
588 2271 701 2311 enim
743 2271 921 2314 delicias
957 2274 1027 2316 lex

205 2331 331 2368 vetus
349 2326 629 2378 prohibebat,
658 2340 799 2379 neque
825 2329 920 2370 aliis
944 2330 1028 2372 frui

203 2383 487 2435 supervacuis
514 2382 688 2425 dicebat
713 2398 887 2426 vanum:
921 2388 1027 2428 atta-

203 2451 303 2480 men
324 2444 366 2480 et
386 2439 448 2480 sic
468 2451 515 2480 se
536 2439 798 2482 habentibus
816 2441 962 2492 rebus,
986 2443 1028 2483 in

203 2495 311 2548 ipsis
338 2496 534 2537 contueri
563 2495 728 2545 licebit,
758 2511 887 2549 quam
910 2499 1029 2549 viles,

205 2557 248 2593 et
272 2551 454 2593 vanitati
481 2551 685 2593 obnexiae
709 2566 778 2594 res
803 2554 899 2595 sint.
934 2554 1029 2596 Nos

204 2621 311 2649 vero
337 2607 394 2649 ad
418 2609 625 2659 majorem
646 2609 790 2650 vocati
808 2610 958 2659 vitam,
987 2617 1030 2652 et

205 2663 262 2706 ad
281 2663 563 2706 excellentius
589 2665 810 2715 fastigium
835 2665 1030 2707 ascendi-

204 2734 311 2771 mus,
349 2726 392 2762 et
428 2721 470 2761 in
507 2721 743 2773 majeribus
775 2725 1030 2763 exercemur

706 203 808 237 Infra
833 203 1129 237 llcbdornadam
1154 202 1191 235 ii.
1216 200 1392 243 Augusti.

1078 294 1312 347 palaestris:
1365 299 1408 336 et
1446 293 1552 347 quid
1589 295 1723 346 aliud,
1776 309 1908 349 quam

1081 350 1217 403 quod,
1249 350 1363 392 sicut
1395 352 1598 403 supernae
1628 352 1813 394 virtutes
1844 353 1905 394 in·

1079 406 1352 448 tellectuales
1372 411 1416 448 et
1433 407 1709 460 incorp6reae
1727 409 1830 460 illae,
1848 410 1908 451 vi-

1079 468 1170 505 tam
1189 463 1418 504 instituere
1437 462 1657 515 jubemur?

1129 524 1178 575 R*-
1210 519 1408 561 Verbum
1425 519 1623 572 iniquum
1642 525 1686 563 et
1705 521 1909 563 dolesum

1081 575 1210 626 longe
1230 576 1298 617 fac
1318 588 1343 616 a
1367 588 1438 617 me
1456 576 1660 618 Domine:
1673 579 1696 603 *
1721 578 1908 620 Divitias

1082 637 1126 674 et
1157 634 1466 685 paupertatem
1495 645 1550 674 ne
1581 632 1756 675 dederis
1789 634 1909 685 mihi,

1082 688 1161 730 sed
1188 694 1357 730 tantum
1382 690 1517 731 victui
1545 702 1644 731 meo
1669 689 1812 732 tribue
1838 704 1909 733 ne-

1082 746 1284 786 cessaria.
1310 741 1360 793 V.
1387 746 1487 787 Duo
1508 746 1661 797 rogavi
1678 751 1738 797 te,
1763 759 1818 789 ne
1838 747 1908 789 de-

1081 814 1215 852 neges
1240 802 1347 843 mihi
1371 805 1607 855 antequam
1629 803 1801 845 moriar.
1835 804 1908 845 Di-

1081 859 1220 901 vitias.
1247 858 1401 900 Gloria
1420 859 1551 901 Patri.
1578 859 1777 902 Divitias.

1130 918 1181 969 R.
1214 918 1283 958 vii.
1336 916 1524 957 Domine
1555 920 1683 968 pater
1715 921 1759 958 et
1788 916 1909 959 Deus

1082 972 1183 1013 vitae
1211 985 1339 1022 meae,
1375 985 1430 1013 ne
1459 970 1740 1025 derelinquas
1766 985 1837 1015 me
1864 973 1909 1014 in

1083 1028 1280 1080 cogitatu
1338 1028 1546 1079 maligno:
1611 1028 1911 1071 extollentiam

1083 1085 1311 1126 oculerum
1335 1087 1534 1126 meorum
1559 1097 1614 1126 ne
1637 1083 1812 1127 dederis
1835 1085 1911 1126 mi-

1082 1140 1142 1191 hi,
1161 1146 1206 1182 et
1224 1139 1489 1182 desiderium
1506 1140 1743 1191 malignum
1762 1143 1911 1184 averte

1082 1210 1108 1238 a
1130 1209 1201 1238 me
1220 1197 1424 1239 Demine:
1452 1196 1575 1238 aufer
1602 1210 1627 1238 a
1653 1209 1724 1239 me
1752 1209 1909 1239 concu-

1080 1253 1354 1306 piscentiam,
1370 1257 1392 1280 *
1416 1254 1473 1295 Et
1492 1253 1637 1295 animo
1655 1253 1911 1296 irreverenti

1081 1315 1125 1352 et
1143 1310 1351 1351 infrunito
1374 1322 1429 1352 ne
1451 1309 1602 1352 tradas
1620 1322 1692 1352 me
1709 1309 1910 1352 Demine.

1080 1364 1130 1416 V.
1149 1366 1217 1409 Ne
1237 1366 1518 1418 derelinquas
1536 1379 1606 1408 me
1625 1366 1831 1416 Domine,
1854 1379 1910 1408 ne

1081 1425 1334 1466 accrescant
1369 1423 1630 1474 ignorantiae
1665 1435 1793 1474 meae,
1828 1435 1911 1466 nec

1079 1480 1426 1533 multiplicentur
1445 1479 1606 1522 delicta
1623 1492 1732 1521 mea.
1758 1479 1827 1522 Et.

1132 1539 1183 1590 Rv.
1220 1537 1304 1578 viii.
1350 1537 1451 1578 Duo
1487 1535 1715 1589 seraphim
1752 1536 1908 1579 clama-

1080 1593 1186 1636 bant
1213 1593 1323 1635 alter
1349 1591 1406 1635 ad
1437 1592 1638 1635 alterum:
1661 1596 1684 1620 *
1714 1592 1910 1644 SanctuS,

1081 1655 1274 1700 sanctus,
1321 1654 1499 1691 sanctus
1535 1649 1751 1691 Deminus
1787 1650 1909 1692 Deus

1079 1706 1289 1749 Sabaoth:
1317 1708 1341 1732 *
1362 1705 1499 1747 Plena
1526 1710 1594 1747 est
1621 1705 1763 1747 omnis
1790 1711 1909 1748 terra

1079 1764 1219 1815 gleria
1237 1763 1340 1815 ejus.
1373 1758 1425 1810 Ys'.
1444 1762 1555 1804 Tres
1575 1766 1676 1804 sunt
1695 1762 1771 1814 qui
1788 1762 1907 1804 testi-

1079 1820 1274 1861 monium
1293 1818 1400 1861 dant
1418 1819 1462 1860 in
1482 1818 1611 1868 coelo,
1634 1818 1780 1869 Pater,
1799 1819 1907 1861 Ver·

1079 1877 1194 1927 bum,
1214 1881 1258 1918 et
1276 1876 1463 1928 Spiritus
1483 1879 1673 1917 sanetus:
1693 1879 1737 1917 et
1754 1874 1800 1916 hi
1816 1881 1908 1918 tres

1079 1947 1213 1975 unum
1231 1937 1342 1974 sunt.
1374 1932 1570 1974 Sanctus.
1605 1931 1758 1973 Gloria
1776 1931 1908 1974 Patri.

1078 1991 1224 2032 Plena.

1291 2098 1438 2134 Feria
1460 2096 1700 2134 Secunda.

1233 2154 1298 2193 De
1326 2151 1439 2193 libro
1467 2149 1761 2192 Ecclesiastae.

1185 2214 1337 2255 Lectio
1356 2214 1381 2253 i.
1648 2210 1751 2262 Cap.
1770 2211 1806 2250 2.

1112 2283 1165 2323 555>
1176 2273 1235 2314 ixi
1260 2285 1342 2323 ego
1366 2273 1409 2313 in
1429 2272 1564 2314 corde
1584 2284 1699 2313 meo:
1723 2269 1908 2320 Vadam,

1111 2332 1147 2375 ’”,
1203 2335 1246 2371 et
1279 2330 1456 2370 affluam
1489 2328 1675 2378 deliciis,
1715 2332 1759 2370 et
1791 2327 1908 2368 fruar

1083 2386 1221 2427 bonis.
1268 2386 1324 2427 Et
1351 2385 1441 2428 vidi
1470 2384 1590 2438 quod
1618 2385 1704 2426 hoe
1732 2396 1908 2436 quoque

1084 2448 1201 2484 esset
1224 2443 1406 2484 vanitas.
1442 2443 1598 2484 Risum
1621 2440 1830 2494 reputavi
1845 2452 1907 2481 er-

1082 2502 1240 2540 rorem:
1273 2504 1317 2541 et
1348 2498 1509 2550 galidio
1543 2498 1646 2540 dixi:
1679 2495 1795 2547 Quid
1822 2496 1905 2537 fru-

1082 2562 1172 2596 stra
1201 2555 1439 2608 deciperis?
1477 2554 1678 2606 Cogitavi
1703 2554 1746 2594 in
1773 2552 1907 2594 corde

1081 2624 1180 2653 meo
1227 2611 1480 2653 abstrahere
1526 2624 1551 2652 a
1587 2611 1688 2652 vino
1734 2622 1908 2650 carnem

1081 2681 1238 2718 meam,
1264 2674 1312 2710 ut
1331 2668 1522 2709 animum
1541 2679 1687 2708 meum
1706 2665 1907 2707 transfer-

1083 2736 1174 2764 rem
1195 2724 1251 2766 ad
1276 2725 1551 2777 sapientiam,
1580 2722 1909 2774 devitaremque
