2040 2976
523 198 594 231 Die
618 197 670 230 22.
694 197 799 231 Julii.
846 196 881 231 S.
906 196 1038 230 Mariae
1062 195 1305 239 Magdalenae
1330 195 1466 230 Poenit.

196 297 267 339 Ad
290 297 476 338 Laudes.
510 297 609 337 Ant.
649 293 798 337 Simile
823 292 890 334 est
913 303 977 332 re-

147 363 280 402 gnum
300 350 513 393 coelorum
531 350 698 391 hemini
715 347 979 399 negotiatori

148 407 361 459 quaerenti
379 406 520 448 bonas
537 408 813 456 margaritas:
831 404 977 445 inven-

146 467 192 504 ta
215 476 302 504 una
323 463 538 516 pretiosa,
568 461 692 504 dedit
719 460 865 503 emnia
889 472 978 509 sua,

148 523 192 560 et
210 519 485 572 comparavit
506 531 614 560 eam.

198 578 460 629 W.Diff1'1sa
496 583 565 620 est
596 577 738 629 gratia
775 577 819 617 in
850 575 978 617 labiis

146 635 244 677 tuis.
304 640 354 690 R.
392 636 636 687 Propterea
670 632 898 675 benedixit
934 636 978 673 te

145 691 298 733 Deus
287 705 331 732 in
351 693 574 733 aeternum.

411 786 496 827 Die
515 786 580 826 22.
599 784 624 826 J
626 784 713 826 ulii.

147 852 190 892 S.
199 850 378 893 Mariae
384 849 699 900 Magdalenae
704 852 939 892 Poenitenti
945 864 975 891 s.

480 917 645 961 Duplex.

201 977 338 1022 Omnia
368 975 415 1009 de
445 974 649 1009 Communi
677 983 748 1007 nec
772 974 877 1016 Virg.
906 984 975 1007 nec

145 1026 244 1059 Mart
270 1021 345 1065 [99]
366 1027 508 1066 praeter
532 1032 638 1065 sequ.

362 1090 424 1131 In
444 1089 482 1130 1.
504 1087 758 1139 vesperis.

459 1153 669 1204 Hymnus.

288 1213 383 1250 ater
402 1207 581 1260 superni
599 1207 784 1257 himinis,

304 1265 414 1306 Cum
432 1264 740 1315 Magdalenam
758 1265 953 1317 respicis,

251 1321 472 1362 Flammas
491 1320 653 1362 amoris
673 1321 849 1371 excitas,

254 1377 458 1430 Geluque
477 1376 613 1418 solvis
633 1378 840 1428 pectoris.

199 1443 368 1484 Amore
387 1442 522 1484 currit
541 1442 690 1483 saucia

251 1498 396 1541 Pedes
414 1497 572 1540 beatos
591 1500 768 1548 ungere,

251 1555 420 1597 Lavare
440 1554 558 1603 fletu,
576 1555 750 1604 tergere

253 1610 414 1660 ComiS,
434 1614 479 1652 et
497 1622 573 1652 ore
591 1609 799 1651 lambere.

200 1677 362 1718 Astare
382 1687 472 1717 non
489 1675 615 1716 timet
633 1674 768 1716 cruci:

251 1730 496 1785 Sepulchro
515 1730 701 1772 inhaeret
720 1730 859 1780 anxia,

251 1788 421 1830 Truces
439 1799 522 1829 nec
540 1786 692 1828 horret
710 1786 886 1828 milites:

250 1843 381 1886 Pellit
399 1843 604 1886 timerem
627 1842 798 1884 caritas.

203 1910 240 1951 O
261 1921 377 1958 vera,
398 1907 581 1957 Christe,
601 1907 774 1957 caritas,

251 1965 323 2007 Tu
340 1969 493 2006 nostra
511 1976 654 2016 purga
672 1963 863 2013 crimina,

253 2021 323 2062 Tu
341 2020 479 2062 corda
496 2019 619 2072 reple
637 2019 790 2070 gratia,

252 2077 323 2118 Tu
341 2075 478 2118 redde
496 2075 599 2117 coeli
617 2075 810 2128 praemia.

204 2141 332 2189 Patri,
349 2140 570 2193 similique
588 2139 712 2188 Filio,

253 2195 444 2248 Tibique
462 2202 614 2238 sancte
633 2195 832 2248 Spiritus,

253 2252 374 2294 Sicut
392 2252 484 2302 fuit,
504 2252 562 2294 sit
580 2252 736 2304 ingiter

254 2307 444 2350 Saeclum
462 2321 543 2360 per
561 2320 690 2350 omne
708 2308 860 2359 gloria.

461 2364 614 2405 Amen.

205 2420 255 2472 V.
291 2424 463 2465 Diffiisa
502 2429 570 2465 est
599 2423 739 2474 gratia
774 2423 818 2463 in
850 2421 981 2463 labiis

150 2481 249 2522 tuis.
315 2482 364 2532 R.
397 2480 640 2532 Propterea
674 2477 901 2520 benedixit
936 2482 980 2518 te

150 2537 272 2578 Deus
290 2537 334 2577 in
354 2537 578 2577 aeternum.

207 2597 277 2638 Ad
309 2596 482 2645 Magnis.
539 2595 638 2635 Ant.
694 2594 848 2636 Mnlier
881 2606 980 2646 quae

151 2659 246 2695 erat
272 2653 316 2694 in
342 2652 519 2694 civitate
541 2651 785 2703 peccatrix,
812 2655 862 2692 ut
879 2662 979 2700 cog-

151 2709 274 2751 nevit
300 2708 422 2762 quod
446 2708 467 2749 J
473 2720 574 2750 esus
601 2706 806 2749 accabuit
832 2707 876 2747 in
904 2705 980 2747 do·

1029 303 1103 332 mo
1126 289 1316 331 Simenis
1339 289 1522 342 leprosi,
1548 289 1694 331 attulit
1718 289 1861 331 alaba'-

1031 351 1171 388 strum
1188 346 1413 397 unguenti,
1442 351 1485 388 et
1511 350 1631 387 stans
1655 351 1774 387 retro
1796 359 1860 387 se-

1031 415 1108 444 cus
1126 402 1267 454 pedes
1285 402 1406 452 Jesu,
1430 402 1622 444 lacrimis
1649 402 1786 455 coepit
1808 403 1862 443 ri-

1030 461 1135 510 gare
1154 458 1294 511 pedes
1315 459 1424 510 ejus,
1452 463 1496 500 et
1514 458 1684 510 capillis
1705 458 1862 510 capitis

1031 515 1099 556 sui
1117 514 1334 565 tergebat,
1359 519 1404 556 et
1422 514 1703 556 osculabatur
1722 514 1862 567 pedes

1031 572 1135 623 ejus,
1154 576 1198 613 et
1215 572 1438 621 unguento
1457 569 1661 621 ungebat.

1368 633 1533 673 Oratio.

1031 685 1232 790 Beatae
1251 687 1403 728 Mariae
1427 686 1718 739 Magdalenae,
1748 689 1862 738 quae-

1135 757 1287 785 sumus
1311 744 1518 792 Demine,
1546 743 1765 794 suffragiis
1789 742 1862 784 ad-

1031 802 1244 853 juvemur:
1268 801 1389 852 cujus
1411 799 1619 852 precibus
1643 802 1863 848 exoratus,

1034 856 1373 909 quatriduanum
1422 856 1603 897 fratrem
1648 855 1864 896 Lazarum

1033 913 1181 954 vivum
1206 912 1261 954 ab
1288 913 1436 954 inferis
1461 912 1751 954 resuscitasti:
1781 912 1865 961 Qui

1032 970 1143 1011 vivis
1163 974 1207 1011 et
1228 981 1398 1019 regnas.

1196 1049 1285 1091 Ad
1309 1049 1702 1091 Matutinum.

1085 1114 1210 1155 Invit.
1230 1111 1482 1154 Laudemus
1495 1111 1639 1153 Deum
1657 1117 1865 1160 nostrum,

1033 1171 1055 1195 *
1087 1171 1139 1210 In
1176 1168 1463 1211 conversione
1502 1168 1653 1209 Mariae
1686 1168 1863 1218 Magda-

1031 1226 1154 1268 lenae.

1085 1284 1153 1323 ΡΞ.
1174 1283 1341 1331 Venite,
1361 1280 1640 1322 exsultemus.
1658 1280 1696 1319 2.

1345 1346 1556 1396 Hymnus.

1189 1408 1280 1448 aria
1300 1405 1433 1447 castis
1453 1404 1617 1446 esculis

1205 1461 1382 1503 Lambit
1400 1461 1486 1502 Dei
1504 1460 1705 1511 vestigia:

1134 1519 1263 1561 Fletu
1282 1518 1406 1569 rigat,
1425 1517 1558 1566 tergit
1577 1517 1726 1566 comis,

1136 1577 1325 1618 Detersa
1343 1573 1483 1615 nardo
1503 1573 1691 1626 perlinit.

1087 1643 1184 1683 Deo
1204 1641 1326 1682 Patri
1344 1640 1401 1681 sit
1418 1639 1569 1690 gleria,

1098 1703 1104 1711 ’
1138 1698 1332 1750 Ejl'isque
1352 1695 1435 1737 soli
1454 1695 1579 1745 Filio,

1138 1754 1248 1796 Cum
1267 1753 1434 1806 Spiritu
1451 1751 1681 1801 Paraclito,

1135 1809 1277 1860 Nunc,
1298 1814 1342 1850 et
1360 1821 1440 1861 per
1461 1821 1590 1850 omne
1610 1807 1831 1848 saeculum.

1347 1865 1501 1906 Amen.

1272 1944 1320 1982 In
1348 1943 1377 1982 Ι.
1406 1942 1629 1981 Nocturno.

1156 2009 1222 2048 De
1249 2007 1442 2049 Canticis
1467 2006 1748 2047 canticOrum.

1112 2079 1297 2122 Lectio
1286 2094 1311 2119 1.
1630 2079 1733 2131 Cap.
1750 2080 1788 2119 3.

1106 2159 1143 2200 :123
1155 2159 1183 2185 n
1197 2143 1361 2186 lectulo
1376 2156 1476 2185 meo
1492 2155 1572 2195 per
1586 2149 1741 2186 noctes
1757 2156 1867 2196 quae-

1043 2195 1074 2259 ξ
1106 2201 1142 2237 ἐ
1173 2201 1255 2242 sivi
1275 2213 1406 2268 quem
1426 2198 1567 2250 diligit
1589 2199 1733 2241 anima
1751 2212 1865 2241 mea:

1046 2268 1061 2276 ²
1173 2256 1358 2309 quaesivi
1377 2255 1514 2304 illum,
1539 2260 1584 2297 et
1601 2267 1690 2297 non
1708 2255 1865 2296 inveni.

1033 2314 1229 2364 Surgam,
1249 2317 1294 2354 et
1313 2311 1508 2353 circuibo
1529 2311 1767 2356 civitatem.
1785 2323 1865 2363 per

1034 2370 1156 2411 vicos
1180 2373 1224 2410 et
1247 2368 1418 2421 plateas
1438 2380 1634 2419 quaeram
1653 2380 1785 2419 quem
1804 2367 1864 2408 di-

1033 2426 1129 2476 ligit
1149 2425 1294 2465 anima
1316 2436 1431 2465 mea:
1456 2424 1641 2475 quaesivi
1659 2422 1796 2472 illum,
1820 2427 1864 2464 et

1033 2494 1122 2523 non
1140 2480 1295 2522 inveni.
1323 2480 1590 2521 Invenerunt
1609 2491 1680 2520 me
1699 2454 1863 2530 vigiles,

1035 2538 1110 2589 qui
1155 2535 1410 2578 custediunt
1455 2535 1694 2577 civitatem:
1747 2533 1864 2574 Num

1034 2606 1166 2645 quem
1191 2592 1335 2643 diligit
1360 2591 1504 2632 anima
1527 2603 1643 2639 mea,
1670 2588 1863 2630 vidistis?

1032 2648 1266 2690 Paululum
1289 2661 1389 2690 cum
1412 2648 1748 2714 pertransissem
1773 2656 1862 2693 eos,

1032 2705 1178 2746 inveni
1220 2716 1352 2757 quem
1393 2702 1534 2754 diligit
1569 2702 1712 2743 anima
1747 2711 1860 2741 mea.
