2040 2976
491 182 563 216 Die
588 183 619 215 9.
643 181 760 215 Junii.
807 180 864 215 Ss.
889 179 1008 213 Primi
1032 183 1069 213 et
1093 179 1281 213 Feliciani
1304 179 1524 223 Martyrum.

144 275 234 315 lete
272 272 467 323 indatus,
508 271 815 325 praedicationi
850 269 974 312 verbi

144 329 230 370 Dei
249 341 296 370 se
320 333 464 370 totum
484 327 617 370 dedit.
651 326 883 369 Abdicatis
908 339 974 367 ec-

1793 173 1859 208 327

1332 274 1485 315 Lectio
1507 276 1559 316 vi.

1104 326 1351 378 ntverpiam
1375 328 1628 375 accersitUS‚
1654 326 1698 366 in
1719 338 1771 367 ea
1790 338 1857 366 ur-

146 385 403 426 clesiasticis
436 383 724 437 proventibus
753 383 859 424 satis
887 395 973 423 am-
1130 382 1186 423 be
1210 382 1468 423 Tanchelini
1491 382 1700 423 nefariam
1723 382 1858 423 haere-

143 441 245 493 plis,
292 446 336 482 et
371 441 637 493 patrimonio
674 440 718 480 in
755 442 974 492 pauperes

144 499 339 548 erogato,
355 497 491 538 semel
505 497 549 537 in
563 496 635 538 die
649 495 732 537 sub
743 497 975 546 vesperam

143 553 240 594 solo
283 552 384 594 cibo
425 551 792 605 quadragesimali
831 554 974 599 utens,

144 609 361 661 nudisque
379 608 586 661 pedibus,
615 613 660 649 et
682 607 829 649 lacera
852 611 974 647 veste

143 665 224 706 sub
244 665 432 707 brumali
449 665 595 715 rigore
613 663 833 712 incedens,
852 662 974 703 mirae

144 721 413 763 austeritatis
449 720 585 762 vitam
626 725 692 761 est
730 720 974 770 aggressus.

142 778 308 819 Potens
343 778 475 828 igitur
512 779 647 828 opere
684 781 727 818 et
761 777 974 824 8011110110,

142 834 394 874 innumeros
438 832 671 874 haereticos
717 831 774 872 ad
825 830 974 877 fidem,

144 891 402 941 peccateres
428 888 485 930 ad
504 888 823 941 poenitentiam,
851 886 974 928 dissi-

145 945 298 987 dentes
333 945 390 987 ad
425 957 581 998 pacem
616 950 660 986 et
692 943 975 986 concordiam

144 1001 380 1043 revocavit.

196 1072 249 1122 R.
271 1069 424 1111 Inveni
446 1068 592 1110 David
615 1081 791 1110 servum
819 1080 975 1118 meum,

145 1125 244 1167 eleo
289 1130 442 1167 sancto
486 1137 587 1166 meo
632 1124 738 1166 unxi
785 1137 898 1165 eum:
951 1130 974 1154 *

143 1180 298 1222 Manus
331 1182 445 1223 enim
480 1194 579 1222 mea
607 1180 888 1221 auxiliabitur
924 1180 974 1221 ei.

144 1233 196 1285 V.
212 1236 332 1278 Nihil
351 1237 555 1290 proficiet
570 1236 768 1277 inimicus
783 1236 828 1276 in
848 1248 913 1285 eo,
932 1241 975 1277 et

143 1292 258 1334 filius
303 1293 543 1345 iniquitatis
584 1305 673 1334 non
709 1291 888 1333 nocebit
925 1292 974 1332 ei.

143 1349 299 1390 Manus
320 1349 444 1391 enim.

451 1429 605 1469 Lectio
627 1443 663 1469 v.

144 1491 295 1599 Cum
313 1495 514 1537 Laudani
534 1499 664 1543 esset,
685 1494 740 1535 ab
761 1495 974 1546 episcopo

230 1554 411 1603 rogatus
430 1564 484 1593 ne
503 1564 529 1592 a
545 1564 624 1592 sua
639 1550 823 1592 dioecesi
838 1549 973 1591 disce-

145 1608 285 1658 deret,
314 1608 539 1650 desertum
562 1607 606 1647 in
629 1619 682 1648 ea
706 1606 870 1656 locum,
899 1606 973 1658 qui

143 1665 514 1706 Praemonstratus
534 1662 777 1712 dicebatur,
797 1662 881 1704 sibi
902 1662 973 1703 de-

143 1720 262 1771 legit;
281 1720 429 1772 ibique
447 1718 660 1761 tredecim
679 1718 811 1759 sociis
826 1731 974 1769 aggre-

142 1777 267 1827 gatis,
289 1777 757 1817 Praemonstratensem
776 1774 974 1815 ordinem

143 1832 345 1882 instituit,
371 1831 578 1873 divinitus
604 1832 788 1882 accepta
811 1843 891 1882 per
915 1830 973 1870 vi-

144 1901 242 1929 sum
278 1887 428 1940 regula
463 1901 490 1929 a
524 1892 678 1928 sancto
714 1886 974 1936 Augustino.

145 1944 256 1986 Cum
280 1956 387 1985 vero
413 1944 504 1995 ejus
528 1943 643 1984 fama
666 1941 911 1983 sanctitatis
930 1941 973 1981 in

145 1999 239 2042 dies
266 2000 406 2051 magis
434 2000 684 2050 augeretur,
718 2011 770 2039 ac
798 1997 975 2050 plarimi

144 2055 202 2098 ad
228 2069 329 2097 eum
357 2055 555 2107 quotidie
584 2054 788 2106 discipuli
819 2066 974 2094 conve-

144 2114 304 2161 nirent,
328 2111 448 2152 idem
472 2110 583 2152 ordo
610 2110 665 2151 ab
684 2109 885 2150 Honorio
910 2122 974 2150 80-

145 2167 289 2208 cundo
321 2166 507 2219 aliisque
537 2165 726 2208 Summis
754 2164 974 2206 Pontifici-

143 2222 227 2264 bus
241 2223 537 2274 confirmatus‚
556 2235 608 2263 ac
626 2221 827 2274 pluribus
845 2220 900 2261 ab
920 2233 973 2261 eo

144 2278 422 2319 monasteriis
432 2277 673 2328 aedificatis,
683 2276 865 2317 mirifice
875 2288 974 2328 pro-

143 2335 332 2387 pagatus
352 2338 430 2374 est.

195 2398 246 2449 111.
282 2397 417 2438 Ρο8111
443 2395 709 2448 adjuterium
736 2409 869 2449 super
897 2409 973 2448 po-

144 2456 321 2503 tentem,
366 2457 410 2494 et
455 2452 646 2494 exaltavi
690 2453 878 2494 electum
919 2451 974 2493 de

144 2509 276 2562 plebe
312 2521 425 2550 mea:
463 2510 486 2535 *
522 2508 678 2549 Manus
721 2508 836 2549 enim
876 2519 975 2548 mea

145 2564 424 2607 auxiliabitur
466 2564 516 2605 01.
558 2560 610 2613 V.
639 2564 792 2604 Inveni
829 2561 975 2604 David

146 2634 319 2663 servum
351 2633 513 2669 meum,
548 2619 648 2661 oleo
685 2624 838 2660 sancto
874 2631 973 2661 meo

145 2677 250 2718 unxi
269 2689 378 2718 eum.
420 2675 587 2716 Manus.

1027 439 1110 479 sim
1124 439 1387 491 profligavit.
1409 438 1676 490 Prophetico
1693 439 1859 490 spiritu,

1028 499 1072 536 et
1095 494 1317 535 miraculis
1344 494 1510 535 claruit.
1551 494 1858 546 Archiepisco-

1027 564 1111 603 pus
1134 550 1314 592 tandem
1342 551 1458 600 (licet
1482 550 1718 601 relactans)
1741 551 1858 601 Mag·

1029 606 1317 657 deburgensis
1355 609 1550 656 creatus,
1596 606 1858 648 ecclesiasti-

1028 676 1125 704 cam
1152 663 1444 716 disciplinam,
1472 663 1719 715 praesertim
1742 663 1859 704 coeli-

1028 719 1197 770 batum,
1257 722 1510 761 constanter
1553 719 1859 771 propugnavit.

1028 775 1210 817 Rhemis
1246 776 1291 816 in
1328 776 1517 817 coneilio
1554 776 1859 816 Innocentium

1029 831 1271 873 secundum
1298 832 1471 883 egregie
1497 831 1678 882 3111111711,
1707 836 1750 873 01
1773 832 1859 873 Ro—

1027 901 1144 929 mam
1160 901 1259 929 cum
1273 889 1370 929 aliis
1386 888 1608 940 episcopis
1623 887 1859 940 profectus,

1029 944 1218 986 schisma
1245 945 1365 986 Petri
1392 944 1553 986 Leonis
1587 944 1860 996 compressit.

1028 1001 1262 1042 Postremo
1288 1000 1354 1041 vir
1378 1000 1478 1050 Dei,
1505 999 1674 1041 meritis
1699 1004 1742 1041 et
1767 1000 1859 1051 Spi-

1027 1057 1114 1098 ritu
1158 1062 1310 1099 sancto
1354 1057 1528 1109 plenus,
1572 1055 1860 1107 Magdeburgi

1028 1112 1297 1154 obdormivit
1315 1113 1358 1153 in
1378 1113 1587 1162 Demino,
1613 1124 1728 1153 anno
1749 1112 1859 1152 salu-

1027 1169 1084 1210 tis
1107 1169 1340 1210 millesimo
1367 1168 1607 1210 centesimo
1635 1168 1859 1218 trigesimo

1029 1230 1199 1276 quarto,
1220 1224 1292 1266 die
1313 1230 1438 1266 sexta
1456 1225 1480 1264 J
1483 1224 1583 1265 unii.

1080 1286 1133 1337 R*-
1157 1286 1247 1326 Iste
1266 1291 1333 1327 est
1354 1285 1438 1337 qui.
1458 1284 1541 1336 [54]

1082 1346 1125 1379 In
1145 1344 1210 1378 III.
1235 1344 1435 1379 Nocturno
1457 1343 1629 1378 Homilia
1651 1343 1691 1376 in
1712 1343 1858 1385 Evang.

1030 1393 1158 1428 Homo
1193 1394 1364 1437 peregre.
1405 1393 1451 1426 de
1486 1392 1623 1426 codem
1655 1391 1859 1426 Communi

1029 1441 1056 1475 1.
1081 1441 1179 1475 loco.
1205 1441 1275 1484 [56]

1302 1539 1385 1579 Die
1405 1540 1442 1578 9.
1462 1539 1486 1579 J
1489 1539 1588 1579 unii.

1027 1603 1095 1643 Ss.
1110 1602 1268 1642 Primi
1283 1607 1328 1642 et
1347 1602 1591 1643 Feliciani
1607 1601 1858 1649 Martyrum.

1079 1668 1151 1709 Ad
1166 1669 1301 1720 Vesp.
1326 1669 1426 1708 Ant.
1450 1668 1642 1708 Istorum
1659 1671 1725 1707 est
1745 1666 1858 1707 enim

1026 1736 1209 1774 regnum
1235 1723 1460 1772 coelorum,
1486 1723 1560 1775 qui
1585 1724 1858 1773 contempse-

1026 1786 1127 1821 runt
1145 1780 1279 1821 vitam
1307 1779 1469 1829 mundi,
1496 1785 1539 1820 et
1564 1780 1859 1831 pervenerunt

1026 1835 1084 1877 ad
1098 1836 1282 1888 praemia
1295 1836 1430 1886 regni,
1447 1841 1490 1877 et
1504 1836 1705 1876 laverunt
1720 1833 1858 1875 stolas

1027 1905 1129 1932 suas
1148 1892 1191 1932 in
1211 1892 1420 1942 sanguine
1442 1892 1568 1942 Agni.

1080 1947 1129 1997 V.
1155 1952 1388 1993 Laetamini
1413 1952 1456 1991 in
1485 1951 1689 1999 Demino,
1718 1955 1761 1991 et
1786 1962 1856 1990 ex—

1026 2007 1186 2049 sultate
1215 2008 1325 2059 justi.
1374 2008 1426 2059 R.
1454 2008 1510 2049 Et
1538 2006 1785 2058 gloriamini
1813 2018 1856 2046 o-

1026 2077 1150 2105 mnes
1169 2065 1278 2105 recti
1296 2063 1442 2105 corde.

1362 2134 1526 2177 Oratio.

1026 2196 1160 2301 Fac
1173 2215 1265 2252 nos,
1282 2204 1533 2254 quaesumus
1547 2202 1748 2250 Demine,
1764 2214 1857 2242 san-

1113 2260 1285 2300 cterum
1291 2258 1533 2309 Martyrum
1543 2260 1718 2299 tuorum
1724 2257 1858 2297 Primi

1027 2320 1070 2356 et
1097 2313 1306 2355 Feliciani
1339 2326 1514 2366 semper
1542 2314 1655 2354 festa
1682 2312 1858 2354 sectari:

1028 2383 1215 2422 quorum
1235 2369 1451 2420 suffragiis
1469 2369 1755 2421 protectic'mis
1769 2372 1857 2408 tuae

1027 2426 1144 2467 dona
1163 2425 1414 2467 sentiamus.
1442 2425 1526 2466 Per
1545 2425 1792 2482 Dominum.

1337 2497 1489 2538 Lectio
1509 2498 1549 2537 ii.

1050 2573 1088 2613 Γ)
1109 2563 1243 2603 11111118
1269 2567 1314 2603 01
1339 2562 1587 2604 Felicianus
1612 2562 1784 2609 fratres,
1811 2560 1855 2599 in

1049 2616 1103 2656 lav-71
1127 2619 1434 2670 persecutione
1444 2616 1707 2659 Diocletiani
1722 2620 1766 2656 et
1775 2615 1857 2655 Ma-

1025 2674 1204 2714 ximiani
1218 2674 1413 2715 accusati
1427 2673 1676 2715 christianae
1686 2670 1854 2721 religie-
