2040 2976
198 205 295 251 [284]

536 300 699 339 Oratio.

198 350 331 453 Fac
349 371 442 408 nos,
460 357 649 399 Domine
671 357 696 397 J
698 370 788 406 esu,
814 357 1029 399 sanctissi-

301 415 360 455 mi
381 414 539 455 Cordis
558 413 623 455 tui
641 412 876 454 virtutibus
896 411 1029 462 indui,

198 475 242 512 et
260 470 491 512 affectibus
510 469 786 510 inflammari:
801 473 851 509 ut
866 473 911 510 et
924 469 1028 509 ima-

196 527 286 577 gini
319 525 531 568 bonitatis
563 530 654 567 tuae
687 524 951 574 conformes,
986 529 1030 565 et

197 587 286 623 tuae
314 581 631 634 redemptionis
655 582 903 622 mereamur
931 592 1030 621 esse

198 638 454 690 participes:
483 638 568 688 Qui
587 637 699 679 vivis
719 641 763 678 et
781 649 952 688 regnas.

471 707 539 743 Ad
562 706 764 744 Primam.

256 764 298 802 In
328 764 371 813 Rg.
392 765 450 803 br.
484 758 529 809 ,Χ”.
553 763 638 804 Per
658 775 788 815 quem
808 762 967 803 salvati
986 766 1030 803 et

198 819 371 861 liberati
391 832 551 861 sumus.

469 888 537 924 Ad
559 887 764 924 Tertiam.

253 944 352 983 Ant.
382 944 533 985 Suavis
554 949 620 985 est
639 943 867 984 Dominus.

252 1007 389 1057 Capit.
421 1003 698 1054 Egredimini.
726 1003 837 1055 [283]

252 1064 300 1113 lxffv.
328 1064 389 1103 br.
419 1062 722 1105 Misericordia
743 1068 820 1104 tua
842 1062 1030 1103 Domine

198 1119 220 1141 *
259 1120 394 1161 Plena
431 1125 500 1162 est
534 1125 663 1161 terra.
716 1118 1031 1160 Misericordia.

200 1169 249 1220 Y*-
282 1176 626 1217 Justificationes
663 1180 762 1216 tuas
800 1174 912 1216 doce
949 1187 1031 1216 me.

198 1232 343 1273 Plena.
379 1232 533 1273 Gloria
555 1231 686 1273 Patri.
717 1229 1032 1272 Misericordia.

252 1285 301 1335 Χῖ
329 1287 581 1330 Secundum
600 1285 949 1328 misericordiam
967 1291 1031 1327 tu-

200 1357 270 1385 am
290 1344 464 1385 vivifica
486 1356 556 1384 me
575 1343 777 1384 Domine.
814 1346 862 1396 Rg.
883 1342 939 1383 Et
961 1355 1030 1383 cu-

200 1400 391 1442 stodiam
408 1399 661 1441 testimonia
680 1398 769 1439 oris
787 1397 862 1439 tui.

479 1472 547 1508 Ad
569 1472 758 1508 Sextam.

255 1530 352 1569 Ant.
382 1529 527 1570 Sitivit
545 1529 589 1569 in
607 1533 664 1569 te.

280 1598 540 1647 Capitulum.
726 1599 845 1637 (lant.
862 1600 898 1636 8.
916 1598 953 1637 b.

201 1652 368 1757 Pone
400 1671 471 1699 me
506 1662 555 1698 ut
591 1657 864 1708 signaculum
900 1670 1033 1709 super

306 1726 383 1754 cor
402 1718 536 1759 tuum,
549 1718 599 1754 ut
614 1713 885 1764 signaculum
899 1725 1033 1765 super

202 1769 430 1810 brachium
455 1774 593 1810 tuum:
619 1769 722 1820 quia
748 1769 875 1810 fortis
899 1773 967 1810 est
985 1773 1034 1810 ut

200 1837 320 1866 mors
340 1824 530 1866 dilectio.

256 1885 302 1934 Ην.
326 1884 385 1923 br.
414 1884 665 1926 Secundum
685 1884 1033 1926 misericordiam

201 1946 321 1982 tuam
348 1941 369 1962 *
403 1941 592 2000 Vivifica
618 1953 689 1981 me
717 1941 919 1982 Domine.
960 1942 1032 1983 Se-

202 1997 403 2038 cundum.
432 1996 481 2041 ,Χ
499 1997 556 2038 Et
575 1995 823 2038 custodiam
837 1997 1032 2039 testimo-

201 2053 273 2094 nia
292 2053 380 2094 oris
399 2054 473 2094 tui.
501 2053 700 2094 Vivifica.
730 2052 884 2095 Gloria
901 2054 1033 2096 Patri.

202 2107 463 2150 Secundum.

257 2159 305 2209 Χῖ
331 2165 421 2206 Fac
437 2178 535 2206 cum
551 2177 680 2206 servo
695 2169 773 2206 tuo
789 2165 1034 2207 secundum

201 2221 549 2262 misericordiam
579 2226 711 2262 tuam.
756 2225 806 2275 Ru
826 2222 883 2263 Et
916 2222 1032 2274 justi-

202 2276 430 2318 ficationes
447 2282 546 2318 tuas
566 2277 679 2318 doce
698 2290 779 2318 me.

481 2349 548 2384 Ad
572 2350 756 2385 Nonam.

259 2408 357 2447 Ant.
388 2405 719 2457 Beneplacitum
739 2409 817 2446 est.

283 2475 543 2525 Capitulum.
758 2478 820 2515 l‘s.
838 2478 903 2516 68.
920 2490 953 2517 c.

203 2645 332 2686 simul
351 2646 695 2695 contristaretur,
716 2650 759 2686 et
773 2657 862 2686 non
881 2645 975 2686 fuit:
991 2650 1035 2686 et

203 2702 278 2753 qui
297 2702 609 2751 consolaretur,
629 2706 672 2742 et
691 2713 779 2741 non
797 2700 953 2741 inveni.

484 207 555 239 Die
580 208 609 239 2.
635 206 751 239 Junii.
798 206 839 239 B.
867 206 911 239 M.
938 206 1060 239 Amne
1087 217 1106 239 u
1133 206 1225 239 Jesu
1253 206 1298 238 de
1324 205 1493 238 Puredes
1518 205 1622 247 Virg.

1141 301 1187 351 l{·.
1207 300 1270 340 br.
1298 299 1389 339 Fac
1415 310 1516 339 cum
1539 309 1668 339 servo
1691 301 1770 338 tuo
1797 300 1820 325 *
1837 297 1911 339 Se-

1082 355 1275 397 cundum
1292 353 1642 395 misericordiam
1656 358 1789 395 tuam.
1812 352 1913 394 Fac.

1083 406 1133 455 V·
1157 411 1216 453 Et
1233 410 1564 461 justificationes
1581 414 1680 450 tuas
1700 409 1813 451 doce
1830 421 1913 451 me.

1081 466 1342 508 Secundum.
1374 465 1525 507 Gloria
1541 465 1673 506 Patri.
1698 465 1800 506 Fac.

1138 517 1185 567 Y.
1209 522 1372 564 Veniat
1403 533 1537 574 super
1568 533 1639 562 me
1671 520 1913 562 misericor-

1083 578 1155 620 dia
1171 583 1248 620 tua
1266 578 1466 620 Domine.
1495 578 1545 628 R.
1571 577 1772 618 Salutate
1790 581 1915 618 tuum

1083 634 1326 676 secundum
1345 633 1570 686 eloquium
1587 637 1724 674 tuum.

1285 706 1346 747 In
1372 705 1434 746 11.
1458 704 1711 754 vesperis.

1138 762 1271 794 omnia
1301 766 1338 794 ut
1365 762 1399 794 in
1430 762 1452 794 1.
1484 762 1597 804 Vesp.
1617 761 1716 805 [270]
1741 767 1883 806 praeter

1140 809 1187 858 ,Χ”.
1212 814 1518 857 Misericordia
1549 813 1729 855 Domini
1759 825 1785 854 a
1814 825 1915 866 pro·

1082 871 1208 922 genie
1230 871 1275 912 in
1297 871 1544 923 progenies.
1576 870 1625 921 Rg.
1641 868 1916 910 Timentibus

1085 940 1209 1023 euim&
1247 984 1419 1033 Magnis.
1455 984 1554 1023 Ant.
1596 981 1798 1034 Suscepit
1833 994 1916 1023 nos

1083 1040 1300 1081 Dominus
1313 1039 1357 1079 in
1373 1039 1516 1080 sinum
1530 1043 1574 1080 et
1590 1039 1679 1079 Cor
1697 1050 1835 1087 suum,
1850 1050 1915 1079 re-

1082 1095 1295 1203 ffijgdatus
1327 1093 1644 1136 misericordiae
1676 1106 1779 1144 suae,
1815 1093 1916 1135 alle-

1343 1206 1658 1233 -οψοῇ-

1270 1271 1505 1335 FESTA
1531 1271 1740 1344 JUNII.

1357 1401 1441 1442 Die
1459 1401 1497 1441 2.
1515 1401 1541 1442 J
1542 1400 1643 1442 unii.

1139 1471 1191 1510 B.
1217 1469 1393 1511 Mariae
1414 1469 1575 1511 Annae
1601 1478 1633 1509 a
1652 1467 1774 1509 Jesu
1798 1467 1860 1508 de

1278 1525 1497 1567 Paredes
1520 1524 1724 1574 Virginis.

1420 1589 1585 1632 Duplex.

1140 1645 1277 1679 Omnia
1302 1646 1347 1679 de
1367 1645 1632 1688 Conminrg.
1665 1641 1738 1685 [83]
1778 1648 1919 1687 praeter

1088 1694 1298 1735 sequentia.

1427 1737 1590 1776 Oratio.

1088 1795 1262 1899 Deus
1283 1793 1357 1845 qui
1375 1793 1488 1834 inter
1507 1792 1659 1834 saeculi
1678 1792 1810 1833 etiam
1827 1791 1916 1832 ille-

1181 1850 1336 1892 cebras
1360 1849 1539 1891 beatam
1561 1848 1746 1889 Mariam
1762 1848 1918 1896 Asiam,

1084 1911 1134 1947 ut
1151 1906 1289 1947 lilium
1307 1905 1421 1946 inter
1440 1905 1603 1956 spinas,
1627 1903 1830 1955 virginali
1848 1915 1916 1945 ca-

1086 1963 1251 2012 stitate,
1271 1966 1315 2003 et
1333 1961 1421 2013 jugi
1438 1960 1698 2014 poenitentia
1714 1960 1916 2001 floresce-

1085 2031 1132 2060 re
1161 2018 1354 2060 voluisti:
1382 2022 1548 2069 praesta
1576 2018 1842 2068 quaesumus;
1869 2019 1918 2056 ut

1086 2075 1177 2125 ejus
1195 2073 1363 2115 meritis
1384 2078 1428 2114 et
1449 2072 1765 2114 intercessione
1783 2075 1917 2113 retra-

1085 2130 1241 2171 hamur
1261 2143 1287 2171 a
1299 2129 1416 2171 vitiis
1435 2134 1480 2171 et
1497 2128 1764 2182 perfectiora
1782 2128 1917 2169 secte-

1085 2199 1192 2227 mur.
1219 2186 1305 2227 Per
1322 2185 1571 2226 Dominum.

1144 2255 1183 2287 111
1222 2255 1245 2287 Ι.
1277 2255 1476 2289 Nocturno
1508 2256 1711 2290 Lectiones
1743 2256 1789 2290 de
1822 2256 1919 2290 Scri-

1090 2306 1199 2343 ptura
1227 2308 1459 2337 oecurrente.

1324 2364 1372 2402 In
1393 2364 1443 2402 II.
1466 2364 1689 2403 Nocturno.

1391 2425 1543 2465 Lectio
1566 2426 1619 2465 iv.

1094 2486 1206 2539 {3533
1233 2480 1337 2519 aria
1365 2478 1493 2519 Anna
1521 2490 1548 2518 a
1574 2478 1598 2518 J
1601 2490 1679 2519 esu
1707 2478 1762 2519 de
1789 2478 1918 2519 Pare·
1993 2514 2000 2521 ,

250 2535 553 2586 mproperium
568 2534 841 2585 exspectavit
856 2546 933 2574 cor
947 2547 1034 2575 me·

272 2604 356 2640 um,
373 2595 417 2631 et
431 2590 662 2631 miseriam.
687 2590 745 2630 Et
760 2589 944 2631 sustinui
962 2589 1035 2641 qui
1096 2595 1122 2605 ’Ἴ
1192 2597 1209 2601 ’-
1240 2590 1241 2597 ’

1176 2539 1205 2594 3]-
1234 2540 1241 2588 }³
1263 2534 1352 2584 des,
1373 2534 1493 2583 Quiti
1511 2534 1556 2574 in
1571 2534 1776 2575 America
1793 2533 1918 2590 meri·

1234 2587 1237 2594 '
1263 2590 1427 2632 dionali
1459 2590 1579 2631 claro
1611 2592 1770 2641 genere
1800 2594 1918 2639 nata,

1088 2646 1144 2687 ab
1181 2646 1279 2698 ipsa
1314 2659 1427 2698 pene
1462 2646 1642 2687 infantia
1677 2646 1919 2698 perfectam

1087 2701 1262 2743 vivendi
1280 2702 1496 2743 rationem
1514 2702 1619 2743 iniit.
1646 2701 1858 2744 Mirabilis
1873 2700 1918 2741 in
