<?xml version="1.0" encoding="UTF-8"?>
<!DOCTYPE html PUBLIC "-//W3C//DTD XHTML 1.0 Transitional//EN"
    "http://www.w3.org/TR/xhtml1/DTD/xhtml1-transitional.dtd">
<html xmlns="http://www.w3.org/1999/xhtml" xml:lang="en" lang="en">
 <head>
  <title>
</title>
<meta http-equiv="Content-Type" content="text/html;charset=utf-8" />
  <meta name='ocr-system' content='tesseract 3.04.00' />
  <meta name='ocr-capabilities' content='ocr_page ocr_carea ocr_par ocr_line ocrx_word'/>
</head>
<body>
  <div class='ocr_page' id='page_1' title='image "./p3breviariumroma00cathuoft_0189.png"; bbox 0 0 2040 2976; ppageno 0'>
   <div class='ocr_carea' id='block_1_1' title="bbox 652 189 1348 234">
    <p class='ocr_par' dir='ltr' id='par_1_1' title="bbox 652 189 1348 234">
     <span class='ocr_line' id='line_1_1' title="bbox 652 189 1348 234; baseline 0.007 -13"><span class='ocrx_word' id='word_1_1' title='bbox 652 189 752 222; x_wconf 80' lang='lat' dir='ltr'>&#39;Infra</span> <span class='ocrx_word' id='word_1_2' title='bbox 779 189 962 224; x_wconf 66' lang='lat' dir='ltr'>Octavam</span> <span class='ocrx_word' id='word_1_3' title='bbox 987 190 1171 234; x_wconf 74' lang='lat' dir='ltr'>Corporis</span> <span class='ocrx_word' id='word_1_4' title='bbox 1197 192 1348 226; x_wconf 78' lang='lat' dir='ltr'>Christi.</span> 
     </span>
    </p>
   </div>
   <div class='ocr_carea' id='block_1_2' title="bbox 135 280 974 2210">
    <p class='ocr_par' dir='ltr' id='par_1_2' title="bbox 151 280 974 851">
     <span class='ocr_line' id='line_1_2' title="bbox 153 280 973 332; baseline 0.002 -11"><span class='ocrx_word' id='word_1_5' title='bbox 153 280 515 332; x_wconf 73' lang='lat' dir='ltr'>quereDOmine,</span> <span class='ocrx_word' id='word_1_6' title='bbox 546 281 647 332; x_wconf 89' lang='lat' dir='ltr'>quia</span> <span class='ocrx_word' id='word_1_7' title='bbox 674 281 797 323; x_wconf 89' lang='lat' dir='ltr'>audit</span> <span class='ocrx_word' id='word_1_8' title='bbox 822 293 973 323; x_wconf 86' lang='lat' dir='ltr'>servus</span> 
     </span>
     <span class='ocr_line' id='line_1_3' title="bbox 151 336 972 380; baseline 0.001 -2"><span class='ocrx_word' id='word_1_9' title='bbox 151 341 262 378; x_wconf 86' lang='lat' dir='ltr'>tuus.</span> <span class='ocrx_word' id='word_1_10' title='bbox 289 337 347 378; x_wconf 87' lang='lat' dir='ltr'>Et</span> <span class='ocrx_word' id='word_1_11' title='bbox 366 336 475 378; x_wconf 85' lang='lat' dir='ltr'><strong>dixit</strong></span> <span class='ocrx_word' id='word_1_12' title='bbox 493 337 706 378; x_wconf 82' lang='lat' dir='ltr'>Dominus</span> <span class='ocrx_word' id='word_1_13' title='bbox 725 337 782 379; x_wconf 88' lang='lat' dir='ltr'>ad</span> <span class='ocrx_word' id='word_1_14' title='bbox 800 338 972 380; x_wconf 89' lang='lat' dir='ltr'>Samue-</span> 
     </span>
     <span class='ocr_line' id='line_1_4' title="bbox 151 393 971 444; baseline 0.001 -10"><span class='ocrx_word' id='word_1_15' title='bbox 151 393 252 434; x_wconf 89' lang='lat' dir='ltr'>lem:</span> <span class='ocrx_word' id='word_1_16' title='bbox 279 393 394 434; x_wconf 89' lang='lat' dir='ltr'>Eece</span> <span class='ocrx_word' id='word_1_17' title='bbox 414 405 495 444; x_wconf 87' lang='lat' dir='ltr'>ego</span> <span class='ocrx_word' id='word_1_18' title='bbox 515 393 630 434; x_wconf 81' lang='lat' dir='ltr'>facio</span> <span class='ocrx_word' id='word_1_19' title='bbox 649 393 832 435; x_wconf 90' lang='lat' dir='ltr'>verbum</span> <span class='ocrx_word' id='word_1_20' title='bbox 849 394 892 435; x_wconf 93' lang='lat' dir='ltr'>in</span> <span class='ocrx_word' id='word_1_21' title='bbox 911 395 971 435; x_wconf 89' lang='lat' dir='ltr'>Is-</span> 
     </span>
     <span class='ocr_line' id='line_1_5' title="bbox 151 449 972 502; baseline 0.002 -12"><span class='ocrx_word' id='word_1_22' title='bbox 151 449 257 490; x_wconf 74' lang='lat' dir='ltr'>rael:</span> <span class='ocrx_word' id='word_1_23' title='bbox 274 449 394 501; x_wconf 94' lang='lat' dir='ltr'>quod</span> <span class='ocrx_word' id='word_1_24' title='bbox 410 449 670 502; x_wconf 84' lang='lat' dir='ltr'>quicumque</span> <span class='ocrx_word' id='word_1_25' title='bbox 686 450 880 500; x_wconf 89' lang='lat' dir='ltr'>audierit,</span> <span class='ocrx_word' id='word_1_26' title='bbox 894 453 972 492; x_wconf 90' lang='lat' dir='ltr'>tin-</span> 
     </span>
     <span class='ocr_line' id='line_1_6' title="bbox 151 505 974 557; baseline 0.002 -11"><span class='ocrx_word' id='word_1_27' title='bbox 151 506 271 547; x_wconf 89' lang='lat' dir='ltr'>nient</span> <span class='ocrx_word' id='word_1_28' title='bbox 290 505 430 547; x_wconf 88' lang='lat' dir='ltr'>ambae</span> <span class='ocrx_word' id='word_1_29' title='bbox 450 518 577 547; x_wconf 86' lang='lat' dir='ltr'>aures</span> <span class='ocrx_word' id='word_1_30' title='bbox 597 506 698 557; x_wconf 89' lang='lat' dir='ltr'>ejus.</span> <span class='ocrx_word' id='word_1_31' title='bbox 733 507 785 547; x_wconf 91' lang='lat' dir='ltr'>In</span> <span class='ocrx_word' id='word_1_32' title='bbox 812 506 882 548; x_wconf 92' lang='lat' dir='ltr'>die</span> <span class='ocrx_word' id='word_1_33' title='bbox 900 507 974 548; x_wconf 90' lang='lat' dir='ltr'>illa</span> 
     </span>
     <span class='ocr_line' id='line_1_7' title="bbox 152 561 973 614; baseline 0.001 -11"><span class='ocrx_word' id='word_1_34' title='bbox 152 562 374 603; x_wconf 78' lang='lat' dir='ltr'>suscitabo</span> <span class='ocrx_word' id='word_1_35' title='bbox 411 561 643 603; x_wconf 86' lang='lat' dir='ltr'>adversum</span> <span class='ocrx_word' id='word_1_36' title='bbox 678 562 779 603; x_wconf 89' lang='lat' dir='ltr'>Heli</span> <span class='ocrx_word' id='word_1_37' title='bbox 819 564 973 614; x_wconf 72' lang='lat' dir='ltr'>emnia,</span> 
     </span>
     <span class='ocr_line' id='line_1_8' title="bbox 153 618 974 671; baseline 0.002 -12"><span class='ocrx_word' id='word_1_38' title='bbox 153 631 251 670; x_wconf 90' lang='lat' dir='ltr'>quae</span> <span class='ocrx_word' id='word_1_39' title='bbox 287 618 460 660; x_wconf 84' lang='lat' dir='ltr'>loeutus</span> <span class='ocrx_word' id='word_1_40' title='bbox 497 630 593 659; x_wconf 91' lang='lat' dir='ltr'>sum</span> <span class='ocrx_word' id='word_1_41' title='bbox 631 631 762 671; x_wconf 91' lang='lat' dir='ltr'>super</span> <span class='ocrx_word' id='word_1_42' title='bbox 796 619 974 661; x_wconf 93' lang='lat' dir='ltr'>domum</span> 
     </span>
     <span class='ocr_line' id='line_1_9' title="bbox 153 675 819 728; baseline 0.002 -13"><span class='ocrx_word' id='word_1_43' title='bbox 153 675 257 727; x_wconf 90' lang='lat' dir='ltr'>ejus:</span> <span class='ocrx_word' id='word_1_44' title='bbox 276 675 492 727; x_wconf 87' lang='lat' dir='ltr'>incipiam,</span> <span class='ocrx_word' id='word_1_45' title='bbox 512 679 555 716; x_wconf 89' lang='lat' dir='ltr'>et</span> <span class='ocrx_word' id='word_1_46' title='bbox 576 675 819 728; x_wconf 90' lang='lat' dir='ltr'>complebo.</span> 
     </span>
     <span class='ocr_line' id='line_1_10' title="bbox 201 734 647 792; baseline 0 -16"><span class='ocrx_word' id='word_1_47' title='bbox 201 741 251 792; x_wconf 66' lang='lat' dir='ltr'>Rg.</span> <span class='ocrx_word' id='word_1_48' title='bbox 280 734 541 777; x_wconf 88' lang='lat' dir='ltr'>Comedetis.</span> <span class='ocrx_word' id='word_1_49' title='bbox 560 737 647 776; x_wconf 89' lang='grc'><strong>149.</strong></span> 
     </span>
     <span class='ocr_line' id='line_1_11' title="bbox 447 810 672 851; baseline 0.009 -2"><span class='ocrx_word' id='word_1_50' title='bbox 447 810 598 851; x_wconf 79' lang='lat' dir='ltr'>Lectio</span> <span class='ocrx_word' id='word_1_51' title='bbox 620 811 672 851; x_wconf 92' lang='lat' dir='ltr'>iii.</span> 
     </span>
    </p>

    <p class='ocr_par' dir='ltr' id='par_1_3' title="bbox 233 862 972 914">
     <span class='ocr_line' id='line_1_12' title="bbox 233 862 972 914; baseline 0.001 -11"><span class='ocrx_word' id='word_1_52' title='bbox 233 863 407 904; x_wconf 87' lang='lat' dir='ltr'>ormivit</span> <span class='ocrx_word' id='word_1_53' title='bbox 443 866 588 903; x_wconf 89' lang='lat' dir='ltr'>autem</span> <span class='ocrx_word' id='word_1_54' title='bbox 624 862 798 903; x_wconf 78' lang='lat' dir='ltr'>Samuel</span> <span class='ocrx_word' id='word_1_55' title='bbox 833 875 972 914; x_wconf 91' lang='lat' dir='ltr'>usque</span> 
     </span>
    </p>

    <p class='ocr_par' dir='ltr' id='par_1_4' title="bbox 135 918 973 2141">
     <span class='ocr_line' id='line_1_13' title="bbox 244 918 972 971; baseline 0 -11"><span class='ocrx_word' id='word_1_56' title='bbox 244 931 387 968; x_wconf 84' lang='lat' dir='ltr'>mane,</span> <span class='ocrx_word' id='word_1_57' title='bbox 406 921 663 971; x_wconf 88' lang='lat' dir='ltr'>aperuitque</span> <span class='ocrx_word' id='word_1_58' title='bbox 685 919 796 960; x_wconf 81' lang='lat' dir='ltr'>ostia</span> <span class='ocrx_word' id='word_1_59' title='bbox 816 918 972 960; x_wconf 92' lang='lat' dir='ltr'>domus</span> 
     </span>
     <span class='ocr_line' id='line_1_14' title="bbox 150 975 971 1017; baseline -0.001 0"><span class='ocrx_word' id='word_1_60' title='bbox 150 976 336 1017; x_wconf 76' lang='lat' dir='ltr'>Demini.</span> <span class='ocrx_word' id='word_1_61' title='bbox 376 975 433 1017; x_wconf 91' lang='lat' dir='ltr'>Et</span> <span class='ocrx_word' id='word_1_62' title='bbox 458 975 632 1017; x_wconf 70' lang='lat' dir='ltr'>samuel</span> <span class='ocrx_word' id='word_1_63' title='bbox 657 975 838 1017; x_wconf 91' lang='lat' dir='ltr'>timebat</span> <span class='ocrx_word' id='word_1_64' title='bbox 864 975 971 1017; x_wconf 89' lang='lat' dir='ltr'>indi-</span> 
     </span>
     <span class='ocr_line' id='line_1_15' title="bbox 150 1031 972 1083; baseline 0.001 -10"><span class='ocrx_word' id='word_1_65' title='bbox 150 1034 248 1073; x_wconf 77' lang='lat' dir='ltr'>care</span> <span class='ocrx_word' id='word_1_66' title='bbox 274 1032 486 1074; x_wconf 82' lang='lat' dir='ltr'>visionem</span> <span class='ocrx_word' id='word_1_67' title='bbox 505 1031 618 1073; x_wconf 88' lang='lat' dir='ltr'>Heli.</span> <span class='ocrx_word' id='word_1_68' title='bbox 651 1032 842 1073; x_wconf 72' lang='lat' dir='ltr'>Vocavit</span> <span class='ocrx_word' id='word_1_69' title='bbox 868 1045 972 1083; x_wconf 86' lang='lat' dir='ltr'>ergo</span> 
     </span>
     <span class='ocr_line' id='line_1_16' title="bbox 149 1088 973 1138; baseline 0.001 -9"><span class='ocrx_word' id='word_1_70' title='bbox 149 1088 250 1130; x_wconf 91' lang='lat' dir='ltr'>Heli</span> <span class='ocrx_word' id='word_1_71' title='bbox 277 1088 536 1138; x_wconf 87' lang='lat' dir='ltr'>Samuelem,</span> <span class='ocrx_word' id='word_1_72' title='bbox 565 1093 608 1130; x_wconf 89' lang='lat' dir='ltr'>et</span> <span class='ocrx_word' id='word_1_73' title='bbox 637 1088 758 1130; x_wconf 78' lang='lat' dir='ltr'>dixit:</span> <span class='ocrx_word' id='word_1_74' title='bbox 799 1089 973 1130; x_wconf 76' lang='lat' dir='ltr'>Samuel</span> 
     </span>
     <span class='ocr_line' id='line_1_17' title="bbox 149 1143 972 1200; baseline 0.002 -15"><span class='ocrx_word' id='word_1_75' title='bbox 149 1144 210 1200; x_wconf 87' lang='lat' dir='ltr'>fili</span> <span class='ocrx_word' id='word_1_76' title='bbox 229 1143 309 1186; x_wconf 85' lang='lat' dir='ltr'>mi?</span> <span class='ocrx_word' id='word_1_77' title='bbox 339 1145 422 1195; x_wconf 92' lang='lat' dir='ltr'>Qui</span> <span class='ocrx_word' id='word_1_78' title='bbox 447 1143 735 1197; x_wconf 83' lang='lat' dir='ltr'>respondens,</span> <span class='ocrx_word' id='word_1_79' title='bbox 762 1145 835 1187; x_wconf 91' lang='lat' dir='ltr'>ait:</span> <span class='ocrx_word' id='word_1_80' title='bbox 859 1147 972 1187; x_wconf 88' lang='lat' dir='ltr'>Prae-</span> 
     </span>
     <span class='ocr_line' id='line_1_18' title="bbox 135 1201 972 1252; baseline 0.001 -10"><span class='ocrx_word' id='word_1_81' title='bbox 135 1206 218 1243; x_wconf 67' lang='lat' dir='ltr'>⁴sto</span> <span class='ocrx_word' id='word_1_82' title='bbox 235 1214 341 1243; x_wconf 92' lang='lat' dir='ltr'>sum.</span> <span class='ocrx_word' id='word_1_83' title='bbox 365 1202 421 1243; x_wconf 91' lang='lat' dir='ltr'>Et</span> <span class='ocrx_word' id='word_1_84' title='bbox 434 1201 719 1252; x_wconf 80' lang='lat' dir='ltr'>interrogavit</span> <span class='ocrx_word' id='word_1_85' title='bbox 734 1214 847 1242; x_wconf 88' lang='lat' dir='ltr'>eum:</span> <span class='ocrx_word' id='word_1_86' title='bbox 867 1203 972 1252; x_wconf 89' lang='lat' dir='ltr'>Quis</span> 
     </span>
     <span class='ocr_line' id='line_1_19' title="bbox 149 1257 972 1310; baseline 0 -12"><span class='ocrx_word' id='word_1_87' title='bbox 149 1262 216 1299; x_wconf 91' lang='lat' dir='ltr'>est</span> <span class='ocrx_word' id='word_1_88' title='bbox 239 1270 400 1308; x_wconf 90' lang='lat' dir='ltr'>sermo,</span> <span class='ocrx_word' id='word_1_89' title='bbox 439 1270 568 1310; x_wconf 88' lang='lat' dir='ltr'>quem</span> <span class='ocrx_word' id='word_1_90' title='bbox 592 1257 766 1299; x_wconf 84' lang='lat' dir='ltr'>locutus</span> <span class='ocrx_word' id='word_1_91' title='bbox 795 1263 862 1299; x_wconf 89' lang='lat' dir='ltr'>est</span> <span class='ocrx_word' id='word_1_92' title='bbox 885 1259 972 1299; x_wconf 83' lang='lat' dir='ltr'>Do-</span> 
     </span>
     <span class='ocr_line' id='line_1_20' title="bbox 147 1312 971 1356; baseline 0.001 -2"><span class='ocrx_word' id='word_1_93' title='bbox 147 1314 290 1355; x_wconf 91' lang='lat' dir='ltr'>minus</span> <span class='ocrx_word' id='word_1_94' title='bbox 318 1313 374 1355; x_wconf 89' lang='lat' dir='ltr'>ad</span> <span class='ocrx_word' id='word_1_95' title='bbox 402 1312 468 1355; x_wconf 88' lang='lat' dir='ltr'>te?</span> <span class='ocrx_word' id='word_1_96' title='bbox 501 1326 579 1355; x_wconf 91' lang='lat' dir='ltr'>oro</span> <span class='ocrx_word' id='word_1_97' title='bbox 608 1319 652 1355; x_wconf 91' lang='lat' dir='ltr'>te</span> <span class='ocrx_word' id='word_1_98' title='bbox 680 1326 734 1355; x_wconf 92' lang='lat' dir='ltr'>ne</span> <span class='ocrx_word' id='word_1_99' title='bbox 761 1314 971 1356; x_wconf 80' lang='lat' dir='ltr'>celaveris</span> 
     </span>
     <span class='ocr_line' id='line_1_21' title="bbox 147 1369 973 1420; baseline 0.002 -10"><span class='ocrx_word' id='word_1_100' title='bbox 147 1382 229 1411; x_wconf 91' lang='lat' dir='ltr'>me.</span> <span class='ocrx_word' id='word_1_101' title='bbox 265 1370 375 1411; x_wconf 88' lang='lat' dir='ltr'>Haec</span> <span class='ocrx_word' id='word_1_102' title='bbox 398 1370 529 1411; x_wconf 72' lang='lat' dir='ltr'>faciat</span> <span class='ocrx_word' id='word_1_103' title='bbox 547 1369 627 1411; x_wconf 92' lang='lat' dir='ltr'>tibi</span> <span class='ocrx_word' id='word_1_104' title='bbox 646 1370 784 1420; x_wconf 75' lang='lat' dir='ltr'>Deus,</span> <span class='ocrx_word' id='word_1_105' title='bbox 811 1374 854 1411; x_wconf 86' lang='lat' dir='ltr'>et</span> <span class='ocrx_word' id='word_1_106' title='bbox 876 1370 973 1412; x_wconf 88' lang='lat' dir='ltr'>haec</span> 
     </span>
     <span class='ocr_line' id='line_1_22' title="bbox 148 1425 971 1476; baseline 0.001 -9"><span class='ocrx_word' id='word_1_107' title='bbox 148 1425 296 1476; x_wconf 88' lang='lat' dir='ltr'>addat,</span> <span class='ocrx_word' id='word_1_108' title='bbox 321 1427 357 1467; x_wconf 89' lang='lat' dir='ltr'>si</span> <span class='ocrx_word' id='word_1_109' title='bbox 377 1425 660 1468; x_wconf 81' lang='lat' dir='ltr'>absconderis</span> <span class='ocrx_word' id='word_1_110' title='bbox 679 1439 704 1467; x_wconf 89' lang='lat' dir='ltr'>a</span> <span class='ocrx_word' id='word_1_111' title='bbox 722 1439 791 1467; x_wconf 90' lang='lat' dir='ltr'>me</span> <span class='ocrx_word' id='word_1_112' title='bbox 811 1429 971 1468; x_wconf 82' lang='lat' dir='ltr'>sermo-</span> 
     </span>
     <span class='ocr_line' id='line_1_23' title="bbox 147 1482 972 1535; baseline 0.002 -12"><span class='ocrx_word' id='word_1_113' title='bbox 147 1495 247 1524; x_wconf 89' lang='lat' dir='ltr'>nem</span> <span class='ocrx_word' id='word_1_114' title='bbox 267 1495 321 1524; x_wconf 81' lang='lat' dir='ltr'>ex</span> <span class='ocrx_word' id='word_1_115' title='bbox 341 1482 541 1525; x_wconf 83' lang='lat' dir='ltr'>omnibus</span> <span class='ocrx_word' id='word_1_116' title='bbox 561 1483 717 1532; x_wconf 85' lang='lat' dir='ltr'>verbis,</span> <span class='ocrx_word' id='word_1_117' title='bbox 738 1496 836 1535; x_wconf 90' lang='lat' dir='ltr'>quae</span> <span class='ocrx_word' id='word_1_118' title='bbox 856 1482 972 1525; x_wconf 89' lang='lat' dir='ltr'>dicta</span> 
     </span>
     <span class='ocr_line' id='line_1_24' title="bbox 147 1538 970 1591; baseline 0.002 -12"><span class='ocrx_word' id='word_1_119' title='bbox 147 1543 248 1580; x_wconf 89' lang='lat' dir='ltr'>sunt</span> <span class='ocrx_word' id='word_1_120' title='bbox 275 1538 365 1581; x_wconf 90' lang='lat' dir='ltr'>tibi.</span> <span class='ocrx_word' id='word_1_121' title='bbox 411 1539 627 1581; x_wconf 76' lang='lat' dir='ltr'>Indicavit</span> <span class='ocrx_word' id='word_1_122' title='bbox 654 1541 801 1591; x_wconf 88' lang='lat' dir='ltr'>itaque</span> <span class='ocrx_word' id='word_1_123' title='bbox 829 1540 869 1581; x_wconf 93' lang='lat' dir='ltr'>ei</span> <span class='ocrx_word' id='word_1_124' title='bbox 897 1539 970 1581; x_wconf 77' lang='lat' dir='ltr'>Sa-</span> 
     </span>
     <span class='ocr_line' id='line_1_25' title="bbox 146 1595 972 1645; baseline 0 -9"><span class='ocrx_word' id='word_1_125' title='bbox 146 1595 263 1637; x_wconf 88' lang='lat' dir='ltr'><strong>muel</strong></span> <span class='ocrx_word' id='word_1_126' title='bbox 290 1596 517 1637; x_wconf 89' lang='lat' dir='ltr'>universos</span> <span class='ocrx_word' id='word_1_127' title='bbox 544 1597 784 1645; x_wconf 82' lang='lat' dir='ltr'>serm6nes,</span> <span class='ocrx_word' id='word_1_128' title='bbox 813 1601 857 1637; x_wconf 88' lang='lat' dir='ltr'>et</span> <span class='ocrx_word' id='word_1_129' title='bbox 883 1609 972 1638; x_wconf 91' lang='lat' dir='ltr'>non</span> 
     </span>
     <span class='ocr_line' id='line_1_26' title="bbox 147 1651 971 1705; baseline 0.001 -13"><span class='ocrx_word' id='word_1_130' title='bbox 147 1651 376 1694; x_wconf 80' lang='lat' dir='ltr'>abscondit</span> <span class='ocrx_word' id='word_1_131' title='bbox 396 1652 450 1694; x_wconf 89' lang='lat' dir='ltr'>ab</span> <span class='ocrx_word' id='word_1_132' title='bbox 471 1665 536 1694; x_wconf 89' lang='lat' dir='ltr'>eo.</span> <span class='ocrx_word' id='word_1_133' title='bbox 563 1652 621 1693; x_wconf 93' lang='lat' dir='ltr'>Et</span> <span class='ocrx_word' id='word_1_134' title='bbox 639 1652 710 1694; x_wconf 91' lang='lat' dir='ltr'>ille</span> <span class='ocrx_word' id='word_1_135' title='bbox 728 1653 971 1705; x_wconf 82' lang='lat' dir='ltr'>respondit:</span> 
     </span>
     <span class='ocr_line' id='line_1_27' title="bbox 146 1707 971 1761; baseline 0.002 -13"><span class='ocrx_word' id='word_1_136' title='bbox 146 1707 359 1749; x_wconf 83' lang='lat' dir='ltr'>Dominus</span> <span class='ocrx_word' id='word_1_137' title='bbox 386 1713 471 1750; x_wconf 88' lang='lat' dir='ltr'>est:</span> <span class='ocrx_word' id='word_1_138' title='bbox 500 1708 621 1761; x_wconf 94' lang='lat' dir='ltr'>quod</span> <span class='ocrx_word' id='word_1_139' title='bbox 646 1708 810 1750; x_wconf 91' lang='lat' dir='ltr'>bonum</span> <span class='ocrx_word' id='word_1_140' title='bbox 836 1714 903 1751; x_wconf 91' lang='lat' dir='ltr'>est</span> <span class='ocrx_word' id='word_1_141' title='bbox 927 1710 971 1750; x_wconf 93' lang='lat' dir='ltr'>in</span> 
     </span>
     <span class='ocr_line' id='line_1_28' title="bbox 145 1763 969 1807; baseline 0.002 -2"><span class='ocrx_word' id='word_1_142' title='bbox 145 1763 283 1805; x_wconf 82' lang='lat' dir='ltr'>oculis</span> <span class='ocrx_word' id='word_1_143' title='bbox 302 1764 391 1805; x_wconf 87' lang='lat' dir='ltr'>suis</span> <span class='ocrx_word' id='word_1_144' title='bbox 410 1765 551 1806; x_wconf 78' lang='lat' dir='ltr'>faciat.</span> <span class='ocrx_word' id='word_1_145' title='bbox 575 1765 723 1807; x_wconf 90' lang='lat' dir='ltr'>Crevit</span> <span class='ocrx_word' id='word_1_146' title='bbox 738 1771 883 1807; x_wconf 90' lang='lat' dir='ltr'>autem</span> <span class='ocrx_word' id='word_1_147' title='bbox 896 1766 969 1807; x_wconf 77' lang='lat' dir='ltr'>sa-</span> 
     </span>
     <span class='ocr_line' id='line_1_29' title="bbox 143 1820 970 1872; baseline 0.005 -12"><span class='ocrx_word' id='word_1_148' title='bbox 143 1820 277 1870; x_wconf 88' lang='lat' dir='ltr'>muel,</span> <span class='ocrx_word' id='word_1_149' title='bbox 304 1825 347 1862; x_wconf 89' lang='lat' dir='ltr'>et</span> <span class='ocrx_word' id='word_1_150' title='bbox 365 1821 579 1864; x_wconf 77' lang='lat' dir='ltr'>Dominus</span> <span class='ocrx_word' id='word_1_151' title='bbox 599 1826 692 1863; x_wconf 89' lang='lat' dir='ltr'>erat</span> <span class='ocrx_word' id='word_1_152' title='bbox 711 1835 810 1864; x_wconf 91' lang='lat' dir='ltr'>cum</span> <span class='ocrx_word' id='word_1_153' title='bbox 829 1835 899 1872; x_wconf 86' lang='lat' dir='ltr'>eo,</span> <span class='ocrx_word' id='word_1_154' title='bbox 926 1827 970 1864; x_wconf 89' lang='lat' dir='ltr'>et</span> 
     </span>
     <span class='ocr_line' id='line_1_30' title="bbox 145 1877 969 1930; baseline 0.005 -14"><span class='ocrx_word' id='word_1_155' title='bbox 145 1888 233 1917; x_wconf 94' lang='lat' dir='ltr'>non</span> <span class='ocrx_word' id='word_1_156' title='bbox 252 1877 409 1919; x_wconf 88' lang='lat' dir='ltr'>cecidit</span> <span class='ocrx_word' id='word_1_157' title='bbox 427 1890 482 1919; x_wconf 85' lang='lat' dir='ltr'>ex</span> <span class='ocrx_word' id='word_1_158' title='bbox 501 1877 703 1920; x_wconf 67' lang='lat' dir='ltr'>Omnibus</span> <span class='ocrx_word' id='word_1_159' title='bbox 717 1878 862 1920; x_wconf 89' lang='lat' dir='ltr'>verbis</span> <span class='ocrx_word' id='word_1_160' title='bbox 880 1879 969 1930; x_wconf 91' lang='lat' dir='ltr'>ejus</span> 
     </span>
     <span class='ocr_line' id='line_1_31' title="bbox 143 1931 969 1986; baseline 0.004 -14"><span class='ocrx_word' id='word_1_161' title='bbox 143 1931 188 1972; x_wconf 90' lang='lat' dir='ltr'>in</span> <span class='ocrx_word' id='word_1_162' title='bbox 211 1937 384 1974; x_wconf 86' lang='lat' dir='ltr'>terram.</span> <span class='ocrx_word' id='word_1_163' title='bbox 420 1934 477 1975; x_wconf 89' lang='lat' dir='ltr'>Et</span> <span class='ocrx_word' id='word_1_164' title='bbox 508 1935 714 1986; x_wconf 75' lang='lat' dir='ltr'>cognevit</span> <span class='ocrx_word' id='word_1_165' title='bbox 741 1935 969 1976; x_wconf 86' lang='lat' dir='ltr'>universus</span> 
     </span>
     <span class='ocr_line' id='line_1_32' title="bbox 143 1987 969 2043; baseline 0.005 -15"><span class='ocrx_word' id='word_1_166' title='bbox 143 1987 290 2038; x_wconf 78' lang='lat' dir='ltr'>Israel,</span> <span class='ocrx_word' id='word_1_167' title='bbox 306 2002 330 2030; x_wconf 85' lang='lat' dir='ltr'>a</span> <span class='ocrx_word' id='word_1_168' title='bbox 340 1989 437 2030; x_wconf 90' lang='lat' dir='ltr'>Dan</span> <span class='ocrx_word' id='word_1_169' title='bbox 452 2003 591 2043; x_wconf 90' lang='lat' dir='ltr'>usque</span> <span class='ocrx_word' id='word_1_170' title='bbox 602 1990 832 2040; x_wconf 86' lang='lat' dir='ltr'>Bersabee,</span> <span class='ocrx_word' id='word_1_171' title='bbox 849 1990 969 2042; x_wconf 93' lang='lat' dir='ltr'>quod</span> 
     </span>
     <span class='ocr_line' id='line_1_33' title="bbox 144 2043 967 2108; baseline 0.005 -24"><span class='ocrx_word' id='word_1_172' title='bbox 144 2043 286 2108; x_wconf 78' lang='lat' dir='ltr'>fidelis</span> <span class='ocrx_word' id='word_1_173' title='bbox 305 2046 479 2088; x_wconf 66' lang='lat' dir='ltr'>Semuel</span> <span class='ocrx_word' id='word_1_174' title='bbox 502 2047 721 2100; x_wconf 88' lang='lat' dir='ltr'>propheta</span> <span class='ocrx_word' id='word_1_175' title='bbox 746 2054 862 2088; x_wconf 91' lang='lat' dir='ltr'>esset</span> <span class='ocrx_word' id='word_1_176' title='bbox 880 2047 967 2088; x_wconf 81' lang='lat' dir='ltr'>Do-</span> 
     </span>
     <span class='ocr_line' id='line_1_34' title="bbox 144 2113 277 2141; baseline 0.008 -1"><span class='ocrx_word' id='word_1_177' title='bbox 144 2113 277 2141; x_wconf 91' lang='lat' dir='ltr'>m1n1.-</span> 
     </span>
    </p>

    <p class='ocr_par' dir='ltr' id='par_1_5' title="bbox 195 2157 602 2210">
     <span class='ocr_line' id='line_1_35' title="bbox 195 2157 602 2210; baseline 0.005 -12"><span class='ocrx_word' id='word_1_178' title='bbox 195 2159 245 2210; x_wconf 72' lang='lat' dir='ltr'>R2.</span> <span class='ocrx_word' id='word_1_179' title='bbox 274 2157 495 2210; x_wconf 84' lang='lat' dir='ltr'>Respexit.</span> <span class='ocrx_word' id='word_1_180' title='bbox 515 2159 602 2200; x_wconf 89' lang='lat'>149.</span> 
     </span>
    </p>
   </div>
   <div class='ocr_carea' id='block_1_3' title="bbox 148 2238 966 2589">
    <p class='ocr_par' dir='ltr' id='par_1_6' title="bbox 148 2238 966 2589">
     <span class='ocr_line' id='line_1_36' title="bbox 365 2238 740 2279; baseline 0.005 -3"><span class='ocrx_word' id='word_1_181' title='bbox 365 2238 414 2276; x_wconf 89' lang='lat' dir='ltr'>In</span> <span class='ocrx_word' id='word_1_182' title='bbox 440 2239 490 2278; x_wconf 91' lang='lat'>11.</span> <span class='ocrx_word' id='word_1_183' title='bbox 519 2239 740 2279; x_wconf 81' lang='lat' dir='ltr'>Nocturno.</span> 
     </span>
     <span class='ocr_line' id='line_1_37' title="bbox 148 2294 966 2348; baseline 0.005 -14"><span class='ocrx_word' id='word_1_184' title='bbox 148 2294 299 2336; x_wconf 88' lang='lat' dir='ltr'>Sermo</span> <span class='ocrx_word' id='word_1_185' title='bbox 327 2296 466 2337; x_wconf 89' lang='lat' dir='ltr'>sancti</span> <span class='ocrx_word' id='word_1_186' title='bbox 487 2296 512 2337; x_wconf 90' lang='lat' dir='ltr'>J</span> <span class='ocrx_word' id='word_1_187' title='bbox 514 2297 636 2338; x_wconf 78' lang='lat' dir='ltr'>oafiis</span> <span class='ocrx_word' id='word_1_188' title='bbox 655 2296 966 2348; x_wconf 78' lang='lat' dir='ltr'>Chrysostomi.</span> 
     </span>
     <span class='ocr_line' id='line_1_38' title="bbox 310 2361 796 2407; baseline 0.004 -12"><span class='ocrx_word' id='word_1_189' title='bbox 310 2361 420 2396; x_wconf 79' lang='lat' dir='ltr'>Hom,</span> <span class='ocrx_word' id='word_1_190' title='bbox 444 2364 495 2398; x_wconf 88' lang='grc'>61.</span> <span class='ocrx_word' id='word_1_191' title='bbox 523 2364 571 2397; x_wconf 85' lang='lat' dir='ltr'>ad</span> <span class='ocrx_word' id='word_1_192' title='bbox 595 2374 685 2407; x_wconf 86' lang='lat' dir='ltr'>pop.</span> <span class='ocrx_word' id='word_1_193' title='bbox 710 2364 796 2398; x_wconf 83' lang='lat' dir='ltr'>Ant.</span> 
     </span>
     <span class='ocr_line' id='line_1_39' title="bbox 400 2420 664 2460; baseline -0.004 0"><span class='ocrx_word' id='word_1_194' title='bbox 400 2448 405 2453; x_wconf 75' lang='lat'>-</span> <span class='ocrx_word' id='word_1_195' title='bbox 434 2420 583 2460; x_wconf 85' lang='lat' dir='ltr'>Lectio</span> <span class='ocrx_word' id='word_1_196' title='bbox 613 2421 664 2460; x_wconf 78' lang='lat' dir='ltr'>iv.</span> 
     </span>
     <span class='ocr_line' id='line_1_40' title="bbox 149 2477 964 2589; baseline 0.002 -73"><span class='ocrx_word' id='word_1_197' title='bbox 149 2499 152 2521; x_wconf 67' lang='lat'><em>3</em></span> <span class='ocrx_word' id='word_1_198' title='bbox 165 2491 183 2536; x_wconf 19' lang='grc' dir='ltr'>’,γ</span> <span class='ocrx_word' id='word_1_199' title='bbox 197 2477 534 2589; x_wconf 44' lang='grc' dir='ltr'>οψηοοεεάῑίιιω</span> <span class='ocrx_word' id='word_1_200' title='bbox 567 2483 653 2528; x_wconf 88' lang='lat' dir='ltr'>est,</span> <span class='ocrx_word' id='word_1_201' title='bbox 686 2477 964 2529; x_wconf 83' lang='lat' dir='ltr'>dilectissimi,</span> 
     </span>
    </p>
   </div>
   <div class='ocr_carea' id='block_1_4' title="bbox 141 2476 269 2613">
    <p class='ocr_par' dir='ltr' id='par_1_7' title="bbox 141 2476 269 2613">
     <span class='ocr_line' id='line_1_41' title="bbox 141 2476 269 2613; baseline 0 0"><span class='ocrx_word' id='word_1_202' title='bbox 141 2476 269 2613; x_wconf 95' lang='lat' dir='ltr'>  </span> 
     </span>
    </p>
   </div>
   <div class='ocr_carea' id='block_1_5' title="bbox 139 2510 964 2753">
    <p class='ocr_par' dir='ltr' id='par_1_8' title="bbox 139 2510 964 2753">
     <span class='ocr_line' id='line_1_42' title="bbox 174 2510 964 2596; baseline 0.003 -23"><span class='ocrx_word' id='word_1_203' title='bbox 174 2568 205 2590; x_wconf 21' lang='grc' dir='ltr'>,ἦ</span> <span class='ocrx_word' id='word_1_204' title='bbox 224 2543 247 2596; x_wconf 55' lang='lat'>⁸</span> <span class='ocrx_word' id='word_1_205' title='bbox 285 2533 593 2585; x_wconf 82' lang='lat' dir='ltr'>mysteriorum</span> <span class='ocrx_word' id='word_1_206' title='bbox 633 2510 802 2575; x_wconf 81' lang='lat' dir='ltr'>discere</span> <span class='ocrx_word' id='word_1_207' title='bbox 838 2534 964 2575; x_wconf 88' lang='lat' dir='ltr'>mira-</span> 
     </span>
     <span class='ocr_line' id='line_1_43' title="bbox 183 2588 961 2654; baseline 0.004 -24.943"><span class='ocrx_word' id='word_1_208' title='bbox 183 2607 246 2609; x_wconf 27' lang='lat' dir='ltr'><em>j</em></span> <span class='ocrx_word' id='word_1_209' title='bbox 287 2589 441 2638; x_wconf 90' lang='lat' dir='ltr'>culum,</span> <span class='ocrx_word' id='word_1_210' title='bbox 466 2588 696 2654; x_wconf 85' lang='lat' dir='ltr'>quodnam</span> <span class='ocrx_word' id='word_1_211' title='bbox 708 2590 774 2638; x_wconf 90' lang='lat' dir='ltr'>sit,</span> <span class='ocrx_word' id='word_1_212' title='bbox 797 2594 841 2631; x_wconf 89' lang='lat' dir='ltr'>et</span> <span class='ocrx_word' id='word_1_213' title='bbox 861 2603 961 2642; x_wconf 89' lang='lat' dir='ltr'>qua-</span> 
     </span>
     <span class='ocr_line' id='line_1_44' title="bbox 141 2643 963 2697; baseline 0.005 -14"><span class='ocrx_word' id='word_1_214' title='bbox 141 2655 188 2684; x_wconf 89' lang='lat' dir='ltr'>re</span> <span class='ocrx_word' id='word_1_215' title='bbox 212 2644 267 2685; x_wconf 89' lang='lat' dir='ltr'>sit</span> <span class='ocrx_word' id='word_1_216' title='bbox 286 2643 445 2694; x_wconf 92' lang='lat' dir='ltr'>datum,</span> <span class='ocrx_word' id='word_1_217' title='bbox 471 2650 515 2686; x_wconf 87' lang='lat' dir='ltr'>et</span> <span class='ocrx_word' id='word_1_218' title='bbox 537 2657 635 2696; x_wconf 86' lang='lat' dir='ltr'>quae</span> <span class='ocrx_word' id='word_1_219' title='bbox 659 2646 749 2697; x_wconf 88' lang='lat' dir='ltr'>ejus</span> <span class='ocrx_word' id='word_1_220' title='bbox 773 2645 836 2686; x_wconf 91' lang='lat' dir='ltr'>rei</span> <span class='ocrx_word' id='word_1_221' title='bbox 854 2646 963 2687; x_wconf 89' lang='lat' dir='ltr'>utili-</span> 
     </span>
     <span class='ocr_line' id='line_1_45' title="bbox 139 2700 962 2753; baseline 0.005 -13"><span class='ocrx_word' id='word_1_222' title='bbox 139 2703 219 2740; x_wconf 90' lang='lat' dir='ltr'>tas.</span> <span class='ocrx_word' id='word_1_223' title='bbox 246 2700 391 2742; x_wconf 90' lang='lat' dir='ltr'>Unum</span> <span class='ocrx_word' id='word_1_224' title='bbox 409 2713 569 2753; x_wconf 90' lang='lat' dir='ltr'>corpus</span> <span class='ocrx_word' id='word_1_225' title='bbox 589 2700 812 2742; x_wconf 87' lang='lat' dir='ltr'>efficimur.</span> <span class='ocrx_word' id='word_1_226' title='bbox 831 2714 962 2744; x_wconf 89' lang='lat' dir='ltr'>mem-</span> 
     </span>
    </p>
   </div>
   <div class='ocr_carea' id='block_1_6' title="bbox 1785 187 1849 222">
    <p class='ocr_par' dir='ltr' id='par_1_9' title="bbox 1785 187 1849 222">
     <span class='ocr_line' id='line_1_46' title="bbox 1785 187 1849 222; baseline 0 0"><span class='ocrx_word' id='word_1_227' title='bbox 1785 187 1849 222; x_wconf 88' lang='lat'>159</span> 
     </span>
    </p>
   </div>
   <div class='ocr_carea' id='block_1_7' title="bbox 1014 282 1849 2754">
    <p class='ocr_par' dir='ltr' id='par_1_10' title="bbox 1014 282 1849 2754">
     <span class='ocr_line' id='line_1_47' title="bbox 1025 282 1849 335; baseline 0.001 -11"><span class='ocrx_word' id='word_1_228' title='bbox 1025 282 1123 332; x_wconf 89' lang='lat' dir='ltr'>bra,</span> <span class='ocrx_word' id='word_1_229' title='bbox 1155 283 1313 334; x_wconf 90' lang='lat' dir='ltr'>inquit,</span> <span class='ocrx_word' id='word_1_230' title='bbox 1346 295 1399 323; x_wconf 85' lang='lat' dir='ltr'>ex</span> <span class='ocrx_word' id='word_1_231' title='bbox 1427 295 1556 325; x_wconf 91' lang='lat' dir='ltr'>carne</span> <span class='ocrx_word' id='word_1_232' title='bbox 1585 284 1693 335; x_wconf 87' lang='lat' dir='ltr'>ejus,</span> <span class='ocrx_word' id='word_1_233' title='bbox 1725 289 1768 325; x_wconf 93' lang='lat' dir='ltr'>et</span> <span class='ocrx_word' id='word_1_234' title='bbox 1795 297 1849 325; x_wconf 83' lang='lat' dir='ltr'>ex</span> 
     </span>
     <span class='ocr_line' id='line_1_48' title="bbox 1028 339 1848 391; baseline 0.002 -12"><span class='ocrx_word' id='word_1_235' title='bbox 1028 339 1200 380; x_wconf 77' lang='lat' dir='ltr'>essibus</span> <span class='ocrx_word' id='word_1_236' title='bbox 1225 340 1329 391; x_wconf 87' lang='lat' dir='ltr'>ejus:</span> <span class='ocrx_word' id='word_1_237' title='bbox 1356 342 1588 391; x_wconf 79' lang='lat' dir='ltr'>sequamur</span> <span class='ocrx_word' id='word_1_238' title='bbox 1610 345 1754 381; x_wconf 89' lang='lat' dir='ltr'>autem</span> <span class='ocrx_word' id='word_1_239' title='bbox 1773 341 1848 381; x_wconf 90' lang='lat' dir='ltr'>ini-</span> 
     </span>
     <span class='ocr_line' id='line_1_49' title="bbox 1027 394 1849 448; baseline 0.002 -13"><span class='ocrx_word' id='word_1_240' title='bbox 1027 395 1132 444; x_wconf 80' lang='lat' dir='ltr'>tiati,</span> <span class='ocrx_word' id='word_1_241' title='bbox 1153 407 1250 447; x_wconf 89' lang='lat' dir='ltr'>quae</span> <span class='ocrx_word' id='word_1_242' title='bbox 1270 394 1482 436; x_wconf 80' lang='lat' dir='ltr'>dicuntur.</span> <span class='ocrx_word' id='word_1_243' title='bbox 1518 396 1576 437; x_wconf 92' lang='lat' dir='ltr'>Ut</span> <span class='ocrx_word' id='word_1_244' title='bbox 1594 398 1741 448; x_wconf 91' lang='lat' dir='ltr'>itaque</span> <span class='ocrx_word' id='word_1_245' title='bbox 1762 410 1849 438; x_wconf 93' lang='lat' dir='ltr'>non</span> 
     </span>
     <span class='ocr_line' id='line_1_50' title="bbox 1026 452 1848 504; baseline 0.002 -12"><span class='ocrx_word' id='word_1_246' title='bbox 1026 456 1194 492; x_wconf 92' lang='lat' dir='ltr'>tantum</span> <span class='ocrx_word' id='word_1_247' title='bbox 1218 464 1297 504; x_wconf 89' lang='lat' dir='ltr'>per</span> <span class='ocrx_word' id='word_1_248' title='bbox 1327 452 1552 493; x_wconf 80' lang='lat' dir='ltr'>caritatem</span> <span class='ocrx_word' id='word_1_249' title='bbox 1575 452 1659 493; x_wconf 90' lang='lat' dir='ltr'>hoc</span> <span class='ocrx_word' id='word_1_250' title='bbox 1682 453 1848 502; x_wconf 80' lang='lat' dir='ltr'>fiamus,</span> 
     </span>
     <span class='ocr_line' id='line_1_51' title="bbox 1027 507 1847 560; baseline 0.002 -12"><span class='ocrx_word' id='word_1_251' title='bbox 1027 520 1178 548; x_wconf 87' lang='lat' dir='ltr'>verum</span> <span class='ocrx_word' id='word_1_252' title='bbox 1204 508 1334 549; x_wconf 89' lang='lat' dir='ltr'>etiam</span> <span class='ocrx_word' id='word_1_253' title='bbox 1357 507 1452 560; x_wconf 91' lang='lat' dir='ltr'>ipsa</span> <span class='ocrx_word' id='word_1_254' title='bbox 1477 520 1538 556; x_wconf 88' lang='lat' dir='ltr'>re,</span> <span class='ocrx_word' id='word_1_255' title='bbox 1566 508 1609 548; x_wconf 91' lang='lat' dir='ltr'>in</span> <span class='ocrx_word' id='word_1_256' title='bbox 1634 508 1751 549; x_wconf 88' lang='lat' dir='ltr'>illam</span> <span class='ocrx_word' id='word_1_257' title='bbox 1774 510 1847 550; x_wconf 89' lang='lat' dir='ltr'>mi-</span> 
     </span>
     <span class='ocr_line' id='line_1_52' title="bbox 1028 564 1848 618; baseline 0.004 -14"><span class='ocrx_word' id='word_1_258' title='bbox 1028 566 1224 604; x_wconf 79' lang='lat' dir='ltr'>sceamur</span> <span class='ocrx_word' id='word_1_259' title='bbox 1249 574 1435 605; x_wconf 87' lang='lat' dir='ltr'>carnem:</span> <span class='ocrx_word' id='word_1_260' title='bbox 1460 564 1545 605; x_wconf 92' lang='lat' dir='ltr'>hoc</span> <span class='ocrx_word' id='word_1_261' title='bbox 1565 577 1750 616; x_wconf 90' lang='lat' dir='ltr'>namque</span> <span class='ocrx_word' id='word_1_262' title='bbox 1770 579 1848 618; x_wconf 89' lang='lat' dir='ltr'>per</span> 
     </span>
     <span class='ocr_line' id='line_1_53' title="bbox 1028 619 1849 671; baseline 0.002 -11"><span class='ocrx_word' id='word_1_263' title='bbox 1028 632 1172 660; x_wconf 85' lang='lat' dir='ltr'>escam</span> <span class='ocrx_word' id='word_1_264' title='bbox 1197 619 1397 669; x_wconf 86' lang='lat' dir='ltr'>efficitur,</span> <span class='ocrx_word' id='word_1_265' title='bbox 1425 633 1554 671; x_wconf 87' lang='lat' dir='ltr'>quam</span> <span class='ocrx_word' id='word_1_266' title='bbox 1578 620 1757 671; x_wconf 88' lang='lat' dir='ltr'>largitus</span> <span class='ocrx_word' id='word_1_267' title='bbox 1783 627 1849 663; x_wconf 89' lang='lat' dir='ltr'>est</span> 
     </span>
     <span class='ocr_line' id='line_1_54' title="bbox 1026 675 1847 726; baseline 0.002 -10"><span class='ocrx_word' id='word_1_268' title='bbox 1026 675 1173 726; x_wconf 91' lang='lat' dir='ltr'>nobis,</span> <span class='ocrx_word' id='word_1_269' title='bbox 1215 676 1366 717; x_wconf 88' lang='lat' dir='ltr'>volens</span> <span class='ocrx_word' id='word_1_270' title='bbox 1408 676 1639 718; x_wconf 87' lang='lat' dir='ltr'>ostendere</span> <span class='ocrx_word' id='word_1_271' title='bbox 1681 677 1847 718; x_wconf 89' lang='lat' dir='ltr'>deside-</span> 
     </span>
     <span class='ocr_line' id='line_1_55' title="bbox 1026 731 1846 784; baseline 0.002 -12"><span class='ocrx_word' id='word_1_272' title='bbox 1026 733 1137 773; x_wconf 91' lang='lat' dir='ltr'>rium</span> <span class='ocrx_word' id='word_1_273' title='bbox 1166 731 1286 784; x_wconf 94' lang='lat' dir='ltr'>quod</span> <span class='ocrx_word' id='word_1_274' title='bbox 1313 745 1415 783; x_wconf 87' lang='lat' dir='ltr'>erga</span> <span class='ocrx_word' id='word_1_275' title='bbox 1442 745 1522 774; x_wconf 91' lang='lat' dir='ltr'>nos</span> <span class='ocrx_word' id='word_1_276' title='bbox 1550 732 1691 774; x_wconf 88' lang='lat' dir='ltr'>habet.</span> <span class='ocrx_word' id='word_1_277' title='bbox 1744 734 1846 775; x_wconf 91' lang='lat' dir='ltr'>Pro-</span> 
     </span>
     <span class='ocr_line' id='line_1_56' title="bbox 1026 789 1848 841; baseline 0.002 -12"><span class='ocrx_word' id='word_1_278' title='bbox 1026 790 1178 841; x_wconf 88' lang='lat' dir='ltr'>pterea</span> <span class='ocrx_word' id='word_1_279' title='bbox 1203 791 1485 841; x_wconf 88' lang='lat' dir='ltr'>semetipsum</span> <span class='ocrx_word' id='word_1_280' title='bbox 1505 789 1632 831; x_wconf 88' lang='lat' dir='ltr'>nobis</span> <span class='ocrx_word' id='word_1_281' title='bbox 1652 790 1848 839; x_wconf 75' lang='lat' dir='ltr'>imiscuit,</span> 
     </span>
     <span class='ocr_line' id='line_1_57' title="bbox 1026 846 1847 898; baseline 0.001 -12"><span class='ocrx_word' id='word_1_282' title='bbox 1026 850 1070 886; x_wconf 87' lang='lat' dir='ltr'>et</span> <span class='ocrx_word' id='word_1_283' title='bbox 1093 858 1252 898; x_wconf 90' lang='lat' dir='ltr'>corpus</span> <span class='ocrx_word' id='word_1_284' title='bbox 1278 858 1402 886; x_wconf 92' lang='lat' dir='ltr'>suum</span> <span class='ocrx_word' id='word_1_285' title='bbox 1427 846 1471 885; x_wconf 94' lang='lat' dir='ltr'>in</span> <span class='ocrx_word' id='word_1_286' title='bbox 1494 858 1574 886; x_wconf 93' lang='lat' dir='ltr'>nos</span> <span class='ocrx_word' id='word_1_287' title='bbox 1600 852 1847 898; x_wconf 88' lang='lat' dir='ltr'>contempe-</span> 
     </span>
     <span class='ocr_line' id='line_1_58' title="bbox 1025 901 1846 954; baseline 0.002 -13"><span class='ocrx_word' id='word_1_288' title='bbox 1025 902 1155 951; x_wconf 73' lang='lat' dir='ltr'>ravit,</span> <span class='ocrx_word' id='word_1_289' title='bbox 1192 907 1240 943; x_wconf 95' lang='lat' dir='ltr'>ut</span> <span class='ocrx_word' id='word_1_290' title='bbox 1271 915 1403 942; x_wconf 90' lang='lat' dir='ltr'>unum</span> <span class='ocrx_word' id='word_1_291' title='bbox 1437 901 1542 954; x_wconf 91' lang='lat' dir='ltr'>quid</span> <span class='ocrx_word' id='word_1_292' title='bbox 1577 902 1709 943; x_wconf 91' lang='lat' dir='ltr'>simus</span> <span class='ocrx_word' id='word_1_293' title='bbox 1742 908 1846 943; x_wconf 89' lang='lat' dir='ltr'>tam-</span> 
     </span>
     <span class='ocr_line' id='line_1_59' title="bbox 1027 959 1848 1011; baseline 0.001 -12"><span class='ocrx_word' id='word_1_294' title='bbox 1027 970 1156 1009; x_wconf 87' lang='lat' dir='ltr'>quam</span> <span class='ocrx_word' id='word_1_295' title='bbox 1200 971 1360 1011; x_wconf 92' lang='lat' dir='ltr'>corpus</span> <span class='ocrx_word' id='word_1_296' title='bbox 1403 959 1536 1010; x_wconf 81' lang='lat' dir='ltr'>capiti</span> <span class='ocrx_word' id='word_1_297' title='bbox 1578 962 1848 1011; x_wconf 77' lang='lat' dir='ltr'>coaptatum:</span> 
     </span>
     <span class='ocr_line' id='line_1_60' title="bbox 1026 1014 1817 1058; baseline 0 -2"><span class='ocrx_word' id='word_1_298' title='bbox 1026 1014 1228 1056; x_wconf 88' lang='lat' dir='ltr'>ardenter</span> <span class='ocrx_word' id='word_1_299' title='bbox 1248 1015 1361 1056; x_wconf 92' lang='lat' dir='ltr'>enim</span> <span class='ocrx_word' id='word_1_300' title='bbox 1381 1015 1618 1056; x_wconf 84' lang='lat' dir='ltr'>amantium</span> <span class='ocrx_word' id='word_1_301' title='bbox 1638 1015 1722 1056; x_wconf 93' lang='lat' dir='ltr'>hoc</span> <span class='ocrx_word' id='word_1_302' title='bbox 1741 1021 1817 1058; x_wconf 88' lang='lat' dir='ltr'>est.</span> 
     </span>
     <span class='ocr_line' id='line_1_61' title="bbox 1074 1071 1559 1125; baseline -0.004 -12"><span class='ocrx_word' id='word_1_303' title='bbox 1074 1074 1123 1125; x_wconf 63' lang='lat' dir='ltr'>K.</span> <span class='ocrx_word' id='word_1_304' title='bbox 1156 1071 1451 1113; x_wconf 77' lang='lat' dir='ltr'>Coenantibus.</span> <span class='ocrx_word' id='word_1_305' title='bbox 1479 1072 1559 1112; x_wconf 89' lang='lat'>151.</span> 
     </span>
     <span class='ocr_line' id='line_1_62' title="bbox 1331 1133 1538 1173; baseline 0.005 -1"><span class='ocrx_word' id='word_1_306' title='bbox 1331 1133 1481 1173; x_wconf 81' lang='lat' dir='ltr'>Lectio</span> <span class='ocrx_word' id='word_1_307' title='bbox 1502 1148 1538 1173; x_wconf 70' lang='lat' dir='ltr'>v.</span> 
     </span>
     <span class='ocr_line' id='line_1_63' title="bbox 1022 1181 1848 1286; baseline 0.001 -61"><span class='ocrx_word' id='word_1_308' title='bbox 1022 1181 1306 1286; x_wconf 82' lang='lat' dir='ltr'><strong>Tamquam</strong></span> <span class='ocrx_word' id='word_1_309' title='bbox 1346 1185 1496 1226; x_wconf 83' lang='lat' dir='ltr'>leones</span> <span class='ocrx_word' id='word_1_310' title='bbox 1535 1186 1665 1236; x_wconf 87' lang='lat' dir='ltr'>igitur</span> <span class='ocrx_word' id='word_1_311' title='bbox 1704 1186 1848 1236; x_wconf 84' lang='lat' dir='ltr'>ignem</span> 
     </span>
     <span class='ocr_line' id='line_1_64' title="bbox 1101 1241 1846 1297; baseline 0.001 -15"><span class='ocrx_word' id='word_1_312' title='bbox 1101 1293 1106 1297; x_wconf 9' lang='grc' dir='ltr'>ἱ</span> <span class='ocrx_word' id='word_1_313' title='bbox 1128 1242 1344 1293; x_wconf 83' lang='lat' dir='ltr'>spirantes</span> <span class='ocrx_word' id='word_1_314' title='bbox 1371 1241 1426 1283; x_wconf 92' lang='lat' dir='ltr'>ab</span> <span class='ocrx_word' id='word_1_315' title='bbox 1455 1241 1528 1282; x_wconf 91' lang='lat' dir='ltr'>illa</span> <span class='ocrx_word' id='word_1_316' title='bbox 1554 1255 1704 1283; x_wconf 91' lang='lat' dir='ltr'>mensa</span> <span class='ocrx_word' id='word_1_317' title='bbox 1732 1255 1846 1283; x_wconf 88' lang='lat' dir='ltr'>rece-</span> 
     </span>
     <span class='ocr_line' id='line_1_65' title="bbox 1026 1297 1847 1348; baseline 0.001 -9"><span class='ocrx_word' id='word_1_318' title='bbox 1026 1297 1194 1347; x_wconf 81' lang='lat' dir='ltr'>damus,</span> <span class='ocrx_word' id='word_1_319' title='bbox 1218 1298 1320 1339; x_wconf 88' lang='lat' dir='ltr'>facti</span> <span class='ocrx_word' id='word_1_320' title='bbox 1345 1297 1522 1338; x_wconf 78' lang='lat' dir='ltr'>diabolo</span> <span class='ocrx_word' id='word_1_321' title='bbox 1546 1298 1777 1348; x_wconf 81' lang='lat' dir='ltr'>terribiles,</span> <span class='ocrx_word' id='word_1_322' title='bbox 1805 1304 1847 1340; x_wconf 88' lang='lat' dir='ltr'>et</span> 
     </span>
     <span class='ocr_line' id='line_1_66' title="bbox 1025 1354 1846 1407; baseline 0.001 -12"><span class='ocrx_word' id='word_1_323' title='bbox 1025 1360 1156 1407; x_wconf 90' lang='lat' dir='ltr'>caput</span> <span class='ocrx_word' id='word_1_324' title='bbox 1178 1359 1376 1395; x_wconf 92' lang='lat' dir='ltr'>nostrum</span> <span class='ocrx_word' id='word_1_325' title='bbox 1396 1359 1541 1395; x_wconf 91' lang='lat' dir='ltr'>mente</span> <span class='ocrx_word' id='word_1_326' title='bbox 1562 1354 1846 1405; x_wconf 81' lang='lat' dir='ltr'>revolventes,</span> 
     </span>
     <span class='ocr_line' id='line_1_67' title="bbox 1025 1411 1845 1462; baseline 0 -10"><span class='ocrx_word' id='word_1_327' title='bbox 1025 1416 1068 1452; x_wconf 87' lang='lat' dir='ltr'>et</span> <span class='ocrx_word' id='word_1_328' title='bbox 1088 1411 1314 1452; x_wconf 78' lang='lat' dir='ltr'>caritatem</span> <span class='ocrx_word' id='word_1_329' title='bbox 1334 1423 1464 1462; x_wconf 91' lang='lat' dir='ltr'>quam</span> <span class='ocrx_word' id='word_1_330' title='bbox 1483 1423 1586 1461; x_wconf 85' lang='lat' dir='ltr'>erga</span> <span class='ocrx_word' id='word_1_331' title='bbox 1605 1423 1685 1451; x_wconf 91' lang='lat' dir='ltr'>nos</span> <span class='ocrx_word' id='word_1_332' title='bbox 1705 1413 1845 1452; x_wconf 92' lang='lat' dir='ltr'>osten-</span> 
     </span>
     <span class='ocr_line' id='line_1_68' title="bbox 1025 1466 1845 1519; baseline 0.002 -12"><span class='ocrx_word' id='word_1_333' title='bbox 1025 1467 1098 1508; x_wconf 89' lang='lat' dir='ltr'><strong>dit.</strong></span> <span class='ocrx_word' id='word_1_334' title='bbox 1150 1467 1264 1508; x_wconf 93' lang='lat' dir='ltr'>Nam</span> <span class='ocrx_word' id='word_1_335' title='bbox 1300 1468 1504 1519; x_wconf 87' lang='lat' dir='ltr'>parentes</span> <span class='ocrx_word' id='word_1_336' title='bbox 1543 1466 1718 1518; x_wconf 89' lang='lat' dir='ltr'>quidem</span> <span class='ocrx_word' id='word_1_337' title='bbox 1752 1468 1845 1509; x_wconf 78' lang='lat' dir='ltr'>aliis</span> 
     </span>
     <span class='ocr_line' id='line_1_69' title="bbox 1024 1522 1844 1575; baseline 0.001 -11"><span class='ocrx_word' id='word_1_338' title='bbox 1024 1536 1143 1575; x_wconf 87' lang='lat' dir='ltr'>saepe</span> <span class='ocrx_word' id='word_1_339' title='bbox 1175 1523 1288 1564; x_wconf 91' lang='lat' dir='ltr'>filios</span> <span class='ocrx_word' id='word_1_340' title='bbox 1320 1522 1497 1564; x_wconf 90' lang='lat' dir='ltr'>tradunt</span> <span class='ocrx_word' id='word_1_341' title='bbox 1529 1522 1727 1564; x_wconf 86' lang='lat' dir='ltr'>alendos:</span> <span class='ocrx_word' id='word_1_342' title='bbox 1764 1537 1844 1575; x_wconf 86' lang='lat' dir='ltr'>ego</span> 
     </span>
     <span class='ocr_line' id='line_1_70' title="bbox 1024 1578 1845 1631; baseline 0 -11"><span class='ocrx_word' id='word_1_343' title='bbox 1024 1586 1184 1629; x_wconf 89' lang='lat' dir='ltr'>autem,</span> <span class='ocrx_word' id='word_1_344' title='bbox 1211 1580 1366 1631; x_wconf 92' lang='lat' dir='ltr'>inquit,</span> <span class='ocrx_word' id='word_1_345' title='bbox 1394 1591 1482 1620; x_wconf 92' lang='lat' dir='ltr'>non</span> <span class='ocrx_word' id='word_1_346' title='bbox 1506 1579 1581 1629; x_wconf 88' lang='lat' dir='ltr'>ita,</span> <span class='ocrx_word' id='word_1_347' title='bbox 1608 1578 1687 1620; x_wconf 91' lang='lat' dir='ltr'>sed</span> <span class='ocrx_word' id='word_1_348' title='bbox 1711 1581 1845 1621; x_wconf 76' lang='lat' dir='ltr'>carni-</span> 
     </span>
     <span class='ocr_line' id='line_1_71' title="bbox 1022 1635 1845 1687; baseline 0 -10"><span class='ocrx_word' id='word_1_349' title='bbox 1022 1636 1104 1677; x_wconf 91' lang='lat' dir='ltr'>bus</span> <span class='ocrx_word' id='word_1_350' title='bbox 1135 1636 1243 1677; x_wconf 91' lang='lat' dir='ltr'>meis</span> <span class='ocrx_word' id='word_1_351' title='bbox 1275 1635 1365 1685; x_wconf 85' lang='lat' dir='ltr'>alo,</span> <span class='ocrx_word' id='word_1_352' title='bbox 1400 1640 1444 1678; x_wconf 88' lang='lat' dir='ltr'>et</span> <span class='ocrx_word' id='word_1_353' title='bbox 1474 1638 1688 1687; x_wconf 88' lang='lat' dir='ltr'>meipsum</span> <span class='ocrx_word' id='word_1_354' title='bbox 1721 1636 1845 1678; x_wconf 90' lang='lat' dir='ltr'>vobis</span> 
     </span>
     <span class='ocr_line' id='line_1_72' title="bbox 1023 1694 1845 1745; baseline 0.001 -12"><span class='ocrx_word' id='word_1_355' title='bbox 1023 1694 1211 1745; x_wconf 82' lang='lat' dir='ltr'>appono,</span> <span class='ocrx_word' id='word_1_356' title='bbox 1230 1705 1310 1733; x_wconf 92' lang='lat' dir='ltr'>vos</span> <span class='ocrx_word' id='word_1_357' title='bbox 1330 1705 1480 1734; x_wconf 90' lang='lat' dir='ltr'>omnes</span> <span class='ocrx_word' id='word_1_358' title='bbox 1497 1694 1734 1742; x_wconf 77' lang='lat' dir='ltr'>generesos</span> <span class='ocrx_word' id='word_1_359' title='bbox 1750 1705 1845 1734; x_wconf 87' lang='lat' dir='ltr'>esse</span> 
     </span>
     <span class='ocr_line' id='line_1_73' title="bbox 1022 1748 1845 1800; baseline 0 -11"><span class='ocrx_word' id='word_1_360' title='bbox 1022 1749 1186 1798; x_wconf 90' lang='lat' dir='ltr'>volens,</span> <span class='ocrx_word' id='word_1_361' title='bbox 1211 1754 1254 1790; x_wconf 90' lang='lat' dir='ltr'>et</span> <span class='ocrx_word' id='word_1_362' title='bbox 1278 1761 1402 1800; x_wconf 89' lang='lat' dir='ltr'>spem</span> <span class='ocrx_word' id='word_1_363' title='bbox 1426 1748 1586 1790; x_wconf 83' lang='lat' dir='ltr'>bonam</span> <span class='ocrx_word' id='word_1_364' title='bbox 1611 1748 1666 1789; x_wconf 91' lang='lat' dir='ltr'>de</span> <span class='ocrx_word' id='word_1_365' title='bbox 1691 1748 1845 1789; x_wconf 83' lang='lat' dir='ltr'>futuris</span> 
     </span>
     <span class='ocr_line' id='line_1_74' title="bbox 1021 1804 1845 1857; baseline -0.001 -11"><span class='ocrx_word' id='word_1_366' title='bbox 1021 1804 1149 1847; x_wconf 88' lang='lat' dir='ltr'>vobis</span> <span class='ocrx_word' id='word_1_367' title='bbox 1176 1804 1398 1857; x_wconf 88' lang='lat' dir='ltr'>praebens:</span> <span class='ocrx_word' id='word_1_368' title='bbox 1427 1805 1589 1856; x_wconf 90' lang='lat' dir='ltr'>quippe</span> <span class='ocrx_word' id='word_1_369' title='bbox 1618 1805 1692 1856; x_wconf 91' lang='lat' dir='ltr'>qui</span> <span class='ocrx_word' id='word_1_370' title='bbox 1720 1804 1845 1846; x_wconf 90' lang='lat' dir='ltr'>vobis</span> 
     </span>
     <span class='ocr_line' id='line_1_75' title="bbox 1021 1860 1843 1913; baseline 0 -12"><span class='ocrx_word' id='word_1_371' title='bbox 1021 1860 1091 1902; x_wconf 90' lang='lat' dir='ltr'>hie</span> <span class='ocrx_word' id='word_1_372' title='bbox 1114 1863 1328 1913; x_wconf 86' lang='lat' dir='ltr'>meipsum</span> <span class='ocrx_word' id='word_1_373' title='bbox 1350 1860 1522 1910; x_wconf 78' lang='lat' dir='ltr'>tradidi,</span> <span class='ocrx_word' id='word_1_374' title='bbox 1546 1860 1682 1902; x_wconf 92' lang='lat' dir='ltr'>multo</span> <span class='ocrx_word' id='word_1_375' title='bbox 1706 1861 1843 1912; x_wconf 84' lang='lat' dir='ltr'>magis</span> 
     </span>
     <span class='ocr_line' id='line_1_76' title="bbox 1021 1916 1843 1958; baseline 0 -1"><span class='ocrx_word' id='word_1_376' title='bbox 1021 1916 1067 1958; x_wconf 93' lang='lat' dir='ltr'>id</span> <span class='ocrx_word' id='word_1_377' title='bbox 1093 1917 1138 1957; x_wconf 93' lang='lat' dir='ltr'>in</span> <span class='ocrx_word' id='word_1_378' title='bbox 1163 1917 1310 1958; x_wconf 85' lang='lat' dir='ltr'>futuro</span> <span class='ocrx_word' id='word_1_379' title='bbox 1339 1917 1506 1958; x_wconf 79' lang='lat' dir='ltr'>faciam.</span> <span class='ocrx_word' id='word_1_380' title='bbox 1551 1917 1685 1958; x_wconf 75' lang='lat' dir='ltr'>Velui</span> <span class='ocrx_word' id='word_1_381' title='bbox 1711 1917 1843 1958; x_wconf 86' lang='lat' dir='ltr'>frater</span> 
     </span>
     <span class='ocr_line' id='line_1_77' title="bbox 1019 1973 1844 2025; baseline 0 -11"><span class='ocrx_word' id='word_1_382' title='bbox 1019 1977 1166 2014; x_wconf 86' lang='lat' dir='ltr'>vester</span> <span class='ocrx_word' id='word_1_383' title='bbox 1192 1973 1306 2022; x_wconf 90' lang='lat' dir='ltr'>fieri,</span> <span class='ocrx_word' id='word_1_384' title='bbox 1339 1973 1458 2013; x_wconf 89' lang='lat' dir='ltr'>carni</span> <span class='ocrx_word' id='word_1_385' title='bbox 1485 1977 1666 2025; x_wconf 89' lang='lat' dir='ltr'>propter</span> <span class='ocrx_word' id='word_1_386' title='bbox 1692 1985 1772 2014; x_wconf 88' lang='lat' dir='ltr'>vos</span> <span class='ocrx_word' id='word_1_387' title='bbox 1801 1978 1844 2014; x_wconf 92' lang='lat' dir='ltr'>et</span> 
     </span>
     <span class='ocr_line' id='line_1_78' title="bbox 1021 2029 1842 2079; baseline 0.001 -10"><span class='ocrx_word' id='word_1_388' title='bbox 1021 2029 1219 2079; x_wconf 76' lang='lat' dir='ltr'>sanguini</span> <span class='ocrx_word' id='word_1_389' title='bbox 1254 2029 1589 2070; x_wconf 76' lang='lat' dir='ltr'>communicavi:</span> <span class='ocrx_word' id='word_1_390' title='bbox 1626 2029 1752 2070; x_wconf 89' lang='lat' dir='ltr'>vobis</span> <span class='ocrx_word' id='word_1_391' title='bbox 1784 2029 1842 2069; x_wconf 91' lang='lat' dir='ltr'>vi-</span> 
     </span>
     <span class='ocr_line' id='line_1_79' title="bbox 1021 2085 1841 2138; baseline 0 -12"><span class='ocrx_word' id='word_1_392' title='bbox 1021 2086 1166 2126; x_wconf 88' lang='lat' dir='ltr'>cissim</span> <span class='ocrx_word' id='word_1_393' title='bbox 1202 2086 1344 2138; x_wconf 92' lang='lat' dir='ltr'>ipsam</span> <span class='ocrx_word' id='word_1_394' title='bbox 1384 2098 1558 2126; x_wconf 88' lang='lat' dir='ltr'>carnem</span> <span class='ocrx_word' id='word_1_395' title='bbox 1595 2090 1639 2126; x_wconf 92' lang='lat' dir='ltr'>et</span> <span class='ocrx_word' id='word_1_396' title='bbox 1675 2085 1841 2136; x_wconf 78' lang='lat' dir='ltr'>sangui-</span> 
     </span>
     <span class='ocr_line' id='line_1_80' title="bbox 1019 2141 1841 2193; baseline 0.001 -12"><span class='ocrx_word' id='word_1_397' title='bbox 1019 2153 1129 2191; x_wconf 91' lang='lat' dir='ltr'>nem,</span> <span class='ocrx_word' id='word_1_398' title='bbox 1155 2154 1234 2193; x_wconf 92' lang='lat' dir='ltr'>per</span> <span class='ocrx_word' id='word_1_399' title='bbox 1259 2154 1357 2192; x_wconf 87' lang='lat' dir='ltr'>quae</span> <span class='ocrx_word' id='word_1_400' title='bbox 1382 2143 1594 2192; x_wconf 79' lang='lat' dir='ltr'>cognatus</span> <span class='ocrx_word' id='word_1_401' title='bbox 1616 2146 1762 2183; x_wconf 89' lang='lat' dir='ltr'>vester</span> <span class='ocrx_word' id='word_1_402' title='bbox 1784 2141 1841 2182; x_wconf 91' lang='lat' dir='ltr'>fa-</span> 
     </span>
     <span class='ocr_line' id='line_1_81' title="bbox 1020 2197 1403 2247; baseline 0 -9"><span class='ocrx_word' id='word_1_403' title='bbox 1020 2202 1114 2239; x_wconf 90' lang='lat' dir='ltr'>ctus</span> <span class='ocrx_word' id='word_1_404' title='bbox 1134 2210 1240 2247; x_wconf 90' lang='lat' dir='ltr'>sum,</span> <span class='ocrx_word' id='word_1_405' title='bbox 1263 2197 1403 2238; x_wconf 90' lang='lat' dir='ltr'>trado.</span> 
     </span>
     <span class='ocr_line' id='line_1_82' title="bbox 1070 2253 1603 2306; baseline 0.002 -13"><span class='ocrx_word' id='word_1_406' title='bbox 1070 2256 1119 2306; x_wconf 77' lang='lat' dir='ltr'>R.</span> <span class='ocrx_word' id='word_1_407' title='bbox 1146 2253 1332 2306; x_wconf 79' lang='lat' dir='ltr'>Accepit</span> <span class='ocrx_word' id='word_1_408' title='bbox 1358 2253 1496 2295; x_wconf 90' lang='lat' dir='ltr'>Jesus.</span> <span class='ocrx_word' id='word_1_409' title='bbox 1523 2254 1603 2294; x_wconf 89' lang='grc'><strong>151.</strong></span> 
     </span>
     <span class='ocr_line' id='line_1_83' title="bbox 1255 2312 1540 2353; baseline 0 -2"><span class='ocrx_word' id='word_1_410' title='bbox 1255 2349 1257 2351; x_wconf 88' lang='grc'><strong>.</strong></span> <span class='ocrx_word' id='word_1_411' title='bbox 1318 2312 1467 2353; x_wconf 84' lang='lat' dir='ltr'>Lectio</span> <span class='ocrx_word' id='word_1_412' title='bbox 1488 2313 1540 2352; x_wconf 86' lang='lat' dir='ltr'>vi.</span> 
     </span>
     <span class='ocr_line' id='line_1_84' title="bbox 1094 2365 1838 2418; baseline -0.004 -11"><span class='ocrx_word' id='word_1_413' title='bbox 1094 2365 1345 2407; x_wconf 76' lang='lat' dir='ltr'>ttendamus</span> <span class='ocrx_word' id='word_1_414' title='bbox 1380 2368 1527 2418; x_wconf 89' lang='lat' dir='ltr'>itaque</span> <span class='ocrx_word' id='word_1_415' title='bbox 1562 2365 1689 2406; x_wconf 91' lang='lat' dir='ltr'>nobis</span> <span class='ocrx_word' id='word_1_416' title='bbox 1722 2365 1838 2416; x_wconf 91' lang='lat' dir='ltr'>ipsis,</span> 
     </span>
     <span class='ocr_line' id='line_1_85' title="bbox 1137 2421 1838 2472; baseline -0.003 -9"><span class='ocrx_word' id='word_1_417' title='bbox 1137 2422 1424 2472; x_wconf 84' lang='lat' dir='ltr'>dilectissimi,</span> <span class='ocrx_word' id='word_1_418' title='bbox 1456 2422 1616 2463; x_wconf 76' lang='lat' dir='ltr'>talibus</span> <span class='ocrx_word' id='word_1_419' title='bbox 1647 2421 1838 2462; x_wconf 78' lang='lat' dir='ltr'>fruentes</span> 
     </span>
     <span class='ocr_line' id='line_1_86' title="bbox 1015 2476 1837 2530; baseline -0.005 -10"><span class='ocrx_word' id='word_1_420' title='bbox 1015 2477 1158 2520; x_wconf 91' lang='lat' dir='ltr'>bonis:</span> <span class='ocrx_word' id='word_1_421' title='bbox 1184 2483 1227 2520; x_wconf 89' lang='lat' dir='ltr'>et</span> <span class='ocrx_word' id='word_1_422' title='bbox 1245 2491 1344 2520; x_wconf 91' lang='lat' dir='ltr'>cum</span> <span class='ocrx_word' id='word_1_423' title='bbox 1364 2478 1527 2530; x_wconf 74' lang='lat' dir='ltr'>aliquid</span> <span class='ocrx_word' id='word_1_424' title='bbox 1545 2483 1673 2530; x_wconf 89' lang='lat' dir='ltr'>turpe</span> <span class='ocrx_word' id='word_1_425' title='bbox 1693 2476 1837 2518; x_wconf 87' lang='lat' dir='ltr'>dicere</span> 
     </span>
     <span class='ocr_line' id='line_1_87' title="bbox 1017 2532 1836 2584; baseline -0.004 -9"><span class='ocrx_word' id='word_1_426' title='bbox 1017 2534 1291 2584; x_wconf 89' lang='lat' dir='ltr'>voluerimus,</span> <span class='ocrx_word' id='word_1_427' title='bbox 1316 2534 1386 2575; x_wconf 90' lang='lat' dir='ltr'>vel</span> <span class='ocrx_word' id='word_1_428' title='bbox 1408 2547 1489 2575; x_wconf 89' lang='lat' dir='ltr'>nos</span> <span class='ocrx_word' id='word_1_429' title='bbox 1513 2533 1568 2575; x_wconf 92' lang='lat' dir='ltr'>ab</span> <span class='ocrx_word' id='word_1_430' title='bbox 1591 2534 1654 2574; x_wconf 91' lang='lat' dir='ltr'>ira</span> <span class='ocrx_word' id='word_1_431' title='bbox 1678 2532 1836 2584; x_wconf 81' lang='lat' dir='ltr'>corripi</span> 
     </span>
     <span class='ocr_line' id='line_1_88' title="bbox 1015 2589 1834 2642; baseline -0.004 -11"><span class='ocrx_word' id='word_1_432' title='bbox 1015 2589 1262 2640; x_wconf 89' lang='lat' dir='ltr'>viderimus,</span> <span class='ocrx_word' id='word_1_433' title='bbox 1281 2590 1350 2632; x_wconf 90' lang='lat' dir='ltr'>vel</span> <span class='ocrx_word' id='word_1_434' title='bbox 1368 2590 1452 2631; x_wconf 79' lang='lat' dir='ltr'>alio</span> <span class='ocrx_word' id='word_1_435' title='bbox 1474 2589 1680 2642; x_wconf 84' lang='lat' dir='ltr'>qu6piam</span> <span class='ocrx_word' id='word_1_436' title='bbox 1695 2589 1834 2640; x_wconf 83' lang='lat' dir='ltr'>hujus-</span> 
     </span>
     <span class='ocr_line' id='line_1_89' title="bbox 1014 2643 1834 2697; baseline -0.006 -9"><span class='ocrx_word' id='word_1_437' title='bbox 1014 2646 1134 2688; x_wconf 88' lang='lat' dir='ltr'>modi</span> <span class='ocrx_word' id='word_1_438' title='bbox 1165 2647 1292 2697; x_wconf 89' lang='lat' dir='ltr'>vitio,</span> <span class='ocrx_word' id='word_1_439' title='bbox 1324 2645 1648 2688; x_wconf 86' lang='lat' dir='ltr'>consideremus</span> <span class='ocrx_word' id='word_1_440' title='bbox 1679 2643 1834 2696; x_wconf 93' lang='lat' dir='ltr'>quibus</span> 
     </span>
     <span class='ocr_line' id='line_1_90' title="bbox 1014 2699 1832 2754; baseline -0.005 -11"><span class='ocrx_word' id='word_1_441' title='bbox 1014 2702 1116 2744; x_wconf 88' lang='lat' dir='ltr'>facti</span> <span class='ocrx_word' id='word_1_442' title='bbox 1139 2715 1286 2744; x_wconf 90' lang='lat' dir='ltr'>sumus</span> <span class='ocrx_word' id='word_1_443' title='bbox 1307 2702 1438 2754; x_wconf 87' lang='lat' dir='ltr'>digni:</span> <span class='ocrx_word' id='word_1_444' title='bbox 1463 2702 1649 2754; x_wconf 87' lang='lat' dir='ltr'>talisque</span> <span class='ocrx_word' id='word_1_445' title='bbox 1673 2699 1832 2750; x_wconf 81' lang='lat' dir='ltr'>cogita—</span> 
     </span>
    </p>
   </div>
  </div>
 </body>
</html>
