2040 2976
181 205 258 249 [30]
755 214 765 244 (
775 213 809 245 Io
814 222 847 245 m
854 223 886 245 ni
894 224 913 245 n
919 223 941 245 n
947 225 964 246 c

490 307 699 357 Hymnus.

281 373 425 413 nvicte
446 371 624 423 Martyr,
652 371 830 413 unicum

311 427 454 468 Patris
475 431 653 469 secutus
672 427 841 477 Filium,

284 483 426 525 Victis
445 483 690 536 triumphas
709 483 921 530 hostibus

287 540 443 581 Victor
462 540 611 581 fruens
632 539 896 581 coelestibus.

236 604 317 645 Tui
336 606 542 657 precatus
561 607 742 646 munere

286 661 499 702 Nostrum
518 662 690 702 reatum
710 660 837 710 dilue,

287 717 457 758 Arcens
477 717 579 758 mali
599 717 861 767 contagium,

287 773 405 815 Vitae
424 773 643 826 repellens
661 773 853 814 taedium.

236 837 390 879 Soluta
408 843 510 879 sunt
527 838 612 889 jam
631 837 804 878 vincula

289 894 374 935 Tui
394 894 553 936 sacrati
573 894 789 946 corporis:

287 950 382 991 Nos
403 950 527 998 solve
544 950 699 991 vinclis
719 948 880 997 saeculi,

287 1007 419 1048 Dono
438 1006 617 1059 superni
635 1006 847 1047 Numinis.

239 1074 334 1113 Deo
354 1071 475 1113 Patri
493 1072 549 1113 sit
567 1071 717 1123 gloria,

288 1128 482 1180 Eiusque
502 1127 584 1169 soli
602 1127 724 1177 Filio,

290 1183 400 1224 Cum
419 1183 583 1236 Spiritu
601 1183 833 1232 Paraclito‚

287 1239 427 1290 Nunc,
457 1245 500 1282 et
518 1253 598 1293 per
617 1252 748 1281 omne
768 1239 990 1281 saeculum.

496 1296 651 1338 Amen.

240 1359 286 1410 Y'.
330 1361 480 1403 Justus
531 1366 580 1403 ut
633 1361 780 1414 palma
830 1360 1015 1402 florebit.

190 1422 236 1471 R>
261 1418 383 1459 Sicut
426 1418 584 1460 cedrus
619 1417 776 1459 Libani
810 1416 1015 1469 multipli-

184 1474 364 1516 cabitur.

242 1535 310 1575 Ad
342 1534 498 1575 Bened.
527 1535 627 1574 Ant.
657 1533 741 1583 Qui
766 1533 860 1575 odit
883 1534 907 1559 *
930 1533 1016 1574 ani-

185 1603 302 1631 mam
322 1602 446 1631 suam
463 1590 508 1630 in
526 1590 612 1631 hoc
626 1589 804 1639 mundo,
823 1590 867 1630 in
882 1590 1016 1631 vitam

186 1648 398 1688 aeternam
419 1645 612 1688 custodit
632 1658 739 1687 eam.

304 1714 386 1753 Pro
408 1713 598 1764 Martyre
620 1719 662 1753 et
682 1713 905 1754 Pontifice.

523 1778 686 1819 Oratio.

190 1835 517 1939 Infirmitatem
543 1843 742 1880 nostram
770 1839 942 1892 respice
973 1852 1017 1879 o-

264 1898 516 1949 mnipotens
539 1895 677 1937 Deus:
709 1900 754 1937 et
782 1896 884 1948 quia
910 1908 1017 1948 pon-

188 1952 270 1994 dus
288 1952 482 2005 propriae
502 1951 688 1994 actionis
707 1956 872 2003 gravat,
899 1951 1018 1993 beati

190 2009 243 2048 N.·
258 2009 463 2061 Martyris
482 2009 545 2050 tui
566 2013 699 2060 atque
712 2008 939 2050 Pontificis
958 2008 1018 2049 in-

187 2065 399 2106 tercessio
440 2065 634 2115 gloriosa
675 2077 758 2106 nos
801 2067 1018 2117 protegat.

188 2121 273 2162 Per
291 2121 529 2162 Dominum
547 2125 759 2162 nostrum.

465 2192 558 2230 Alia
581 2192 743 2231 Oratio.

280 2262 374 2300 eus,
403 2251 476 2302 qui
500 2263 583 2292 nos
605 2251 725 2293 beati
743 2252 793 2291 N.
811 2251 1020 2303 Martyris

296 2306 360 2348 tui
385 2311 517 2358 atque
535 2307 762 2349 Pontificis
788 2310 932 2349 annua
952 2320 1019 2349 so-

190 2363 415 2404 lemnitate
429 2362 641 2404 laetificas:
661 2364 855 2406 concede
873 2366 1019 2418 propi-

190 2419 292 2468 tius;
319 2422 367 2460 ut
387 2419 508 2469 cujus
526 2419 722 2461 natalitia
741 2420 936 2470 colimus
965 2420 1020 2462 de

192 2474 386 2526 ejusdem
403 2474 535 2516 etiam
548 2476 824 2527 protectione
840 2476 1022 2527 gaudea-

191 2543 300 2572 mus.
332 2531 418 2572 Per
436 2530 674 2572 Dominum
692 2537 904 2574 nostrum.

247 2594 329 2634 l'ro
350 2593 541 2644 Martyrc
563 2599 741 2635 tantum.
803 2597 965 2637 Oratio.

275 2668 410 2706 raesta
451 2665 701 2716 quaesumus
744 2668 1022 2718 omnipotens

296 2721 434 2762 Deus:
452 2725 500 2761 ut
520 2720 594 2774 qui
613 2719 730 2762 beati
745 2722 797 2760 N.
816 2721 1022 2775 Martyris

992 213 1104 245 unius
1133 210 1319 253 Martyris

1063 300 1126 342 tui
1145 299 1342 341 natalitia
1360 297 1557 346 colimus,
1580 295 1895 338 intercessione

1065 357 1154 408 ejus
1177 356 1221 396 in
1244 355 1307 396 tui
1332 353 1523 395 nominis
1547 354 1698 394 amore
1717 351 1894 394 robore-

1063 426 1170 454 mur.
1202 412 1287 453 Per
1305 410 1545 452 Dominum
1562 413 1775 451 nostrum.

1340 484 1436 523 Alia
1459 482 1622 523 Oratio.

1148 545 1281 582 raesta
1323 541 1576 592 quaesumus
1619 539 1897 590 omnipotens

1161 599 1298 639 Deus:
1317 601 1366 638 ut
1385 594 1685 637 intercedente
1699 593 1832 635 beato
1844 597 1896 638 N.

1066 655 1260 707 Martyre
1283 658 1377 702 tuo,
1406 657 1450 694 et
1474 665 1499 693 a
1518 651 1687 693 cunctis
1707 648 1898 691 adversi-

1066 710 1231 753 tatibus
1254 709 1491 751 liberemur
1514 708 1559 749 in
1579 709 1784 760 corpore,
1812 709 1856 747 et
1874 717 1899 746 a

1066 767 1214 820 pravis
1256 764 1597 816 cogitationibus
1637 761 1900 804 mundemur

1067 824 1110 864 in
1129 828 1285 865 mente.
1326 823 1411 863 Per
1429 820 1670 862 Dominum
1687 823 1900 861 nostrum.

1334 898 1402 935 Ad
1426 897 1629 934 Tertiam.

1120 958 1221 1002 Ant.
1251 955 1334 1005 Oui
1355 954 1552 1022 sequitur
1571 966 1653 995 me.

1122 1018 1260 1069 Capit.
1289 1017 1454 1057 Beatus
1474 1014 1552 1055 vir.
1577 1023 1623 1057 ut
1643 1030 1786 1068 supra.
1818 1010 1902 1064 [29]

1122 1079 1171 1131 R.
1192 1078 1253 1119 br.
1282 1075 1436 1118 Gloria
1460 1080 1504 1117 et
1526 1075 1697 1116 honore
1720 1077 1743 1102 *
1768 1072 1901 1113 Coro-

1068 1134 1183 1175 nasti
1198 1146 1297 1175 eum
1311 1131 1512 1173 Domine.
1533 1131 1686 1173 Gloria
1705 1134 1760 1171 et.
1778 1126 1829 1179 V.
1845 1128 1903 1170 Et

1069 1189 1334 1232 constituisti
1359 1201 1461 1230 eum
1487 1200 1620 1240 super
1650 1188 1788 1239 opera
1812 1186 1901 1226 ma-

1068 1259 1203 1288 nuum
1235 1247 1421 1287 tuarum.
1466 1243 1711 1285 Coronasti.
1749 1241 1903 1284 Gloria

1069 1303 1199 1344 Patri.
1237 1301 1391 1343 Gloria
1415 1305 1470 1347 et.

1123 1361 1174 1411 V
1190 1362 1386 1405 Posuisti
1403 1361 1596 1403 Domine
1616 1372 1750 1413 super
1770 1363 1903 1412 caput

1071 1421 1172 1472 ejus.
1216 1423 1266 1474 K·
1297 1419 1520 1461 Coronam
1547 1417 1604 1460 de
1630 1415 1780 1470 lapide
1806 1427 1902 1469 pre-

1068 1477 1196 1518 tioso.

1349 1527 1417 1564 Ad
1441 1526 1630 1564 Sextam.

1127 1590 1162 1629 Α
1169 1594 1225 1629 nt.
1255 1584 1338 1636 Qui
1355 1583 1462 1625 mihi
1479 1582 1709 1625 ministrat.

1178 1655 1436 1707 Capitulum.
1589 1656 1721 1696 Eccli.
1741 1656 1800 1696 15.

1072 1708 1285 1817 cibavit
1311 1713 1435 1754 illum
1456 1725 1572 1766 pane
1591 1713 1695 1754 vitae
1715 1717 1760 1754 et·
1781 1712 1904 1755 intel-

1165 1770 1318 1820 lectus,
1347 1774 1391 1811 et
1410 1782 1526 1822 aqua
1544 1769 1774 1822 sapientiae
1793 1769 1904 1811 salu-

1070 1827 1179 1868 taris
1203 1826 1377 1880 potavit
1398 1826 1522 1868 illum
1538 1825 1758 1867 Dominus
1783 1826 1905 1868 Deus

1070 1887 1232 1925 noster.

1126 1946 1176 1996 R.
1197 1944 1259 1984 br.
1287 1943 1482 1986 Posuisti
1505 1943 1696 1985 Domine
1717 1946 1739 1969 *
1764 1942 1907 1996 Super

1073 2004 1206 2053 caput
1234 2001 1336 2052 ejus
1368 2000 1574 2042 Posuisti.
1606 1995 1657 2047 V.
1685 1999 1906 2041 Coronam

1073 2057 1129 2099 de
1148 2056 1297 2110 lapide
1319 2057 1530 2110 pretioso.
1567 2055 1719 2137 Super.
1755 2056 1907 2099 Gloria

1071 2114 1204 2155 Patri.
1239 2113 1444 2155 Posuisti.

1127 2169 1176 2221 V.
1193 2174 1355 2225 Magna
1374 2178 1442 2216 est
1460 2173 1602 2225 gloria
1621 2174 1712 2226 ejus
1730 2173 1776 2214 in
1794 2173 1906 2215 salu-

1073 2231 1159 2273 tari
1186 2235 1276 2272 tuo.
1316 2232 1366 2283 Ri.
1401 2230 1601 2272 Gloriam
1629 2235 1673 2272 et
1700 2243 1906 2281 magnum

1075 2287 1284 2329 decorem
1303 2287 1505 2340 impones
1525 2299 1660 2339 super
1679 2299 1789 2328 eum.

1352 2364 1420 2401 Ad
1443 2364 1629 2402 Nonam.

1127 2421 1226 2460 Ant.
1263 2421 1372 2463 Volo
1391 2421 1534 2463 Pater.

1180 2493 1438 2544 Capitulum.
1587 2495 1719 2535 Eccli.
1735 2496 1800 2535 39.

1145 2557 1271 2594 ustus
1286 2565 1364 2594 cor
1383 2565 1510 2594 suum
1527 2551 1713 2596 tradidit
1731 2550 1789 2592 ad
1802 2550 1907 2602 vigi-

1166 2609 1348 2651 landum
1368 2608 1562 2650 diluculo
1581 2607 1639 2650 ad
1656 2606 1907 2656 Dominum,

1077 2666 1151 2718 qui
1187 2666 1291 2707 fecit
1328 2665 1469 2715 illum,
1512 2670 1557 2707 et
1587 2665 1633 2705 in
1665 2664 1907 2715 conspectu

1076 2722 1291 2764 Altissimi
1319 2721 1641 2774 deprecabitur.
