2040 2976
431 203 503 237 Die
528 204 557 237 3.
582 204 679 246 Aug.
728 204 770 237 In
794 203 1022 237 Inventione
1050 203 1084 237 S.
1109 203 1295 246 Stephani
1323 205 1549 239 l'rotoinart.

1788 204 1856 239 465

190 308 240 360 Ει.
267 306 491 349 Videbant
519 320 672 349 omnes
700 307 971 360 Stephanum

138 362 213 414 qui
241 367 364 404 erant
391 363 435 404 in
464 363 668 405 concilio:
698 366 720 390 *
751 364 808 405 Et
834 364 970 405 intue-

136 418 298 460 bantur
321 419 492 460 vultum
517 421 608 472 ejus
631 425 857 472 tamquam
881 419 970 460 vul-

135 479 230 516 tum
241 475 400 526 Angeli
409 477 566 518 stantis
573 476 687 517 inter
695 476 805 518 illos.
814 471 864 522 V.
875 475 969 517 Ple-

136 544 217 571 nus
243 532 383 581 gratia
409 537 453 574 et
479 532 755 581 fortitudine,
781 531 971 573 faciebat

135 587 339 639 prodigia
358 593 402 630 et
422 589 545 640 signa
559 601 717 640 magna
731 589 775 629 in
791 588 970 641 populo.

137 643 194 685 Et
211 643 505 686 intuebantur.

442 714 595 755 Lectio
616 715 671 754 iii.

221 770 345 812 ositis
370 775 517 812 autem
541 770 737 821 genibuS,
766 770 971 812 clamavit

245 839 356 868 voce
382 839 556 877 magna,
586 826 752 868 dicens:
779 827 970 869 Domine

137 895 192 924 ne
217 885 385 925 statuas
411 883 496 924 illis
523 883 609 925 hoc
635 886 880 936 peccatum.
914 883 971 925 Et

137 952 237 980 cum
268 939 355 981 hoc
387 938 586 990 dixisset,
624 939 893 982 obdormivit
926 940 970 980 in

136 995 341 1036 Domino.
388 995 544 1037 Saulus
573 1001 720 1038 autem
749 1001 842 1038 erat
871 1009 970 1037 con-

138 1052 330 1093 sentiens
349 1052 447 1093 neci
461 1052 564 1103 ejus.
590 1052 727 1094 Facta
742 1058 809 1094 est
825 1058 970 1094 autem

136 1108 180 1149 in
198 1107 273 1149 illa
293 1107 364 1150 die
385 1109 637 1160 persecutio
656 1122 813 1160 magna
832 1110 875 1149 in
889 1109 969 1150 Ec-

138 1164 287 1214 clesia,
326 1177 425 1217 quae
462 1170 556 1206 erat
585 1165 890 1217 Jerosolymis:
928 1170 971 1207 et

139 1233 290 1263 omnes
319 1220 507 1274 dispersi
532 1227 633 1263 sunt
659 1235 740 1274 per
767 1223 970 1273 regiones

137 1276 305 1319 Judaeae
331 1283 374 1319 et
401 1278 627 1327 Samariae,
659 1283 823 1330 praeter
851 1278 970 1331 Apo-

138 1333 289 1375 stolos.
324 1334 597 1376 Curaverunt
619 1339 766 1375 autem
789 1334 971 1386 Stepha-

137 1404 241 1431 num
255 1391 338 1432 viri
355 1391 560 1440 timorati,
580 1395 623 1432 et
639 1391 836 1433 fecerunt
850 1391 970 1444 plan-

60 1466 63 1471 ·
138 1452 257 1488 ctum
275 1459 481 1498 magnum
501 1460 634 1499 super
653 1460 763 1488 eum.

192 1514 243 1566 R.
258 1512 439 1553 Intuens
459 1512 503 1552 in
523 1512 684 1553 coelum
702 1512 859 1554 beatus
879 1512 970 1553 Ste-

138 1566 320 1620 phanus,
343 1567 453 1610 vidit
471 1568 656 1619 gloriam
674 1568 769 1618 Dei,
793 1573 836 1610 et
854 1569 928 1609 ait:
947 1573 969 1595 *

138 1623 255 1665 Ecce
283 1624 414 1666 video
443 1624 582 1666 coelos
611 1626 804 1676 apertos,
834 1630 878 1666 et
905 1625 971 1665 Fi-

137 1679 243 1721 lium
261 1680 449 1722 hominis
465 1686 651 1723 stantem
667 1694 693 1722 a
708 1680 876 1722 dextris
890 1681 970 1722 vir-

137 1736 245 1778 tutis
263 1737 357 1778 Dei.
387 1732 436 1783 V.
453 1738 563 1779 Cum
582 1743 728 1779 autem
749 1742 866 1779 esset
879 1737 970 1778 Ste-

137 1792 309 1846 phanus
335 1793 492 1846 plenus
518 1794 683 1847 Spiritu
710 1798 883 1843 sancto,
911 1793 971 1834 in-

137 1848 323 1891 tendens
355 1850 399 1891 in
432 1850 611 1899 coelum,
643 1849 753 1892 vidit
785 1849 971 1901 gloriam

138 1905 233 1956 Dei,
252 1910 296 1948 et
315 1906 385 1948 ait.
413 1906 541 1948 Ecce.
570 1906 733 1948 Gloria.
761 1906 888 1948 Eece.

369 1982 418 2020 In
444 1982 495 2019 ΙΙ.
519 1981 743 2020 Nocturno.

442 2046 594 2086 Lectio
615 2047 668 2085 iv.

144 2111 230 2163 (³5
245 2106 475 2146 anctorum
526 2107 717 2158 corpora
762 2105 972 2157 Stephani

145 2161 148 2167 ⁴
161 2131 234 2216 (Ἣ
261 2161 617 2214 Protomartyris‚
629 2161 895 2210 Gamalielis‚
906 2161 974 2202 Ni-

192 2227 199 2231 ”
222 2237 224 2240 ·
263 2217 437 2259 codemi
461 2223 505 2259 et
524 2218 752 2267 Abibonis,
779 2230 877 2269 quae
898 2216 972 2258 diu

139 2274 184 2314 in
217 2273 407 2315 obscuro
436 2287 488 2316 ac
516 2274 698 2316 sordido
726 2275 827 2315 loco
860 2274 971 2324 jacu-

141 2335 275 2379 erant,
295 2330 495 2371 Honorio
521 2331 800 2383 imperatore,
819 2330 971 2370 Lucia-

139 2398 197 2426 no
216 2385 480 2438 presbytero
505 2385 714 2428 divinitus
735 2386 972 2434 admonito,

139 2442 316 2483 inventa
342 2448 443 2484 sunt
470 2455 612 2495 prope
639 2443 664 2483 J
667 2441 972 2493 erosolymam.

141 2498 221 2539 Cui
238 2498 454 2540 Gamaliel
474 2511 573 2540 cum
592 2499 636 2539 in
654 2498 818 2540 somnis
838 2510 970 2550 appa-

140 2557 311 2605 ruisset,
335 2555 459 2605 gravi
485 2554 675 2607 quadam
696 2559 740 2596 et
757 2554 973 2606 praeclara

141 2611 257 2652 senis
278 2612 436 2664 specie,
460 2611 608 2652 locum
628 2610 861 2662 iacentium
880 2611 973 2651 cor-

140 2679 300 2719 porum
328 2667 708 2716 commonstravit,
741 2668 972 2718 imperans,

140 2729 189 2765 ut
202 2724 226 2764 J
229 2726 416 2765 oannem
431 2724 455 2764 J
458 2723 849 2775 erosolymitanum
865 2724 972 2763 anti-

1024 307 1171 349 stitem
1200 306 1358 356 adiret,
1391 309 1630 358 ageretque
1663 319 1762 348 cum
1790 319 1856 356 eo,

1023 369 1071 405 ut
1103 363 1331 404 honestius
1364 363 1438 404 illa
1475 365 1662 416 corpora
1699 362 1855 415 sepeli-

1023 422 1184 462 rentur.

1077 478 1127 529 Ιίι.
1145 476 1426 528 Lapidabant
1445 475 1715 528 Stephanum
1735 475 1854 516 invo-

1025 534 1200 574 cantem
1220 537 1263 574 et
1282 532 1515 574 dicentem:
1534 537 1556 560 *
1579 532 1767 573 Domine
1787 532 1813 572 J
1815 544 1854 572 e-

1025 602 1076 630 su
1097 589 1281 638 Christe,
1301 589 1454 641 accipe
1474 588 1675 641 spiritum
1694 600 1856 629 meum:

1025 650 1069 686 et
1100 658 1155 686 ne
1184 647 1352 687 statuas
1382 645 1469 686 illis
1501 645 1586 686 hoc
1612 646 1854 697 peccatum.

1026 700 1075 751 V.
1092 702 1253 743 Positis
1279 707 1427 743 autem
1449 701 1632 752 genibus
1652 701 1856 742 clamavit

1024 771 1135 800 voce
1154 771 1325 810 magna,
1346 757 1506 799 dicens.
1541 757 1740 799 Domine.

1335 826 1486 867 Lectio
1510 841 1543 865 v.
1903 857 1905 865 .

1028 869 1238 993 Quibus
1281 883 1442 925 auditis
1479 884 1503 924 J
1506 883 1857 935 erosolymorum

1140 942 1339 989 antistes,
1372 940 1655 981 finitimarum
1682 938 1857 980 urbium

1025 997 1247 1049 episcopis
1262 996 1625 1049 presbyterisque
1641 997 1855 1037 convoca·
1904 995 1905 998 ’

1024 1053 1092 1099 tis.
1111 1053 1167 1094 ad
1182 1053 1329 1094 locum
1343 1054 1502 1106 pergit:
1523 1051 1725 1094 defossos
1739 1051 1856 1093 locu-

1024 1109 1092 1150 los
1114 1110 1289 1159 invenit,
1308 1109 1425 1151 unde
1441 1110 1725 1150 suavissimus
1746 1108 1858 1150 odor

1025 1165 1267 1207 efflabatur.
1302 1167 1432 1217 Cujus
1452 1166 1515 1207 rei
1534 1166 1649 1206 fama
1665 1168 1856 1206 commo-

1023 1228 1084 1273 ta,
1109 1235 1269 1273 magna
1293 1222 1521 1263 hominum
1540 1221 1776 1263 multitudo
1803 1234 1856 1262 eo

1025 1279 1245 1328 convenit,
1269 1279 1485 1330 multique
1511 1291 1564 1319 ex
1586 1278 1718 1318 variis
1742 1290 1855 1318 mor-

1023 1334 1092 1376 bis
1114 1335 1269 1386 aegroti
1289 1348 1340 1376 ac
1361 1334 1544 1383 debiles,
1570 1334 1663 1375 sani
1688 1338 1730 1375 et
1749 1336 1855 1375 inte-

1024 1390 1291 1442 gridomum
1310 1391 1546 1433 redierunt.
1585 1392 1765 1432 Sacrum
1785 1404 1856 1431 au-

1024 1453 1114 1489 tem
1138 1448 1280 1489 sancti
1299 1447 1511 1499 Stephani
1531 1460 1709 1499 corpus,
1737 1446 1856 1499 quod

1025 1517 1194 1545 summa
1208 1509 1313 1545 tunc
1328 1504 1586 1546 celebritate
1600 1504 1644 1543 in
1661 1508 1857 1544 sanctam

1025 1560 1257 1602 ecclesiam
1292 1561 1397 1602 Sion
1433 1560 1603 1602 illatum
1646 1564 1729 1608 est,
1775 1559 1856 1601 sub

1024 1616 1282 1658 Theodosio
1304 1617 1470 1669 juniore
1490 1616 1856 1668 Constantinopo-

1023 1672 1116 1722 lim,
1150 1672 1252 1714 inde
1284 1673 1473 1714 Romam
1499 1672 1680 1723 Pelagio
1714 1673 1856 1724 primo

1025 1729 1203 1770 Summo
1239 1729 1455 1770 Pontifice
1491 1728 1769 1778 translatum,
1813 1729 1857 1768 in
1905 1735 1907 1761 ἰ

1025 1798 1132 1836 agro
1160 1786 1339 1827 Verano
1371 1785 1416 1825 in
1449 1784 1684 1836 sepulchro
1718 1784 1857 1825 sancti

1024 1842 1250 1883 Laurentii
1267 1842 1471 1894 Martyris
1491 1841 1759 1882 collocatum
1779 1845 1858 1882 est.

1078 1906 1128 1956 R.
1141 1904 1362 1955 Impetum
1381 1903 1577 1944 fecerunt
1594 1901 1856 1943 unanimiter

1023 1959 1067 1999 in
1090 1971 1205 2008 eum,
1231 1964 1275 2000 et
1296 1960 1516 2011 ejecerunt
1537 1971 1636 1999 eum
1657 1963 1780 1999 extra
1800 1959 1855 1999 ci-
1904 1963 1907 1966 ’

1024 2016 1222 2064 vitatem,
1248 2016 1527 2056 invocantem
1553 2020 1597 2056 et
1620 2015 1857 2056 dicentem:

1027 2073 1047 2096 *
1082 2072 1271 2113 Domine
1307 2072 1429 2121 Jesu,
1466 2071 1619 2123 accipe
1657 2071 1857 2123 spiritum
1903 2103 1922 2114 „

1024 2141 1181 2170 meum.
1225 2124 1275 2174 V.
1301 2128 1358 2169 Et
1385 2133 1523 2170 testes
1557 2127 1857 2180 deposuerunt

1024 2185 1285 2226 vestimenta
1304 2197 1382 2225 sua
1402 2197 1529 2226 secus
1550 2184 1689 2236 pedes
1709 2183 1855 2224 adole-

1025 2241 1204 2290 scentis,
1237 2241 1311 2292 qui
1337 2240 1580 2282 vocabatur
1606 2240 1776 2282 Saulus:
1814 2245 1857 2281 et

1024 2295 1283 2349 lapidabant
1293 2297 1563 2349 Stephanum
1578 2297 1856 2338 invocantem

1026 2358 1069 2395 et
1089 2353 1319 2395 dicentem.
1347 2354 1547 2395 Domine.
1627 2350 1637 2358 ’

1024 2433 1091 2472 Ex
1114 2430 1228 2473 libro
1248 2431 1289 2472 S.
1309 2430 1543 2481 Augustini
1562 2429 1775 2483 Episcopi
1800 2427 1855 2469 de

1291 2487 1478 2529 Civitate
1498 2486 1592 2528 Dei.

1151 2545 1231 2578 Lib.
1255 2544 1307 2577 22.
1333 2544 1425 2588 Cap.
1450 2546 1483 2578 8.
1510 2546 1610 2578 circa
1635 2545 1731 2577 med.

1328 2602 1478 2642 Lectio
1500 2602 1551 2641 vi.

1027 2657 1135 2761 Ad
1171 2677 1309 2717 aquas
1342 2664 1604 2705 Tibilitanas
1641 2663 1853 2714 episcopo

1142 2721 1351 2763 afferente
1395 2721 1599 2772 Proiecto
1646 2716 1852 2768 reliquias
