2040 2976
173 206 243 250 [44]

175 302 249 353 qui
265 301 404 342 effuso
422 299 632 350 sanguine
648 298 787 340 secuti
803 303 903 338 sunt
917 298 1005 338 De-

174 358 353 398 minum:
378 357 399 379 *
418 356 759 397 Contemnentes
780 354 923 396 aulam
942 354 1006 394 re-

173 414 304 465 giam,
333 414 628 465 pervenerunt
647 411 704 452 ad
722 423 858 462 regna
877 409 1005 451 eoele-

174 470 268 511 stia.
296 467 342 516 δ”.
356 470 472 510 Ecce
490 482 620 521 quam
634 467 800 509 bonum
816 472 859 508 et
876 479 1007 518 quam

174 525 410 578 jucundum
424 525 624 566 habitare
635 524 793 565 fratres
807 524 852 564 in
862 535 1006 563 unum.

175 583 526 624 Contemnentes.
561 580 712 622 Gleria
730 580 862 622 Patri.
897 579 1006 620 Con-

173 641 430 680 temnentes.

230 694 392 734 Bened.
422 693 493 735 Ad
512 693 781 735 societatem.

480 751 632 790 Lectio
654 750 706 789 ix.

247 807 303 849 ed
318 821 417 849 eum
432 812 500 848 tot
520 807 643 857 signa
662 803 1007 858 perturbatienis

269 863 387 905 dieta
416 865 517 912 sint,
551 864 745 915 opertet,
779 865 826 902 ut
855 862 1007 901 eerum

176 920 575 962 consideratienem
600 918 792 960 breviter
815 929 895 969 per
924 918 1007 956 sin-

175 977 277 1028 gula
301 976 663 1029 perstringamus:
700 974 802 1025 quia
826 974 1007 1014 necesse

176 1039 253 1083 est,
273 1039 320 1075 ut
339 1033 424 1074 alia
444 1045 467 1074 e
488 1031 613 1081 coelo,
633 1030 718 1072 alia
733 1043 757 1071 e
776 1035 904 1078 terra,
925 1028 1009 1069 alia

176 1089 231 1131 ab
265 1089 511 1138 elementis,
553 1087 637 1128 alia
670 1086 725 1128 ab
758 1084 1007 1127 hominibus

175 1146 406 1198 patiamur.
442 1145 519 1186 Ait
547 1144 678 1185 enim:
715 1143 872 1193 Surget
899 1154 1007 1192 gens

176 1207 328 1244 contra
359 1207 551 1252 gentem,
596 1212 699 1241 eece
731 1197 1006 1252 perturbatio

173 1258 412 1299 heminum:
427 1262 554 1299 erunt
568 1258 847 1298 terraemetus
862 1254 1009 1305 magni

173 1328 252 1367 per
270 1315 380 1364 loca,
409 1327 512 1356 eece
536 1315 763 1366 respectus
783 1313 861 1353 irae
882 1311 1007 1352 desu-

172 1385 268 1424 per:
307 1376 434 1413 erunt
460 1370 740 1423 pestilentiae,
776 1381 879 1410 eece
906 1368 1007 1408 inae-

174 1428 361 1480 qualitas
377 1430 629 1480 cerporum:
645 1427 729 1468 erit
745 1426 893 1474 fames,
905 1437 1008 1466 ecce

171 1484 380 1526 sterilitas
427 1489 577 1525 terrae:
625 1484 909 1534 terroresque
953 1480 1008 1522 de

170 1541 289 1582 eoelo
311 1546 354 1582 et
373 1541 673 1593 tempestates,
695 1551 798 1580 eece
817 1538 1008 1589 inaequa-

174 1597 273 1638 litas
301 1597 426 1637 aeris.
472 1596 583 1646 Quia
610 1608 716 1646 ergo
743 1594 888 1635 emnia
909 1606 1008 1635 con-

176 1652 436 1694 summanda
461 1657 576 1702 sunt,
610 1657 712 1692 ante
737 1662 1008 1692 eonsumma-

176 1710 341 1751 tienem
357 1709 503 1749 emnia
522 1707 852 1761 perturbantur:
873 1711 916 1748 et
935 1706 1010 1758 qui

174 1766 218 1806 in
251 1765 418 1806 eunctis
453 1764 732 1816 deliquimus,
768 1764 812 1804 in
842 1762 1009 1804 eunctis

176 1822 368 1863 ferimur:
387 1826 436 1862 ut
455 1821 690 1874 impleatur
706 1819 826 1872 quod
841 1819 1010 1867 dicitur,

176 1879 233 1920 Et
251 1877 465 1931 pugnabit
484 1890 568 1930 pro
584 1890 638 1918 eo
654 1876 774 1918 orbis
793 1877 1011 1917 terrarum

179 1939 333 1976 contra
351 1935 611 1975 insensatos.

230 1991 294 2032 Te
314 1991 457 2032 Deum
475 1990 717 2031 laudamus.
737 1990 795 2030 13.

443 2053 522 2094 Ad.
548 2053 746 2094 Laudes

395 2113 440 2141 et
475 2119 565 2151 per
600 2109 783 2143 Horas.

229 2158 328 2198 Ant.
361 2160 387 2197 1.
431 2160 594 2201 Omnes
624 2159 774 2208 sancti,
793 2158 817 2183 *
848 2162 1011 2210 quanta

180 2215 299 2267 passi
317 2219 417 2256 sunt
436 2218 665 2264 tormenta,
686 2220 734 2256 ut
753 2215 897 2256 securi
914 2226 1010 2266 per-
1042 2240 1046 2245 ι

180 2273 379 2313 venirent
397 2270 454 2312 ad
472 2271 663 2324 palmam
682 2270 889 2323 martyrii.

232 2327 390 2366 Psalm.
424 2327 638 2369 Deminus
666 2327 877 2378 regnavit.
908 2341 1005 2369 eum

180 2384 367 2434 reliquis.
397 2385 456 2424 14.

231 2442 266 2480 2.
293 2442 403 2481 Cum
423 2439 570 2492 palma
588 2440 611 2464 *
631 2439 688 2481 ad
707 2453 841 2490 regna
859 2452 1011 2492 perve-

181 2499 338 2538 nerunt
357 2496 507 2545 saneti,
527 2498 712 2537 corenas
732 2495 905 2537 deceris
924 2509 1011 2537 me-

182 2555 362 2595 ruerunt
382 2552 437 2594 de
455 2565 587 2593 manu
605 2552 700 2593 Dei.

232 2610 267 2649 3.
297 2610 497 2662 Cerpora
521 2610 773 2650 sancterum
791 2608 878 2648 *in
903 2621 1012 2660 paee

183 2666 355 2719 sepulta
376 2670 492 2706 sunt:
517 2670 559 2706 et
579 2665 727 2706 vivent
746 2664 922 2705 nemina
943 2667 1011 2706 ee-

182 2736 279 2764 rum
296 2723 341 2763 in
360 2723 584 2764 aeternum.

1059 350 1307 393 benedicite
1325 350 1369 391 in
1389 351 1614 391 aeternum.

668 202 878 233 Commune
908 200 1158 242 plurinwrum
1189 198 1405 240 Martyrum.

1114 296 1151 333 4.
1180 294 1397 346 Martyres
1415 293 1594 334 Demini
1612 293 1636 319 *
1655 293 1894 334 Deminum

1114 414 1151 451 5.
1190 412 1433 463 R‘Iartyrum
1465 410 1627 452 chorus
1659 410 1683 435 *
1715 409 1893 451 laudate

1059 469 1299 509 Deminum
1328 466 1383 509 de
1412 466 1548 516 coelis,
1576 466 1760 518 alleluja.

1168 544 1427 597 Capitulum.
1635 545 1733 596 Sap.
1753 545 1788 583 3.

1059 608 1332 716 Justerum
1369 611 1526 652 animae
1562 609 1607 650 in
1642 621 1775 650 manu
1810 608 1895 650 Dei

1158 673 1275 718 sunt,
1317 673 1360 710 et
1387 680 1475 709 non
1502 670 1654 717 tanget
1679 665 1779 707 illos
1806 669 1894 707 tor-

1060 727 1257 767 mentum
1289 724 1455 766 mortis.
1496 723 1595 764 Visi
1623 726 1724 763 sunt
1756 721 1895 763 eculis

1060 782 1358 846 insipientium
1382 779 1509 822 mori:
1541 778 1604 819 illi
1627 783 1774 820 autem
1794 782 1896 819 sunt

1060 852 1104 879 m
1130 851 1253 891 paee.

1370 898 1582 948 Hymnus.

1206 987 1261 1015 ex
1279 973 1471 1024 gloriose
1490 972 1745 1023 Martyrum,

1233 1030 1407 1071 Corena
1427 1028 1739 1076 confitentium,

1166 1087 1251 1136 Qui
1270 1088 1529 1139 respuentes
1549 1087 1694 1126 terrea

1164 1142 1379 1184 Perdueis
1402 1142 1459 1184 ad
1478 1141 1688 1183 coelestia.

1119 1218 1282 1258 Aurem
1298 1217 1534 1268 benignam
1551 1215 1755 1268 pretinus

1165 1273 1350 1315 Intende
1370 1273 1533 1314 nostris
1553 1271 1753 1313 vecibus:

1165 1329 1390 1382 Trophaea
1409 1342 1534 1371 sacra
1553 1328 1800 1381 pangimus:

1165 1387 1354 1437 Ignesce
1375 1384 1496 1438 quod
1518 1384 1792 1437 deliquimus.

1113 1459 1181 1500 Tu
1199 1460 1339 1501 vineis
1357 1459 1470 1500 inter
1489 1458 1718 1510 Martyres,

1165 1516 1405 1568 Pareisque
1428 1513 1784 1556 Confesseribus:

1166 1573 1236 1613 Tu
1255 1573 1382 1613 vinee
1401 1576 1555 1613 nostra
1574 1570 1766 1620 erimina,

1166 1628 1371 1679 Largitor
1389 1627 1684 1678 indulgentiae.

1114 1702 1212 1743 Deo
1232 1701 1353 1742 Patri
1373 1701 1429 1742 sit
1447 1700 1598 1751 gloria,

1167 1759 1361 1810 Ejflsque
1381 1757 1465 1798 soli
1483 1756 1607 1806 Filio,

1169 1815 1279 1856 Cum
1298 1814 1464 1866 Spiritu
1482 1812 1715 1862 Pareclito,

1167 1871 1307 1919 Nune,
1337 1875 1381 1911 et
1398 1882 1479 1923 per
1499 1882 1628 1911 omne
1650 1868 1871 1910 saeculum.

1378 1926 1532 1968 Amen.

1115 1994 1165 2044 Y.
1193 1995 1489 2038 Exsultabunt
1513 1995 1653 2036 sancti
1677 1995 1721 2035 in
1745 1994 1895 2046 gleria.

1064 2056 1113 2107 R».
1141 2052 1430 2095 Laetabuntur
1449 2053 1493 2093 in
1513 2051 1731 2094 eubilibus
1752 2051 1853 2093 suis.

1115 2121 1186 2162 Ad
1219 2122 1380 2162 Bened.
1422 2122 1522 2163 Ant.
1570 2120 1717 2162 Vestri
1753 2119 1899 2173 capilli

1064 2179 1221 2233 eapitis
1240 2179 1263 2204 *
1281 2191 1433 2220 omnes
1452 2178 1670 2219 numerati
1690 2182 1805 2219 sunt:
1822 2189 1897 2218 no-

1063 2236 1139 2278 lite
1163 2236 1334 2278 timere:
1360 2234 1509 2276 multis
1532 2233 1786 2287 passeribus
1811 2246 1897 2275 me-

1063 2293 1196 2334 lieres
1217 2292 1323 2334 estis
1342 2304 1435 2332 vos.

1180 2369 1266 2409 Pro
1288 2368 1486 2420 pluribus
1507 2368 1631 2409 Mart.
1659 2369 1784 2409 Pont.

1400 2434 1564 2474 Oratio.

1148 2498 1347 2538 eaterum
1373 2496 1619 2547 Martyrum
1644 2494 1898 2547 pariterque

1167 2552 1432 2594 Pontificum
1451 2550 1502 2590 N.
1525 2557 1569 2593 et
1587 2549 1638 2590 N.
1656 2564 1754 2600 nos,
1781 2552 1898 2602 quee-

1065 2622 1214 2650 sumus
1233 2609 1441 2658 Demine‚
1475 2609 1587 2650 festa
1605 2609 1826 2650 tueantur:
1854 2610 1898 2647 et

1065 2668 1218 2707 eerum
1259 2665 1539 2707 commendet
1585 2664 1727 2706 cretio
1771 2675 1896 2703 vene-

1065 2721 1213 2763 randa.
1250 2722 1336 2763 Per
1354 2722 1593 2763 Deminum
1611 2724 1823 2762 nostrum.
