2040 2976
723 209 877 251 Septem
902 207 1045 241 Psalmi
1075 204 1375 239 l‘oenitentiales

181 306 409 348 oculorum
418 306 628 353 meorum,
640 308 684 344 et
695 303 838 355 ipsum
849 315 935 343 non
947 307 1014 343 est

181 374 365 402 mecum.

233 417 376 457 Amici
394 416 497 466 mei,
518 420 562 456 et
581 414 771 468 proximi
789 414 876 455 mei
896 415 919 441 *
940 413 1012 454 ad-

180 476 355 514 versum
374 486 444 514 me
464 471 945 524 appropinquaverunt,
970 474 1013 510 et

181 531 406 570 steterunt.

231 585 288 626 Et
309 585 383 636 qui
403 586 522 636 juxta
540 596 610 625 me
637 587 775 631 erant,
805 581 860 623 de
882 581 1012 631 longe

180 642 409 682 steterunt:
436 642 460 667 *
490 644 533 681 et
564 640 653 680 vim
685 638 903 679 faciebant
936 636 1011 687 qui

182 696 439 748 quaerebant
459 696 649 737 animam
667 707 821 736 meam.

231 752 289 792 Et
306 752 381 803 qui
395 751 675 804 inquirebant
689 750 804 790 mala
818 750 934 798 mihi,
953 750 1013 790 lo-

181 808 270 848 cuti
291 812 392 849 sunt
410 808 640 848 vanitates:
659 808 683 833 *
703 810 747 847 et
772 805 901 846 dolos
920 810 1015 846 tota

181 862 252 904 die
270 863 607 905 meditabantur.

232 919 329 969 Ego
345 924 492 960 autem
510 924 736 969 tamquam
751 917 911 958 surdus
926 929 1015 958 non

183 974 431 1015 audiebam:
462 977 486 1001 *
521 980 565 1015 et
599 974 711 1014 sicut
746 978 892 1014 mutus
926 985 1015 1014 non

182 1031 384 1082 aperiens
404 1043 454 1071 os
475 1043 611 1071 suum.

234 1086 290 1127 Et
323 1086 465 1127 factus
499 1099 596 1126 sum
624 1086 736 1127 sicut
763 1084 898 1125 homo
927 1096 1015 1125 non

182 1141 381 1182 audiens:
408 1143 432 1166 *
461 1146 505 1183 et
537 1153 624 1182 non
657 1140 825 1182 habens
860 1140 904 1179 in
938 1152 1015 1180 ore

183 1209 263 1238 suo
283 1196 628 1247 redargutiones.

235 1253 452 1303 Quoniam
467 1253 510 1292 in
524 1258 568 1294 te
583 1252 771 1293 Domine
787 1252 977 1304 speravi:
991 1253 1015 1278 *

182 1313 230 1350 tu
246 1308 455 1350 exaudies
468 1321 538 1349 me
549 1308 738 1350 Domine
748 1308 870 1349 Deus
880 1320 1016 1348 meus.

237 1365 349 1414 Quia
375 1364 479 1406 dixi:
503 1363 752 1415 Nequando
779 1366 1016 1415 supergau-

184 1420 316 1462 deant
345 1420 449 1460 mihi
476 1420 638 1460 inimici
666 1420 766 1461 mei:
791 1421 814 1446 *
841 1424 884 1461 et
913 1419 1017 1460 dum

184 1478 517 1517 commoventur
532 1475 671 1528 pedes
686 1476 783 1525 mei,
799 1488 932 1527 super
946 1488 1017 1516 me

184 1545 342 1582 magna
358 1531 495 1572 locuti
515 1536 627 1572 sunt.

238 1588 455 1637 Quoniam
475 1600 557 1637 ego
580 1587 623 1627 in
643 1586 817 1637 flagella
835 1589 1017 1639 paratus

185 1655 296 1683 sum:
315 1645 338 1669 *
359 1648 402 1684 et
422 1642 550 1684 dolor
570 1655 693 1684 meus
712 1643 756 1682 in
775 1644 1018 1694 conspectu

186 1711 286 1739 meo
307 1711 491 1750 semper.

239 1754 455 1803 Quoniam
482 1754 756 1805 iniquitatem
780 1767 924 1795 meam
947 1766 1018 1794 an-

185 1809 412 1851 nuntiabo:
422 1812 445 1836 *
458 1815 501 1851 et
515 1809 721 1860 cogitabo
735 1822 817 1862 pro
832 1811 1018 1862 peceato

185 1878 295 1906 meo.

237 1921 405 1962 Inimici
421 1926 567 1962 autem
582 1921 669 1962 mei
683 1921 847 1970 vivunt,
864 1926 907 1963 et
918 1934 1018 1962 con-

187 1976 347 2018 firmati
373 1983 474 2018 sunt
500 1989 633 2029 super
656 1989 742 2018 me:
761 1979 784 2003 *
805 1982 849 2018 et
876 1977 1018 2018 multi-

187 2031 337 2083 plicati
357 2038 457 2073 sunt
478 2033 551 2084 qui
572 2031 760 2074 oderunt
775 2046 845 2074 me
859 2033 1018 2084 inique.

241 2088 324 2138 Qui
352 2088 597 2129 retribuunt
625 2088 740 2129 mala
769 2101 851 2140 pro
879 2088 1019 2138 bonis,

188 2143 478 2185 detrahebant
510 2144 630 2184 mihi:
658 2146 681 2171 *
716 2144 923 2196 quoniam
955 2157 1019 2185 se-

189 2199 356 2251 quebar
374 2199 628 2241 bonitatem.

240 2255 310 2296 Ne
325 2254 604 2306 derelinquas
618 2269 688 2297 me
700 2257 887 2298 Domine
899 2257 1020 2298 Deus

190 2323 328 2352 meus:
347 2313 370 2338 *
390 2323 444 2351 ne
465 2310 720 2353 discesseris
741 2325 766 2352 a
783 2325 865 2353 me.

242 2365 426 2408 Intende
453 2367 496 2406 in
527 2367 790 2417 adjutorium
812 2381 975 2417 meum,
998 2370 1020 2395 *

190 2423 378 2464 Domine
397 2422 519 2462 Deus
540 2422 693 2464 sallitis
714 2436 836 2464 meae.

243 2486 398 2528 Gloria
416 2486 548 2527 Patri.

474 2572 666 2610 l‘salmus
687 2574 723 2607 3<
740 2578 757 2609 l.

295 2648 458 2689 iserere
477 2648 562 2688 mei
581 2648 717 2696 Deus,
737 2650 760 2673 ¹⁸¹
780 2648 1022 2689 seeundum

309 2716 513 2753 magnam
531 2702 877 2745 misericerdiam
892 2708 1023 2745 tuam.

1117 300 1174 340 Et
1202 296 1444 339 secundum
1470 295 1794 338 multitudinem
1819 296 1896 337 mi-

1066 355 1332 397 serationum
1358 355 1549 402 tuarum,
1571 354 1595 380 *
1620 351 1718 394 dele
1745 352 1896 404 iniqui-

1064 414 1202 453 tatem
1222 422 1377 451 meam.

1118 466 1321 519 Amplius
1353 465 1452 507 lava
1483 477 1553 506 me
1582 464 1638 506 ab
1666 464 1898 516 iniquitate

1065 536 1177 564 mea:
1188 525 1212 550 *
1223 528 1267 564 et
1285 535 1309 562 a
1324 523 1511 574 peccato
1527 533 1627 561 meo
1643 519 1807 562 munda
1817 533 1898 562 me.

1119 578 1335 629 Quoniam
1353 577 1630 629 iniquitatem
1652 589 1795 617 meam
1815 589 1898 627 ego

1068 637 1307 685 cognosco:
1343 634 1366 659 *
1404 639 1448 674 et
1484 635 1717 685 peccatum
1753 645 1900 674 meum

1067 696 1220 732 contra
1238 703 1309 731 me
1330 695 1397 731 est
1415 702 1600 741 semper.

1119 746 1220 788 Tibi
1240 746 1322 787 soli
1346 745 1546 798 peccavi,
1583 749 1627 786 et
1645 744 1809 785 malum
1829 757 1898 785 co-

1069 816 1161 843 ram
1179 808 1223 844 te
1243 802 1340 843 feei:
1359 803 1382 827 *
1402 807 1450 843 ut
1474 801 1721 853 justificeris
1745 800 1790 840 in
1812 813 1899 841 ser-

1067 858 1270 900 monibus
1295 858 1399 907 tuis,
1427 863 1471 899 et
1496 857 1646 898 vincas
1665 870 1770 902 ¹cum
1794 855 1899 908 iudi-

1067 915 1191 956 caris.

1120 971 1236 1012 Ecce
1263 970 1378 1011 enim
1403 970 1447 1009 in
1471 969 1775 1021 iniquitatibus
1800 981 1900 1010 con-

1068 1028 1222 1078 ceptus
1251 1039 1362 1067 sum:
1386 1027 1410 1052 *
1434 1031 1477 1067 et
1504 1026 1548 1065 in
1575 1026 1771 1078 peccatis
1801 1038 1900 1067 con-

1069 1083 1185 1135 cepit
1204 1096 1274 1124 me
1293 1088 1433 1123 mater
1453 1094 1561 1123 mea.

1120 1139 1236 1180 Ecce
1261 1139 1374 1179 enim
1398 1138 1629 1179 veritatem
1653 1137 1859 1179 dilexisti:
1877 1139 1901 1165 *

1068 1194 1235 1236 incerta
1269 1199 1312 1236 et
1346 1194 1520 1235 occulta
1552 1194 1779 1246 sapientiae
1812 1199 1900 1235 tuae

1068 1250 1359 1292 manifestasti
1377 1249 1493 1290 mihi.

1121 1306 1347 1358 Asperges
1374 1319 1445 1346 me
1472 1305 1688 1357 hyssopo,
1717 1310 1760 1347 et
1780 1318 1901 1346 mun-

1070 1361 1225 1403 dabor:
1236 1363 1259 1389 *
1270 1361 1440 1403 lavabis
1455 1374 1536 1411 me,
1553 1366 1596 1402 et
1611 1374 1743 1414 super
1756 1361 1903 1402 nivern

1070 1417 1324 1459 dealbabor.

1122 1473 1305 1515 Auditui
1339 1487 1438 1515 meo
1468 1473 1594 1515 dabis
1621 1472 1830 1524 gaudium
1859 1478 1903 1514 et

1070 1531 1281 1572 laetitiam:
1298 1532 1321 1556 *
1342 1536 1386 1572 et
1405 1529 1687 1572 exsultabunt
1706 1542 1808 1570 ossa
1826 1528 1902 1570 hu-

1069 1587 1246 1628 miliata.

1121 1643 1286 1684 Averte
1319 1643 1478 1684 faciem
1504 1647 1626 1683 tuam
1654 1654 1682 1685 a
1708 1641 1903 1694 peccatis

1070 1699 1194 1739 meis:
1213 1699 1235 1724 *
1256 1704 1300 1740 et
1325 1711 1478 1740 omnes
1503 1697 1758 1749 iniquitates
1782 1710 1904 1738 meas

1072 1754 1182 1796 dele.
1534 1780 1536 1782 .

1124 1810 1211 1851 Cor
1229 1808 1441 1851 mundum
1460 1823 1560 1851 crea
1578 1810 1623 1850 in
1641 1822 1711 1850 me
1730 1809 1866 1850 Deus:
1880 1810 1904 1836 *

1073 1871 1116 1908 et
1170 1867 1372 1919 spiritum
1426 1871 1596 1907 rectum
1649 1868 1811 1906 innova
1861 1865 1905 1905 in

1073 1922 1314 1963 visceribus
1334 1922 1455 1963 meis.

1124 1978 1192 2019 Ne
1217 1978 1421 2030 projicias
1445 1991 1516 2019 me
1538 1991 1564 2018 a
1582 1977 1692 2019 facie
1710 1981 1800 2018 tua:
1818 1978 1843 2003 *
1862 1982 1907 2018 et

1073 2034 1283 2086 Spiritum
1302 2040 1501 2076 sanctum
1521 2039 1644 2075 tuum
1662 2047 1717 2075 ne
1733 2033 1906 2074 auferas

1073 2104 1098 2131 a
1117 2103 1198 2131 me.

1126 2145 1284 2187 Redde
1324 2146 1430 2186 mihi
1465 2145 1664 2188 laetitiam
1703 2144 1906 2186 salutaris

1073 2203 1152 2244 tui:
1190 2203 1214 2228 *
1251 2207 1295 2244 et
1333 2202 1489 2255 spiritu
1529 2201 1764 2254 principali
1805 2213 1906 2242 con-

1075 2258 1201 2299 firma
1222 2271 1303 2300 me.
1404 2304 1406 2306 ¹

1126 2314 1310 2356 Docebo
1343 2314 1518 2366 iniquos
1546 2314 1640 2355 vias
1671 2318 1784 2355 tuas:
1812 2314 1836 2339 *
1864 2316 1908 2353 et

1075 2371 1196 2422 impii
1216 2369 1273 2411 ad
1292 2375 1336 2412 te
1357 2371 1682 2411 convertentur.

1126 2425 1287 2467 Libera
1305 2438 1375 2466 me
1396 2425 1451 2467 de
1472 2425 1754 2475 sanguinibus
1774 2424 1907 2472 Deus,

1075 2482 1197 2523 Deus
1222 2482 1374 2522 salutis
1399 2494 1525 2523 meae:
1550 2482 1574 2507 *
1600 2486 1644 2522 et
1670 2479 1908 2521 exsultabit

1074 2538 1221 2588 lingua
1239 2550 1338 2579 mea
1357 2537 1564 2588 justitiam
1582 2542 1713 2578 tuam.

1127 2594 1332 2642 Domine,
1358 2593 1475 2634 labia
1498 2606 1595 2634 mea
1616 2593 1802 2645 aperies:
1821 2586 1846 2617 ¹⁶
1863 2595 1908 2633 et

1077 2662 1127 2690 os
1142 2662 1287 2691 meum
1303 2649 1579 2690 annuntiabit
1592 2648 1767 2689 laudem
1775 2653 1907 2689 tuam.

1129 2705 1345 2754 Quoniam
1361 2706 1398 2745 si
1408 2705 1623 2746 voluisses
1635 2703 1907 2753 sacrificium,
