2040 2976
217 297 287 339 Tu
327 297 599 339 confirmasti
640 297 686 338 in
721 296 884 338 virtute
919 300 996 337 tua

164 367 300 396 mare:
327 355 352 382 *
381 353 689 396 contribulasti
720 352 866 406 capita
899 351 994 394 dra-

165 412 325 452 conum
343 411 387 452 in
407 411 544 462 aquis.

216 467 286 509 Tu
319 467 573 518 confregisti
601 466 748 519 capita
774 465 994 507 draconis:

165 524 188 550 *
217 523 377 566 dedisti
411 537 510 566 eum
539 536 686 566 escam
712 522 890 575 populis
918 523 992 563 AE-

164 580 376 634 thiopum.

215 637 286 678 Tu
305 637 509 690 dirupisti
527 636 682 686 fontes,
703 641 746 677 et
762 637 994 677 torrentes:

164 695 188 719 *
206 698 255 734 111
274 693 449 736 siccasti
468 693 627 734 fluvios
646 692 801 734 Ethan.

217 750 340 792 Tuus
364 755 431 792 est
455 749 565 801 dies,
591 755 634 792 et
659 755 735 791 tua
757 753 824 791 est
847 762 951 790 nox:
970 750 993 774 *

163 811 213 848 tu
231 806 469 848 fabricatus
489 819 536 848 es
556 808 760 847 auroram
781 811 824 847 et
844 805 993 847 solem.

215 863 285 904 Tu
298 863 440 905 fecisti
456 876 608 905 omnes
623 863 833 905 terminos
849 867 995 904 terrae:

164 920 188 946 *
207 921 409 961 aestatem
429 925 472 961 et
490 932 568 961 ver
586 925 634 961 tu
651 919 881 972 plasmasti
901 931 963 960 ea.

214 976 385 1018 Memor
409 981 504 1018 esto
529 976 669 1028 hujus,
695 977 894 1017 inimicus
918 976 993 1016 im-

162 1033 420 1085 properavit
446 1033 653 1074 Domino:
680 1033 704 1058 *
732 1038 776 1074 61
802 1032 994 1086 populus

163 1088 373 1142 insipiens
392 1089 590 1131 incitavit
609 1103 770 1131 nomen
789 1094 922 1131 tuum.

217 1145 285 1187 Ne
313 1145 462 1188 tradas
490 1145 642 1188 bestiis
670 1146 836 1187 animas
863 1146 995 1187 confi-

163 1203 306 1243 tentes
329 1202 424 1252 tibi,
443 1202 467 1228 *
488 1207 532 1244 61
558 1203 724 1244 animas
750 1206 995 1256 pauperum

163 1260 341 1300 tuorum
359 1272 414 1301 ne
435 1259 709 1301 obliviscaris
728 1260 773 1299 in
792 1259 934 1300 finem.

215 1315 407 1368 Respice
427 1316 472 1356 in
490 1318 801 1358 testamentum
819 1321 956 1357 tuum:
971 1315 995 1341 *

167 1371 270 1424 quia
306 1371 463 1425 repleti
499 1377 616 1423 sunt,
661 1373 735 1425 qui
771 1372 995 1414 obscurati

164 1433 266 1470 sunt
283 1433 414 1470 terrae
435 1428 637 1471 domibus
655 1429 944 1482 iniquitatum.
993 1432 995 1434 '

215 1485 286 1527 Ne
305 1488 528 1528 avertatur
546 1486 721 1527 humilis
737 1486 877 1527 factus
896 1498 995 1527 con-

164 1542 302 1584 fusus:
316 1542 340 1568 *
355 1555 525 1596 pauper
545 1547 588 1584 et
607 1543 734 1595 inops
754 1542 996 1584 laudabunt

164 1607 324 1641 nomen
342 1603 477 1640 tuum.

215 1655 415 1707 Exsurge
452 1657 591 1707 Deus,
637 1657 782 1710 judica
817 1670 996 1699 causam

164 1716 298 1754 tuam:
322 1713 346 1739 *
373 1726 544 1756 memor
577 1719 673 1756 esto
706 1714 994 1767 improperio-

164 1781 262 1810 rum
282 1771 476 1821 tuorum‚
512 1773 665 1813 eorum
691 1783 790 1823 quae
816 1771 871 1813 ab
895 1771 995 1812 insi-

163 1825 313 1877 piente
331 1831 432 1868 sunt
450 1831 546 1869 tota
565 1827 646 1869 die.

216 1881 285 1923 Ne
322 1882 596 1925 obliviscaris
632 1896 765 1925 voces
801 1883 995 1925 inimico-

165 1950 262 1979 rum
297 1940 486 1981 tuorum:
523 1942 548 1985 ¹⁸5
585 1939 791 1993 superbia
827 1942 995 1994 eorum,

167 1994 241 2046 qui
259 1998 302 2036 te
323 1994 511 2038 oderunt
541 1996 738 2038 ascendit
755 2008 941 2049 semper.

216 2050 314 2091 Ant.
348 2052 495 2094 Exivit
523 2066 628 2104 ergo
657 2053 783 2094 Jesus
812 2058 995 2106 portans

167 2108 377 2148 coronam
405 2110 621 2161 spineam,
654 2115 698 2152 et
725 2112 996 2162 purpureum

166 2163 489 2217 vestimentum,
531 2170 575 2208 et
611 2165 721 2208 dixit
761 2166 838 2207 eis:
879 2166 996 2207 Ecce

165 2217 311 2261 homo.

220 2276 319 2316 Ant.
364 2277 421 2318 Et
457 2277 654 2330 bajulans
693 2278 777 2320 sibi
809 2290 995 2327 crucem,

167 2331 301 2373 exivit
327 2332 372 2373 in
400 2346 515 2383 eum,
554 2335 628 2387 qui
656 2334 815 2376 dicitur
845 2334 994 2375 Calva-

166 2388 258 2437 riae‚
277 2388 438 2431 locum:
457 2390 533 2432 ubi
552 2391 865 2432 crucifixerunt
885 2403 996 2431 611111.

434 2449 634 2489 Psalmus
663 2450 726 2489 87.

257 2503 403 2545 omine
429 2504 551 2545 Deus
581 2503 734 2545 53111115
757 2516 884 2544 meae:
905 2504 930 2530 *
952 2503 996 2543 in

273 2558 344 2601 die
359 2559 555 2609 clamavi,
568 2564 612 2600 et
630 2564 761 2601 nocte
776 2571 925 2600 coram
940 2563 995 2600 te.

219 2615 361 2657 Intret
397 2616 442 2656 in
469 2617 711 2668 conspectu
741 2620 818 2656 tuo
853 2615 994 2656 oratio

168 2683 282 2712 mea:
300 2673 324 2699 *
341 2671 502 2712 inclina
519 2684 669 2713 aurem
686 2676 808 2712 tuam
827 2670 885 2712 ad
898 2683 994 2723 pre-

169 2739 265 2768 cem
290 2740 448 2769 meam:

631 197 907 232 pretiosissimi
932 196 1140 237 Sanguinis
1165 195 1209 228 D.
1235 195 1279 228 N.
1305 196 1338 229 J.
1365 195 1403 229 C.

1100 295 1212 345 Quia
1257 294 1427 347 repleta
1464 299 1531 336 est
1567 295 1694 336 malis
1737 295 1881 336 anima

1049 364 1162 392 mea:
1187 353 1211 378 *
1235 356 1280 393 et
1302 351 1393 393 vita
1416 364 1515 392 mea
1532 352 1701 393 inferno
1722 364 1879 404 appro-

1048 408 1291 460 pinquavit.

1100 464 1366 506 AEstimatus
1385 478 1482 506 sum
1497 478 1596 506 cum
1614 465 1879 507 descenden-

1049 520 1168 563 tibus
1195 521 1240 562 in
1267 521 1427 562 lacum:
1455 523 1478 548 *
1506 521 1648 563 factus
1677 535 1774 563 sum
1801 522 1879 563 sic-

1048 582 1097 619 ut
1114 578 1247 620 homo
1267 578 1361 619 sine
1381 578 1612 630 adjutorio,
1633 579 1747 620 inter
1766 581 1879 620 mor-

1049 639 1151 676 tuos
1179 634 1301 677 liber.

1101 691 1222 733 Sicut
1237 691 1455 734 vulnerati
1471 691 1740 734 dormientes
1756 693 1800 733 in
1816 706 1879 734 56-

1049 748 1262 800 pulchris,
1297 761 1483 800 quorum
1516 761 1604 790 non
1638 762 1684 791 es
1712 762 1880 791 memor

1050 805 1253 858 amplius:
1285 806 1309 832 *
1346 810 1390 846 et
1424 805 1509 857 ipsi
1547 805 1602 847 de
1639 819 1771 847 manu
1804 811 1881 847 tua

1049 861 1215 914 repulsi
1242 866 1354 903 sunt.

1100 918 1349 960 Posuerunt
1374 931 1444 960 me
1473 918 1517 959 in
1542 918 1642 960 lacu
1670 919 1881 961 inferiori:

1049 975 1073 1002 *
1118 974 1162 1015 in
1212 974 1480 1025 tenebrosis,
1538 980 1581 1016 et
1631 976 1676 1016 in
1725 975 1881 1017 umbra

1049 1032 1216 1073 mortis.

1101 1088 1242 1141 Super
1261 1101 1332 1130 me
1358 1088 1643 1130 confirmatus
1667 1093 1733 1130 est
1758 1088 1879 1129 furor

1049 1150 1166 1186 tuus:
1199 1146 1223 1172 *
1253 1150 1296 1186 et
1325 1158 1478 1186 omnes
1506 1146 1666 1187 fluctus
1691 1151 1791 1186 tuos
1820 1145 1880 1185 in-

1050 1201 1214 1243 duxisti
1243 1214 1375 1254 super
1401 1215 1482 1244 me.

1102 1258 1254 1310 Longe
1270 1258 1412 1300 fecisti
1427 1264 1560 1300 notos
1574 1272 1697 1300 meos
1713 1272 1738 1300 a
1757 1271 1841 1299 me:
1858 1261 1881 1286 *

1049 1316 1292 1367 posuerunt
1306 1328 1377 1356 me
1392 1315 1766 1357 abominationem
1787 1315 1881 1356 sibi.

1101 1371 1311 1413 Traditus
1339 1385 1452 1421 sum,
1488 1377 1531 1413 et
1563 1385 1652 1413 non
1686 1371 1880 1423 egredie-

1049 1427 1145 1468 bar:
1173 1429 1196 1455 *
1225 1428 1341 1469 oculi
1374 1429 1461 1469 mei
1495 1429 1758 1480 languerunt
1786 1441 1880 1481 prae

1049 1484 1209 1537 inopia.

1101 1540 1297 1582 Clamavi
1312 1541 1370 1583 ad
1383 1546 1427 1583 te
1441 1541 1631 1583 Domine
1646 1547 1743 1584 tota
1758 1542 1845 1584 die:
1857 1546 1881 1571 *

1050 1597 1242 1650 expandi
1270 1597 1327 1639 ad.
1355 1602 1399 1639 16
1426 1611 1581 1640 manus
1609 1612 1740 1640 meas.

1101 1654 1330 1707 Numquid
1347 1655 1534 1696 mortuis
1553 1655 1687 1697 facies
1707 1656 1880 1698 mirabi-

1049 1710 1123 1752 lia:
1158 1713 1182 1738 *
1214 1717 1290 1752 aut
1317 1710 1478 1753 medici
1507 1712 1799 1762 suscitabunt,
1837 1718 1881 1755 61

1050 1767 1377 1810 confitebuntur
1404 1767 1509 1809 tibi?

1100 1824 1327 1877 Numquid
1348 1824 1545 1866 narrabit
1564 1825 1723 1877 aliquis
1746 1826 1791 1866 in
1816 1839 1880 1867 se-

1049 1881 1235 1934 pulchro
1262 1881 1612 1923 misericordiam
1633 1887 1765 1932 tuam,
1788 1883 1812 1909 *
1837 1887 1880 1924 et

1049 1938 1280 1979 veritatem
1306 1942 1429 1979 tuam
1456 1937 1501 1978 in
1525 1937 1801 1990 perditione?

1100 1993 1328 2046 Numquid
1352 1996 1672 2045 cognoscentur
1693 1994 1738 2035 in
1762 1996 1879 2036 tene-

1049 2050 1141 2093 bris
1159 2050 1378 2092 mirabilia
1396 2055 1488 2091 tua:
1510 2052 1534 2078 *
1557 2055 1602 2092 et
1620 2051 1785 2103 justitia
1803 2056 1879 2093 tua

1049 2107 1094 2148 in
1119 2111 1238 2149 terra
1266 2106 1525 2148 oblivionis?

1100 2164 1158 2205 Et
1178 2176 1260 2215 ego
1288 2162 1346 2205 ad
1362 2168 1406 2204 te
1426 2163 1615 2205 Domine
1636 2163 1836 2205 clamavi:
1856 2166 1878 2191 *

1050 2225 1094 2262 et
1112 2233 1240 2261 mane
1267 2219 1409 2261 oratio
1436 2232 1536 2261 mea
1558 2221 1802 2273 praeveniet
1823 2226 1878 2262 te.

1099 2276 1160 2318 Ut
1185 2275 1292 2328 quid
1309 2275 1498 2318 Domine
1522 2277 1700 2330 repellis
1719 2277 1878 2318 oratio-

1048 2345 1148 2374 nem
1167 2345 1325 2374 meam:
1351 2333 1375 2358 *
1396 2333 1559 2375 avertis
1580 2333 1737 2375 faciem
1758 2338 1878 2375 tuam

1049 2402 1074 2430 a
1101 2388 1195 2431 me?

1100 2445 1274 2498 Pauper
1301 2459 1398 2486 sum
1426 2458 1526 2497 ego,
1563 2450 1606 2487 et
1641 2446 1686 2486 in
1718 2445 1876 2487 labori-

1048 2501 1131 2543 bus
1159 2514 1185 2543 a
1212 2503 1438 2554 juventute
1466 2515 1578 2544 mea:
1606 2504 1629 2529 *
1658 2502 1876 2543 exaltatus

1049 2563 1206 2608 autem,
1230 2557 1484 2600 humiliatus
1509 2571 1605 2599 sum
1631 2563 1674 2599 et
1703 2562 1876 2599 contur-

1047 2614 1187 2656 batus.

1099 2671 1151 2712 In
1174 2683 1244 2712 me
1268 2670 1535 2711 transierunt
1558 2670 1636 2711 irae
1660 2675 1763 2710 tuae:
1789 2670 1812 2695 *
1832 2673 1876 2710 et

1047 2729 1242 2769 terrores
1269 2727 1334 2767 tui
1363 2726 1736 2767 conturbaverunt
1763 2737 1843 2766 me.
