2040 2976
555 200 623 234 Die
648 202 707 235 20.
733 200 833 240 Maii.
882 203 916 235 S.
944 202 1173 237 Bernardini
1197 203 1380 238 Senensis
1406 205 1515 239 Conf.

174 293 325 343 opera,
366 296 461 334 tota
495 293 586 344 ejus
618 293 797 343 familia,
837 294 881 335 in
917 307 1004 346 qua

172 351 294 388 erant
307 350 546 398 nonaginta
561 362 639 391 sex
653 349 864 399 homines,
885 363 911 392 a
922 351 1002 392 Pio

170 403 385 446 Pontifice
413 404 637 457 baptizata
661 411 739 447 est.
777 406 907 456 Quod
931 420 1003 448 au-

172 463 262 500 tem
288 459 343 501 ab
363 460 587 503 Antonino
614 462 882 515 imperatore
907 476 1002 504 san-

172 517 305 556 citum
338 521 446 566 erat,
478 530 533 559 ne
563 518 798 560 Christiani
826 519 1003 572 publice

171 571 386 614 sacrificia
417 573 630 624 facerent,
663 575 768 616 Pius
799 576 1004 617 Pontifex

169 627 213 667 in
242 627 413 670 aedibus
440 629 728 673 Pudentianae
759 645 859 673 cum
885 631 1003 673 Chri-

171 683 324 726 stianis
356 698 482 727 sacra
514 686 778 730 celebrabat.
834 688 1002 738 Quibus

168 739 242 781 illa
256 740 443 792 benigne
458 743 663 796 acceptis,
683 757 782 796 quae
797 743 854 786 ad
869 745 1005 786 vitam

169 798 421 839 necessaria
466 805 631 848 essent,
678 800 1004 853 suppeditabat.

168 852 325 906 Itaque
361 854 405 895 in
436 854 504 896 his
542 855 790 898 christianae
822 857 1003 910 pietatis

170 908 327 951 officiis
346 911 551 961 migravit
570 925 594 954 e
612 912 713 962 vita,
734 918 778 954 et
795 913 839 954 in
859 913 1003 966 sepul-

169 964 276 1007 chro
308 968 447 1019 patris
484 967 541 1009 ad
578 969 880 1011 coemeterium
912 970 1002 1011 Pri-

169 1022 305 1063 scillae
329 1024 401 1065 via
425 1024 594 1065 Salaria
617 1026 792 1078 sepulta
818 1030 902 1075 est,
930 1026 1002 1068 de-

170 1078 285 1120 cimo
307 1085 464 1131 quarto
484 1081 710 1123 Kalendas
729 1082 754 1123 J
756 1082 856 1123 unii.

222 1144 261 1179 Si
300 1146 373 1180 hoe
411 1146 567 1181 Festum
604 1148 679 1182 alia
716 1149 777 1183 die
815 1150 1002 1184 celebrari

171 1193 387 1246 contingat.
431 1195 479 1228 ix.
518 1196 651 1230 Lectio
688 1197 829 1231 dicitur
863 1204 902 1231 ut
946 1208 1002 1232 se-

170 1247 307 1282 quitur.

472 1303 624 1345 Lectio
646 1305 699 1345 ix.

249 1363 267 1399 t
296 1359 474 1410 Paulus,
514 1361 588 1413 qui
619 1362 775 1403 tertius
807 1362 1003 1405 decimus

260 1420 327 1457 est
350 1416 612 1469 Apostolus,
637 1417 858 1470 judicandi
883 1425 1003 1462 sorte

168 1471 428 1522 privabitur,
457 1474 670 1526 cumipse
691 1474 824 1517 dicat:
851 1476 1001 1518 Nesci-

167 1527 223 1568 tis
254 1529 461 1579 quoniam
490 1530 670 1582 angelos
700 1531 1002 1583 judicabimus,

169 1589 333 1634 quanto
369 1587 509 1637 magis
552 1587 802 1629 saecularia?
857 1590 1002 1631 Scien-

169 1639 273 1680 dum
306 1654 494 1694 namque
527 1649 612 1693 est,
653 1657 806 1687 omnes
838 1646 914 1698 qui
946 1646 1003 1688 ad

169 1697 418 1749 exemplum
446 1700 770 1751 Apostolorum
798 1715 877 1743 sua
905 1703 1000 1744 reli-

169 1754 356 1804 querunt
372 1756 527 1805 omnia,
549 1761 592 1797 et
608 1758 750 1799 secuti
765 1763 867 1800 sunt
882 1758 1002 1800 Chri-

169 1813 301 1858 stum,
345 1810 512 1861 judices
549 1826 649 1854 cum
686 1827 739 1856 eo
777 1818 1002 1864 venturos

169 1864 283 1907 sicut
317 1866 448 1908 etiam
483 1881 614 1911 omne
646 1871 899 1913 mortalium
930 1884 1002 1922 ge-

167 1934 250 1962 nus
279 1934 376 1964 esse
405 1923 697 1974 judicandum.
748 1928 859 1978 Quia
888 1928 1002 1969 enim

169 1976 440 2021 duodenario
468 1994 588 2034 saepe
613 1986 797 2025 numero
821 1984 936 2026 solet
958 1984 1002 2025 in

169 2033 406 2086 Scripturis
451 2038 713 2081 universitas
765 2040 1002 2091 designari,

169 2102 248 2141 per
269 2089 505 2134 duodecim
525 2094 654 2136 sedes
670 2096 1003 2148 Apostolorum,

170 2146 363 2187 omnium
388 2151 681 2193 numerositas
707 2152 1002 2205 judicantium,

169 2207 213 2243 et
231 2215 312 2254 per
332 2202 567 2247 duodecim
586 2208 727 2250 tribus
742 2209 891 2259 Israel,
911 2210 1002 2251 uni·
1061 2209 1076 2233 ³
1093 2205 1106 2233 'f'
1118 2200 1136 2233 ³5

169 2259 354 2300 versitas
379 2263 530 2303 eorum
556 2264 630 2315 qui
651 2264 873 2316 judicandi
892 2271 1002 2315 sunt,

169 2314 427 2358 ostenditur.

228 2373 288 2414 Te
307 2372 452 2414 Deum
471 2374 713 2417 laudamus.
736 2378 795 2417 13.

226 2434 269 2468 In
299 2435 418 2470 Laud.
449 2446 645 2471 commem.
675 2438 709 2473 S.
739 2439 1003 2474 Pudentiante.

227 2487 327 2528 Ant.
364 2485 514 2527 Simile
552 2491 619 2527 est
656 2500 838 2537 regnum
870 2489 1003 2530 coelo-

170 2553 267 2581 rum
297 2539 465 2582 homini
495 2543 760 2593 negotiatori
789 2546 1004 2596 quaerenti

169 2596 310 2638 bonas
324 2600 597 2648 margaritas:
616 2599 793 2641 inventa
806 2613 893 2642 una
907 2613 1002 2653 pre-

169 2653 301 2702 tiosa,
329 2653 453 2695 dedit
472 2655 619 2696 omnia
638 2668 733 2705 sua,
760 2661 804 2698 et
828 2669 1002 2710 compa-

171 2709 286 2751 ravit
305 2722 413 2751 eam.

1112 291 1163 341 V.
1199 295 1371 336 Diffusa
1407 300 1475 338 est
1511 296 1653 348 gratia
1681 297 1726 338 in
1761 297 1890 339 labiis

1057 352 1154 392 tuis.
1201 354 1251 405 R.
1284 352 1530 405 Propterea
1573 351 1800 395 benedixit
1845 358 1890 395 te

1056 408 1178 449 Deus
1197 407 1242 448 in
1261 410 1486 449 aeternum.
1507 437 1509 439 -
1600 403 1611 414 ⁴

1112 465 1160 505 In
1172 466 1225 505 ΙΙ.
1238 466 1373 518 Vesp.
1389 466 1446 507 ad
1460 467 1635 517 Magnif.
1656 468 1758 509 Ant.
1772 469 1891 508 Dum

1058 526 1174 562 esset
1215 534 1410 562 summus
1450 521 1674 572 PontifeX,
1714 524 1890 564 terrena

1057 590 1144 618 non
1167 578 1333 627 metuit,
1357 576 1438 619 sed
1464 577 1522 619 ad
1539 577 1739 620 coelestia
1756 591 1892 630 regna

1056 634 1275 685 gloriosus
1294 634 1509 685 migravit.

1111 696 1157 729 Et
1180 696 1219 730 sit
1245 707 1441 731 commem.
1467 699 1677 740 sequentis.

1322 788 1406 830 Die
1425 789 1498 829 20.
1516 787 1630 841 Maji.

1096 852 1139 894 S.
1158 851 1462 893 Bernardini
1482 851 1714 893 Senensis
1735 850 1858 892 Conf.

1344 915 1605 959 Semiduplex.

1113 966 1250 1001 Omnia
1280 968 1326 1002 de
1356 968 1502 1002 Comm.
1534 967 1642 1002 Conf.
1675 977 1752 1002 non
1784 967 1893 1002 Pont.

1057 1012 1127 1056 [67]
1159 1019 1301 1058 praeter
1325 1026 1431 1059 sequ.

1111 1066 1210 1107 Ant.
1230 1065 1440 1107 Similabo
1461 1078 1561 1106 eum
1579 1065 1674 1106 viro
1694 1064 1891 1117 sapienti,

1058 1120 1390 1173 quiaedificavit
1409 1120 1590 1163 domum
1612 1134 1738 1162 suam
1756 1133 1891 1174 supra

1056 1182 1239 1230 petram.

1111 1231 1162 1281 ἶι
1187 1234 1366 1276 Amavit
1385 1247 1485 1276 eum
1503 1234 1735 1284 Dominus,
1759 1238 1803 1276 et
1821 1246 1889 1275 or-

1056 1290 1177 1331 navit
1192 1303 1303 1331 eum.
1329 1293 1378 1344 R.
1397 1290 1566 1333 Stolam
1580 1290 1734 1342 gloriae
1748 1290 1891 1332 induit

1057 1358 1167 1387 eum.

1400 1404 1564 1446 Oratio.

1147 1459 1291 1501 omine
1310 1460 1335 1501 J
1338 1473 1434 1510 esu,
1463 1460 1537 1512 qui
1554 1460 1688 1503 beato
1708 1461 1891 1502 Bernar-

1152 1515 1256 1557 dino
1288 1516 1541 1558 Confessori
1573 1522 1650 1558 tuo
1684 1517 1891 1559 eximium

1056 1571 1196 1613 sancti
1223 1573 1412 1613 nominis
1440 1573 1504 1614 tui
1533 1575 1728 1614 amorem
1755 1573 1889 1615 tribu-

1056 1628 1144 1670 isti:
1171 1629 1272 1679 ejus,
1293 1631 1557 1681 quaesumus,
1575 1629 1742 1671 meritis
1764 1635 1808 1671 et
1829 1629 1890 1670 in-

1055 1685 1342 1734 tercessione,
1388 1685 1590 1738 spiritum
1626 1685 1759 1727 ‘nobis
1801 1690 1890 1728 tuae

1055 1740 1302 1783 dilectionis
1329 1741 1545 1793 benignus
1573 1742 1770 1784 infunde:
1807 1743 1891 1794 Qui

1055 1797 1166 1839 vivis
1187 1802 1230 1839 et
1252 1811 1422 1849 regnas.

1111 1860 1155 1894 In
1186 1860 1212 1893 I.
1242 1859 1442 1893 Nocturno
1476 1858 1681 1893 Lectiones
1717 1858 1764 1892 de
1794 1857 1892 1892 Scri-

1060 1912 1171 1950 ptura
1198 1911 1432 1942 occurrente.

1284 1972 1334 2011 111
1361 1973 1413 2011 II.
1440 1972 1664 2011 Nocturno.

1362 2036 1516 2077 Lectio
1535 2036 1589 2077 iv.

1062 2095 1428 2138 —1ernardinus
1465 2097 1712 2147 Albizesca,
1753 2097 1892 2139 nobili
1954 2118 1964 2126 =

1069 2145 1131 2207 ξ
1147 2143 1163 2190 ‘³4
1186 2153 1368 2195 Senensi
1391 2153 1555 2195 familia
1582 2159 1720 2205 ortus,
1749 2153 1804 2196 ab
1829 2154 1890 2195 in-

1151 2207 1163 2233 1'
1186 2213 1317 2251 eunte
1337 2211 1469 2252 aetate
1486 2223 1575 2251 non
1591 2210 1781 2252 obscura
1795 2223 1890 2252 san-

1056 2265 1220 2307 ctitatis
1253 2265 1378 2308 dedit
1409 2266 1584 2322 indicia3
1615 2279 1718 2308 nam
1750 2280 1776 2308 a
1804 2267 1891 2320 piis

1055 2321 1312 2373 parentibus
1339 2321 1525 2364 honeste
1554 2322 1784 2373 educatus,
1817 2336 1889 2365 ne-

1055 2377 1210 2428 glectis
1235 2378 1479 2431 puerilibus
1503 2379 1635 2428 ludis,
1663 2379 1778 2422 inter
1799 2380 1888 2433 pri-

1055 2446 1127 2474 ma
1151 2435 1404 2485 gramaticae
1429 2434 1575 2477 studia
1593 2435 1771 2488 pietatis
1795 2438 1890 2488 ope-

1055 2490 1177 2532 ribus
1193 2490 1383 2532 animum
1398 2491 1594 2540 intendit,
1608 2491 1784 2543 jejuniis,
1803 2504 1890 2533 ora-

1055 2546 1175 2596 tioni,
1195 2551 1239 2588 et
1256 2546 1524 2589 beatissimae
1541 2547 1735 2598 Virginis
1754 2548 1890 2590 cultui

1055 2605 1280 2655 praecipue
1317 2602 1531 2646 addictus.
1588 2604 1889 2646 Misericordia

1056 2670 1162 2699 vero
1182 2659 1226 2699 in
1245 2662 1465 2712 pauperes
1481 2660 1562 2701 fuit
1577 2659 1771 2711 insignis:
1789 2673 1888 2712 quae

1058 2714 1237 2765 quidem
1252 2716 1399 2758 omnia
1407 2715 1677 2768 procedente
1687 2717 1888 2769 tempore
