2040 2976
817 216 992 250 Officium
1015 216 1300 250 Defunctorum.

261 313 563 355 Exaltatienes
587 313 671 355 Dei
697 313 741 354 in
764 316 938 365 gutture
963 316 1032 354 ee-

210 383 320 411 rum:
338 370 362 396 *
382 375 426 411 et
451 369 585 421 gladii
608 369 821 422 ancipites
839 369 883 410 in
901 370 1032 411 mani-

209 426 291 468 bus
311 428 475 468 eerum:

261 482 334 524 Ad
360 482 605 524 faciendam
629 482 867 524 vindictam
892 483 936 523 in
961 495 1031 523 na-

209 539 416 581 tienibus:
452 539 475 565 *
511 539 832 591 increpatienes
872 540 916 580 in
955 541 1031 591 pe-

209 596 334 648 pulis.

261 651 333 693 Ad
364 650 608 702 alligandos
644 664 770 702 reges
808 654 959 693 eerum
990 651 1034 692 in

210 707 510 761 compedibus:
524 708 547 733 *
567 713 611 749 et
629 707 798 749 nebiles
818 710 972 750 eerum
990 707 1034 748 in

209 765 390 806 manicis
410 764 572 806 ferreis.

263 822 322 864 Ut
348 821 508 863 faciant
535 821 578 862 in
612 821 673 862 eis
701 820 906 872 judicium
934 832 1034 861 con-

210 880 438 931 scriptum:
465 878 488 903 *
515 877 654 928 gleria
681 877 777 919 haec
804 882 871 918 est
900 877 1034 918 emni-

210 934 292 976 bus
311 934 471 976 sanctis
492 935 593 986 ejus.

264 993 347 1033 Hic
368 1006 453 1033 non
475 992 632 1032 dicitur
648 989 875 1042 Requiem.

469 1048 666 1088 Psalmus
686 1049 778 1101 150.

213 1101 447 1206 Laudate
493 1104 730 1145 Deminum
779 1104 823 1144 in
871 1103 1033 1145 sanctis

315 1161 420 1213 ejus:
441 1162 466 1187 *
489 1160 666 1202 laudate
695 1173 793 1202 eum
821 1160 866 1200 in
892 1160 1033 1201 firma-

210 1219 357 1258 mento
377 1217 549 1258 virtutis
569 1218 669 1269 ejus.

262 1273 459 1315 Laudate
483 1286 583 1315 eum
605 1274 649 1314 in
674 1272 906 1314 virtutibus
931 1273 1035 1324 ejus:

211 1331 234 1356 *
258 1330 434 1372 laudate
459 1342 558 1372 eum
583 1329 823 1372 secundum
846 1329 1035 1371 multitu-

212 1387 357 1429 dinem
374 1386 683 1438 magnitudinis
702 1386 803 1438 ejus.

262 1443 460 1485 Laudate
493 1456 591 1485 eum
626 1443 670 1484 in
707 1455 816 1484 sono
848 1442 982 1484 tubae:
1011 1444 1034 1469 *

211 1500 386 1542 laudate
403 1500 562 1541 eumin
575 1499 784 1552 psalterio
802 1504 845 1541 et
860 1499 1036 1540 cithara.

263 1556 461 1598 Laudate
503 1569 602 1598 eum
642 1556 686 1597 in
726 1558 952 1609 tympano,
993 1561 1037 1598 et

213 1613 364 1654 choro:
387 1612 610 1654 *laudate
644 1625 743 1654 eum
774 1612 818 1653 in
850 1611 1036 1662 chordis,

214 1675 257 1711 et
277 1671 453 1720 ergano.

264 1725 463 1768 Laudate
488 1738 587 1767 eum
611 1725 655 1766 in
679 1724 889 1778 cymbalis
908 1724 1037 1767 bene-

215 1782 487 1824 sonantibus:
522 1781 699 1824 laudate
728 1795 827 1824 eum
853 1782 897 1822 in
924 1783 1038 1834 cyrm-

214 1838 325 1881 balis
348 1838 626 1891 jubilatienis:
648 1839 671 1864 *
695 1839 836 1880 omnis
861 1839 1039 1891 spiritus

215 1895 363 1938 laudet
381 1895 629 1936 Deminum.

266 1952 480 2004 Requiem
499 1954 717 1994 aeternam.

272 2012 369 2050 Ant.
399 2009 551 2050 Omnis
579 2009 757 2062 spiritus
781 2008 930 2051 laudet
952 2008 1039 2049 De·

215 2078 388 2106 minum.

272 2117 318 2167 Y.
337 2121 497 2163 Audivi
517 2134 673 2163 vocem
692 2121 747 2164 de
765 2121 878 2164 coelo
894 2121 1038 2164 dicen-

215 2182 305 2219 tem
329 2177 446 2218 mihi.
484 2180 532 2230 R.
559 2178 685 2220 Beati
708 2179 871 2220 mertui
897 2179 971 2231 qui
994 2179 1038 2220 in

216 2233 405 2275 Demino
424 2235 677 2277 moriuntur.

271 2290 342 2331 Ad
363 2290 521 2331 Bened.
558 2292 655 2331 Ant.
687 2292 780 2342 Ego
806 2305 902 2332 sum
927 2293 951 2319 *
977 2304 1040 2333 re-

218 2345 431 2387 surrectio
452 2351 495 2387 et
513 2346 615 2388 vita:
640 2347 714 2399 qui
736 2347 875 2389 credit
896 2347 940 2388 in
958 2360 1039 2398 me,

219 2402 350 2444 etiam
377 2402 414 2443 si
442 2404 640 2443 mortuus
667 2402 810 2453 fuerit,
839 2404 969 2446 vivet:
998 2409 1041 2445 et

219 2459 358 2500 omnis
392 2458 466 2510 qui
496 2458 603 2500 vivit
634 2464 677 2500 et
709 2459 847 2501 credit
877 2460 921 2501 in
952 2473 1040 2510 me,

218 2528 306 2557 non
324 2515 532 2556 morietur
551 2514 596 2555 in
615 2517 836 2557 aeternum.

277 2577 420 2611 Deinde
447 2577 623 2610 dicuntur
649 2577 757 2610 flexis
782 2577 943 2617 genibus

275 2630 399 2670 Pater
418 2633 579 2669 noster.
601 2635 780 2668 secreto.

276 2680 323 2731 δ”.
352 2685 409 2727 Et
435 2697 489 2726 ne
517 2697 598 2725 nos
625 2682 807 2725 inducas
834 2683 878 2724 in
905 2689 1040 2725 tenta-

219 2742 393 2783 tienem.
431 2742 477 2791 R'.
501 2740 589 2782 Sed
612 2739 750 2782 libera
771 2752 852 2781 nos
875 2753 900 2781 a
916 2739 1042 2781 malo.

1345 310 1543 351 Psalmus
1565 311 1650 351 129.

1086 361 1197 467 De
1221 371 1450 423 profundis
1475 373 1657 416 clamavi
1680 375 1736 418 ad
1757 381 1802 418 te
1820 377 1907 419 De-

1179 427 1308 469 mine:
1327 430 1351 455 *
1369 429 1558 472 Demine
1577 431 1736 474 exaudi
1754 445 1909 475 vocem

1086 496 1242 525 meam.

1137 540 1264 582 Fiant
1296 553 1424 582 aures
1455 547 1544 584 tuae
1571 543 1862 595 intendenteS‚
1885 546 1909 571 *

1086 597 1129 637 in
1148 609 1302 638 vocem
1322 597 1643 650 deprecationis
1662 614 1783 643 meae.

1138 653 1182 695 Si
1210 653 1461 705 iniquitates
1493 655 1796 699 observaveris
1823 658 1910 700 De-

1086 710 1216 751 mine:
1234 712 1257 737 *
1276 710 1464 753 Demine
1485 713 1582 764 quis
1601 713 1851 756 sustinebit?

1140 767 1250 816 Quia
1279 767 1397 819 apud
1423 774 1468 810 te
1494 770 1748 822 propitiatio
1777 776 1859 812 est:
1887 773 1911 798 ’⁸¹

1088 828 1131 865 et
1153 829 1335 876 propter
1358 824 1500 875 legem
1522 831 1642 868 tuam
1666 828 1849 869 sustinui
1866 833 1911 870 te

1086 880 1286 922 Demine.

1137 936 1349 979 Sustinuit
1385 938 1530 979 anima
1565 952 1663 981 mea
1697 940 1742 981 in
1772 940 1911 983 verbo

1088 994 1193 1045 ejus:
1209 994 1233 1020 *
1248 995 1443 1047 speravit
1462 996 1604 1036 anima
1622 1009 1719 1038 mea
1738 997 1783 1038 in
1801 997 1912 1040 Dfio.

1138 1051 1179 1091 A
1211 1051 1412 1092 custedia
1442 1055 1654 1094 matutina
1685 1066 1824 1106 usque
1855 1053 1912 1096 ad

1087 1110 1276 1148 noctem:
1291 1108 1314 1134 *
1329 1112 1478 1160 speret
1495 1108 1633 1150 Israel
1651 1109 1695 1150 in
1709 1110 1912 1152 Domino.

1143 1162 1254 1212 Quia
1279 1163 1397 1216 apud
1415 1164 1651 1206 Deminum
1669 1166 1911 1208 misericer-

1088 1218 1174 1260 dia:
1198 1220 1222 1246 *
1247 1225 1290 1261 et
1322 1220 1504 1273 copiesa
1536 1221 1654 1273 apud
1686 1234 1784 1264 eum
1817 1221 1912 1264 red-

1089 1275 1265 1328 emptio.

1138 1333 1195 1374 Et
1225 1333 1321 1385 ipse
1351 1333 1537 1376 redimet
1560 1335 1713 1386 Israel,
1735 1336 1759 1362 *
1783 1349 1837 1378 ex
1870 1338 1912 1378 ό-

1087 1388 1260 1431 mnibus
1278 1390 1581 1442 iniquitatibus
1601 1392 1701 1444 ejus.

1142 1446 1358 1498 Requiem
1377 1448 1596 1488 aeternam.

1143 1513 1313 1556 Deinde
1324 1510 1374 1562 V.
1386 1513 1427 1554 A
1436 1518 1565 1566 porta
1578 1513 1714 1555 inferi.
1738 1515 1788 1568 Rt·
1798 1514 1914 1557 Erue

1089 1570 1276 1611 Demine
1298 1570 1462 1617 animas
1482 1572 1643 1612 eerum.

1146 1622 1196 1674 V.
1203 1627 1500 1679 Requiescant
1510 1627 1554 1667 in
1563 1639 1684 1680 pace.
1702 1629 1753 1682 R.
1762 1627 1915 1669 Amen.

1145 1678 1195 1730 V.
1235 1683 1424 1724 Demine
1469 1683 1628 1725 exaudi
1673 1683 1915 1726 orationem

1089 1752 1243 1782 meam.
1292 1742 1342 1793 R.
1370 1739 1428 1781 Et
1453 1739 1619 1782 clamor
1642 1752 1766 1782 meus
1791 1739 1848 1782 ad
1870 1745 1915 1782 te

1090 1797 1247 1839 veniat.

1145 1850 1195 1901 V.
1228 1852 1444 1894 Deminus
1480 1852 1717 1895 vobiscum.
1770 1854 1822 1905 R.
1859 1853 1916 1895 Et

1092 1922 1191 1951 cum
1214 1910 1370 1963 spiritu
1392 1914 1480 1951 tuo.

1426 1974 1589 2017 Oratio.

1095 2037 1274 2143 Deus,
1311 2041 1386 2094 qui
1414 2041 1527 2083 inter
1553 2040 1824 2094 apostelicos
1852 2053 1916 2082 sa-

1203 2097 1420 2147 cerdeteS‚
1439 2096 1624 2139 famulos
1647 2101 1749 2139 tuos
1775 2097 1916 2150 ponti-

1092 2154 1207 2197 ficeli
1233 2167 1310 2196 seu
1329 2153 1591 2196 sacerdotali
1618 2153 1759 2196 fecisti
1783 2153 1916 2206 digni-

1094 2213 1185 2254 tate
1203 2212 1364 2263 vigere:
1387 2215 1565 2264 praesta,
1586 2212 1851 2264 quaesumus3
1869 2215 1918 2252 ut

1094 2270 1246 2310 eerum
1264 2280 1440 2320 quoque
1454 2269 1668 2321 perpetuo
1683 2267 1916 2319 aggregen-

1092 2328 1163 2366 tur
1183 2324 1418 2366 consertio.

1092 2398 1275 2505 Deus,
1294 2402 1433 2444 veniae
1451 2402 1633 2453 largitor
1653 2406 1696 2444 et
1714 2401 1916 2443 humanae

1193 2459 1345 2501 salutis
1361 2461 1545 2501 amator:
1566 2460 1815 2511 quaesumus
1835 2457 1916 2500 cle-

1092 2516 1299 2557 mentiam
1324 2520 1458 2566 tuam;
1484 2520 1532 2557 ut
1555 2520 1719 2556 nostrae
1739 2526 1916 2566 congre-

1092 2572 1281 2624 gationis
1298 2572 1470 2622 fratres,
1489 2574 1764 2624 propinquos
1784 2581 1833 2612 et·
1844 2570 1916 2612 be-

1092 2629 1347 2678 nefacteres,
1364 2628 1437 2681 qui
1451 2641 1506 2670 ex
1519 2627 1604 2669 hoc
1615 2627 1777 2669 saeculo
1787 2631 1918 2668 trans-

1093 2685 1244 2735 ierunt,
1258 2685 1388 2727 beata
1399 2685 1538 2726 Maria
1552 2696 1725 2736 semper
1735 2682 1916 2733 Virgine

1092 2740 1390 2783 intercedente
1409 2753 1507 2782 cum
1528 2740 1728 2782 emnibus
1746 2739 1915 2781 Sanctis
