2040 2976
581 217 652 251 Die
680 217 728 250 15.
753 217 851 259 Aug.
899 216 941 249 In
966 216 1247 259 Assumptionc
1272 216 1313 250 B.
1339 209 1385 251 M.
1410 217 1453 250 V.

162 319 229 357 tes
266 313 417 356 corda:
449 315 473 340 *
505 316 779 367 praeceptum
814 313 993 355 Domini

162 371 371 422 lucidum3
389 370 638 412 illuminans
658 370 822 413 oculos.

213 428 367 470 Timor
393 427 572 469 Domini
600 433 795 482 sanctus,
823 429 992 481 perma-

161 498 270 527 nens
294 485 339 526 in
365 484 577 526 saeculum
603 485 768 527 saeculi:
789 486 812 511 *
833 483 993 537 judicia

161 542 247 583 Dfii
265 554 381 591 vera,
400 543 633 594 justificata
651 542 695 582 in
714 544 961 594 semetipsa.

185 627 188 631 -
212 599 535 640 Desiderabilia
555 611 687 651 super
704 611 858 640 aurum
873 603 917 640 et
931 597 989 639 la-

161 655 311 707 pidem
329 656 574 708 pretiosum
587 655 786 696 multum:
802 656 825 703 ἶ*
841 660 884 696 et
900 654 990 696 dul-

161 712 280 753 ciora
299 725 432 766 super
451 712 538 754 mel
557 717 600 754 et
618 712 776 753 favum.

211 769 386 810 Etenim
412 782 564 810 servus
585 774 686 810 tuus
709 768 903 810 custodit
929 781 990 818 ea,

160 826 183 851 *
209 825 262 866 .in
298 825 612 868 custodiendis·
635 826 720 867 illis
756 825 990 868 retributio

159 882 307 924 multa.

210 939 386 982 Delicta
405 940 502 992 quis
521 938 748 991 intelligit?
769 939 826 982 ab
846 940 989 982 occul-

158 996 215 1037 tis
233 997 342 1038 meis
362 997 524 1039 munda
541 1009 627 1038 me:
646 997 669 1022 *
689 1001 734 1038 et
756 996 812 1038 ab
838 997 990 1038 alienis

157 1065 291 1106 parce
310 1066 440 1095 servo
459 1059 548 1096 tuo.

211 1110 256 1151 Si
269 1111 355 1152 mei
370 1123 459 1152 non
472 1111 632 1152 fuerint
647 1111 870 1161 dominati,
884 1117 990 1154 tunc

157 1167 462 1209 immaculatus
489 1180 580 1209 ero:
600 1169 623 1192 *
645 1173 688 1209 et
713 1168 989 1210 emundabor

158 1237 183 1265 a
203 1223 366 1265 delicto
385 1225 589 1265 maximo.

208 1281 267 1322 Et
286 1285 412 1322 erunt
431 1286 479 1322 ut
493 1281 798 1334 complaceant
814 1281 989 1333 eloquia

107 1386 111 1391 ‚
158 1337 247 1378 oris
265 1337 367 1378 mei:
382 1338 406 1364 *
422 1342 465 1379 et
484 1337 713 1379 meditatio
735 1337 882 1380 cordis
901 1339 988 1380 mei

157 1393 202 1434 in
221 1395 462 1446 conspectu
480 1399 557 1435 tuo
578 1407 763 1447 semper.

209 1450 399 1499 Domine
419 1449 592 1503 adjutor
610 1464 752 1501 meuS,
771 1452 795 1478 *
822 1457 866 1494 et
891 1451 987 1493 red-

159 1508 334 1560 emptor
351 1520 487 1549 meus.

211 1562 309 1604 Ant.
344 1563 537 1606 Paradisi
563 1569 708 1617 portae
735 1577 816 1617 per
841 1570 886 1607 te
911 1578 986 1607 no-

157 1620 224 1662 bis
256 1622 422 1674 apertae
456 1626 575 1671 sunt,
610 1634 709 1673 quae
737 1620 870 1663 hodie
898 1622 986 1674 glo·
1044 1651 1107 1668 ,

156 1677 274 1719 riosa
294 1690 393 1719 cum
411 1677 592 1730 Angelis
611 1678 869 1731 triumphas.

209 1735 309 1776 Ant.
320 1734 563 1776 Benedicta
573 1739 621 1776 tu
631 1736 655 1761 *
666 1735 710 1776 in
719 1735 986 1786 mulieribus,
1044 1722 1090 1754 ³³²
1127 1747 1132 1750 ¹
1144 1738 1151 1749 ’·

157 1795 201 1832 et
218 1790 478 1834 benedictus
498 1791 667 1834 fructus
686 1793 853 1834 ventris
871 1793 947 1835 tui.

434 1848 630 1889 Psalmus
649 1850 713 1890 23.

158 1898 380 2004 Domini
412 1910 479 1947 est
511 1910 645 1955 terra,
681 1910 725 1947 et
757 1906 985 1959 plenitudo

267 1962 373 2014 ejus:
395 1962 419 1988 *
443 1961 562 2004 orbis
581 1964 809 2011 terrarum,
833 1967 877 2013 e,t
896 1964 985 2004 uni-

156 2017 272 2058 versi
292 2018 365 2070 qui
383 2018 583 2060 habitant
600 2019 644 2059 in
664 2031 728 2060 eo.
749 2018 751 2020 ’

210 2074 321 2124 Quia
346 2074 442 2127 ipse
471 2087 602 2127 super
626 2075 763 2116 maria
787 2075 986 2118 fundavit

158 2143 272 2171 eum:
290 2130 314 2156 *
334 2136 378 2172 et
406 2144 538 2184 super
562 2131 741 2173 fiumina
765 2134 1007 2185 praepara-·

158 2186 220 2227 vit
240 2199 348 2228 eum.

210 2243 317 2293 Quis
350 2242 557 2285 ascendet
593 2243 638 2284 in
669 2249 865 2285 montem
897 2245 984 2285 Do-

157 2297 283 2339 mini?
302 2299 326 2325 *
346 2304 420 2340 aut
440 2299 690 2352 quis‘stabit
707 2300 751 2341 in
769 2299 869 2342 loco
890 2313 984 2341 san-

158 2359 231 2396 cto
252 2353 366 2406 ejus?

208 2412 425 2452 Innocens
474 2411 676 2453 manibus
726 2417 770 2453 et
819 2412 983 2454 mundo

158 2466 307 2517 corde,
335 2468 358 2493 *
388 2467 462 2520 qui
488 2480 576 2508 non
600 2469 770 2521 accepit
797 2468 841 2509 in
869 2481 983 2510 vano

158 2524 346 2565 animam
366 2536 504 2573 suam,
528 2536 610 2565 nec
633 2524 790 2576 juravit
812 2525 856 2565 in
880 2524 983 2566 dolo

157 2581 359 2632 proximo
381 2593 472 2621 suo.

207 2637 292 2678 Hic
333 2636 520 2689 accipiet
562 2635 914 2678 benedictionem
959 2649 984 2678 a

156 2692 362 2734 Domino:
376 2693 400 2718 *
416 2697 460 2734 et
478 2692 823 2734 misericordiam
842 2705 868 2733 a
885 2693 983 2734 Deo

158 2748 338 2791 salutari
357 2761 448 2790 suo.

311 2888 375 2913 Pars
390 2889 499 2913 AEstiva.

1096 313 1208 354 Haec
1236 318 1303 355 est
1330 314 1557 364 generatio
1588 313 1877 366 quaerentium

1046 382 1161 419 eum,
1198 370 1222 395 *
1261 370 1550 422 quaerentium
1599 370 1757 412 faciem
1793 370 1878 411 Dei

1044 426 1195 468 Jacob.

1097 482 1302 524 Attollite
1347 487 1501 535 portas
1546 482 1769 536 principes
1806 497 1876 525 ve-

1046 544 1176 590 stras,
1206 544 1250 581 et
1275 539 1505 581 elevamini
1529 545 1672 592 portae
1693 542 1876 582 aeterna-

1043 595 1123 638 les:
1141 597 1165 622 *
1185 601 1229 637 et
1247 595 1446 637 introibit
1465 596 1563 638 Rex
1581 596 1745 647 gloriae.

1097 653 1203 704 Quis
1230 657 1297 694 est
1317 653 1401 694 iste
1420 653 1518 694 Rex
1537 651 1713 704 gloriae?
1738 654 1761 679 *
1787 654 1876 695 Do-

1043 709 1186 751 minus
1217 709 1345 751 fortis
1378 714 1422 751 et
1454 714 1628 762 potens:
1660 710 1876 751 Dominus

1043 771 1204 819 potens
1222 766 1267 807 in
1284 765 1450 819 praelio.

1096 822 1301 865 Attollite
1345 827 1500 875 portas
1545 823 1768 876 principes
1805 836 1875 865 ve-

1044 884 1174 930 stras,
1203 884 1247 922 et
1271 879 1502 921 elevamini
1524 884 1668 932 portae
1692 882 1876 921 aeterna-

1042 936 1122 978 les:
1141 938 1164 964 *
1184 941 1228 978 et
1246 935 1445 978 introibit
1466 936 1562 978 Rex
1580 936 1744 987 gloriae.

1096 993 1203 1044 Quis
1228 998 1296 1034 est
1319 993 1403 1035 iste
1422 993 1521 1035 Rex
1549 991 1725 1044 gloriae?
1745 994 1768 1019 *
1787 994 1876 1035 Do-

1042 1050 1184 1091 minus
1209 1049 1421 1091 virtutum
1448 1050 1544 1102 ipse
1572 1054 1640 1091 est
1664 1051 1762 1091 Rex
1785 1051 1876 1102 glo-

1042 1119 1130 1148 riae.

1052 1182 1054 1184 ·
1096 1173 1195 1214 Ant.
1217 1170 1460 1213 Benedicta
1478 1176 1526 1213 tu
1545 1172 1590 1212 in
1610 1171 1876 1223 mulieribus,

999 1235 1002 1238 ’
1043 1233 1086 1270 et
1104 1227 1365 1270 benedictus
1385 1228 1554 1270 fructus
1575 1229 1740 1271 ventris
1759 1230 1835 1272 tui.

1098 1290 1148 1342 V.
1177 1293 1387 1336 Exaltata
1410 1298 1477 1335 est
1503 1299 1656 1336 sancta
1680 1292 1764 1336 Dei
1790 1295 1873 1336 Ge-

1041 1351 1184 1407 nitrix.
1236 1352 1286 1404 Rz.
1315 1351 1458 1404 Super
1491 1350 1652 1393 choros
1684 1352 1875 1403 Angelo-

1041 1421 1138 1449 rum
1157 1407 1213 1449 ad
1233 1407 1434 1449 coelestia
1452 1420 1597 1458 regna.

1100 1486 1317 1539 Incipiunt
1337 1486 1519 1529 Cantica
1537 1487 1822 1530 canticorum.

1148 1552 1300 1593 Lectio
1321 1553 1346 1593 i.
1617 1554 1722 1606 Cap.
1744 1556 1772 1594 1.

1080 1662 1091 1667 ‚,
1127 1617 1348 1660 sculetur
1380 1631 1450 1660 me
1490 1618 1643 1660 osculo
1677 1619 1765 1660 oris
1798 1620 1875 1670 sui,

1064 1668 1129 1725 ’,Α”Ὑξᾎ
1150 1720 1151 1729 ¹
1174 1674 1276 1727 quia
1300 1674 1484 1716 meliora
1511 1679 1613 1717 sunt
1637 1675 1776 1718 ubera
1798 1682 1874 1718 tua
1904 1696 1907 1700 ·

1173 1731 1293 1781 vino,
1349 1731 1587 1783 fragrantia
1640 1733 1874 1784 unguentis

1041 1787 1229 1840 optimis.
1293 1788 1452 1830 Oleum
1490 1788 1677 1830 effusum
1713 1802 1874 1831 nomen

1038 1849 1177 1886 tuum:
1205 1845 1308 1887 ideo
1337 1845 1682 1887 adolescentulae
1712 1845 1874 1887 dilexe-

1039 1907 1141 1943 runt
1161 1906 1216 1943 te.
1253 1902 1400 1944 Trahe
1420 1915 1505 1944 me:
1533 1907 1638 1955 post
1662 1907 1706 1944 te
1731 1905 1874 1944 curre-

1038 1963 1136 1999 mus
1159 1959 1203 1999 in
1227 1958 1414 2001 odorem
1437 1961 1761 2010 unguentorum
1778 1962 1892 2002 tuo-·

1039 2027 1147 2056 rum.
1174 2015 1427 2068 Introduxit
1445 2028 1516 2057 me
1535 2028 1614 2057 rex
1633 2016 1677 2056 in
1697 2015 1875 2058 cellaria

1039 2084 1133 2113 sua:
1158 2072 1475 2114 exsultabimus
1499 2077 1543 2114 et
1562 2071 1812 2114 laetabimur
1829 2073 1874 2114 in

1038 2133 1093 2178 te,
1111 2130 1331 2170 memores
1347 2128 1534 2180 uberum
1547 2131 1726 2171 tuorum
1740 2143 1874 2182 super

1039 2185 1203 2226 vinum:
1243 2186 1354 2227 recti
1396 2185 1583 2236 diligunt
1618 2191 1673 2228 te.
1736 2186 1873 2238 Nigra

1038 2255 1147 2292 sum,
1167 2242 1247 2284 sed
1265 2242 1472 2292 formosa,
1493 2242 1596 2284 filiae
1616 2243 1872 2294 Jerusalem,

1039 2298 1152 2340 sicut
1170 2298 1456 2341 tabernacula
1476 2299 1630 2350 Cedar,
1650 2300 1764 2342 sicut
1782 2300 1872 2353 pel-

1037 2354 1102 2396 les
1121 2355 1383 2412 Salomonis.

1095 2411 1146 2463 Rz.
1158 2404 1274 2454 Vidi
1296 2413 1547 2465 speciosam
1571 2413 1686 2455 sicut
1709 2413 1872 2454 colum-

1037 2467 1156 2518 bam,
1189 2469 1502 2511 ascendentem
1530 2469 1724 2523 desuper
1751 2470 1870 2511 rivos

1037 2526 1266 2576 aquarum:
1286 2527 1407 2578 cujus
1424 2526 1743 2568 inaestimabilis
1759 2526 1871 2567 odor

1037 2586 1131 2623 erat
1150 2582 1277 2623 nimis
1297 2582 1341 2623 in
1358 2582 1633 2625 vestimentis
1655 2583 1760 2635 ejus:
1780 2582 1871 2623 *Et

1037 2637 1149 2679 sicut
1169 2637 1263 2680 dies
1278 2639 1401 2680 verni
1420 2639 1754 2681 circumdabant
1773 2651 1871 2679 eam

1036 2693 1168 2736 flores
1192 2697 1395 2737 rosarum
1417 2701 1462 2737 et
1484 2695 1575 2737 lilia
1593 2694 1869 2737 convallium.

1043 2742 1093 2794 V·
1111 2751 1220 2801 Quae
1247 2757 1315 2793 est
1338 2752 1424 2793 ista
1449 2765 1549 2804 quae
1574 2750 1772 2793 ascendit
1789 2763 1870 2803 per

1595 2879 1660 2913 33*
