2040 2976
743 208 851 242 Feria
876 206 987 240 tertia
1013 204 1060 237 ad
1086 201 1323 236 Matutinum.

183 304 474 356 magnificavit
502 314 633 354 super
659 314 730 342 me
758 298 1005 351 supplanta-

184 363 356 404 tionem.

236 418 304 458 Tu
323 422 467 458 autem
485 415 673 456 Demine
690 413 897 453 miserere
910 410 1006 458 mei,

186 479 229 515 et
247 473 457 514 resuscita
473 484 559 512 me:
575 471 658 511 *et
675 468 912 510 retribuam
934 466 1006 507 eis.

235 529 285 569 ln
305 528 390 569 hoc
410 527 597 591 cognevi
615 525 818 578 queniam
832 521 1007 563 voluisti

185 598 268 625 me.
296 585 318 609 *
354 583 559 635 queniam
585 594 673 622 non
700 578 907 630 gaudebit
934 577 1008 617 ini-

185 642 322 681 micus
348 651 471 680 meus
499 650 630 690 super
656 649 737 677 me.

238 695 309 736 Me
337 700 482 736 autem
509 698 692 746 propter
719 689 1010 731 innocentiam

187 751 431 803 suscepisti:
458 751 481 775 *
506 755 548 791 et
577 746 844 790 confirmasti
870 757 940 786 me
967 744 1010 784 in

188 808 427 858 conspectu
453 811 530 846 tuo
558 805 602 845 in
629 805 850 844 aeternum.

240 861 504 903 Benedictus
515 859 727 901 Dominus
742 858 862 899 Deus
876 855 1012 897 Israel

190 931 215 959 a
242 917 403 958 saeculo
432 922 475 959 et
502 928 641 968 usque
668 915 711 955 in
739 913 961 955 saeculum:
989 912 1012 937 *

190 975 276 1022 fiat,
303 973 388 1014 fiat.

460 1036 655 1075 Psalmus
683 1036 741 1073 41.

194 1090 615 1212 Quemadmodum
626 1094 846 1136 desiderat
861 1103 1015 1133 cervus

296 1153 351 1194 ad
373 1153 515 1194 fontes
534 1153 760 1203 aquarum:
776 1150 799 1175 *
823 1149 884 1190 ita
906 1147 1015 1188 desi-

193 1210 317 1252 derat
346 1209 487 1249 anima
513 1220 611 1248 mea
638 1206 694 1247 ad
721 1211 765 1247 te
792 1206 923 1246 Deus.

244 1269 386 1311 Sitivit
411 1268 552 1308 anima
570 1279 668 1308 mea
692 1265 748 1306 ad
765 1265 908 1306 Deum
931 1266 1015 1306 ior-

192 1331 282 1368 tem
309 1324 469 1365 vivum:
497 1323 520 1348 *
549 1321 724 1374 quando
752 1321 938 1370 veniam,
974 1325 1018 1362 et

194 1379 417 1433 apparebo
446 1383 546 1420 ante
572 1378 729 1419 faciem
755 1375 861 1418 Dei?

244 1441 438 1481 Fuerunt
457 1438 562 1479 mihi
588 1437 781 1478 lacrimae
805 1449 916 1478 meae
943 1448 1017 1488 pa-

195 1509 271 1537 nes
304 1495 374 1536 die
408 1507 459 1535 ac
490 1499 634 1535 nocte:
667 1494 691 1518 *
724 1492 828 1534 dum
862 1491 1018 1533 dicitur

195 1551 299 1592 mihi
319 1549 528 1603 quotidie:
554 1549 642 1591 Ubi
666 1554 732 1590 est
754 1548 875 1589 Deus
894 1546 1018 1589 tuus?

248 1612 358 1651 Haec
385 1609 640 1651 recordatus
668 1622 780 1658 sum,
815 1614 859 1650 et
887 1607 1020 1649 efflidj

197 1668 240 1708 in
267 1679 337 1707 me
366 1666 552 1706 animam
578 1678 736 1706 meam:
764 1666 787 1689 *
817 1664 1021 1716 quoniam

197 1722 391 1764 transibo
419 1722 462 1761 in
483 1721 627 1762 locum
654 1720 922 1762 tabernaculi
947 1719 1018 1760 ad-

198 1777 417 1826 mirabilis,
446 1777 584 1828 usque
612 1776 668 1817 ad
696 1776 875 1817 domum
901 1776 994 1816 Dei.

250 1838 300 1878 In
320 1850 428 1878 voce
454 1836 762 1885 exsultati6n1s‚
787 1841 830 1878 et
856 1836 1020 1878 confes-

199 1893 346 1934 sienis:
374 1894 398 1918 ¹⁸¹
426 1905 557 1933 sonus
584 1892 809 1944 epulantis.

252 1955 396 2003 Quare
427 1953 563 1994 tristis
596 1965 642 1993 es
676 1952 819 1992 anima
850 1950 970 1994 mea?
999 1953 1022 1977 *

201 2014 244 2051 et
273 2021 406 2060 quare
434 2008 668 2049 conturbas
695 2006 788 2049 me?

253 2069 391 2121 Spera
423 2068 465 2108 in
497 2068 611 2117 Deo,
645 2068 849 2120 quoniam
881 2068 1024 2110 adhuc

202 2123 444 2165 confitebor
453 2123 528 2164 illi:
539 2124 561 2149 *
574 2124 762 2165 salutare
773 2124 918 2165 vultus
927 2124 1024 2173 mei,

203 2185 246 2221 et
272 2180 392 2221 Deus
419 2192 551 2220 meus.

254 2239 326 2280 Ad
346 2242 558 2291 meipsum
577 2240 718 2280 anima
736 2252 834 2281 mea
853 2244 1025 2281 contur-

203 2295 306 2337 bata
333 2300 412 2336 est:
440 2296 463 2319 *
490 2297 726 2347 propterea
751 2308 920 2336 memor
948 2307 1025 2336 ero

203 2351 265 2392 tui
294 2350 348 2392 de
374 2356 492 2392 terra
518 2350 737 2400 Jordanis‚
770 2356 814 2392 et
841 2351 1025 2392 Herme-

203 2406 306 2446 niim
334 2419 358 2446 a
385 2412 532 2448 monte
559 2406 745 2448 modico.

257 2465 453 2518 Aby'ssus
482 2466 685 2518 abyssum
713 2469 905 2515 invocat,
933 2467 956 2491 *
983 2466 1027 2506 in

204 2534 313 2562 voce
342 2525 657 2564 cataractarum
688 2524 872 2564 tuarum.

258 2581 411 2622 Omnia
430 2582 602 2623 excelsa
620 2587 705 2630 tua,
725 2587 770 2623 et
790 2582 947 2623 fluctus
966 2580 1029 2622 tui
1080 2586 1103 2610 *

206 2637 228 2661 ²⁸¹
255 2650 386 2688 super
413 2650 483 2678 me
509 2638 784 2679 transierunt.

258 2698 306 2736 In
333 2696 404 2738 die
426 2697 649 2738 mandavit
666 2696 880 2737 Deminus
905 2696 1029 2736 mise-

1058 293 1292 336 ricordiam
1319 303 1458 333 suam:
1482 290 1506 315 *
1526 294 1571 331 et
1597 292 1729 330 nocte
1756 287 1888 329 canti-

1059 364 1158 392 cum
1186 350 1286 401 ejus.

1111 407 1182 458 Ap
1185 404 1244 446 ud
1263 416 1334 445 me
1359 402 1501 444 oratio
1520 401 1620 442 Deo
1644 400 1748 442 vitae
1766 411 1889 447 meae,

1059 464 1082 489 *
1112 461 1254 503 dicam
1281 460 1394 500 Deo:
1422 458 1661 509 Susceptor
1682 468 1808 497 meus
1832 467 1890 496 es.

1113 519 1257 568 Quare
1277 515 1438 557 oblitus
1458 526 1505 555 es
1523 511 1632 554 mei?
1650 513 1674 538 *
1691 517 1736 554 et
1756 523 1891 564 quare

1062 574 1344 615 contristatus
1356 569 1525 618 incedo,
1540 568 1645 610 dum
1655 567 1810 618 affligit
1820 579 1891 608 me

1062 627 1282 671 inimicus?

1114 686 1230 726 Dum
1258 683 1588 733 confringuntur
1617 692 1721 722 ossa
1745 679 1892 728 mea‚*

1064 740 1441 793 exprobraverunt
1460 737 1567 779 mihi
1587 736 1662 789 qui
1683 735 1894 777 tribulant

1063 810 1133 838 me
1161 796 1322 837 inimici
1348 795 1446 836 mei.

1116 853 1233 897 Dum
1268 851 1418 893 dicunt
1452 850 1559 891 mihi
1592 861 1673 902 per
1701 846 1896 898 singulos

1066 909 1174 950 dies:
1202 907 1289 950 Ubi
1317 912 1384 949 est
1411 907 1532 948 Deus
1560 903 1685 947 tuus?
1706 904 1730 930 *
1761 915 1896 955 quare

1065 965 1201 1007 tristis
1224 977 1271 1005 es
1292 964 1436 1004 anima
1450 975 1560 1012 mea,
1581 966 1626 1003 et
1641 972 1776 1013 quare
1796 971 1896 1001 con-

1065 1020 1218 1063 turbas
1244 1019 1339 1061 me?

1119 1077 1178 1129 Sp
1183 1089 1257 1118 era
1289 1076 1334 1116 in
1366 1076 1481 1125 Deo,
1517 1073 1723 1127 queniam
1755 1070 1899 1113 adhuc
1968 1100 1971 1104 Α

1068 1132 1313 1174 confitebor
1353 1131 1429 1172 illi:
1465 1130 1717 1171 *salutare
1752 1127 1899 1169 vultus

1068 1189 1165 1237 mei,
1194 1193 1238 1230 et
1264 1188 1385 1229 Deus
1412 1199 1548 1228 meus,

1124 1243 1222 1283 Ant.
1232 1242 1346 1285 Sana
1355 1243 1544 1284 Domine
1552 1242 1741 1284 animam
1746 1252 1900 1289 meam,

1071 1301 1172 1353 quia
1199 1299 1383 1351 peccavi
1409 1298 1501 1341 tibi.

1124 1356 1223 1397 Ant.
1247 1355 1490 1398 Eructavit.

1341 1415 1539 1456 Psalmus
1567 1414 1632 1454 43.

1073 1468 1242 1573 Deus
1261 1468 1439 1510 auribus
1459 1467 1622 1508 nostris
1643 1464 1905 1507 audivimus:

1184 1527 1208 1552 *
1222 1530 1372 1578 patres
1387 1524 1528 1566 nostri
1540 1521 1905 1564 annuntiaverunt

1071 1582 1210 1623 nobis.

1125 1638 1260 1690 OpuS‚
1290 1635 1410 1689 quod
1438 1636 1648 1700 operatus
1678 1646 1726 1675 es
1751 1633 1797 1674 in
1818 1632 1905 1674 die-

1072 1694 1155 1735 bus
1176 1693 1382 1742 eorum‚*
1401 1696 1446 1733 et
1465 1692 1510 1732 in
1531 1689 1686 1732 diebus
1705 1688 1906 1741 antiquis

1125 1749 1281 1790 Manus
1295 1754 1371 1790 tua
1387 1747 1554 1789 Gentes
1573 1744 1846 1798 disperdidit,
1863 1749 1907 1786 et

1073 1804 1282 1858 plantasti
1310 1817 1404 1846 eos:
1431 1804 1455 1830 *
1483 1802 1678 1844 afflixisti
1703 1800 1906 1854 populos,

1075 1867 1118 1903 et
1147 1860 1353 1913 expulisti
1380 1872 1469 1901 eos

1122 1917 1218 1958 Nec
1247 1916 1363 1958 enim
1395 1916 1440 1956 in
1468 1913 1617 1966 gladio
1645 1926 1726 1955 suo
1754 1924 1906 1965 posse-

1076 1972 1234 2014 derunt
1242 1977 1417 2021 terram,
1424 1971 1448 1997 *
1456 1975 1501 2012 et
1511 1969 1742 2012 brachium
1755 1970 1908 2010 eorum

1074 2041 1163 2070 non
1191 2027 1376 2069 salvavit
1404 2039 1498 2068 eos:

1127 2083 1215 2125 Sed
1252 2083 1435 2125 dextera
1469 2087 1562 2132 tua,
1600 2085 1645 2123 et
1678 2079 1908 2121 brachium

1075 2145 1214 2189 tuum,
1248 2144 1292 2180 et
1318 2138 1577 2180 illuminatio
1605 2136 1751 2178 vultus
1778 2135 1857 2177 tui:
1884 2136 1908 2161 *

1079 2195 1284 2247 queniam
1313 2193 1618 2246 complacuisti
1643 2192 1688 2233 in
1716 2191 1790 2233 eis.

1129 2252 1198 2292 Tu
1226 2263 1273 2292 es
1305 2251 1401 2302 ipse
1428 2250 1527 2290 Rex
1553 2261 1678 2290 meus
1711 2252 1755 2289 et
1787 2247 1910 2289 Deus

1076 2320 1215 2348 meus:
1234 2307 1257 2332 *
1279 2306 1353 2358 qui
1370 2304 1554 2346 mandas
1575 2304 1739 2345 salutes
1759 2303 1909 2344 Jacob.

1129 2363 1181 2403 In
1214 2367 1259 2404 te
1291 2362 1492 2403 inimicos
1519 2365 1698 2402 nostros
1731 2358 1910 2401 ventila-

1078 2418 1220 2459 bimus
1249 2430 1401 2466 comu,
1435 2418 1459 2443 *
1489 2422 1532 2458 et
1559 2417 1603 2457 in
1630 2415 1806 2457 nomine
1832 2419 1910 2456 tuo

1079 2476 1335 2526 spernemus
1362 2473 1638 2523 insurgentes
1665 2472 1711 2512 in
1736 2470 1875 2512 nobis.

1132 2530 1234 2571 Non
1256 2530 1370 2571 enim
1389 2529 1433 2569 in
1457 2541 1562 2570 arcu
1585 2540 1685 2569 meo
1705 2526 1912 2579 sperabo:

1124 2591 1167 2626 et
1183 2585 1354 2635 gladius
1373 2597 1497 2626 meus
1516 2597 1606 2626 non
1625 2582 1814 2624 salvabit
1830 2594 1912 2623 me.

1133 2641 1319 2683 Salvasti
1330 2641 1445 2682 enim
1454 2653 1536 2681 nos
1549 2639 1605 2681 de
1619 2637 1913 2689 affligentibus

1081 2697 1272 2738 nos:*et
1300 2696 1499 2738 odientes
1526 2708 1608 2737 nos
1636 2693 1883 2736 confudisti.
