2040 2976
422 205 493 238 Die
519 204 567 238 14.
592 204 697 237 Julii.
744 203 779 237 S.
805 203 1089 236 Bonaventurae
1112 201 1239 244 Episc.
1265 200 1372 234 Conf.
1397 205 1431 234 et
1456 200 1565 234 Doct.

194 305 238 339 In
268 304 294 338 1.
322 303 522 338 Nocturno
554 302 757 336 Lectiones
794 300 839 334 de
871 299 968 333 Scri-

142 358 255 397 ptura
279 356 512 386 occurrente.

377 404 426 443 In
444 404 494 442 ΙΙ.
514 403 548 442 N
551 403 735 442 octurno.

444 464 596 505 Lectio
615 464 668 504 iv.

155 540 218 578 &1753
232 537 272 551 ⁴
297 523 493 565 nacletus
530 521 827 570 Atheniensis,
863 520 968 561 Tra-

157 577 159 588 '
201 581 283 609 x
314 581 413 632 jano
445 579 713 632 imperatore
745 577 858 619 rexit
890 577 969 617 Ec-

162 632 249 664 a:
315 636 504 678 clesiam.
552 634 776 684 Decrevit,
805 638 853 674 ut
881 634 968 685 epi-

143 706 306 746 scopus
326 706 351 735 a
368 692 508 735 tribus
528 691 759 745 episcopis,
782 702 925 742 neque
945 702 970 730 a

142 748 425 803 paucioribus
449 749 792 798 consecraretur,
818 751 861 788 et
886 745 969 787 cle-

144 807 222 848 rici
241 806 378 848 sacris
398 804 624 846 ordinibus
642 802 818 856 publice
833 815 859 843 a
871 804 970 855 pro-

142 864 241 916 prio
262 865 474 915 episcopo
494 861 780 902 initiarentur:
799 864 843 901 et
862 864 910 900 ut
928 859 972 899 in

144 920 294 969 Missa,
331 920 512 971 peracta
544 917 894 965 consecratione,
928 928 971 957 o-

143 989 267 1018 mnes
287 975 671 1017 communicarent.
706 973 835 1014 Beati
853 972 972 1013 Petri

146 1032 427 1086 sepulchrum
463 1031 656 1080 ornavit,
691 1029 972 1071 Pontificum-

147 1102 231 1142 que
246 1088 485 1141 sepulturae
500 1087 646 1129 locum
661 1086 869 1128 attribuit.
894 1086 971 1127 Fe-

145 1146 203 1187 cit
235 1145 532 1187 ordinationes
565 1142 674 1185 duas
706 1155 856 1184 mense
889 1142 970 1183 De-

145 1202 319 1252 cembri,
335 1201 492 1254 quibus
509 1201 673 1242 creavit
686 1199 972 1253 presbyteros

145 1258 352 1312 quinque,
377 1257 588 1299 diaconos
607 1262 712 1306 tres,
735 1258 972 1309 episcopos

145 1327 234 1356 sex.
281 1314 404 1356 Sedit
431 1326 569 1355 annos
597 1326 772 1362 novem,
799 1324 972 1353 menses

144 1377 252 1421 tres,
281 1371 374 1412 dies
404 1370 571 1414 decem.
610 1369 820 1421 Martyrio
850 1380 972 1410 coro-

144 1430 285 1478 natus,
305 1426 504 1480 sepultus
524 1431 591 1468 est
610 1426 654 1467 in
673 1425 902 1467 Vaticano.

198 1485 249 1537 R.
277 1484 523 1525 Honestum
550 1483 652 1524 fecit
677 1481 799 1523 illum
821 1482 971 1523 Domi-

144 1554 242 1591 nus,
267 1545 311 1582 et
329 1539 566 1582 custodivit
585 1551 684 1580 eum
703 1538 758 1579 ab
778 1538 972 1588 inimicis,

146 1602 190 1639 et
215 1610 241 1638 a
269 1595 576 1638 seductoribus
602 1595 763 1638 tutavit
789 1594 924 1636 illum:
950 1595 972 1618 *

144 1653 202 1695 Et
234 1651 356 1695 dedit
386 1652 449 1694 illi
481 1652 723 1694 claritatem
752 1653 972 1692 aeternam.

147 1703 197 1756 V.
236 1709 564 1761 Descenditque
597 1722 695 1750 cum
726 1708 802 1749 illo
835 1708 879 1749 in
910 1708 972 1749 fo-

145 1779 286 1816 veam,
305 1771 349 1808 et
367 1766 411 1806 in
429 1765 613 1807 vinculis
632 1777 719 1806 non
739 1763 973 1817 dereliquit

146 1835 256 1864 eum.
283 1822 340 1864 Et
358 1821 491 1864 dedit.

150 1888 216 1929 De
247 1886 538 1940 Expositione
575 1886 715 1928 sancti
748 1885 974 1927 Ambrosii

146 1943 360 1996 Episcopi
381 1943 426 1984 in
443 1942 668 1984 Psalmum
688 1942 973 1984 centesimum

333 1999 552 2041 decimum
572 2001 789 2040 octavum.

253 2054 405 2095 Lectio
426 2069 463 2094 v.
673 2053 806 2093 Serm.
825 2054 882 2093 21.

231 2111 421 2164 rincipes
439 2111 661 2164 persecuti
681 2116 782 2153 sunt
795 2124 866 2152 me
881 2123 974 2162 gra-

251 2168 325 2209 tis:
353 2172 397 2210 et
421 2181 446 2209 a
462 2167 609 2210 verbis
632 2168 719 2210 tuis
737 2166 976 2220 trepidavit

150 2237 228 2266 cor
245 2237 403 2266 meum.
434 2224 554 2266 Bene
573 2224 659 2266 hoc
672 2224 840 2276 Martyr
860 2223 976 2273 dicit,

149 2279 270 2333 quod
305 2281 462 2333 injuste
497 2281 852 2333 persecutionum
889 2285 975 2321 tor-

148 2339 296 2379 menta
311 2338 539 2379 sustineat:
560 2337 633 2389 qui
649 2336 755 2378 nihil
769 2336 976 2389 rapuerit,

148 2393 314 2435 nullum
338 2393 555 2434 violentus
579 2393 861 2446 oppresserit,
885 2392 976 2433 nul-

148 2450 232 2490 lius
256 2449 512 2500 sanguinem
537 2449 711 2499 foderit,
733 2448 893 2489 nullius
912 2453 976 2489 to-

149 2519 245 2547 rum
261 2505 484 2558 putaverit
502 2518 599 2547 esse
615 2505 885 2547 violandum:
905 2505 978 2557 qui

149 2562 258 2603 nihil
288 2561 458 2613 legibus
491 2559 668 2611 debeat,
701 2566 745 2603 et
775 2561 979 2611 graviora

151 2618 371 2660 latronum
389 2618 603 2659 sustinere
618 2620 801 2668 cogatur
816 2617 979 2669 suppli-

153 2675 234 2716 cia:
259 2674 333 2726 qui
356 2674 564 2726 loquatur
583 2675 706 2726 juste,
733 2678 776 2715 et
799 2686 887 2714 non
907 2686 978 2715 au-

153 2730 312 2773 diatur:
336 2731 411 2784 qui
434 2730 640 2782 loquatur
661 2730 792 2782 plena
814 2729 977 2779 salutiS,

1021 307 1067 345 et
1095 302 1391 354 impugnetur:
1428 304 1476 341 ut
1511 300 1654 353 possit
1691 299 1848 347 dicere,

1023 359 1132 401 Cum
1162 357 1376 410 loquebar
1404 356 1505 406 illis,
1533 355 1849 408 impugnabant

1020 428 1090 457 me
1119 416 1265 466 gratis.
1311 413 1460 454 Gratis
1488 413 1618 464 igitur
1646 424 1849 464 persecu-

1021 472 1186 514 tionem
1196 470 1372 523 patitur,
1385 469 1459 521 qui
1466 469 1747 521 impugnatur
1757 468 1849 509 sine

1022 528 1215 570 crimine:
1226 527 1506 579 impugnatur
1515 531 1563 567 ut
1570 525 1738 574 noxius,
1750 538 1850 565 cum

1023 585 1078 627 sit
1110 585 1154 626 in
1185 583 1261 625 tali
1293 582 1568 625 confessione
1603 580 1851 622 laudabilis:

1022 642 1302 693 impugnatur
1323 638 1448 691 quasi
1462 637 1693 687 veneficus,
1715 637 1789 689 qui
1807 637 1850 677 in

1023 698 1199 739 nomine
1214 696 1392 738 Domini
1406 695 1629 746 gloriatur,
1649 707 1748 735 cum
1762 695 1851 746 pie·

1023 760 1091 796 tas
1124 755 1333 795 virtutum
1370 752 1563 794 omnium
1600 749 1850 792 fundamen-

1024 816 1118 854 tum
1145 811 1212 852 sit.

1078 872 1128 911 R.
1155 866 1433 908 Desiderium
1467 865 1623 906 animae
1657 864 1746 915 ejus
1779 863 1851 904 tri-

1024 924 1157 967 buisti
1190 924 1231 965 ei
1258 922 1462 971 Domine,
1494 926 1514 947 *
1542 921 1599 962 Et
1628 920 1853 961 voluntate

1024 981 1240 1023 labiorum
1269 981 1359 1032 ejus
1386 991 1474 1020 non
1503 977 1716 1019 fraudasti
1744 989 1853 1018 eum.

1026 1035 1075 1086 V.
1095 1038 1312 1088 Quoniam
1330 1035 1585 1089 praevenisti
1605 1046 1705 1075 eum
1723 1034 1767 1074 in
1781 1033 1853 1074 be-

1025 1093 1347 1136 nedictionibus
1376 1091 1635 1140 dulcedinis3
1667 1091 1853 1143 posuisti
1901 1088 1903 1091 ’

1025 1152 1069 1192 111
1097 1151 1241 1204 capite
1270 1151 1360 1202 ejus
1390 1150 1598 1191 coronam
1624 1147 1678 1188 de
1706 1145 1853 1198 lapide
1901 1153 1903 1155 ’

1025 1208 1234 1260 pretioso.
1262 1207 1329 1247 Et.

1330 1263 1481 1303 Lectio
1505 1263 1555 1301 vi.

1026 1318 1190 1425 Vere
1235 1322 1396 1362 frustra
1434 1320 1733 1372 impugnatur,
1781 1316 1854 1368 qui

1096 1431 1101 1434 q
1138 1377 1257 1431 apud
1275 1378 1436 1430 impios
1456 1381 1499 1417 et
1518 1374 1679 1415 infidos
1705 1373 1852 1425 impie-

1025 1436 1129 1478 tatis
1157 1435 1409 1482 arcessitur,
1435 1445 1534 1474 cum
1558 1430 1664 1472 fidei
1688 1429 1743 1470 sit
1767 1441 1853 1469 ma-

1025 1494 1171 1543 gister.
1198 1491 1365 1533 Verum
1386 1490 1460 1541 qui
1479 1487 1615 1540 gratis
1630 1486 1853 1538 impugna-

1025 1554 1106 1599 tur,
1135 1548 1261 1589 fortis
1287 1546 1420 1589 debet
1447 1557 1544 1587 esse
1570 1549 1614 1585 et
1639 1547 1855 1584 constans.

1027 1604 1262 1655 Quomodo
1308 1616 1413 1654 ergo
1451 1600 1690 1643 subtexuit:
1735 1599 1792 1639 Et
1831 1610 1855 1638 a

1025 1662 1172 1704 verbis
1203 1661 1290 1703 tuis
1317 1658 1555 1712 trepidavit
1583 1670 1660 1699 cor
1687 1652 1854 1696 meum?

1025 1717 1270 1771 Trepidare
1294 1715 1560 1757 infirmitatis
1586 1718 1662 1763 est,
1686 1711 1855 1754 timoris

1027 1780 1160 1827 atque
1191 1773 1448 1816 formidinis.
1497 1770 1585 1813 Sed
1623 1774 1690 1811 est
1725 1768 1856 1810 etiam

1026 1831 1256 1873 infirmitas
1289 1829 1346 1871 ad
1378 1829 1586 1877 salutem,
1621 1832 1687 1867 est
1724 1825 1855 1866 etiam

1027 1889 1159 1931 timor
1197 1889 1461 1937 sanctorum.
1504 1884 1675 1924 Timete
1707 1881 1855 1922 Domi-

1026 1959 1130 1986 num
1150 1956 1302 1986 omnes
1323 1941 1462 1983 sancti
1481 1942 1588 1993 ejus:
1613 1944 1667 1988 et,
1691 1938 1856 1979 Beatus

1027 2002 1107 2051 vir,
1135 2001 1209 2053 qui
1233 2000 1357 2042 timet
1381 1997 1629 2039 Dominum.
1673 1995 1769 2044 Qua
1791 2006 1856 2035 ra-

1027 2058 1147 2099 tione
1179 2053 1362 2098 beatus?
1410 2054 1523 2104 Quia
1558 2053 1602 2093 in
1638 2049 1857 2092 mandatis

1029 2115 1120 2166 ejus
1140 2114 1261 2166 cupit
1279 2112 1418 2153 nimis.

1081 2170 1132 2221 R.
1149 2169 1271 2212 Stola
1290 2166 1581 2220 jucunditatis,
1601 2165 1682 2218 [27]

1082 2236 1123 2269 111
1149 2235 1213 2268 ΠΙ.
1231 2234 1429 2268 Nocturno
1456 2232 1626 2266 Homilia
1652 2232 1688 2264 in
1711 2231 1856 2273 Evang.

1034 2284 1073 2318 Si
1112 2283 1199 2327 quis
1237 2281 1354 2317 venit.
1394 2281 1442 2314 de
1479 2280 1615 2314 eodem
1654 2279 1857 2313 Communi

1032 2332 1058 2365 1.
1083 2331 1182 2364 1000.
1206 2330 1278 2374 [28]

1080 2383 1196 2426 Vesp.
1214 2383 1261 2416 de
1280 2391 1384 2424 sequ.
1403 2390 1489 2414 cum
1506 2389 1702 2413 commem.
1720 2388 1834 2421 praec.

1296 2460 1379 2501 Die
1399 2460 1458 2499 14.
1478 2459 1502 2499 J
1505 2459 1589 2500 ulii.

1031 2527 1074 2567 S.
1099 2524 1472 2567 Bonaventurae
1497 2524 1639 2576 Epise.
1666 2523 1785 2565 Conf.
1815 2530 1857 2564 et

1244 2582 1407 2622 Eccles.
1428 2581 1647 2622 Doctoris.

1362 2639 1525 2682 Duplex.

1084 2687 1220 2722 Omnia
1254 2688 1301 2722 de
1335 2688 1479 2723 Comm.
1513 2687 1620 2721 Conf.
1655 2686 1762 2720 Pont.
1786 2686 1857 2731 [49]

1032 2738 1173 2775 praetcr
1197 2743 1300 2775 sequ.
