2040 2976
519 187 590 220 Die
612 188 663 221 23.
688 186 794 220 Julii.
842 186 876 221 S.
902 186 1144 229 Apollinaris
1170 186 1296 228 Episc.
1322 190 1357 219 ct
1382 186 1489 219 Mart.

153 284 490 337 quatriduanum
538 283 718 324 fratrem
766 282 983 323 Lazarum

150 341 299 383 vivum
323 340 377 382 ab
403 340 551 382 inferis
570 339 857 381 resuscitasti:
896 338 981 388 Qui

151 398 261 440 vivis
281 402 325 439 et
342 410 510 449 regnas.

202 462 318 505 Vesp.
346 473 365 495 a
385 462 509 504 Capit.
536 461 582 495 dc
609 470 713 503 sequ.
740 470 826 493 cum
844 469 977 493 comm.

148 521 263 554 praec.
289 514 325 544 et
350 510 384 543 S.
404 509 552 543 liborii
575 509 644 551 Ep.
670 508 778 541 Conf.
804 512 845 541 ut
870 507 978 540 infra.

203 562 280 606 &Si
303 572 396 596 1610
423 561 500 595 dici
518 560 722 602 contigerit
746 559 843 593 11st
846 569 925 602 esp.
944 558 978 593 S

148 610 185 644 M
189 621 281 644 11116
298 610 385 651 Magi
373 609 464 642 dal.
490 608 670 651 integras,
695 612 785 641 tunc
793 607 863 660 H)
868 617 979 640 mnus

150 658 312 692 sumitui
338 668 385 691 cx
418 657 443 690 Ι.
466 657 583 699 V.esp
610 666 743 698 supra:
778 650 823 695 Y
843 654 980 698 Elegit.

151 707 239 740 Ant.
271 706 335 740 Ad
351 704 507 747 Magnis
538 703 684 738 Mulier.
710 708 751 737 ut
774 702 882 736 infra

413 796 497 837 Die
516 796 582 836 23.
602 794 626 835 J
628 794 714 835 ulii.

172 866 215 907 S.
242 864 553 916 Apollinaris
584 863 730 914 Episc.
760 867 803 902 61
831 862 956 901 Mart.

482 928 647 972 Duplex.

202 987 339 1021 Omnia
366 987 412 1020 de
432 985 635 1020 Communi
651 985 767 1019 unius
785 984 892 1018 Mart.
910 976 979 1025 [21]

149 1040 291 1078 praeter
315 1045 420 1078 sequ.

481 1077 647 1118 Oratio.

237 1144 314 1174 eus
340 1131 536 1173 fidelium
562 1133 866 1172 remunerator
891 1131 977 1172 ani-

260 1190 445 1238 marum,
475 1188 550 1240 qui
577 1187 692 1228 hunc
719 1186 835 1229 diem
859 1187 980 1229 beati

148 1245 419 1297 Apollinaris
462 1243 715 1286 Sacerdotis
760 1244 824 1285 tui
868 1257 978 1285 mar-

147 1301 262 1353 tyrio
309 1301 593 1342 consecrasti:
643 1300 787 1341 tribue
840 1300 978 1352 nobis,

149 1359 417 1409 quaesumus,
443 1357 617 1398 famulis
636 1357 738 1398 tuis:
765 1362 829 1406 ut,
857 1358 978 1409 cujus

150 1413 446 1455 venerandam
492 1413 767 1455 celebramus
815 1413 977 1469 festivi-

147 1472 299 1520 tatem,
323 1470 530 1523 precibus
551 1471 642 1522 ejus
661 1469 979 1520 indulgentiam

147 1529 481 1578 consequamur.
517 1527 602 1568 Per
621 1526 869 1567 Dominum.

204 1593 354 1628 Deinde
378 1593 420 1628 fit
444 1603 641 1627 commem.
666 1592 831 1635 praeced.

201 1645 302 1686 Ant.
329 1645 495 1696 Mulier,
517 1658 615 1697 quae
632 1649 726 1686 erat
740 1645 785 1685 in
801 1644 978 1686 civitate

146 1702 387 1755 peccatrix,
423 1701 569 1744 attulit
601 1701 871 1743 alabastrum
902 1715 977 1742 un-

146 1758 310 1808 guenti,
337 1763 381 1800 et
404 1763 525 1800 stans
549 1763 669 1799 retro
694 1770 820 1799 secus
839 1756 978 1810 pedes

147 1814 342 1864 Demini,
365 1814 557 1856 lacrimis
581 1814 718 1867 coepit
735 1814 880 1865 rigare
904 1827 977 1866 pe-

148 1870 232 1969 dels2
247 1872 354 1923 ejus,
378 1875 423 1912 et
442 1871 611 1924 capillis
632 1870 788 1923 capitis
809 1870 876 1911 sui
894 1875 977 1911 ter-

147 1929 202 1978 ge
234 1932 290 1968 at

204 1976 254 2028 V
264 1983 410 2035 Elegit
425 1997 524 2026 eam
538 1984 671 2033 Deus,
692 1988 736 2024 et
749 1982 979 2035 praeelegit

148 2052 257 2081 eam.
293 2039 346 2090 Rr-
368 2041 419 2081 In
443 2039 730 2082 tabernaculo
755 2051 834 2080 suo
858 2038 977 2079 habi-

147 2099 242 2138 tare
263 2096 367 2138 facit
386 2109 494 2138 eam.

203 2157 366 2198 Oratio.
395 2158 545 2199 Beatae
564 2157 728 2198 Mariae.
755 2157 858 2197 440.

204 2217 346 2252 Postea
371 2218 406 2252 S.
430 2218 580 2252 Liborii
603 2218 672 2262 Ep.
698 2218 809 2253 Conf.

203 2269 303 2309 Ant.
352 2269 568 2311 Sacerdos
602 2275 646 2310 et
679 2268 900 2316 Pentifex,
935 2271 979 2308 et

149 2327 360 2368 virtutum
371 2326 531 2378 opifex,
545 2330 699 2377 pastor
712 2324 853 2366 bone
843 2337 887 2363 in
901 2325 978 2375 po-

149 2382 270 2435 pulo,
291 2395 370 2424 ora
388 2394 471 2434 pro
489 2381 618 2422 nobis
637 2380 885 2422 Dominum.

204 2433 255 2484 W
280 2443 459 2484 Amavit
480 2455 580 2483 eum
597 2442 824 2490 Dominus,
849 2445 893 2481 et
912 2452 979 2480 or-

149 2500 270 2541 navit
286 2494 478 2545 611111.Ῑί-
487 2497 656 2539 Stolam
672 2497 826 2548 gloriae
841 2495 982 2536 induit

151 2569 262 2597 eum.
602 2593 611 2601 .

489 2593 654 2634 Oratio.

150 2649 274 2755 Da,
291 2657 542 2707 quaesumus
554 2655 833 2705 omnipotens
843 2652 980 2692 Deus:

264 2716 312 2753 ut
349 2710 470 2752 beati
499 2708 668 2750 Liberii
703 2707 980 2749 Confessoris

306 2851 370 2874 Pars
386 2850 495 2874 AEstiva.

1035 282 1100 323 tui
1123 286 1255 334 atque
1273 282 1500 323 Pontificis
1525 281 1776 324 veneranda
1799 294 1866 323 so-

1034 337 1236 380 lemnitas
1264 343 1308 380 et
1332 338 1615 380 616170110116111
1638 339 1767 380 nobis
1794 341 1865 380 ail-

1034 399 1136 445 geat
1155 399 1199 436 et
1218 394 1415 436 salutem.
1442 395 1528 436 Per
1546 395 1796 437 Dominum.

1086 454 1129 488 In
1158 454 1184 487 Ι.
1214 453 1414 487 Nocturno
1448 453 1651 486 Lectiones
1687 453 1733 486 dc
1767 452 1864 486 Scri-

1035 507 1147 546 ptura
1174 507 1407 535 occurrente.

1264 563 1313 601 In
1341 563 1390 600 II.
1420 562 1643 600 Nocturno.

1330 618 1364 657 I
1369 618 1481 658 ectio
1504 618 1556 657 ix.

1039 685 1170 739 *cwf‘ss'
1185 677 1413 730 pollinaris
1427 690 1526 718 cum
1536 677 1735 729 principe
1747 677 1866 730 Apo-

1040 730 1056 795 {¹
1072 729 1156 793 ,Γ
1203 734 1419 776 stolorum
1429 733 1665 775 Antiochia
1676 734 1866 775 Romam

1040 785 1164 818 Ψ“’ἶὲ”·’
1202 791 1336 832 venit:
1362 803 1387 831 a
1413 802 1500 843 quo
1526 789 1751 830 ordinatus
1777 792 1865 843 epi·
1916 840 1918 843 ι

1036 861 1215 913 scopuS,
1242 848 1498 889 Ravennam
1520 845 1577 887 ad
1598 845 1760 887 Christi
1778 847 1865 888 Do-

1034 905 1140 946 mini
1190 903 1479 955 Evangelium
1531 901 1866 955 praedicandum

1034 962 1235 1003 mittitur:
1260 960 1336 1002 ubi
1357 973 1456 1002 cum
1474 959 1532 1000 ad
1552 958 1713 1000 Christi
1731 958 1866 1000 fidem

1033 1018 1248 1071 phirimos
1283 1018 1578 1066 converteret,
1615 1021 1771 1068 captus
1809 1015 1863 1057 ab

1033 1074 1253 1116 idolorum
1265 1072 1571 1114 sacerdotibus
1584 1072 1778 1123 graviter
1793 1085 1868 1113 636-

1034 1145 1108 1172 6116
1128 1136 1205 1172 661.
1234 1130 1434 1182 Cumque
1451 1129 1551 1182 ipso
1568 1130 1722 1170 orante
1736 1128 1865 1170 Boni-

1032 1188 1172 1229 facius
1199 1187 1359 1229 nobilis
1392 1186 1475 1235 vir,
1509 1185 1583 1237 qui
1615 1183 1689 1226 diu
1718 1190 1865 1226 mutus

1033 1244 1193 1294 fnerat,
1238 1243 1508 1294 loqueretur,
1554 1242 1736 1293 ejnsque
1777 1241 1867 1282 filia

1032 1299 1257 1341 immundo
1304 1299 1461 1351 spiritu
1496 1297 1685 1338 liberata
1734 1302 1866 1347 esset;

1031 1359 1190 1398 iterum
1208 1361 1276 1398 est
1295 1356 1338 1396 in
1357 1355 1478 1396 illum
1498 1355 1675 1395 cometa
1694 1352 1866 1395 seditio.

1031 1414 1189 1465 Itaque
1208 1413 1343 1464 virgis
1364 1424 1521 1460 caesus,
1547 1410 1754 1451 ardentes
1774 1423 1864 1451 car-

1032 1470 1173 1511 bones
1188 1469 1318 1510 nudis
1332 1467 1521 1520 pedibus
1531 1468 1733 1520 premere
1750 1466 1865 1517 cogi-

1032 1531 1119 1567 tur:
1146 1539 1276 1578 quem
1301 1538 1401 1567 cum
1421 1523 1643 1575 subjectus
1667 1523 1779 1574 ignis
1805 1523 1864 1563 ni-

1032 1583 1094 1624 hil
1112 1582 1314 1631 la'ederet,
1334 1581 1501 1633 ejicitur
1522 1585 1647 1621 extra
1665 1579 1832 1621 urbem.

1089 1640 1140 1691 R.
1152 1640 1401 1680 Honestum
1422 1636 1526 1678 fecit
1544 1636 1668 1677 illum
1687 1636 1798 1685 Dus,
1824 1640 1866 1677 et

1033 1695 1273 1737 custodivit
1289 1708 1389 1736 eum
1403 1693 1459 1735 ab
1475 1692 1672 1742 inimicis,
1695 1697 1738 1734 et
1759 1705 1785 1732 a
1800 1705 1864 1733 se-

1033 1751 1290 1794 duct6ribus
1305 1750 1464 1793 tutavit
1478 1749 1616 1790 illum:
1637 1750 1660 1773 *
1670 1748 1728 1790 Et
1743 1747 1866 1790 dedit

1031 1808 1093 1849 illi
1114 1808 1358 1850 claritatem
1373 1808 1592 1848 aeternam.
1616 1800 1865 1851 YRDescen-

1035 1863 1187 1916 ditque
1223 1877 1322 1905 cum
1354 1863 1431 1904 illo
1468 1862 1511 1902 in
1545 1862 1736 1910 foveam,
1759 1865 1802 1902 et
1820 1860 1865 1901 in

1033 1920 1218 1962 vinculis
1236 1933 1325 1962 non
1345 1918 1579 1970 dereliquit
1598 1930 1708 1958 eum.
1735 1917 1804 1959 Et.

1348 1976 1501 2017 Lectio
1522 1990 1560 2015 v.

1037 2028 1101 2134 Is
1137 2045 1243 2074 vero
1280 2032 1422 2074 latens
1458 2028 1730 2082 aliquamdiu
1766 2041 1866 2070 cum

1094 2089 1361 2142 quibusdam
1372 2086 1643 2135 Christianis,
1653 2085 1755 2127 inde
1765 2098 1865 2138 pro-

1032 2146 1172 2188 fectus
1197 2150 1264 2187 est
1288 2145 1332 2185 in
1356 2143 1592 2192 AEmiliam,
1615 2141 1691 2183 ubi
1716 2141 1866 2183 Rufini

1031 2202 1199 2255 patritii
1230 2201 1365 2242 filiam
1396 2202 1617 2241 mortuam
1646 2197 1704 2239 ad
1731 2198 1866 2240 vitam

1031 2258 1269 2300 revocavit.
1287 2262 1336 2299 ut
1354 2257 1594 2310 propterea
1607 2259 1703 2296 tota
1717 2254 1866 2295 Rufini

1031 2314 1195 2356 familia
1222 2314 1265 2354 in
1291 2313 1317 2354 J
1319 2325 1442 2354 esum
1469 2311 1691 2357 Christum
1717 2309 1864 2351 crede-

1031 2375 1110 2411 ret.
1160 2371 1306 2420 Quare
1339 2368 1624 2410 vehementer
1660 2366 1865 2407 incensus

1031 2426 1267 2479 praefectus
1287 2424 1473 2466 accersit
1489 2422 1803 2476 Apollinarem,
1822 2427 1866 2463 et

1032 2495 1132 2524 cum
1160 2495 1214 2523 eo
1241 2481 1416 2533 gravius
1442 2479 1546 2530 agit,
1573 2483 1622 2520 ut
1649 2478 1781 2520 finem
1804 2478 1864 2518 fa-

1034 2539 1119 2580 ciat
1147 2535 1463 2580 disseminandi
1490 2536 1535 2576 in
1565 2534 1675 2576 urbe
1705 2533 1866 2575 Christi

1031 2594 1174 2636 fidem.
1212 2594 1343 2644 Cujus
1367 2605 1467 2634 cum
1489 2590 1760 2643 Apollinaris
1783 2591 1865 2641 jus-

1032 2663 1081 2691 sa
1113 2649 1370 2701 negligeret,
1407 2648 1596 2699 equuleo
1630 2646 1866 2688 cruciatur:

1031 2707 1076 2748 in
1096 2707 1216 2759 cujus
1236 2705 1389 2758 plagas
1406 2716 1520 2756 aqua
1538 2703 1713 2744 fervens
1727 2702 1864 2744 infim-

1592 2833 1634 2864 29
