2040 2976
558 253 629 288 Die
650 254 679 287 4.
706 254 810 288 Julii.
858 254 893 289 S.
914 255 1050 289 Irenaei
1078 256 1204 299 Episc.
1231 262 1265 290 ct
1291 257 1398 290 Mart.

125 344 368 394 affectione,
389 343 482 385 sine
499 356 622 396 pace,
642 345 955 396 criminatores,

81 424 84 426 ·
125 401 460 450 incontinenteS,
486 400 692 451 immites,
717 402 810 444 sine
835 402 953 445 beni-

124 460 306 512 gnitate,
338 457 612 512 proditoreS‚
644 459 857 511 protervi,
888 463 953 502 111-

124 515 241 567 midi,
266 520 310 558 et
328 515 609 568 voluptatum
628 518 848 557 amatores
865 529 953 557 ma-

123 574 191 625 gis
225 586 356 626 quam
383 572 482 614 Dei:
514 571 729 614 habentes
761 573 955 625 speciem

126 628 303 682 quidem
333 628 528 681 pietatis,
563 628 771 669 virtutem
807 633 954 670 autem

124 686 215 738 ejus
234 684 516 736 abnegantes.
544 684 600 726 Et
618 683 701 726 hos
721 684 882 726 devita:
901 698 954 727 ex

124 741 192 784 his
225 742 340 784 enim
371 746 472 783 sunt
507 741 582 793 qui
613 742 847 793 penetrant
879 742 954 784 do-

123 812 232 850 11105,
256 804 300 841 61
325 801 523 852 captivas
542 797 707 839 ducunt
726 798 953 841 muliercu-

123 856 188 898 las
212 858 416 898 oneratas
434 855 642 908 peccatis,
669 867 768 907 quae
792 854 953 897 ducun-

123 918 195 954 tur
227 913 360 954 vatiis
398 911 646 962 desideriis;
683 924 857 963 semper
894 912 953 954 di-

124 971 308 1020 scentes,
334 974 377 1011 et
395 980 635 1020 numquam
654 967 711 1009 ad
729 969 954 1010 scientiam

124 1026 322 1069 veritatis
365 1025 684 1079 pervenientes.
738 1025 952 1074 Quemad-

123 1082 305 1126 modum
325 1088 472 1125 autem
490 1082 514 1122 J
516 1094 651 1123 annes
672 1087 715 1123 et
733 1082 953 1124 Mambres

123 1140 376 1182 restiterunt
407 1138 568 1191 Moysi:
603 1138 664 1180 ita
702 1143 745 1180 et
775 1138 820 1179 hi
851 1142 953 1180 resi-

124 1202 245 1239 stunt
281 1196 472 1246 veritati,
516 1195 717 1237 homines
757 1197 953 1248 corrupti

120 1259 285 1304 mente,
321 1253 500 1306 reprobi
536 1253 653 1295 circa
687 1252 838 1303 fidem,
875 1253 953 1295 sed

121 1311 237 1352 ultra
277 1323 365 1351 non
408 1309 659 1363 proficient3
704 1309 954 1362 insipientia

122 1368 239 1410 enim
266 1369 417 1409 eorum
447 1366 680 1408 manifesta
708 1366 790 1408 erit
819 1367 952 1407 omni-

121 1425 219 1474 bus,
248 1424 361 1466 sicut
388 1428 431 1465 61
455 1423 632 1465 illorum
659 1423 750 1465 fuit.
787 1423 856 1464 Tu
883 1437 952 1465 au-

121 1486 211 1523 tem
230 1483 458 1523 assecutus
476 1493 523 1522 es
538 1492 682 1521 meam
698 1480 953 1530 doctrinam,

122 1538 458 1588 institutionem,
485 1538 781 1591 propositum,
809 1537 953 1586 fidem,

121 1595 509 1646 longanimitatem,
533 1593 824 1643 dilectionem,
844 1594 952 1646 pati-

123 1652 300 1702 entiam,
328 1651 677 1704 persecutiones,
705 1651 952 1703 passiones:

123 1709 270 1761 qualia
295 1708 402 1749 mihi
427 1708 544 1750 facta
568 1712 669 1749 sunt
692 1707 952 1757 Antiochiae,

123 1766 263 1808 Iconii
291 1770 334 1807 et
358 1765 544 1818 Lystris,
572 1764 724 1817 quales
750 1778 952 1818 persecu-

121 1824 265 1866 tiones
288 1822 484 1872 sustinui,
509 1827 552 1864 et
576 1834 631 1863 ex
650 1821 853 1864 omnibus
873 1825 952 1864 eri·
1070 1823 1112 1851 ΞΥ*

121 1880 218 1933 puit
239 1892 311 1921 me
334 1879 562 1920 Dominus.
597 1879 655 1920 Et
681 1892 850 1927 omnes,
879 1880 952 1932 qui

122 1937 195 1989 pie
218 1936 372 1978 volunt
394 1937 543 1978 vivere
566 1936 611 1977 in
637 1935 812 1977 Christo
836 1937 861 1977 J
863 1949 951 1985 esu,

122 1993 476 2046 persecutionem
493 1994 726 2046 patientur.
756 1993 860 2034 Mali
879 2006 950 2034 au-

122 2056 213 2092 tem
240 2049 440 2092 homines
465 2055 510 2092 et
534 2050 794 2092 seductores
819 2051 951 2102 profi-

122 2107 237 2149 cient
255 2107 299 2147 in
317 2108 452 2159 pejus,
476 2110 685 2158 errantes,
709 2112 753 2148 et
771 2107 814 2147 in
835 2109 950 2148 erro-

121 2176 215 2205 rem
233 2163 469 2205 mittentes.

174 2223 226 2274 R.
254 2220 406 2262 11151115
436 2220 699 2272 germinabit
731 2222 842 2264 sicut
873 2221 950 2262 lili-

122 2290 211 2318 um:
231 2281 255 2307 *
280 2277 336 2319 Et
356 2277 531 2319 florebit
555 2278 599 2318 in
618 2280 832 2319 aeternum
851 2283 951 2319 ante

121 2333 248 2375 Dfim.
270 2333 322 2384 ΥΤ.
336 2333 564 2376 Plantatus
579 2334 623 2375 in
643 2334 776 2376 domo
792 2335 889 2385 Dfii,
908 2335 951 2375 in

123 2391 244 2432 atriis
260 2390 418 2433 domus
428 2391 513 2432 Dei
527 2391 676 2432 nostri.
694 2392 751 2433 Et
765 2391 950 2446 florebit.

426 2454 578 2505 Lectio
598 2455 653 2493 iii.

118 2507 119 2510 ’
199 2515 228 2542 11
247 2515 353 2544 vero
372 2505 581 2555 permane
604 2504 649 2543 in
672 2503 740 2552 iis,
768 2515 866 2554 quae
890 2502 950 2544 di-

239 2557 400 2609 dicisti,
439 2564 482 2601 et
520 2559 687 2601 credita
724 2564 824 2600 sunt
856 2558 952 2600 tibi:

125 2614 267 2656 sciens
292 2627 318 2656 a
338 2628 426 2667 quo
447 2616 663 2657 didiceris.
694 2615 752 2656 Et
776 2615 877 2666 quia
896 2615 950 2656 ab

122 2670 302 2712 infantia
325 2684 473 2714 sacras
497 2672 666 2714 litteras
693 2671 824 2720 nosti,
853 2684 951 2723 quae

121 2732 166 2768 16
197 2733 384 2779 possunt
415 2729 632 2770 instruere
665 2727 721 2768 ad
754 2726 951 2777 salutem,

121 2795 201 2835 per
219 2782 364 2834 fidem,
384 2797 483 2837 quae
503 2789 570 2826 est
588 2784 631 2824 in
647 2783 820 2825 Christo
837 2784 860 2823 J
864 2796 951 2825 esu.

1744 253 1836 299 [317]

1008 347 1160 390 Omnis
1197 349 1421 402 Scriptura
1466 351 1671 394 divinitus
1705 353 1836 406 inspi-

1007 406 1103 446 rata
1121 406 1239 447 utilis
1259 411 1325 448 est
1344 406 1400 448 ad
1416 407 1674 459 docendum,
1690 409 1751 451 ad
1771 423 1835 451 ar-

1007 461 1238 513 guendum,
1254 463 1310 504 ad
1326 464 1661 516 corripiendum,
1678 465 1734 507 ad
1750 479 1837 508 eru·

1009 516 1216 559 diendum
1246 520 1290 560 in
1321 521 1501 571 justitia:
1535 527 1583 564 ut
1614 523 1836 575 perfectus

1008 574 1064 615 sit
1095 574 1228 617 homo
1256 576 1339 617 Dei
1372 576 1429 618 ad
1457 590 1585 619 omne
1619 591 1731 631 opus
1761 579 1836 621 bo-

1008 644 1112 672 num
1138 631 1388 674 instructus.
1424 634 1658 676 Testificor
1687 648 1837 677 coram

1008 687 1117 738 Deo,
1138 693 1182 730 et
1200 688 1225 729 J
1228 701 1305 730 esu
1324 689 1510 740 Christo,
1537 691 1611 743 qui
1628 691 1836 743 judicatu-

1008 757 1083 785 rus
1110 750 1178 786 est
1197 745 1322 787 vivos
1349 751 1392 787 et
1415 749 1632 797 mortuos,
1656 761 1737 800 per
1763 749 1835 790 ad-

1008 802 1188 841 ventum
1225 801 1381 854 ipsius,
1428 808 1471 844 et
1510 816 1692 854 regnum
1729 805 1837 855 ejus:

1008 857 1204 909 praedica
1223 858 1416 909 verbum,
1440 859 1554 901 insta
1576 865 1836 913 opportune,

1007 914 1272 966 importune:
1288 917 1432 966 argue,
1448 915 1644 966 obsecra,
1659 919 1837 970 increpa

1007 970 1051 1010 in
1067 971 1185 1011 omni
1201 971 1424 1023 patientia,
1447 978 1490 1013 et
1506 971 1715 1014 doctrina.
1742 974 1838 1015 Erit

1009 1027 1123 1068 enim
1150 1032 1342 1080 tempus,
1376 1041 1474 1069 cum
1501 1041 1651 1070 sanam
1680 1028 1837 1072 doctri-

1007 1096 1109 1124 nam
1133 1097 1220 1125 non
1247 1085 1537 1135 sustinebunt;
1566 1085 1645 1127 sed
1674 1085 1730 1127 ad
1759 1099 1837 1127 sua

1008 1138 1226 1182 desideria
1250 1142 1575 1184 coacervabunt
1600 1142 1683 1184 sibi
1705 1145 1836 1194 magi-

1008 1202 1123 1238 stros
1142 1197 1388 1249 prurientes
1408 1198 1596 1249 auribus,
1621 1204 1664 1240 et
1683 1212 1709 1240 a
1727 1200 1835 1240 veri-

1006 1255 1098 1294 tate
1126 1253 1304 1306 quidem
1323 1254 1521 1296 auditum
1546 1257 1755 1306 avertent,
1780 1256 1837 1297 ad

1006 1310 1178 1351 fabulas
1215 1316 1363 1352 autem
1399 1314 1719 1354 convertentur.
1766 1312 1836 1353 Tu

1007 1379 1112 1408 vero
1149 1367 1298 1418 vigila,
1343 1368 1387 1408 in
1434 1368 1637 1410 omnibus
1672 1368 1835 1419 labora,

1007 1436 1119 1476 opus
1139 1424 1207 1465 fac
1223 1425 1528 1475 Evangelistae,
1547 1425 1836 1466 ministerium

1006 1485 1129 1522 tuum
1147 1481 1291 1533 imple.
1330 1486 1379 1537 R.
1401 1483 1491 1523 Iste
1511 1481 1730 1532 cognovit.
1753 1482 1835 1534 [24]

1234 1577 1282 1615 In
1310 1576 1359 1614 II.
1389 1575 1610 1613 Nocturno.

1312 1644 1463 1685 Lectio
1484 1644 1536 1683 iv.

1075 1722 1115 1770 (ἐξ
1131 1715 1338 1763 renaeus,
1371 1726 1458 1755 non
1486 1713 1615 1765 longe
1643 1715 1697 1755 ab
1727 1714 1835 1756 urbe

1008 1768 1052 1829 j
1075 1765 1114 1829 ’ῑῆ
1142 1770 1327 1821 Smyrna
1345 1770 1388 1811 in
1406 1770 1513 1811 Asia
1527 1771 1834 1812 Proconsulari

1142 1832 1280 1875 natus,
1305 1828 1388 1878 jam
1412 1826 1514 1868 inde
1533 1840 1559 1868 a
1578 1830 1716 1879 puero
1737 1839 1834 1868 sese

1005 1883 1253 1935 Polycarpo
1269 1883 1293 1924 J
1297 1883 1449 1924 oannis
1463 1883 1756 1933 Evangelistae
1772 1882 1832 1924 di-

1007 1939 1188 1991 scipulo,
1208 1939 1438 1991 eidemque
1458 1942 1670 1991 episcopo
1690 1939 1831 1992 Smyr-

1005 1998 1203 2036 naeorum
1223 1995 1467 2037 tradiderat
1486 1996 1529 2036 in
1548 1995 1833 2048 disciplinam.

1006 2052 1107 2093 Hoc
1128 2057 1218 2093 tam
1244 2051 1474 2093 excellenti
1499 2054 1708 2103 magistro
1734 2065 1833 2104 pro-

1005 2110 1183 2160 gressus
1211 2109 1254 2149 in
1284 2107 1485 2149 doctrina
1508 2110 1833 2161 praeceptisque

1005 2165 1254 2207 christianae
1269 2164 1490 2215 religionis
1509 2166 1702 2215 insignes
1720 2165 1833 2206 fecit.

1004 2222 1254 2274 Polycarpo
1275 2221 1319 2261 in
1344 2221 1505 2262 coelum
1526 2221 1721 2273 martyrii
1744 2221 1832 2271 glo-

1005 2279 1069 2320 ria
1100 2277 1292 2327 sublato,
1326 2277 1409 2319 etsi
1440 2282 1533 2319 erat
1563 2278 1757 2319 Irenaeus
1789 2277 1832 2317 in

1006 2334 1141 2376 sacris
1194 2331 1351 2375 litteris
1401 2333 1575 2385 egregie
1622 2335 1832 2382 versatus,

1007 2390 1127 2442 quod
1149 2396 1296 2431 tamen
1322 2388 1738 2431 incredibilistudio
1759 2389 1831 2429 fla·

1004 2449 1153 2497 graret
1176 2445 1384 2497 discendi,
1410 2459 1509 2498 quae
1533 2445 1739 2496 dogmata
1760 2444 1831 2486 de-

1006 2503 1138 2556 positi
1161 2502 1261 2544 loco
1288 2501 1577 2544 custodienda
1602 2500 1735 2542 ceteri
1763 2513 1831 2541 ac-

1005 2562 1240 2612 cepissent,
1270 2572 1382 2612 quos
1407 2557 1612 2611 Apostoli
1636 2557 1830 2598 institue-

1005 2621 1120 2667 rant;
1155 2616 1313 2658 horum
1346 2628 1476 2668 quam
1509 2613 1653 2666 potuit
1682 2613 1830 2665 plures

1005 2673 1221 2723 convenit,
1248 2683 1435 2725 quaeque
1459 2670 1514 2711 ab
1538 2668 1692 2710 iisdem
1711 2668 1830 2710 audi-

1004 2729 1076 2779 vit,
1099 2729 1283 2770 memori
1305 2732 1450 2768 mente
1468 2725 1617 2774 tenuit,
1641 2737 1692 2766 ea
1712 2723 1829 2766 dein-

1005 2797 1110 2837 ceps
1135 2787 1383 2837 opportune
1407 2781 1618 2824 adversus
1637 2780 1828 2822 haereses
