2040 2976
513 200 581 234 Dic
607 202 637 234 9.
663 201 760 242 Aug.

450 293 602 335 Lectio
623 294 707 334 viii.

164 345 373 451 Neque
389 355 548 396 etenim
559 354 602 394 in
612 353 817 394 universo
827 351 991 392 mundo

266 418 388 454 tanta
407 411 603 453 fidelium
616 409 772 450 messis
788 411 991 458 exsurge-

166 476 250 520 ret,
278 470 314 510 si
339 469 395 510 de
418 481 549 509 manu
568 466 747 507 Domini
772 477 904 518 super
928 477 991 505 ra-

163 526 373 570 tionalem
404 530 566 566 terram
593 523 667 564 illa
692 522 831 563 electa
855 534 992 572 grana

164 581 499 637 praedicantium
526 593 614 621 non
641 581 875 620 venissent.
920 579 991 619 Se-

166 641 328 693 quitur:
353 637 437 688 Qui
456 635 708 684 crediderit,
733 640 777 676 et
795 634 990 687 baptiza-

164 702 233 738 tus
253 695 393 744 fuerit,
413 694 560 735 salvus
577 693 672 734 erit:
693 692 767 744 qui
782 704 888 733 vero
904 704 992 732 non

165 752 416 801 crediderit,
454 749 827 792 condemnabitur.
886 749 991 789 For-

164 812 282 851 tasse
309 809 609 859 unusquisque
638 804 757 858 apud
788 807 990 857 semetip-

166 879 262 907 sum
282 865 413 906 dicat:
431 864 527 914 Ego
547 864 632 915 jam
648 861 825 910 credidi,
845 861 992 902 salvus

166 935 252 964 ero.
288 922 456 963 Verum
480 919 602 970 dicit,
631 919 667 960 si
690 917 825 959 fidem
851 917 991 970 operi-

165 979 247 1022 bus
271 983 401 1020 tenet.
442 977 561 1018 Vera
589 975 749 1017 etenim
776 974 888 1016 fides
914 979 991 1024 est,

167 1048 264 1088 quae
284 1035 328 1075 in
346 1033 443 1083 hoc,
463 1031 584 1084 quod
599 1031 746 1073 verbis
766 1031 882 1080 dicit,
902 1033 991 1072 mo-

166 1091 285 1133 ribus
321 1103 409 1132 non
446 1088 719 1142 contradicit.
773 1088 887 1128 Hinc
925 1093 992 1129 est

167 1148 280 1190 enim
318 1146 437 1200 quod
474 1145 528 1187 de
572 1143 835 1196 quibusdam
871 1143 992 1184 falsis

165 1204 368 1246 fidelibus
395 1202 557 1244 Paulus
585 1201 706 1243 dicit:
741 1200 826 1250 Qui
859 1200 990 1242 confi-

163 1263 309 1303 tentur
337 1272 384 1301 se
412 1271 544 1300 nosse
572 1258 732 1307 Deum,
766 1257 893 1298 factis
921 1270 991 1298 au-

163 1322 252 1359 tem
270 1321 440 1367 negant.

218 1380 265 1431 R:-
292 1382 439 1423 Sancti
463 1380 565 1430 mei,
595 1379 669 1432 qui
692 1380 736 1420 in
761 1392 890 1421 carne
915 1382 991 1432 po-

165 1439 249 1488 siti,
278 1440 499 1480 certamen
527 1436 756 1478 habuistis:
779 1436 801 1460 *
829 1436 991 1478 Merce-

166 1495 266 1536 dem
302 1495 468 1536 laboris
509 1506 591 1544 ego
634 1492 819 1534 reddam
855 1493 992 1535 vobis.

165 1542 215 1594 V·
249 1552 410 1592 Venite
451 1550 673 1592 benedicti
708 1550 850 1591 Patris
890 1550 991 1601 mei,

164 1608 379 1660 percipite
394 1620 585 1658 regnum.
610 1606 871 1648 Mercedem.
895 1607 993 1648 Glo—

165 1665 229 1705 ria
248 1664 378 1706 Patri.
405 1662 665 1705 Mercedem.

466 1726 617 1767 Lectio
638 1727 691 1767 ix.

167 1777 335 1884 Signa
371 1791 517 1828 autem
558 1798 636 1828 eos
673 1786 746 1838 qui
785 1786 991 1829 credituri

243 1848 354 1893 sunt,
368 1843 464 1885 haec
479 1845 730 1895 sequentur:
749 1843 800 1884 In
816 1844 990 1886 nomine

165 1912 264 1940 meo
290 1899 509 1941 daemonia
533 1899 719 1952 ejicient,
747 1899 906 1951 linguis
930 1901 990 1942 lo-

166 1958 352 2008 quentur
383 1957 526 2006 novis,
559 1958 787 2008 serpentes
818 1957 991 1999 tollent:

165 2017 208 2054 et
250 2014 285 2053 si
326 2013 598 2054 mortiferum
643 2012 748 2066 quid
783 2013 990 2064 biberint,

164 2082 252 2110 non
277 2069 338 2110 eis
361 2069 551 2110 nocebit:
579 2082 713 2121 super
738 2082 882 2121 aegros
903 2084 990 2112 ma-

164 2138 246 2166 nus
274 2125 517 2178 imponent,
547 2131 590 2168 et
616 2125 729 2167 bene
757 2126 991 2169 habebunt.

163 2180 507 2233 Numquidnam,
551 2182 708 2223 fratres
742 2182 843 2232 mei,
890 2183 991 2235 quia

165 2237 248 2278 ista
267 2237 391 2287 signa
410 2250 497 2279 non
517 2238 674 2287 facitiS,
699 2239 876 2280 minime
901 2242 990 2281 cre-

165 2291 291 2335 ditis?
316 2292 403 2334 Sed
421 2293 517 2335 haec
536 2295 785 2336 necessaria
804 2295 847 2336 in
867 2299 990 2338 exor-

165 2348 238 2391 dio
258 2349 470 2390 Ecclesiae
493 2350 677 2392 fuerunt.
716 2351 773 2393 Ut
796 2352 910 2393 enim
935 2352 991 2395 ad

164 2404 298 2447 fidem
318 2407 536 2447 cresceret
553 2406 790 2448 multitudo
813 2409 990 2450 creden-

163 2462 286 2511 tium,
317 2461 538 2503 miraculis
571 2462 712 2503 fuerat
744 2465 990 2507 nutrienda:

165 2519 266 2571 quia
300 2523 343 2560 et
371 2531 453 2559 nos
486 2531 584 2559 cum
614 2518 795 2560 arbusta
822 2521 989 2573 planta-

164 2588 277 2625 mus,
315 2574 483 2616 tamdiu
517 2575 579 2616 eis
614 2588 773 2626 aquam
805 2577 989 2619 infundi-

163 2644 277 2681 mus,
319 2634 548 2684 quousque
586 2643 636 2672 ea
674 2631 717 2671 in
752 2637 871 2673 terra
906 2634 991 2685 jam

807 200 850 233 In
874 199 1019 241 Yigilia
1045 199 1079 232 S.
1106 198 1302 233 Laurentii
1327 198 1519 241 Martyris.

1046 293 1262 335 coaluisse
1299 293 1543 335 videamus:
1585 299 1630 336 et
1667 295 1704 336 si
1741 296 1877 338 semel

1046 349 1240 391 radicem
1255 349 1441 401 fixerint,
1461 351 1657 402 irrigatio
1674 353 1877 394 cessabit.

1046 407 1161 447 Hinc
1184 411 1251 448 est
1277 407 1393 448 enim
1421 407 1542 460 quod
1566 408 1729 450 Paulus
1755 409 1877 451 dicit:

1046 463 1227 514 Linguae
1251 463 1294 504 in
1318 465 1493 515 signum
1512 469 1614 506 sunt
1632 478 1721 507 non
1740 465 1876 507 fideli-

1045 520 1138 569 bus,
1160 520 1238 562 sed
1256 521 1518 563 infidelibus.
1563 523 1626 564 Te
1645 521 1799 564 Deum.
1818 523 1876 564 13.

1101 589 1143 622 In
1169 588 1214 622 Π.
1241 588 1428 632 Vesperis
1457 589 1498 623 fit
1523 599 1719 624 commem.
1743 589 1779 624 S.
1802 589 1878 623 Ro-

1047 637 1150 670 mani
1175 637 1282 670 Mart.

1099 688 1198 729 Ant.
1230 689 1318 728 Iste
1348 692 1525 728 sanctus
1553 699 1636 739 pro
1667 686 1766 738 lege
1794 687 1878 729 Dei

1046 744 1112 785 sui
1139 744 1323 785 certavit
1348 757 1489 795 usque
1517 742 1574 786 ad
1600 749 1804 794 mortem,
1834 749 1878 786 et

1045 814 1071 842 a
1115 801 1262 843 verbis
1309 801 1545 854 impiorum
1591 814 1679 843 non
1718 801 1876 844 timuit:

1045 857 1252 899 fundatus
1277 858 1392 899 enim
1420 863 1515 900 erat
1543 871 1677 911 supra
1705 858 1877 900 firmam

1044 919 1228 967 petram.

1097 969 1148 1019 V.
1185 971 1338 1013 Gloria
1373 977 1416 1013 et
1451 970 1620 1013 honore
1653 971 1878 1013 coronasti

1046 1041 1146 1070 eum
1181 1028 1381 1070 Domine.
1430 1030 1481 1082 R.
1518 1029 1574 1070 Et
1611 1028 1877 1070 constituisti

1046 1099 1145 1127 eum
1165 1098 1297 1138 super
1317 1087 1454 1137 opera
1467 1087 1677 1127 manuum
1690 1087 1877 1127 tuarum.

1381 1145 1545 1186 Oratio.

1128 1207 1277 1252 raesta,
1311 1205 1565 1255 quaesumus
1598 1205 1877 1256 omnipotens

1154 1260 1293 1301 Deus:
1321 1264 1385 1310 ut,
1413 1259 1715 1301 intercedente
1743 1258 1877 1301 beato

1047 1317 1251 1358 Romano
1272 1316 1464 1368 Martyre
1482 1321 1577 1364 tuo,
1599 1321 1644 1358 et
1664 1328 1690 1357 a
1709 1315 1878 1372 cunctis

1047 1372 1387 1415 adversitatibus
1427 1372 1665 1415 liberemur
1704 1373 1749 1413 in
1785 1374 1878 1414 cor-

1046 1443 1172 1483 pore,
1212 1434 1256 1471 et
1293 1442 1318 1470 a
1354 1430 1502 1482 pravis
1535 1428 1879 1480 cogitationibus

1045 1485 1305 1527 mundemur
1324 1486 1369 1526 in
1386 1491 1544 1527 mente.
1572 1486 1657 1527 Per
1675 1486 1804 1526 Diim.

1283 1578 1368 1619 Die
1386 1579 1425 1618 9.
1444 1578 1644 1628 Augusti.

1048 1641 1097 1680 In
1117 1639 1280 1691 Vigih‘a
1306 1643 1349 1683 S.
1367 1641 1631 1683 Laurentii
1661 1640 1878 1693 Martyris.

1098 1697 1241 1732 Homil.
1274 1698 1313 1731 in
1340 1697 1486 1741 Evang.
1519 1697 1560 1734 Si
1588 1699 1676 1744 quis
1706 1700 1800 1736 vult.
1830 1699 1877 1734 de

1047 1746 1192 1781 Comm.
1216 1746 1331 1780 unius
1355 1746 1464 1781 Mart.
1492 1746 1522 1780 2.
1546 1746 1644 1780 loco.
1674 1749 1760 1793 [32]‚
1792 1757 1878 1782 cum

1046 1794 1127 1838 RR
1157 1794 1282 1828 Feriae
1315 1795 1563 1829 occurrentis.
1618 1795 1666 1830 Et
1698 1795 1879 1830 dicuntur

1046 1843 1186 1877 Preces
1211 1842 1377 1878 feriales.
1399 1846 1459 1881 50.

1385 1896 1550 1938 Oratio.

1124 1954 1251 1996 desto
1271 1954 1461 1996 Domine
1481 1954 1877 2007 supplicationibus

1147 2011 1326 2053 nostris:
1351 2016 1395 2053 et
1419 2011 1735 2052 intercessione
1757 2010 1878 2054 beati

1044 2068 1267 2110 Laurentii
1286 2068 1491 2120 Martyris
1515 2068 1594 2118 tui,
1622 2068 1742 2120 cujus
1765 2081 1876 2121 prae-

1044 2128 1244 2168 venimus
1277 2124 1578 2174 festivitatem,
1615 2127 1877 2178 perpetuam

1044 2182 1173 2224 nobis
1196 2180 1545 2222 misericordiam
1567 2181 1782 2233 benignus
1800 2181 1875 2222 im-

1044 2239 1200 2293 pende.
1229 2239 1315 2280 Per
1334 2237 1584 2279 Dominum.

1099 2298 1249 2333 Deinde
1274 2299 1315 2333 fit
1337 2309 1534 2333 commem.
1558 2298 1594 2333 S.
1618 2299 1794 2335 Romani.

1100 2351 1201 2391 Ant.
1236 2351 1319 2401 Qui
1347 2350 1441 2392 odit
1469 2351 1658 2392 animam
1687 2365 1810 2393 suam
1834 2351 1878 2392 in

1044 2410 1130 2451 hoc
1150 2407 1333 2457 mundo,
1358 2407 1401 2448 in
1423 2407 1558 2448 vitam
1578 2410 1788 2450 aeternam
1808 2421 1877 2450 cu-

1045 2466 1183 2508 stodit
1202 2478 1309 2506 eam.

1090 2515 1141 2567 V.
1153 2523 1178 2563 J
1180 2526 1304 2563 ustus
1320 2525 1368 2562 ut
1381 2520 1527 2573 palma
1540 2520 1725 2564 florebit.
1739 2520 1877 2574 31516-

1045 2585 1092 2621 ut
1111 2578 1268 2621 cedrus
1288 2577 1445 2619 Libani
1462 2577 1835 2630 multiplicabitur.

1102 2633 1265 2674 Oratio.
1293 2633 1472 2676 Praesta.
1493 2638 1540 2674 ut
1561 2645 1703 2685 supra.

875 2736 916 2739 -γ
953 2728 1001 2750 Q
1004 2728 1076 2751 ,θῶ
1160 2738 1221 2741 —
