2040 2976
828 173 884 207 Ss.
911 172 1050 206 Cordis
1076 171 1180 205 Jesu.

153 279 400 322 incurvabit
434 276 683 319 habitantes
719 273 763 313 in
797 269 984 317 excelso,

155 337 380 379 civitatem
438 333 671 374 sublimem
727 326 983 370 humiliabit.

1093 270 1162 309 De
1189 266 1399 308 Sermane
1427 265 1567 307 sancti
1594 262 1812 306 Bernardi

1358 321 1558 363 Abbatis.

154 391 416 434 Humillae'lbit
436 402 532 431 eam
550 399 690 439 usque
709 385 767 427 ad
784 390 958 426 terram.
1209 392 1342 426 Sermo
1367 394 1396 425 2³».
1424 392 1470 424 de
1495 390 1693 424 Passionc,

201 464 251 516 Η.
269 461 387 501 Ecce
401 458 590 500 vidimus
607 469 707 498 eum
720 466 809 495 non
822 451 983 493 haben·
1337 452 1490 491 Lectio
1513 452 1563 489 iv.

154 522 245 560 tem
259 516 465 570 speciem,
475 525 618 566 neque
633 512 854 554 decorem:
869 508 986 560 aspe-
1042 519 1069 558 [f
1077 518 1236 583 <fula
1279 512 1415 554 Semel
1452 511 1650 552 venimus
1688 510 1745 551 ad
1783 510 1870 551 Cor

157 579 253 615 ctus
272 574 363 625 ejus
380 572 423 612 in
440 584 493 613 eo
508 583 597 612 non
613 573 695 610 est:
711 566 782 607 hic
800 566 986 618 peccata
1074 560 1131 605 1
1182 569 1484 611 dulcissimum
1503 567 1619 616 Jesu,
1643 571 1686 608 et
1704 566 1870 607 bonum

154 635 305 672 nOS‘tl‘a
319 627 526 682 portavit,
545 631 589 667 et
603 637 686 678 pI‘O
705 622 834 664 nObiS
849 620 985 662 dOlet:
1051 637 1054 641 “
1141 618 1157 641 '4
1183 630 1249 667 est
1267 638 1348 666 nos
1373 624 1445 666 hic
1465 636 1573 673 esse,
1597 636 1651 664 ne
1676 623 1870 663 sinamus

155 687 251 740 ipse
278 691 424 727 autem
442 683 696 725 vulneratus
716 684 782 720 est
800 682 985 731 PI‘OP‘OEI‘
1038 696 1119 725 nos
1138 683 1265 725 facile
1285 681 1413 724 avelli
1433 681 1488 722 ab
1506 693 1569 729 eo,
1585 679 1639 721 de
1661 692 1749 731 quo
1769 679 1870 719 scri-

155 743 409 794 iniquitates
431 744 617 787 nostras,
636 741 658 764 *
690 735 821 787 Cujus
845 734 986 775 livore

157 798 298 840 sanati
326 810 486 839 sumus.
518 790 568 842 V.
600 794 718 836 Vere
749 791 986 841 languores

154 859 332 896 nostros
358 854 454 907 ipse
482 852 596 902 tulit,
630 854 674 892 et
705 848 883 891 dolores
910 859 985 887 no-

156 916 273 954 stros
306 912 403 964 ipse
434 908 641 963 portavit.
683 905 813 958 Cujus
846 904 986 945 livore

155 968 307 1010 sanati.

451 1037 605 1079 Lectio
628 1037 682 1076 iii.

226 1111 358 1152 emita
376 1109 478 1162 justi
496 1113 618 1150 recta
638 1111 714 1156 est,
734 1111 882 1147 rectus
903 1106 986 1146 cal-

250 1167 304 1208 lis
337 1166 437 1219 justi
469 1164 525 1207 ad
558 1162 885 1206 ambulandum.
929 1162 987 1203 Et

157 1225 201 1265 in
228 1223 382 1265 semita
409 1221 669 1274 judiciorum
696 1221 873 1261 tuorum
898 1219 986 1259 Do-

155 1280 270 1322 mine
289 1279 576 1321 sustinuimus
594 1282 654 1319 te:
673 1288 834 1317 nomen
852 1280 987 1323 tuum,

158 1342 202 1378 et
236 1335 492 1378 memoriale
528 1339 651 1375 tuum
687 1333 732 1373 in
766 1331 987 1373 desiderio

158 1393 325 1434 animae.
359 1391 518 1433 Anima
537 1403 636 1432 mea
655 1388 925 1431 desideravit
942 1392 987 1428 te

157 1449 201 1490 in
236 1453 382 1491 nocte:
419 1447 499 1489 sed
535 1451 579 1489 et
615 1446 772 1499 spiritu
807 1457 908 1486 meo
944 1444 988 1484 in

157 1505 418 1558 praecordiis
437 1504 547 1546 meis
572 1502 628 1545 de
646 1514 775 1543 mane
794 1500 987 1551 vigilabo

135 1560 215 1603 ·ad
240 1566 296 1603 te.
335 1561 445 1602 Cum
473 1559 629 1601 feceris
656 1557 815 1610 judicia
842 1562 918 1598 tua
944 1556 988 1596 in

156 1622 282 1668 terra,
298 1617 507 1670 justitiam
524 1616 694 1658 discent
713 1614 987 1655 habitatores

159 1674 291 1716 orbis.

208 1739 261 1791 Ra.
295 1737 562 1780 Benedictus
607 1735 823 1777 Dominus
866 1735 988 1775 Deus

158 1794 310 1847 Israel,
344 1795 419 1846 qui
452 1794 555 1836 facit
585 1791 801 1834 mirabilia
831 1803 989 1841 magna

160 1850 297 1891 solus:
310 1852 332 1875 *
346 1850 404 1892 Et
421 1849 703 1892 benedictum
720 1859 882 1889 nomen
899 1859 987 1887 ma-

159 1906 327 1958 jestatis
347 1907 438 1959 ejus
456 1907 501 1947 in
516 1907 739 1947 aeternum.
759 1900 809 1951 Y.
829 1902 987 1955 Reple-

159 1961 278 2004 bitur
308 1963 536 2014 majestate
568 1962 658 2012 eius
687 1960 828 2002 omnis
859 1965 989 2008 terra,

159 2018 253 2115 gat,
284 2019 372 2060 fiat.
412 2019 470 2061 Et
500 2017 793 2060 benedictum.
838 2015 990 2056 Gloria

197 2074 292 2116 atri.
317 2075 386 2117 Et.

393 2154 442 2192 In
461 2154 511 2192 ΙΙ.
532 2154 755 2193 Nocturno.

216 2215 317 2257 Ant.
345 2216 594 2259 Afferentur
614 2217 658 2257 in
682 2216 836 2258 laetitia
855 2219 899 2256 et
920 2227 990 2256 ex-

162 2274 414 2381 {uelgiigffinez
429 2272 703 2315 adducentur
719 2273 764 2313 in
777 2270 992 2324 templum

217 2395 316 2435 Ant.
346 2393 643 2435 Sanctificavit
659 2392 992 2435 tabernaculum

163 2463 290 2491 suum
309 2450 573 2491 Altissimus.

218 2516 318 2555 Ant.
364 2514 485 2556 Sicut
519 2513 764 2556 laetantium
800 2513 993 2554 omnium

164 2570 380 2612 habitatio
400 2575 468 2611 est
486 2570 530 2610 in
548 2575 603 2611 te.

1038 746 1163 794 ptum
1183 745 1266 781 est:
1278 737 1557 780 Recedentes
1578 749 1603 777 a
1621 741 1676 783 te,
1696 735 1739 775 in
1754 740 1871 775 terra

1040 798 1297 839 scribentur.
1337 793 1453 845 Quid
1486 798 1634 834 autem
1662 791 1870 833 acceden-

1913 436 1920 561 ἱ

1915 563 1921 633 ἒ

1916 635 1922 661 t

1039 853 1129 895 tes?
1158 854 1227 894 Tu
1245 853 1342 906 ipse
1358 852 1493 893 doces
1510 863 1604 890 nos.
1632 848 1703 889 Tu
1724 847 1873 889 dixisti
1918 855 1923 890 ἒ

1040 909 1352 952 accedentibus
1373 907 1430 949 ad
1448 913 1508 948 te:
1538 905 1750 954 Gaudete,
1771 904 1873 955 quia

1039 967 1218 1009 nomina
1231 971 1379 1007 vestra
1394 964 1559 1016 scripta
1571 967 1672 1003 sunt
1685 962 1729 1001 in
1746 960 1871 1002 coelo.

1040 1022 1318 1065 Accedamus
1338 1034 1444 1072 ergo
1465 1020 1522 1061 ad
1539 1025 1594 1069 te,
1620 1024 1663 1060 et
1685 1018 1872 1060 exsulta·
1919 1022 1922 1053 ἑ

1039 1080 1194 1129 bimus,
1206 1084 1249 1121 et
1263 1078 1513 1120 laetabimur
1527 1077 1571 1116 in
1587 1080 1642 1125 te,
1652 1077 1872 1116 memores

1041 1136 1198 1177 Cordis
1213 1136 1288 1177 tui.
1309 1135 1346 1176 O
1365 1147 1495 1186 quam
1506 1133 1671 1174 bonum
1688 1136 1731 1172 et
1743 1144 1874 1183 quam

1040 1192 1278 1245 jucundum
1301 1191 1503 1232 habitare
1529 1189 1573 1229 in
1599 1187 1744 1229 Corde
1770 1187 1872 1228 hoc!

1041 1250 1155 1299 Quin
1190 1249 1338 1302 potius
1373 1247 1489 1289 dabo
1521 1246 1682 1294 emnia,
1720 1257 1873 1285 omnes

1041 1306 1335 1356 cogitationes
1386 1308 1430 1345 et
1480 1302 1663 1344 affectus
1714 1301 1873 1341 mentis

1041 1361 1337 1410 commutabo,
1363 1361 1528 1412 jactans
1554 1370 1683 1399 omne
1710 1356 1871 1407 cogita-

1040 1423 1134 1460 tum
1151 1431 1298 1459 meum
1320 1418 1364 1458 in
1385 1417 1472 1458 Cor
1491 1414 1671 1456 Demini
1690 1414 1713 1454 J
1717 1426 1804 1464 eSU,
1829 1417 1873 1454 et

1041 1475 1134 1516 sine
1153 1474 1326 1515 fallacia
1343 1472 1453 1514 illud
1472 1484 1542 1512 me
1563 1470 1762 1512 enutriet.

1095 1542 1145 1592 Β.
1171 1539 1256 1589 Qui
1276 1537 1512 1579 manducat
1527 1549 1670 1577 meam
1687 1547 1873 1584 carnem,

1042 1601 1085 1638 et
1103 1596 1215 1637 bibit
1235 1608 1382 1636 meum
1403 1594 1670 1645 sanguinem,
1691 1595 1712 1617 *
1733 1592 1784 1631 In
1803 1604 1873 1632 me

1040 1657 1203 1702 manet,
1237 1657 1280 1693 et
1308 1663 1389 1701 ego
1419 1651 1461 1691 in
1494 1663 1559 1691 eo.
1599 1646 1649 1697 Y.
1671 1648 1773 1689 Non
1806 1652 1873 1688 est

1042 1709 1128 1750 alia
1145 1709 1265 1749 natio
1284 1713 1375 1750 tam
1394 1706 1582 1758 grandis,
1599 1717 1697 1757 quae
1711 1703 1874 1745 habeat

1042 1765 1152 1807 deos
1185 1764 1597 1817 appropinquantes
1631 1760 1729 1810 sibi,
1762 1760 1874 1801 sicut

1041 1822 1163 1863 Deus
1183 1826 1334 1862 noster
1353 1820 1480 1861 adest
1498 1818 1638 1860 nobis.
1666 1817 1729 1857 In.

1356 1892 1508 1932 Lectio
1532 1906 1566 1930 v.

1923 1654 1929 1682 α.-
1923 1538 1929 1646 vau-mm„
1921 1272 1929 1530 'mm-...mm
1922 1254 1925 1257 .
1922 1242 1925 1244 .
1920 1192 1925 1212 v,-
1920 1156 1925 1182 ,01
1920 1131 1924 1141 -
1920 1119 1922 1123 -
1920 1097 1924 1101 ,
1920 1060 1924 1089 ,Ὗ

1121 1961 1150 2002 d
1169 1960 1253 2001 hoc
1271 1959 1495 2011 templum,
1519 1956 1576 1999 ad
1599 1956 1696 1997 haee
1715 1955 1874 1997 Sancta
1926 1959 1930 2004 ζ

1146 2018 1409 2064 sanctorum,
1436 2014 1493 2056 ad.
1511 2014 1623 2055 hanc
1648 2025 1795 2054 arcam
1813 2016 1873 2052 te·
1925 2027 1931 2058 ς·

1043 2073 1249 2114 stamenti
1274 2071 1483 2120 adorabo,
1509 2075 1552 2112 et
1579 2068 1772 2110 laudabo
1799 2079 1872 2108 no·

1042 2142 1143 2170 men
1173 2128 1366 2178 Domini,
1399 2126 1551 2169 dicens
1583 2139 1683 2167 cum
1714 2122 1874 2165 David:
1926 2130 1930 2135 “

1042 2186 1195 2227 Inveni
1218 2197 1295 2226 cor
1319 2197 1480 2234 meum,
1508 2188 1556 2225 ut
1583 2195 1706 2224 orem
1730 2183 1875 2223 Deum

1043 2254 1200 2283 meum.
1244 2241 1302 2283 Et
1334 2253 1416 2292 ego
1449 2240 1595 2282 inveni
1629 2239 1716 2281 Cor
1748 2238 1874 2288 regis,

1043 2298 1199 2346 fratris,
1228 2303 1272 2339 et
1300 2298 1427 2339 amici
1453 2296 1630 2347 benigni
1658 2295 1682 2336 J
1685 2307 1773 2336 esu.
1818 2294 1875 2334 Et

1043 2353 1256 2405 numquid
1275 2366 1364 2395 non
1379 2351 1600 2394 adorabo?
1628 2352 1730 2392 Hoc
1744 2350 1874 2400 igitur

1046 2410 1191 2451 Corde
1204 2415 1292 2459 tuo,
1308 2415 1352 2451 et
1365 2422 1478 2459 meo,
1493 2407 1744 2450 dulcissime
1757 2407 1782 2446 J
1786 2418 1874 2454 esu,
1930 2427 1933 2431 ·

1044 2466 1242 2516 invento,
1280 2465 1419 2507 orabo
1451 2470 1495 2507 te
1531 2465 1677 2505 Deu'm
1711 2474 1874 2503 meum:

1044 2522 1227 2564 admitte
1241 2527 1414 2564 tantum
1430 2522 1476 2562 in
1491 2519 1730 2562 sacrarium
1745 2529 1873 2559 exau-

1045 2577 1223 2620 ditic'mis
1245 2583 1333 2620 tuae
1356 2590 1513 2630 preces
1532 2589 1664 2625 meas,
1688 2575 1776 2614 imo
1802 2584 1873 2613 me

219 2632 270 2681 V.
295 2635 544 2676 Conversus
570 2638 637 2676 est
660 2634 781 2675 furor
802 2638 914 2675 tuus.
944 2635 994 2686 R.
1043 2639 1187 2676 totum
1205 2633 1332 2675 trahe
1350 2634 1395 2675 in
1411 2633 1500 2675 Cor
1517 2637 1651 2673 tuum.
1681 2630 1719 2670 O
1741 2627 1873 2669 omni-

164 2691 221 2733 Et
240 2691 494 2733 consolatus
515 2704 562 2732 es
580 2703 663 2732 me.

319 2831 384 2855 Pars
401 2830 509 2855 AEstiva.

1044 2703 1118 2731 um
1167 2688 1493 2742 pulchritudine
1548 2684 1872 2739 speciosissime

1599 2812 1665 2847 21*
