<?xml version="1.0" encoding="UTF-8"?>
<!DOCTYPE html PUBLIC "-//W3C//DTD XHTML 1.0 Transitional//EN"
    "http://www.w3.org/TR/xhtml1/DTD/xhtml1-transitional.dtd">
<html xmlns="http://www.w3.org/1999/xhtml" xml:lang="en" lang="en">
 <head>
  <title>
</title>
<meta http-equiv="Content-Type" content="text/html;charset=utf-8" />
  <meta name='ocr-system' content='tesseract 3.04.00' />
  <meta name='ocr-capabilities' content='ocr_page ocr_carea ocr_par ocr_line ocrx_word'/>
</head>
<body>
  <div class='ocr_page' id='page_1' title='image "./p3breviariumroma00cathuoft_0105.png"; bbox 0 0 2040 2976; ppageno 0'>
   <div class='ocr_carea' id='block_1_1' title="bbox 726 183 1332 228">
    <p class='ocr_par' dir='ltr' id='par_1_1' title="bbox 726 183 1332 228">
     <span class='ocr_line' id='line_1_1' title="bbox 726 183 1332 228; baseline 0.008 -11"><span class='ocrx_word' id='word_1_1' title='bbox 726 183 839 218; x_wconf 84' lang='lat' dir='ltr'>Feria</span> <span class='ocrx_word' id='word_1_2' title='bbox 863 184 998 228; x_wconf 86' lang='lat' dir='ltr'>quinta</span> <span class='ocrx_word' id='word_1_3' title='bbox 1022 186 1072 220; x_wconf 86' lang='lat' dir='ltr'>ad</span> <span class='ocrx_word' id='word_1_4' title='bbox 1095 186 1332 222; x_wconf 84' lang='lat' dir='ltr'>Matutinum.</span> 
     </span>
    </p>
   </div>
   <div class='ocr_carea' id='block_1_2' title="bbox 115 279 953 2754">
    <p class='ocr_par' dir='ltr' id='par_1_2' title="bbox 122 279 953 552">
     <span class='ocr_line' id='line_1_2' title="bbox 180 279 704 324; baseline -0.006 0"><span class='ocrx_word' id='word_1_5' title='bbox 180 283 280 324; x_wconf 87' lang='lat' dir='ltr'>Ant.</span> <span class='ocrx_word' id='word_1_6' title='bbox 308 282 363 322; x_wconf 90' lang='lat' dir='ltr'>Et</span> <span class='ocrx_word' id='word_1_7' title='bbox 389 279 704 321; x_wconf 66' lang='lat' dir='ltr'>invocabimus.</span> 
     </span>
     <span class='ocr_line' id='line_1_3' title="bbox 396 342 717 383; baseline 0.003 -1"><span class='ocrx_word' id='word_1_8' title='bbox 396 342 596 383; x_wconf 86' lang='lat' dir='ltr'>Psalmus</span> <span class='ocrx_word' id='word_1_9' title='bbox 624 344 687 383; x_wconf 71' lang='lat'>74.</span> <span class='ocrx_word' id='word_1_10' title='bbox 706 352 717 359; x_wconf 84' lang='grc'><em>·</em></span> 
     </span>
     <span class='ocr_line' id='line_1_4' title="bbox 202 396 953 440; baseline 0.003 -3"><span class='ocrx_word' id='word_1_11' title='bbox 202 396 482 439; x_wconf 90' lang='lat' dir='ltr'>onfitebimur</span> <span class='ocrx_word' id='word_1_12' title='bbox 509 397 590 439; x_wconf 91' lang='lat' dir='ltr'>tibi</span> <span class='ocrx_word' id='word_1_13' title='bbox 608 398 745 440; x_wconf 92' lang='lat' dir='ltr'>Deus:</span> <span class='ocrx_word' id='word_1_14' title='bbox 770 399 794 426; x_wconf 87' lang='lat'>*</span> <span class='ocrx_word' id='word_1_15' title='bbox 821 399 953 439; x_wconf 91' lang='lat' dir='ltr'>confi-</span> 
     </span>
     <span class='ocr_line' id='line_1_5' title="bbox 228 453 952 504; baseline 0.003 -10"><span class='ocrx_word' id='word_1_16' title='bbox 228 453 435 504; x_wconf 88' lang='lat' dir='ltr'>tebimur,</span> <span class='ocrx_word' id='word_1_17' title='bbox 472 458 517 496; x_wconf 92' lang='lat' dir='ltr'>et</span> <span class='ocrx_word' id='word_1_18' title='bbox 548 454 850 497; x_wconf 67' lang='lat' dir='ltr'>invocabimus</span> <span class='ocrx_word' id='word_1_19' title='bbox 877 468 952 496; x_wconf 93' lang='lat' dir='ltr'>no-</span> 
     </span>
     <span class='ocr_line' id='line_1_6' title="bbox 122 514 385 552; baseline 0 -1"><span class='ocrx_word' id='word_1_20' title='bbox 122 523 223 552; x_wconf 91' lang='lat' dir='ltr'>men</span> <span class='ocrx_word' id='word_1_21' title='bbox 250 514 385 551; x_wconf 90' lang='lat' dir='ltr'>tuum.</span> 
     </span>
    </p>

    <p class='ocr_par' dir='ltr' id='par_1_3' title="bbox 123 567 952 721">
     <span class='ocr_line' id='line_1_7' title="bbox 174 567 952 609; baseline 0.001 -1"><span class='ocrx_word' id='word_1_22' title='bbox 174 567 464 609; x_wconf 89' lang='lat' dir='ltr'>Narrabimus</span> <span class='ocrx_word' id='word_1_23' title='bbox 477 567 695 609; x_wconf 89' lang='lat' dir='ltr'>mirabilia</span> <span class='ocrx_word' id='word_1_24' title='bbox 709 572 801 609; x_wconf 87' lang='lat' dir='ltr'>tua:</span> <span class='ocrx_word' id='word_1_25' title='bbox 814 569 838 595; x_wconf 88' lang='grc'>*</span> <span class='ocrx_word' id='word_1_26' title='bbox 853 580 952 609; x_wconf 90' lang='lat' dir='ltr'>cum</span> 
     </span>
     <span class='ocr_line' id='line_1_8' title="bbox 123 624 952 678; baseline 0.002 -14"><span class='ocrx_word' id='word_1_27' title='bbox 123 625 338 678; x_wconf 89' lang='lat' dir='ltr'>accepero</span> <span class='ocrx_word' id='word_1_28' title='bbox 361 628 547 676; x_wconf 78' lang='lat' dir='ltr'>tempuS,</span> <span class='ocrx_word' id='word_1_29' title='bbox 573 636 656 676; x_wconf 86' lang='lat' dir='ltr'>ego</span> <span class='ocrx_word' id='word_1_30' title='bbox 682 624 869 676; x_wconf 81' lang='lat' dir='ltr'>iustitias</span> <span class='ocrx_word' id='word_1_31' title='bbox 888 626 952 677; x_wconf 91' lang='lat' dir='ltr'>.ju-</span> 
     </span>
     <span class='ocr_line' id='line_1_9' title="bbox 124 679 294 721; baseline 0 0"><span class='ocrx_word' id='word_1_32' title='bbox 124 679 294 721; x_wconf 83' lang='lat' dir='ltr'>dicabo.</span> 
     </span>
    </p>

    <p class='ocr_par' dir='ltr' id='par_1_4' title="bbox 120 736 951 902">
     <span class='ocr_line' id='line_1_10' title="bbox 174 736 951 788; baseline 0.003 -11"><span class='ocrx_word' id='word_1_33' title='bbox 174 736 433 788; x_wconf 88' lang='lat' dir='ltr'>Liquefacta</span> <span class='ocrx_word' id='word_1_34' title='bbox 460 741 528 778; x_wconf 91' lang='lat' dir='ltr'>est</span> <span class='ocrx_word' id='word_1_35' title='bbox 554 740 687 787; x_wconf 90' lang='lat' dir='ltr'>terra,</span> <span class='ocrx_word' id='word_1_36' title='bbox 722 741 766 779; x_wconf 93' lang='lat' dir='ltr'>et</span> <span class='ocrx_word' id='word_1_37' title='bbox 799 749 951 779; x_wconf 89' lang='lat' dir='ltr'>omnes</span> 
     </span>
     <span class='ocr_line' id='line_1_11' title="bbox 123 792 951 845; baseline 0.001 -11"><span class='ocrx_word' id='word_1_38' title='bbox 123 793 198 845; x_wconf 91' lang='lat' dir='ltr'>qui</span> <span class='ocrx_word' id='word_1_39' title='bbox 229 792 430 834; x_wconf 87' lang='lat' dir='ltr'>habitant</span> <span class='ocrx_word' id='word_1_40' title='bbox 461 793 505 833; x_wconf 92' lang='lat' dir='ltr'>in</span> <span class='ocrx_word' id='word_1_41' title='bbox 534 806 600 835; x_wconf 89' lang='lat' dir='ltr'>ea:</span> <span class='ocrx_word' id='word_1_42' title='bbox 633 794 657 821; x_wconf 85' lang='lat'>*</span> <span class='ocrx_word' id='word_1_43' title='bbox 686 806 768 845; x_wconf 89' lang='lat' dir='ltr'>ego</span> <span class='ocrx_word' id='word_1_44' title='bbox 797 795 951 836; x_wconf 91' lang='lat' dir='ltr'>confir-</span> 
     </span>
     <span class='ocr_line' id='line_1_12' title="bbox 120 848 710 902; baseline 0.007 -13"><span class='ocrx_word' id='word_1_45' title='bbox 120 849 238 890; x_wconf 90' lang='lat' dir='ltr'>mavi</span> <span class='ocrx_word' id='word_1_46' title='bbox 266 848 494 892; x_wconf 80' lang='lat' dir='ltr'>columnas</span> <span class='ocrx_word' id='word_1_47' title='bbox 523 851 625 902; x_wconf 83' lang='lat' dir='ltr'>eius,</span> <span class='ocrx_word' id='word_1_48' title='bbox 700 888 710 899; x_wconf 86' lang='grc'><em>,</em></span> 
     </span>
    </p>

    <p class='ocr_par' dir='ltr' id='par_1_5' title="bbox 121 905 951 1060">
     <span class='ocr_line' id='line_1_13' title="bbox 173 905 951 959; baseline 0.003 -13"><span class='ocrx_word' id='word_1_49' title='bbox 173 905 278 947; x_wconf 84' lang='lat' dir='ltr'>Dixi</span> <span class='ocrx_word' id='word_1_50' title='bbox 289 905 464 958; x_wconf 89' lang='lat' dir='ltr'>iniquis:</span> <span class='ocrx_word' id='word_1_51' title='bbox 478 906 629 948; x_wconf 84' lang='lat' dir='ltr'>Nolite</span> <span class='ocrx_word' id='word_1_52' title='bbox 643 907 791 959; x_wconf 90' lang='lat' dir='ltr'>inique</span> <span class='ocrx_word' id='word_1_53' title='bbox 806 910 951 959; x_wconf 85' lang='lat' dir='ltr'>agere:</span> 
     </span>
     <span class='ocr_line' id='line_1_14' title="bbox 121 961 950 1015; baseline 0.002 -11"><span class='ocrx_word' id='word_1_54' title='bbox 121 963 146 989; x_wconf 90' lang='lat'>*</span> <span class='ocrx_word' id='word_1_55' title='bbox 174 967 218 1004; x_wconf 92' lang='lat' dir='ltr'>et</span> <span class='ocrx_word' id='word_1_56' title='bbox 246 961 619 1015; x_wconf 89' lang='lat' dir='ltr'>delinquentibus:</span> <span class='ocrx_word' id='word_1_57' title='bbox 651 963 803 1006; x_wconf 81' lang='lat' dir='ltr'>Nolite</span> <span class='ocrx_word' id='word_1_58' title='bbox 837 965 950 1006; x_wconf 88' lang='lat' dir='ltr'>exal—</span> 
     </span>
     <span class='ocr_line' id='line_1_15' title="bbox 121 1021 397 1060; baseline 0 0"><span class='ocrx_word' id='word_1_59' title='bbox 121 1021 216 1060; x_wconf 88' lang='lat' dir='ltr'>tare</span> <span class='ocrx_word' id='word_1_60' title='bbox 244 1031 397 1060; x_wconf 90' lang='lat' dir='ltr'>cornu:</span> 
     </span>
    </p>

    <p class='ocr_par' dir='ltr' id='par_1_6' title="bbox 119 1075 949 1241">
     <span class='ocr_line' id='line_1_16' title="bbox 171 1075 949 1120; baseline 0.005 -4"><span class='ocrx_word' id='word_1_61' title='bbox 171 1075 323 1117; x_wconf 84' lang='lat' dir='ltr'>Nolite</span> <span class='ocrx_word' id='word_1_62' title='bbox 348 1076 561 1118; x_wconf 83' lang='lat' dir='ltr'>extollere</span> <span class='ocrx_word' id='word_1_63' title='bbox 585 1077 630 1118; x_wconf 93' lang='lat' dir='ltr'>in</span> <span class='ocrx_word' id='word_1_64' title='bbox 653 1077 791 1119; x_wconf 92' lang='lat' dir='ltr'>altum</span> <span class='ocrx_word' id='word_1_65' title='bbox 815 1091 949 1120; x_wconf 89' lang='lat' dir='ltr'>cornu</span> 
     </span>
     <span class='ocr_line' id='line_1_17' title="bbox 120 1133 949 1186; baseline 0.006 -14"><span class='ocrx_word' id='word_1_66' title='bbox 120 1136 331 1174; x_wconf 91' lang='lat' dir='ltr'>vestrum:</span> <span class='ocrx_word' id='word_1_67' title='bbox 358 1134 383 1160; x_wconf 88' lang='grc'>*</span> <span class='ocrx_word' id='word_1_68' title='bbox 409 1133 547 1175; x_wconf 90' lang='lat' dir='ltr'>nolite</span> <span class='ocrx_word' id='word_1_69' title='bbox 582 1134 705 1186; x_wconf 92' lang='lat' dir='ltr'>loqui</span> <span class='ocrx_word' id='word_1_70' title='bbox 738 1134 949 1177; x_wconf 89' lang='lat' dir='ltr'>adversus</span> 
     </span>
     <span class='ocr_line' id='line_1_18' title="bbox 119 1188 577 1241; baseline 0.007 -12"><span class='ocrx_word' id='word_1_71' title='bbox 119 1188 263 1230; x_wconf 92' lang='lat' dir='ltr'>Deum</span> <span class='ocrx_word' id='word_1_72' title='bbox 290 1188 577 1241; x_wconf 90' lang='lat' dir='ltr'>iniquitatem.</span> 
     </span>
    </p>

    <p class='ocr_par' dir='ltr' id='par_1_7' title="bbox 117 1245 948 1455">
     <span class='ocr_line' id='line_1_19' title="bbox 160 1245 948 1300; baseline 0.004 -14"><span class='ocrx_word' id='word_1_73' title='bbox 160 1245 283 1295; x_wconf 62' lang='lat' dir='ltr'>&gt;Quia</span> <span class='ocrx_word' id='word_1_74' title='bbox 315 1258 459 1298; x_wconf 92' lang='lat' dir='ltr'>neque</span> <span class='ocrx_word' id='word_1_75' title='bbox 491 1246 547 1288; x_wconf 92' lang='lat' dir='ltr'>ab</span> <span class='ocrx_word' id='word_1_76' title='bbox 576 1247 772 1298; x_wconf 79' lang='lat' dir='ltr'>Oriente,</span> <span class='ocrx_word' id='word_1_77' title='bbox 805 1260 948 1300; x_wconf 91' lang='lat' dir='ltr'>neque</span> 
     </span>
     <span class='ocr_line' id='line_1_20' title="bbox 119 1300 948 1355; baseline 0.004 -13"><span class='ocrx_word' id='word_1_78' title='bbox 119 1300 174 1343; x_wconf 95' lang='lat' dir='ltr'>ab</span> <span class='ocrx_word' id='word_1_79' title='bbox 214 1301 475 1353; x_wconf 82' lang='lat' dir='ltr'>Occidente,</span> <span class='ocrx_word' id='word_1_80' title='bbox 515 1316 659 1355; x_wconf 92' lang='lat' dir='ltr'>neque</span> <span class='ocrx_word' id='word_1_81' title='bbox 697 1317 723 1344; x_wconf 89' lang='lat' dir='ltr'>a</span> <span class='ocrx_word' id='word_1_82' title='bbox 760 1303 948 1346; x_wconf 82' lang='lat' dir='ltr'>desertis</span> 
     </span>
     <span class='ocr_line' id='line_1_21' title="bbox 117 1357 948 1413; baseline 0.005 -15"><span class='ocrx_word' id='word_1_83' title='bbox 117 1357 358 1399; x_wconf 92' lang='lat' dir='ltr'>montibus:</span> <span class='ocrx_word' id='word_1_84' title='bbox 382 1360 406 1386; x_wconf 87' lang='lat'><strong>*</strong></span> <span class='ocrx_word' id='word_1_85' title='bbox 432 1359 640 1411; x_wconf 81' lang='lat' dir='ltr'>queniam</span> <span class='ocrx_word' id='word_1_86' title='bbox 666 1360 789 1402; x_wconf 92' lang='lat' dir='ltr'>Deus</span> <span class='ocrx_word' id='word_1_87' title='bbox 816 1360 948 1413; x_wconf 88' lang='lat' dir='ltr'>judex</span> 
     </span>
     <span class='ocr_line' id='line_1_22' title="bbox 119 1418 196 1455; baseline 0 -1"><span class='ocrx_word' id='word_1_88' title='bbox 119 1418 196 1455; x_wconf 89' lang='lat' dir='ltr'>est.</span> 
     </span>
    </p>

    <p class='ocr_par' dir='ltr' id='par_1_8' title="bbox 117 1469 947 1636">
     <span class='ocr_line' id='line_1_23' title="bbox 169 1469 947 1522; baseline 0.006 -12"><span class='ocrx_word' id='word_1_89' title='bbox 169 1470 300 1512; x_wconf 90' lang='lat' dir='ltr'>Hunc</span> <span class='ocrx_word' id='word_1_90' title='bbox 319 1469 529 1522; x_wconf 90' lang='lat' dir='ltr'>humiliat,</span> <span class='ocrx_word' id='word_1_91' title='bbox 555 1477 599 1513; x_wconf 88' lang='lat' dir='ltr'>et</span> <span class='ocrx_word' id='word_1_92' title='bbox 623 1472 740 1514; x_wconf 92' lang='lat' dir='ltr'>hunc</span> <span class='ocrx_word' id='word_1_93' title='bbox 769 1473 947 1515; x_wconf 89' lang='lat' dir='ltr'>exaltat:</span> 
     </span>
     <span class='ocr_line' id='line_1_24' title="bbox 118 1526 946 1578; baseline 0.005 -11"><span class='ocrx_word' id='word_1_94' title='bbox 118 1527 142 1553; x_wconf 88' lang='grc'>*</span> <span class='ocrx_word' id='word_1_95' title='bbox 166 1526 270 1578; x_wconf 93' lang='lat' dir='ltr'>quia</span> <span class='ocrx_word' id='word_1_96' title='bbox 294 1527 408 1568; x_wconf 90' lang='lat' dir='ltr'>calix</span> <span class='ocrx_word' id='word_1_97' title='bbox 432 1528 477 1568; x_wconf 90' lang='lat' dir='ltr'>in</span> <span class='ocrx_word' id='word_1_98' title='bbox 499 1541 631 1570; x_wconf 90' lang='lat' dir='ltr'>manu</span> <span class='ocrx_word' id='word_1_99' title='bbox 653 1529 833 1570; x_wconf 90' lang='lat' dir='ltr'>Domini</span> <span class='ocrx_word' id='word_1_100' title='bbox 858 1530 946 1571; x_wconf 90' lang='lat' dir='ltr'>vini</span> 
     </span>
     <span class='ocr_line' id='line_1_25' title="bbox 117 1582 583 1636; baseline 0.009 -13"><span class='ocrx_word' id='word_1_101' title='bbox 117 1583 227 1624; x_wconf 90' lang='lat' dir='ltr'>meri</span> <span class='ocrx_word' id='word_1_102' title='bbox 253 1582 412 1636; x_wconf 91' lang='lat' dir='ltr'>plenus</span> <span class='ocrx_word' id='word_1_103' title='bbox 439 1585 583 1627; x_wconf 92' lang='lat' dir='ltr'>misto.</span> 
     </span>
    </p>

    <p class='ocr_par' dir='ltr' id='par_1_9' title="bbox 117 1639 946 1852">
     <span class='ocr_line' id='line_1_26' title="bbox 169 1639 946 1685; baseline 0.006 -5"><span class='ocrx_word' id='word_1_104' title='bbox 169 1640 227 1681; x_wconf 92' lang='lat' dir='ltr'>Et</span> <span class='ocrx_word' id='word_1_105' title='bbox 245 1639 472 1684; x_wconf 90' lang='lat' dir='ltr'>inclinavit</span> <span class='ocrx_word' id='word_1_106' title='bbox 497 1654 551 1683; x_wconf 90' lang='lat' dir='ltr'>ex</span> <span class='ocrx_word' id='word_1_107' title='bbox 570 1642 656 1684; x_wconf 94' lang='lat' dir='ltr'>hoc</span> <span class='ocrx_word' id='word_1_108' title='bbox 678 1643 723 1683; x_wconf 92' lang='lat' dir='ltr'>in</span> <span class='ocrx_word' id='word_1_109' title='bbox 747 1642 849 1685; x_wconf 89' lang='lat' dir='ltr'>hoc:</span> <span class='ocrx_word' id='word_1_110' title='bbox 876 1656 946 1685; x_wconf 89' lang='lat' dir='ltr'>ve-</span> 
     </span>
     <span class='ocr_line' id='line_1_27' title="bbox 117 1698 945 1751; baseline 0.007 -15"><span class='ocrx_word' id='word_1_111' title='bbox 117 1699 363 1738; x_wconf 79' lang='lat' dir='ltr'>rumtamen</span> <span class='ocrx_word' id='word_1_112' title='bbox 395 1698 482 1740; x_wconf 85' lang='lat' dir='ltr'>faex</span> <span class='ocrx_word' id='word_1_113' title='bbox 515 1700 605 1751; x_wconf 90' lang='lat' dir='ltr'>ejus</span> <span class='ocrx_word' id='word_1_114' title='bbox 638 1712 726 1741; x_wconf 93' lang='lat' dir='ltr'>non</span> <span class='ocrx_word' id='word_1_115' title='bbox 760 1704 827 1741; x_wconf 90' lang='lat' dir='ltr'>est</span> <span class='ocrx_word' id='word_1_116' title='bbox 860 1701 945 1742; x_wconf 92' lang='lat' dir='ltr'>exi-</span> 
     </span>
     <span class='ocr_line' id='line_1_28' title="bbox 117 1753 945 1809; baseline 0.006 -16"><span class='ocrx_word' id='word_1_117' title='bbox 117 1755 281 1795; x_wconf 91' lang='lat' dir='ltr'>nanita:</span> <span class='ocrx_word' id='word_1_118' title='bbox 299 1755 324 1781; x_wconf 86' lang='grc'>*</span> <span class='ocrx_word' id='word_1_119' title='bbox 341 1753 496 1797; x_wconf 91' lang='lat' dir='ltr'>bibent</span> <span class='ocrx_word' id='word_1_120' title='bbox 514 1767 667 1797; x_wconf 91' lang='lat' dir='ltr'>omnes</span> <span class='ocrx_word' id='word_1_121' title='bbox 686 1759 945 1809; x_wconf 89' lang='lat' dir='ltr'>peccatores</span> 
     </span>
     <span class='ocr_line' id='line_1_29' title="bbox 117 1813 260 1852; baseline -0.014 -1"><span class='ocrx_word' id='word_1_122' title='bbox 117 1813 260 1852; x_wconf 86' lang='lat' dir='ltr'>terrae.</span> 
     </span>
    </p>

    <p class='ocr_par' dir='ltr' id='par_1_10' title="bbox 117 1866 945 1968">
     <span class='ocr_line' id='line_1_30' title="bbox 169 1866 945 1918; baseline 0.006 -11"><span class='ocrx_word' id='word_1_123' title='bbox 169 1866 264 1918; x_wconf 84' lang='lat' dir='ltr'>Ego</span> <span class='ocrx_word' id='word_1_124' title='bbox 289 1871 436 1909; x_wconf 89' lang='lat' dir='ltr'>autem</span> <span class='ocrx_word' id='word_1_125' title='bbox 455 1869 725 1911; x_wconf 88' lang='lat' dir='ltr'>annuntiabo</span> <span class='ocrx_word' id='word_1_126' title='bbox 749 1870 794 1910; x_wconf 91' lang='lat' dir='ltr'>in</span> <span class='ocrx_word' id='word_1_127' title='bbox 811 1872 945 1912; x_wconf 68' lang='lat' dir='ltr'>seecu-</span> 
     </span>
     <span class='ocr_line' id='line_1_31' title="bbox 117 1922 791 1968; baseline 0.007 -6"><span class='ocrx_word' id='word_1_128' title='bbox 117 1922 223 1964; x_wconf 94' lang='lat' dir='ltr'>lum:</span> <span class='ocrx_word' id='word_1_129' title='bbox 250 1925 275 1952; x_wconf 87' lang='lat'>*</span> <span class='ocrx_word' id='word_1_130' title='bbox 302 1924 492 1967; x_wconf 92' lang='lat' dir='ltr'>cantabo</span> <span class='ocrx_word' id='word_1_131' title='bbox 515 1925 613 1967; x_wconf 91' lang='lat' dir='ltr'>Deo</span> <span class='ocrx_word' id='word_1_132' title='bbox 642 1926 791 1968; x_wconf 83' lang='lat' dir='ltr'>Jacob.</span> 
     </span>
    </p>

    <p class='ocr_par' dir='ltr' id='par_1_11' title="bbox 117 1979 946 2145">
     <span class='ocr_line' id='line_1_32' title="bbox 168 1979 946 2035; baseline 0.006 -15"><span class='ocrx_word' id='word_1_133' title='bbox 168 1979 226 2021; x_wconf 91' lang='lat' dir='ltr'>Et</span> <span class='ocrx_word' id='word_1_134' title='bbox 269 1981 415 2022; x_wconf 92' lang='lat' dir='ltr'>omnia</span> <span class='ocrx_word' id='word_1_135' title='bbox 456 1983 621 2023; x_wconf 88' lang='lat' dir='ltr'>cornua</span> <span class='ocrx_word' id='word_1_136' title='bbox 660 1985 946 2035; x_wconf 78' lang='lat' dir='ltr'>peccaterum</span> 
     </span>
     <span class='ocr_line' id='line_1_33' title="bbox 118 2035 944 2089; baseline 0.006 -13"><span class='ocrx_word' id='word_1_137' title='bbox 118 2035 404 2089; x_wconf 87' lang='lat' dir='ltr'>confringam:</span> <span class='ocrx_word' id='word_1_138' title='bbox 421 2039 445 2066; x_wconf 88' lang='lat'>*</span> <span class='ocrx_word' id='word_1_139' title='bbox 461 2043 505 2080; x_wconf 92' lang='lat' dir='ltr'>et</span> <span class='ocrx_word' id='word_1_140' title='bbox 523 2038 832 2081; x_wconf 80' lang='lat' dir='ltr'>exaltabuntur</span> <span class='ocrx_word' id='word_1_141' title='bbox 851 2042 944 2082; x_wconf 93' lang='lat' dir='ltr'>cor-</span> 
     </span>
     <span class='ocr_line' id='line_1_34' title="bbox 117 2093 340 2145; baseline 0.013 -13"><span class='ocrx_word' id='word_1_142' title='bbox 117 2104 203 2133; x_wconf 90' lang='lat' dir='ltr'>nua</span> <span class='ocrx_word' id='word_1_143' title='bbox 228 2093 340 2145; x_wconf 90' lang='lat' dir='ltr'>justi.</span> 
     </span>
    </p>

    <p class='ocr_par' dir='ltr' id='par_1_12' title="bbox 117 2146 943 2313">
     <span class='ocr_line' id='line_1_35' title="bbox 387 2146 679 2187; baseline 0.003 -1"><span class='ocrx_word' id='word_1_144' title='bbox 387 2146 587 2187; x_wconf 86' lang='lat' dir='ltr'>Psalmus</span> <span class='ocrx_word' id='word_1_145' title='bbox 615 2148 679 2187; x_wconf 83' lang='lat'>75.</span> 
     </span>
     <span class='ocr_line' id='line_1_36' title="bbox 117 2194 943 2301; baseline 0.005 -59"><span class='ocrx_word' id='word_1_146' title='bbox 117 2194 314 2301; x_wconf 89' lang='lat' dir='ltr'>Notus</span> <span class='ocrx_word' id='word_1_147' title='bbox 338 2202 383 2242; x_wconf 92' lang='lat' dir='ltr'>in</span> <span class='ocrx_word' id='word_1_148' title='bbox 410 2202 565 2244; x_wconf 82' lang='lat' dir='ltr'>Judaea</span> <span class='ocrx_word' id='word_1_149' title='bbox 591 2204 730 2246; x_wconf 91' lang='lat' dir='ltr'>Deus:</span> <span class='ocrx_word' id='word_1_150' title='bbox 756 2205 780 2231; x_wconf 89' lang='lat'>*</span> <span class='ocrx_word' id='word_1_151' title='bbox 810 2204 855 2245; x_wconf 92' lang='lat' dir='ltr'>in</span> <span class='ocrx_word' id='word_1_152' title='bbox 882 2205 943 2246; x_wconf 90' lang='lat' dir='ltr'>Is·</span> 
     </span>
     <span class='ocr_line' id='line_1_37' title="bbox 246 2258 889 2313; baseline 0.006 -15"><span class='ocrx_word' id='word_1_153' title='bbox 246 2258 338 2299; x_wconf 82' lang='lat' dir='ltr'>rael</span> <span class='ocrx_word' id='word_1_154' title='bbox 365 2272 571 2311; x_wconf 87' lang='lat' dir='ltr'>magnum</span> <span class='ocrx_word' id='word_1_155' title='bbox 598 2273 759 2302; x_wconf 91' lang='lat' dir='ltr'>nomen</span> <span class='ocrx_word' id='word_1_156' title='bbox 788 2261 889 2313; x_wconf 90' lang='lat' dir='ltr'>ejus.</span> 
     </span>
    </p>

    <p class='ocr_par' dir='ltr' id='par_1_13' title="bbox 117 2314 942 2425">
     <span class='ocr_line' id='line_1_38' title="bbox 168 2314 942 2370; baseline 0.006 -16"><span class='ocrx_word' id='word_1_157' title='bbox 168 2314 225 2355; x_wconf 88' lang='lat' dir='ltr'>Et</span> <span class='ocrx_word' id='word_1_158' title='bbox 243 2314 386 2356; x_wconf 89' lang='lat' dir='ltr'>factus</span> <span class='ocrx_word' id='word_1_159' title='bbox 405 2320 472 2357; x_wconf 92' lang='lat' dir='ltr'>est</span> <span class='ocrx_word' id='word_1_160' title='bbox 492 2316 538 2356; x_wconf 92' lang='lat' dir='ltr'>in</span> <span class='ocrx_word' id='word_1_161' title='bbox 558 2329 669 2369; x_wconf 91' lang='lat' dir='ltr'>pace</span> <span class='ocrx_word' id='word_1_162' title='bbox 687 2316 813 2358; x_wconf 93' lang='lat' dir='ltr'>locus</span> <span class='ocrx_word' id='word_1_163' title='bbox 835 2319 942 2370; x_wconf 90' lang='lat' dir='ltr'>ejus:</span> 
     </span>
     <span class='ocr_line' id='line_1_39' title="bbox 117 2370 787 2425; baseline 0.004 -14"><span class='ocrx_word' id='word_1_164' title='bbox 117 2372 141 2398; x_wconf 87' lang='lat'>*</span> <span class='ocrx_word' id='word_1_165' title='bbox 165 2375 209 2412; x_wconf 93' lang='lat' dir='ltr'>et</span> <span class='ocrx_word' id='word_1_166' title='bbox 235 2370 451 2413; x_wconf 74' lang='lat' dir='ltr'>habitatio</span> <span class='ocrx_word' id='word_1_167' title='bbox 481 2373 571 2425; x_wconf 90' lang='lat' dir='ltr'>ejus</span> <span class='ocrx_word' id='word_1_168' title='bbox 599 2373 644 2413; x_wconf 94' lang='lat' dir='ltr'>in</span> <span class='ocrx_word' id='word_1_169' title='bbox 671 2373 787 2415; x_wconf 86' lang='lat' dir='ltr'>Sion.</span> 
     </span>
    </p>

    <p class='ocr_par' dir='ltr' id='par_1_14' title="bbox 116 2426 942 2535">
     <span class='ocr_line' id='line_1_40' title="bbox 167 2426 942 2481; baseline 0.006 -14"><span class='ocrx_word' id='word_1_170' title='bbox 167 2426 237 2468; x_wconf 92' lang='lat' dir='ltr'>Ibi</span> <span class='ocrx_word' id='word_1_171' title='bbox 265 2427 480 2479; x_wconf 87' lang='lat' dir='ltr'>confregit</span> <span class='ocrx_word' id='word_1_172' title='bbox 503 2430 727 2481; x_wconf 85' lang='lat' dir='ltr'>potentias</span> <span class='ocrx_word' id='word_1_173' title='bbox 751 2432 942 2481; x_wconf 88' lang='lat' dir='ltr'>arcuum,</span> 
     </span>
     <span class='ocr_line' id='line_1_41' title="bbox 116 2483 858 2535; baseline 0.005 -12"><span class='ocrx_word' id='word_1_174' title='bbox 116 2483 140 2510; x_wconf 85' lang='grc'>*</span> <span class='ocrx_word' id='word_1_175' title='bbox 168 2488 351 2534; x_wconf 89' lang='lat' dir='ltr'>scutum,</span> <span class='ocrx_word' id='word_1_176' title='bbox 378 2483 583 2535; x_wconf 76' lang='lat' dir='ltr'>gladium,</span> <span class='ocrx_word' id='word_1_177' title='bbox 612 2491 655 2527; x_wconf 90' lang='lat' dir='ltr'>et</span> <span class='ocrx_word' id='word_1_178' title='bbox 682 2485 858 2527; x_wconf 90' lang='lat' dir='ltr'>bellum.</span> 
     </span>
    </p>

    <p class='ocr_par' dir='ltr' id='par_1_15' title="bbox 115 2539 940 2705">
     <span class='ocr_line' id='line_1_42' title="bbox 167 2539 940 2585; baseline 0.006 -5"><span class='ocrx_word' id='word_1_179' title='bbox 167 2539 425 2581; x_wconf 75' lang='lat' dir='ltr'>Illaminans</span> <span class='ocrx_word' id='word_1_180' title='bbox 439 2545 488 2582; x_wconf 93' lang='lat' dir='ltr'>tu</span> <span class='ocrx_word' id='word_1_181' title='bbox 504 2542 764 2584; x_wconf 88' lang='lat' dir='ltr'>mirabiliter</span> <span class='ocrx_word' id='word_1_182' title='bbox 783 2555 809 2584; x_wconf 90' lang='lat' dir='ltr'>a</span> <span class='ocrx_word' id='word_1_183' title='bbox 820 2545 940 2585; x_wconf 92' lang='lat' dir='ltr'>mon-</span> 
     </span>
     <span class='ocr_line' id='line_1_43' title="bbox 115 2595 940 2642; baseline 0.006 -6"><span class='ocrx_word' id='word_1_184' title='bbox 115 2595 234 2637; x_wconf 90' lang='lat' dir='ltr'>tibus</span> <span class='ocrx_word' id='word_1_185' title='bbox 251 2597 444 2638; x_wconf 87' lang='lat' dir='ltr'>aeternis:</span> <span class='ocrx_word' id='word_1_186' title='bbox 455 2598 478 2624; x_wconf 85' lang='lat'>*</span> <span class='ocrx_word' id='word_1_187' title='bbox 489 2597 654 2639; x_wconf 87' lang='lat' dir='ltr'>turbati</span> <span class='ocrx_word' id='word_1_188' title='bbox 668 2603 769 2640; x_wconf 92' lang='lat' dir='ltr'>sunt</span> <span class='ocrx_word' id='word_1_189' title='bbox 788 2612 940 2642; x_wconf 91' lang='lat' dir='ltr'>omnes</span> 
     </span>
     <span class='ocr_line' id='line_1_44' title="bbox 117 2652 550 2705; baseline 0.007 -13"><span class='ocrx_word' id='word_1_190' title='bbox 117 2652 375 2705; x_wconf 86' lang='lat' dir='ltr'>insipientes</span> <span class='ocrx_word' id='word_1_191' title='bbox 403 2653 550 2695; x_wconf 90' lang='lat' dir='ltr'>corde.</span> 
     </span>
    </p>

    <p class='ocr_par' dir='ltr' id='par_1_16' title="bbox 167 2709 940 2754">
     <span class='ocr_line' id='line_1_45' title="bbox 167 2709 940 2754; baseline 0.006 -5"><span class='ocrx_word' id='word_1_192' title='bbox 167 2709 453 2752; x_wconf 88' lang='lat' dir='ltr'>Dormierunt</span> <span class='ocrx_word' id='word_1_193' title='bbox 478 2723 679 2752; x_wconf 91' lang='lat' dir='ltr'>somnum</span> <span class='ocrx_word' id='word_1_194' title='bbox 708 2714 940 2754; x_wconf 89' lang='lat' dir='ltr'>suum:*et</span> 
     </span>
    </p>
   </div>
   <div class='ocr_carea' id='block_1_3' title="bbox 999 281 1833 1644">
    <p class='ocr_par' dir='ltr' id='par_1_17' title="bbox 1007 281 1833 382">
     <span class='ocr_line' id='line_1_46' title="bbox 1007 281 1833 327; baseline 0.006 -6"><span class='ocrx_word' id='word_1_195' title='bbox 1007 281 1116 322; x_wconf 91' lang='lat' dir='ltr'>nihil</span> <span class='ocrx_word' id='word_1_196' title='bbox 1142 282 1403 325; x_wconf 92' lang='lat' dir='ltr'>invenerunt</span> <span class='ocrx_word' id='word_1_197' title='bbox 1431 297 1583 326; x_wconf 92' lang='lat' dir='ltr'>omnes</span> <span class='ocrx_word' id='word_1_198' title='bbox 1612 285 1694 326; x_wconf 90' lang='lat' dir='ltr'>viri</span> <span class='ocrx_word' id='word_1_199' title='bbox 1727 285 1833 327; x_wconf 92' lang='lat' dir='ltr'>divi-</span> 
     </span>
     <span class='ocr_line' id='line_1_47' title="bbox 1007 338 1595 382; baseline 0.005 -3"><span class='ocrx_word' id='word_1_200' title='bbox 1007 338 1169 380; x_wconf 91' lang='lat' dir='ltr'>tiarum</span> <span class='ocrx_word' id='word_1_201' title='bbox 1193 339 1237 379; x_wconf 92' lang='lat' dir='ltr'>in</span> <span class='ocrx_word' id='word_1_202' title='bbox 1264 340 1466 382; x_wconf 87' lang='lat' dir='ltr'>manibus</span> <span class='ocrx_word' id='word_1_203' title='bbox 1494 341 1595 382; x_wconf 89' lang='lat' dir='ltr'>suis.</span> 
     </span>
    </p>

    <p class='ocr_par' dir='ltr' id='par_1_18' title="bbox 1007 395 1833 561">
     <span class='ocr_line' id='line_1_48' title="bbox 1059 395 1833 449; baseline 0.006 -13"><span class='ocrx_word' id='word_1_204' title='bbox 1059 395 1131 437; x_wconf 91' lang='lat' dir='ltr'>Ab</span> <span class='ocrx_word' id='word_1_205' title='bbox 1148 395 1449 449; x_wconf 82' lang='lat' dir='ltr'>increpatione</span> <span class='ocrx_word' id='word_1_206' title='bbox 1466 402 1542 439; x_wconf 91' lang='lat' dir='ltr'>tua</span> <span class='ocrx_word' id='word_1_207' title='bbox 1557 398 1678 440; x_wconf 91' lang='lat' dir='ltr'>Deus</span> <span class='ocrx_word' id='word_1_208' title='bbox 1694 399 1833 441; x_wconf 89' lang='lat' dir='ltr'>Jacob</span> 
     </span>
     <span class='ocr_line' id='line_1_49' title="bbox 1007 451 1833 506; baseline 0.005 -13"><span class='ocrx_word' id='word_1_209' title='bbox 1007 453 1031 479; x_wconf 90' lang='lat'>*</span> <span class='ocrx_word' id='word_1_210' title='bbox 1060 451 1410 494; x_wconf 89' lang='lat' dir='ltr'>dormitaverunt</span> <span class='ocrx_word' id='word_1_211' title='bbox 1442 455 1516 506; x_wconf 93' lang='lat' dir='ltr'>qui</span> <span class='ocrx_word' id='word_1_212' title='bbox 1541 455 1833 497; x_wconf 88' lang='lat' dir='ltr'>ascenderunt</span> 
     </span>
     <span class='ocr_line' id='line_1_50' title="bbox 1008 521 1156 561; baseline 0 -11"><span class='ocrx_word' id='word_1_213' title='bbox 1008 521 1156 561; x_wconf 76' lang='lat' dir='ltr'>equos</span> 
     </span>
    </p>

    <p class='ocr_par' dir='ltr' id='par_1_19' title="bbox 1006 565 1833 665">
     <span class='ocr_line' id='line_1_51' title="bbox 1058 565 1833 619; baseline 0.006 -13"><span class='ocrx_word' id='word_1_214' title='bbox 1058 566 1128 606; x_wconf 92' lang='lat' dir='ltr'>Tu</span> <span class='ocrx_word' id='word_1_215' title='bbox 1148 565 1358 607; x_wconf 88' lang='lat' dir='ltr'>terribilis</span> <span class='ocrx_word' id='word_1_216' title='bbox 1388 579 1445 617; x_wconf 89' lang='lat' dir='ltr'>es,</span> <span class='ocrx_word' id='word_1_217' title='bbox 1474 572 1518 608; x_wconf 91' lang='lat' dir='ltr'>et</span> <span class='ocrx_word' id='word_1_218' title='bbox 1540 567 1637 619; x_wconf 91' lang='lat' dir='ltr'>quis</span> <span class='ocrx_word' id='word_1_219' title='bbox 1657 571 1833 611; x_wconf 88' lang='lat' dir='ltr'>resistet</span> 
     </span>
     <span class='ocr_line' id='line_1_52' title="bbox 1006 621 1582 665; baseline 0.005 -3"><span class='ocrx_word' id='word_1_220' title='bbox 1006 621 1112 663; x_wconf 87' lang='lat' dir='ltr'>tibi?</span> <span class='ocrx_word' id='word_1_221' title='bbox 1141 624 1165 650; x_wconf 91' lang='lat'>*</span> <span class='ocrx_word' id='word_1_222' title='bbox 1194 635 1248 663; x_wconf 88' lang='lat' dir='ltr'>ex</span> <span class='ocrx_word' id='word_1_223' title='bbox 1275 627 1380 664; x_wconf 91' lang='lat' dir='ltr'>tunc</span> <span class='ocrx_word' id='word_1_224' title='bbox 1404 623 1469 664; x_wconf 88' lang='lat' dir='ltr'>ira</span> <span class='ocrx_word' id='word_1_225' title='bbox 1496 628 1582 665; x_wconf 90' lang='lat' dir='ltr'>tua.</span> 
     </span>
    </p>

    <p class='ocr_par' dir='ltr' id='par_1_20' title="bbox 1006 679 1832 789">
     <span class='ocr_line' id='line_1_53' title="bbox 1056 679 1831 733; baseline 0.005 -14"><span class='ocrx_word' id='word_1_226' title='bbox 1056 679 1125 720; x_wconf 91' lang='lat' dir='ltr'>De</span> <span class='ocrx_word' id='word_1_227' title='bbox 1171 679 1285 720; x_wconf 91' lang='lat' dir='ltr'>coelo</span> <span class='ocrx_word' id='word_1_228' title='bbox 1335 679 1533 721; x_wconf 91' lang='lat' dir='ltr'>auditum</span> <span class='ocrx_word' id='word_1_229' title='bbox 1582 680 1724 723; x_wconf 88' lang='lat' dir='ltr'>fecisti</span> <span class='ocrx_word' id='word_1_230' title='bbox 1774 683 1831 733; x_wconf 90' lang='lat' dir='ltr'>ju-</span> 
     </span>
     <span class='ocr_line' id='line_1_54' title="bbox 1006 735 1832 789; baseline 0.004 -13"><span class='ocrx_word' id='word_1_231' title='bbox 1006 735 1183 777; x_wconf 89' lang='lat' dir='ltr'>dicium:</span> <span class='ocrx_word' id='word_1_232' title='bbox 1202 737 1226 762; x_wconf 85' lang='grc'>*</span> <span class='ocrx_word' id='word_1_233' title='bbox 1244 740 1363 777; x_wconf 92' lang='lat' dir='ltr'>terra</span> <span class='ocrx_word' id='word_1_234' title='bbox 1386 737 1565 778; x_wconf 91' lang='lat' dir='ltr'>tremuit</span> <span class='ocrx_word' id='word_1_235' title='bbox 1590 742 1634 779; x_wconf 93' lang='lat' dir='ltr'>et</span> <span class='ocrx_word' id='word_1_236' title='bbox 1656 738 1832 789; x_wconf 89' lang='lat' dir='ltr'>quievit.</span> 
     </span>
    </p>

    <p class='ocr_par' dir='ltr' id='par_1_21' title="bbox 1004 792 1833 947">
     <span class='ocr_line' id='line_1_55' title="bbox 1058 792 1831 846; baseline 0.004 -13"><span class='ocrx_word' id='word_1_237' title='bbox 1058 792 1167 833; x_wconf 91' lang='lat' dir='ltr'>Cum</span> <span class='ocrx_word' id='word_1_238' title='bbox 1189 795 1446 844; x_wconf 81' lang='lat' dir='ltr'>exsurgeret</span> <span class='ocrx_word' id='word_1_239' title='bbox 1462 793 1507 834; x_wconf 90' lang='lat' dir='ltr'>in</span> <span class='ocrx_word' id='word_1_240' title='bbox 1527 793 1734 846; x_wconf 85' lang='lat' dir='ltr'>judicium</span> <span class='ocrx_word' id='word_1_241' title='bbox 1748 795 1831 837; x_wconf 92' lang='lat' dir='ltr'>De-</span> 
     </span>
     <span class='ocr_line' id='line_1_56' title="bbox 1004 848 1833 899; baseline 0.004 -10"><span class='ocrx_word' id='word_1_242' title='bbox 1004 862 1067 899; x_wconf 89' lang='lat' dir='ltr'>us,</span> <span class='ocrx_word' id='word_1_243' title='bbox 1086 851 1109 876; x_wconf 87' lang='lat'>*</span> <span class='ocrx_word' id='word_1_244' title='bbox 1128 854 1177 890; x_wconf 94' lang='lat' dir='ltr'>ut</span> <span class='ocrx_word' id='word_1_245' title='bbox 1195 848 1343 890; x_wconf 88' lang='lat' dir='ltr'>salvos</span> <span class='ocrx_word' id='word_1_246' title='bbox 1363 850 1528 892; x_wconf 87' lang='lat' dir='ltr'>faceret</span> <span class='ocrx_word' id='word_1_247' title='bbox 1551 863 1704 892; x_wconf 90' lang='lat' dir='ltr'>omnes</span> <span class='ocrx_word' id='word_1_248' title='bbox 1723 865 1833 892; x_wconf 90' lang='lat' dir='ltr'>man-</span> 
     </span>
     <span class='ocr_line' id='line_1_57' title="bbox 1005 907 1328 947; baseline 0.003 -1"><span class='ocrx_word' id='word_1_249' title='bbox 1005 907 1157 947; x_wconf 88' lang='lat' dir='ltr'>suetos</span> <span class='ocrx_word' id='word_1_250' title='bbox 1185 910 1328 947; x_wconf 80' lang='lat' dir='ltr'>terrae.</span> 
     </span>
    </p>

    <p class='ocr_par' dir='ltr' id='par_1_22' title="bbox 1003 963 1833 1128">
     <span class='ocr_line' id='line_1_58' title="bbox 1057 963 1833 1014; baseline 0.003 -11"><span class='ocrx_word' id='word_1_251' title='bbox 1057 963 1275 1012; x_wconf 83' lang='lat' dir='ltr'>Quoniam</span> <span class='ocrx_word' id='word_1_252' title='bbox 1299 963 1512 1014; x_wconf 82' lang='lat' dir='ltr'>cogitatio</span> <span class='ocrx_word' id='word_1_253' title='bbox 1529 963 1719 1005; x_wconf 92' lang='lat' dir='ltr'>hominis</span> <span class='ocrx_word' id='word_1_254' title='bbox 1740 977 1833 1005; x_wconf 93' lang='lat' dir='ltr'>con-</span> 
     </span>
     <span class='ocr_line' id='line_1_59' title="bbox 1003 1018 1830 1072; baseline 0.004 -13"><span class='ocrx_word' id='word_1_255' title='bbox 1003 1018 1199 1060; x_wconf 89' lang='lat' dir='ltr'>fitebitur</span> <span class='ocrx_word' id='word_1_256' title='bbox 1217 1019 1314 1061; x_wconf 93' lang='lat' dir='ltr'>tibi:</span> <span class='ocrx_word' id='word_1_257' title='bbox 1338 1021 1362 1047; x_wconf 88' lang='grc'><em>*</em></span> <span class='ocrx_word' id='word_1_258' title='bbox 1387 1024 1430 1061; x_wconf 89' lang='lat' dir='ltr'>et</span> <span class='ocrx_word' id='word_1_259' title='bbox 1451 1020 1648 1072; x_wconf 80' lang='lat' dir='ltr'>reliquiae</span> <span class='ocrx_word' id='word_1_260' title='bbox 1668 1021 1830 1072; x_wconf 87' lang='lat' dir='ltr'>cogita-</span> 
     </span>
     <span class='ocr_line' id='line_1_60' title="bbox 1003 1075 1751 1128; baseline 0.001 -11"><span class='ocrx_word' id='word_1_261' title='bbox 1003 1075 1138 1117; x_wconf 83' lang='lat' dir='ltr'>tionis</span> <span class='ocrx_word' id='word_1_262' title='bbox 1167 1075 1284 1118; x_wconf 91' lang='lat' dir='ltr'>diem</span> <span class='ocrx_word' id='word_1_263' title='bbox 1311 1076 1472 1118; x_wconf 90' lang='lat' dir='ltr'>festum</span> <span class='ocrx_word' id='word_1_264' title='bbox 1501 1082 1632 1128; x_wconf 86' lang='lat' dir='ltr'>agent</span> <span class='ocrx_word' id='word_1_265' title='bbox 1659 1078 1751 1119; x_wconf 88' lang='lat' dir='ltr'>tibi.</span> 
     </span>
    </p>

    <p class='ocr_par' dir='ltr' id='par_1_23' title="bbox 1002 1132 1829 1297">
     <span class='ocr_line' id='line_1_61' title="bbox 1055 1132 1828 1182; baseline 0.004 -9"><span class='ocrx_word' id='word_1_266' title='bbox 1055 1133 1240 1182; x_wconf 83' lang='lat' dir='ltr'>Vovete,</span> <span class='ocrx_word' id='word_1_267' title='bbox 1262 1138 1305 1174; x_wconf 92' lang='lat' dir='ltr'>et</span> <span class='ocrx_word' id='word_1_268' title='bbox 1324 1132 1497 1175; x_wconf 91' lang='lat' dir='ltr'>reddite</span> <span class='ocrx_word' id='word_1_269' title='bbox 1518 1134 1708 1176; x_wconf 92' lang='lat' dir='ltr'>Domino</span> <span class='ocrx_word' id='word_1_270' title='bbox 1731 1135 1828 1176; x_wconf 90' lang='lat' dir='ltr'>Deo</span> 
     </span>
     <span class='ocr_line' id='line_1_62' title="bbox 1002 1190 1829 1242; baseline 0.005 -13"><span class='ocrx_word' id='word_1_271' title='bbox 1002 1193 1168 1230; x_wconf 90' lang='lat' dir='ltr'>vestro:</span> <span class='ocrx_word' id='word_1_272' title='bbox 1200 1190 1224 1216; x_wconf 88' lang='lat'>*</span> <span class='ocrx_word' id='word_1_273' title='bbox 1262 1202 1415 1231; x_wconf 90' lang='lat' dir='ltr'>omnes</span> <span class='ocrx_word' id='word_1_274' title='bbox 1453 1191 1528 1242; x_wconf 92' lang='lat' dir='ltr'>qui</span> <span class='ocrx_word' id='word_1_275' title='bbox 1564 1190 1607 1231; x_wconf 91' lang='lat' dir='ltr'>in</span> <span class='ocrx_word' id='word_1_276' title='bbox 1644 1191 1829 1233; x_wconf 82' lang='lat' dir='ltr'>circuitu</span> 
     </span>
     <span class='ocr_line' id='line_1_63' title="bbox 1003 1245 1508 1297; baseline 0.004 -11"><span class='ocrx_word' id='word_1_277' title='bbox 1003 1246 1094 1297; x_wconf 85' lang='lat' dir='ltr'>ejus</span> <span class='ocrx_word' id='word_1_278' title='bbox 1123 1245 1289 1287; x_wconf 87' lang='lat' dir='ltr'>affertis</span> <span class='ocrx_word' id='word_1_279' title='bbox 1317 1249 1508 1288; x_wconf 70' lang='lat' dir='ltr'>manera.</span> 
     </span>
    </p>

    <p class='ocr_par' dir='ltr' id='par_1_24' title="bbox 999 1301 1828 1458">
     <span class='ocr_line' id='line_1_64' title="bbox 1054 1301 1828 1356; baseline 0.004 -14"><span class='ocrx_word' id='word_1_280' title='bbox 1054 1301 1260 1344; x_wconf 92' lang='lat' dir='ltr'>Terribili</span> <span class='ocrx_word' id='word_1_281' title='bbox 1272 1307 1315 1344; x_wconf 92' lang='lat' dir='ltr'>et</span> <span class='ocrx_word' id='word_1_282' title='bbox 1332 1303 1371 1344; x_wconf 92' lang='lat' dir='ltr'>ei</span> <span class='ocrx_word' id='word_1_283' title='bbox 1383 1303 1458 1354; x_wconf 89' lang='lat' dir='ltr'>qui</span> <span class='ocrx_word' id='word_1_284' title='bbox 1467 1303 1609 1345; x_wconf 89' lang='lat' dir='ltr'>aufert</span> <span class='ocrx_word' id='word_1_285' title='bbox 1625 1305 1828 1356; x_wconf 91' lang='lat' dir='ltr'>spiritum</span> 
     </span>
     <span class='ocr_line' id='line_1_65' title="bbox 1001 1358 1827 1412; baseline 0.005 -14"><span class='ocrx_word' id='word_1_286' title='bbox 1001 1358 1264 1411; x_wconf 90' lang='lat' dir='ltr'>principum,</span> <span class='ocrx_word' id='word_1_287' title='bbox 1291 1360 1314 1386; x_wconf 87' lang='lat'><strong>*</strong></span> <span class='ocrx_word' id='word_1_288' title='bbox 1341 1359 1526 1401; x_wconf 89' lang='lat' dir='ltr'>terribili</span> <span class='ocrx_word' id='word_1_289' title='bbox 1554 1360 1673 1412; x_wconf 92' lang='lat' dir='ltr'>apud</span> <span class='ocrx_word' id='word_1_290' title='bbox 1700 1374 1827 1412; x_wconf 87' lang='lat' dir='ltr'>reges</span> 
     </span>
     <span class='ocr_line' id='line_1_66' title="bbox 999 1419 1466 1458; baseline 0.004 -2"><span class='ocrx_word' id='word_1_291' title='bbox 999 1419 1142 1456; x_wconf 85' lang='lat' dir='ltr'>terrae.</span> <span class='ocrx_word' id='word_1_292' title='bbox 1462 1454 1466 1458; x_wconf 92' lang='lat'>.</span> 
     </span>
    </p>

    <p class='ocr_par' dir='ltr' id='par_1_25' title="bbox 999 1480 1827 1578">
     <span class='ocr_line' id='line_1_67' title="bbox 1048 1480 1827 1524; baseline 0.001 -1"><span class='ocrx_word' id='word_1_293' title='bbox 1048 1483 1148 1523; x_wconf 82' lang='lat' dir='ltr'>Ant.</span> <span class='ocrx_word' id='word_1_294' title='bbox 1160 1483 1216 1522; x_wconf 84' lang='lat' dir='ltr'>Et</span> <span class='ocrx_word' id='word_1_295' title='bbox 1224 1480 1527 1523; x_wconf 84' lang='lat' dir='ltr'>invocabimus</span> <span class='ocrx_word' id='word_1_296' title='bbox 1536 1494 1695 1524; x_wconf 91' lang='lat' dir='ltr'>nomen</span> <span class='ocrx_word' id='word_1_297' title='bbox 1703 1488 1827 1524; x_wconf 92' lang='lat' dir='ltr'>tuum</span> 
     </span>
     <span class='ocr_line' id='line_1_68' title="bbox 999 1536 1198 1578; baseline 0.005 -2"><span class='ocrx_word' id='word_1_298' title='bbox 999 1536 1198 1578; x_wconf 92' lang='lat' dir='ltr'>Domine.</span> 
     </span>
    </p>

    <p class='ocr_par' dir='ltr' id='par_1_26' title="bbox 1046 1602 1487 1644">
     <span class='ocr_line' id='line_1_69' title="bbox 1046 1602 1487 1644; baseline 0 -1"><span class='ocrx_word' id='word_1_299' title='bbox 1046 1603 1146 1644; x_wconf 84' lang='lat' dir='ltr'>Ant.</span> <span class='ocrx_word' id='word_1_300' title='bbox 1186 1604 1252 1643; x_wconf 89' lang='lat' dir='ltr'>Tu</span> <span class='ocrx_word' id='word_1_301' title='bbox 1280 1614 1327 1644; x_wconf 90' lang='lat' dir='ltr'>es</span> <span class='ocrx_word' id='word_1_302' title='bbox 1354 1602 1487 1644; x_wconf 89' lang='lat' dir='ltr'>Deus.</span> 
     </span>
    </p>
   </div>
   <div class='ocr_carea' id='block_1_4' title="bbox 1271 1686 1564 1728">
    <p class='ocr_par' dir='ltr' id='par_1_27' title="bbox 1271 1686 1564 1728">
     <span class='ocr_line' id='line_1_70' title="bbox 1271 1686 1564 1728; baseline 0.007 -3"><span class='ocrx_word' id='word_1_303' title='bbox 1271 1686 1470 1727; x_wconf 84' lang='lat' dir='ltr'>Psalmus</span> <span class='ocrx_word' id='word_1_304' title='bbox 1500 1688 1564 1728; x_wconf 78' lang='lat'>76.</span> 
     </span>
    </p>
   </div>
   <div class='ocr_carea' id='block_1_5' title="bbox 993 1751 1826 2766">
    <p class='ocr_par' dir='ltr' id='par_1_28' title="bbox 997 1751 1826 1908">
     <span class='ocr_line' id='line_1_71' title="bbox 1001 1751 1826 1858; baseline 0.005 -64"><span class='ocrx_word' id='word_1_305' title='bbox 1001 1751 1173 1858; x_wconf 90' lang='lat' dir='ltr'>Voce</span> <span class='ocrx_word' id='word_1_306' title='bbox 1189 1766 1288 1795; x_wconf 91' lang='lat' dir='ltr'>mea</span> <span class='ocrx_word' id='word_1_307' title='bbox 1305 1753 1362 1796; x_wconf 92' lang='lat' dir='ltr'>ad</span> <span class='ocrx_word' id='word_1_308' title='bbox 1371 1754 1610 1796; x_wconf 91' lang='lat' dir='ltr'>Dominum</span> <span class='ocrx_word' id='word_1_309' title='bbox 1626 1756 1826 1798; x_wconf 79' lang='lat' dir='ltr'>clamavi:</span> 
     </span>
     <span class='ocr_line' id='line_1_72' title="bbox 1116 1810 1824 1863; baseline 0.006 -12"><span class='ocrx_word' id='word_1_310' title='bbox 1116 1811 1140 1837; x_wconf 87' lang='grc'>*</span> <span class='ocrx_word' id='word_1_311' title='bbox 1162 1823 1273 1852; x_wconf 89' lang='lat' dir='ltr'>voce</span> <span class='ocrx_word' id='word_1_312' title='bbox 1300 1823 1398 1852; x_wconf 90' lang='lat' dir='ltr'>mea</span> <span class='ocrx_word' id='word_1_313' title='bbox 1425 1810 1483 1853; x_wconf 90' lang='lat' dir='ltr'>ad</span> <span class='ocrx_word' id='word_1_314' title='bbox 1509 1812 1665 1863; x_wconf 89' lang='lat' dir='ltr'>Deum,</span> <span class='ocrx_word' id='word_1_315' title='bbox 1694 1818 1738 1855; x_wconf 92' lang='lat' dir='ltr'>et</span> <span class='ocrx_word' id='word_1_316' title='bbox 1764 1813 1824 1854; x_wconf 93' lang='lat' dir='ltr'>in-</span> 
     </span>
     <span class='ocr_line' id='line_1_73' title="bbox 997 1866 1284 1908; baseline 0 0"><span class='ocrx_word' id='word_1_317' title='bbox 997 1866 1140 1908; x_wconf 83' lang='lat' dir='ltr'>tendit</span> <span class='ocrx_word' id='word_1_318' title='bbox 1167 1866 1284 1908; x_wconf 90' lang='lat' dir='ltr'>mihi.</span> 
     </span>
    </p>

    <p class='ocr_par' dir='ltr' id='par_1_29' title="bbox 996 1922 1824 2092">
     <span class='ocr_line' id='line_1_74' title="bbox 1049 1922 1824 1968; baseline 0.005 -4"><span class='ocrx_word' id='word_1_319' title='bbox 1049 1923 1101 1964; x_wconf 94' lang='lat' dir='ltr'>In</span> <span class='ocrx_word' id='word_1_320' title='bbox 1129 1922 1201 1964; x_wconf 91' lang='lat' dir='ltr'>die</span> <span class='ocrx_word' id='word_1_321' title='bbox 1228 1923 1524 1966; x_wconf 84' lang='lat' dir='ltr'>tribulationis</span> <span class='ocrx_word' id='word_1_322' title='bbox 1552 1938 1662 1967; x_wconf 89' lang='lat' dir='ltr'>meae</span> <span class='ocrx_word' id='word_1_323' title='bbox 1680 1926 1824 1968; x_wconf 92' lang='lat' dir='ltr'>Deum</span> 
     </span>
     <span class='ocr_line' id='line_1_75' title="bbox 997 1979 1822 2031; baseline 0.006 -11"><span class='ocrx_word' id='word_1_324' title='bbox 997 1980 1227 2031; x_wconf 84' lang='lat' dir='ltr'>exquisivi,</span> <span class='ocrx_word' id='word_1_325' title='bbox 1237 1979 1439 2022; x_wconf 88' lang='lat' dir='ltr'>manibus</span> <span class='ocrx_word' id='word_1_326' title='bbox 1451 1981 1561 2022; x_wconf 91' lang='lat' dir='ltr'>meis</span> <span class='ocrx_word' id='word_1_327' title='bbox 1576 1986 1708 2024; x_wconf 90' lang='lat' dir='ltr'>nocte</span> <span class='ocrx_word' id='word_1_328' title='bbox 1724 1996 1822 2025; x_wconf 94' lang='lat' dir='ltr'>con-</span> 
     </span>
     <span class='ocr_line' id='line_1_76' title="bbox 996 2037 1822 2092; baseline 0.006 -16"><span class='ocrx_word' id='word_1_329' title='bbox 996 2040 1066 2077; x_wconf 90' lang='lat' dir='ltr'>tra</span> <span class='ocrx_word' id='word_1_330' title='bbox 1094 2049 1211 2077; x_wconf 90' lang='lat' dir='ltr'>eum:</span> <span class='ocrx_word' id='word_1_331' title='bbox 1238 2037 1262 2064; x_wconf 90' lang='lat'>*</span> <span class='ocrx_word' id='word_1_332' title='bbox 1290 2041 1334 2078; x_wconf 89' lang='lat' dir='ltr'>et</span> <span class='ocrx_word' id='word_1_333' title='bbox 1362 2050 1450 2079; x_wconf 93' lang='lat' dir='ltr'>non</span> <span class='ocrx_word' id='word_1_334' title='bbox 1475 2051 1572 2079; x_wconf 90' lang='lat' dir='ltr'>sum</span> <span class='ocrx_word' id='word_1_335' title='bbox 1600 2038 1822 2092; x_wconf 89' lang='lat' dir='ltr'>deceptus.</span> 
     </span>
    </p>

    <p class='ocr_par' dir='ltr' id='par_1_30' title="bbox 995 2093 1822 2304">
     <span class='ocr_line' id='line_1_77' title="bbox 1048 2093 1822 2138; baseline 0.006 -5"><span class='ocrx_word' id='word_1_336' title='bbox 1048 2093 1212 2134; x_wconf 91' lang='lat' dir='ltr'>Renuit</span> <span class='ocrx_word' id='word_1_337' title='bbox 1240 2093 1461 2135; x_wconf 88' lang='lat' dir='ltr'>consolari</span> <span class='ocrx_word' id='word_1_338' title='bbox 1489 2095 1633 2136; x_wconf 92' lang='lat' dir='ltr'>anima</span> <span class='ocrx_word' id='word_1_339' title='bbox 1659 2109 1771 2138; x_wconf 90' lang='lat' dir='ltr'>mea:</span> <span class='ocrx_word' id='word_1_340' title='bbox 1799 2098 1822 2124; x_wconf 87' lang='lat'>*</span> 
     </span>
     <span class='ocr_line' id='line_1_78' title="bbox 995 2149 1821 2203; baseline 0.005 -13"><span class='ocrx_word' id='word_1_341' title='bbox 995 2161 1166 2191; x_wconf 91' lang='lat' dir='ltr'>memor</span> <span class='ocrx_word' id='word_1_342' title='bbox 1182 2149 1245 2190; x_wconf 94' lang='lat' dir='ltr'>fui</span> <span class='ocrx_word' id='word_1_343' title='bbox 1262 2149 1358 2200; x_wconf 92' lang='lat' dir='ltr'>Dei,</span> <span class='ocrx_word' id='word_1_344' title='bbox 1383 2155 1427 2192; x_wconf 88' lang='lat' dir='ltr'>et</span> <span class='ocrx_word' id='word_1_345' title='bbox 1451 2150 1696 2194; x_wconf 89' lang='lat' dir='ltr'>delectatus</span> <span class='ocrx_word' id='word_1_346' title='bbox 1716 2166 1821 2203; x_wconf 90' lang='lat' dir='ltr'>sum,</span> 
     </span>
     <span class='ocr_line' id='line_1_79' title="bbox 997 2206 1820 2262; baseline 0.005 -16"><span class='ocrx_word' id='word_1_347' title='bbox 997 2210 1041 2247; x_wconf 93' lang='lat' dir='ltr'>et</span> <span class='ocrx_word' id='word_1_348' title='bbox 1061 2206 1327 2247; x_wconf 88' lang='lat' dir='ltr'>exercitatus</span> <span class='ocrx_word' id='word_1_349' title='bbox 1353 2219 1465 2248; x_wconf 89' lang='lat' dir='ltr'>sum:</span> <span class='ocrx_word' id='word_1_350' title='bbox 1487 2212 1531 2250; x_wconf 87' lang='lat' dir='ltr'>et</span> <span class='ocrx_word' id='word_1_351' title='bbox 1551 2207 1712 2250; x_wconf 90' lang='lat' dir='ltr'>defecit</span> <span class='ocrx_word' id='word_1_352' title='bbox 1737 2211 1820 2262; x_wconf 93' lang='lat' dir='ltr'>spi-</span> 
     </span>
     <span class='ocr_line' id='line_1_80' title="bbox 995 2262 1707 2304; baseline 0 -1"><span class='ocrx_word' id='word_1_353' title='bbox 995 2262 1105 2304; x_wconf 91' lang='lat' dir='ltr'>ritus</span> <span class='ocrx_word' id='word_1_354' title='bbox 1133 2275 1268 2304; x_wconf 90' lang='lat' dir='ltr'>meus.</span> <span class='ocrx_word' id='word_1_355' title='bbox 1706 2271 1707 2274; x_wconf 74' lang='grc'>’</span> 
     </span>
    </p>

    <p class='ocr_par' dir='ltr' id='par_1_31' title="bbox 994 2319 1820 2426">
     <span class='ocr_line' id='line_1_81' title="bbox 1037 2319 1820 2372; baseline 0.005 -13"><span class='ocrx_word' id='word_1_356' title='bbox 1037 2319 1399 2371; x_wconf 90' lang='lat' dir='ltr'>Anticipaverunt</span> <span class='ocrx_word' id='word_1_357' title='bbox 1410 2320 1580 2372; x_wconf 86' lang='lat' dir='ltr'>vigilias</span> <span class='ocrx_word' id='word_1_358' title='bbox 1592 2321 1708 2363; x_wconf 92' lang='lat' dir='ltr'>oculi</span> <span class='ocrx_word' id='word_1_359' title='bbox 1720 2322 1820 2363; x_wconf 83' lang='lat' dir='ltr'>mei:</span> 
     </span>
     <span class='ocr_line' id='line_1_82' title="bbox 994 2375 1819 2426; baseline 0.002 -10"><span class='ocrx_word' id='word_1_360' title='bbox 994 2375 1232 2417; x_wconf 83' lang='lat' dir='ltr'>*turbatus</span> <span class='ocrx_word' id='word_1_361' title='bbox 1244 2389 1351 2426; x_wconf 90' lang='lat' dir='ltr'>sum,</span> <span class='ocrx_word' id='word_1_362' title='bbox 1368 2382 1412 2419; x_wconf 91' lang='lat' dir='ltr'>et</span> <span class='ocrx_word' id='word_1_363' title='bbox 1426 2389 1515 2418; x_wconf 94' lang='lat' dir='ltr'>non</span> <span class='ocrx_word' id='word_1_364' title='bbox 1530 2390 1626 2418; x_wconf 91' lang='lat' dir='ltr'>sum</span> <span class='ocrx_word' id='word_1_365' title='bbox 1636 2377 1819 2420; x_wconf 82' lang='lat' dir='ltr'>locutus.</span> 
     </span>
    </p>

    <p class='ocr_par' dir='ltr' id='par_1_32' title="bbox 993 2432 1817 2531">
     <span class='ocr_line' id='line_1_83' title="bbox 1047 2432 1817 2485; baseline 0.003 -12"><span class='ocrx_word' id='word_1_366' title='bbox 1047 2432 1249 2482; x_wconf 86' lang='lat' dir='ltr'>Cogitavi</span> <span class='ocrx_word' id='word_1_367' title='bbox 1277 2432 1372 2475; x_wconf 90' lang='lat' dir='ltr'>dies</span> <span class='ocrx_word' id='word_1_368' title='bbox 1401 2436 1621 2485; x_wconf 90' lang='lat' dir='ltr'>antiquos:</span> <span class='ocrx_word' id='word_1_369' title='bbox 1639 2435 1663 2461; x_wconf 88' lang='lat'><strong><em>*</em></strong></span> <span class='ocrx_word' id='word_1_370' title='bbox 1683 2438 1727 2475; x_wconf 94' lang='lat' dir='ltr'>et</span> <span class='ocrx_word' id='word_1_371' title='bbox 1748 2447 1817 2475; x_wconf 91' lang='lat' dir='ltr'>an-</span> 
     </span>
     <span class='ocr_line' id='line_1_84' title="bbox 993 2489 1711 2531; baseline 0.003 -2"><span class='ocrx_word' id='word_1_372' title='bbox 993 2501 1075 2530; x_wconf 91' lang='lat' dir='ltr'>nos</span> <span class='ocrx_word' id='word_1_373' title='bbox 1103 2490 1294 2530; x_wconf 84' lang='lat' dir='ltr'>aeternos</span> <span class='ocrx_word' id='word_1_374' title='bbox 1321 2489 1366 2530; x_wconf 90' lang='lat' dir='ltr'>in</span> <span class='ocrx_word' id='word_1_375' title='bbox 1392 2494 1539 2531; x_wconf 91' lang='lat' dir='ltr'>mente</span> <span class='ocrx_word' id='word_1_376' title='bbox 1567 2489 1711 2531; x_wconf 92' lang='lat' dir='ltr'>habui.</span> 
     </span>
    </p>

    <p class='ocr_par' dir='ltr' id='par_1_33' title="bbox 993 2545 1818 2711">
     <span class='ocr_line' id='line_1_85' title="bbox 1044 2545 1818 2588; baseline 0 -2"><span class='ocrx_word' id='word_1_377' title='bbox 1044 2545 1102 2586; x_wconf 89' lang='lat' dir='ltr'>Et</span> <span class='ocrx_word' id='word_1_378' title='bbox 1137 2545 1375 2587; x_wconf 87' lang='lat' dir='ltr'>meditatus</span> <span class='ocrx_word' id='word_1_379' title='bbox 1417 2559 1514 2587; x_wconf 90' lang='lat' dir='ltr'>sum</span> <span class='ocrx_word' id='word_1_380' title='bbox 1551 2551 1680 2588; x_wconf 91' lang='lat' dir='ltr'>nocte</span> <span class='ocrx_word' id='word_1_381' title='bbox 1720 2559 1818 2587; x_wconf 93' lang='lat' dir='ltr'>cum</span> 
     </span>
     <span class='ocr_line' id='line_1_86' title="bbox 994 2601 1817 2652; baseline 0 -10"><span class='ocrx_word' id='word_1_382' title='bbox 994 2601 1129 2643; x_wconf 89' lang='lat' dir='ltr'>corde</span> <span class='ocrx_word' id='word_1_383' title='bbox 1162 2614 1280 2652; x_wconf 89' lang='lat' dir='ltr'>meo,</span> <span class='ocrx_word' id='word_1_384' title='bbox 1307 2603 1331 2630; x_wconf 87' lang='lat'>*</span> <span class='ocrx_word' id='word_1_385' title='bbox 1365 2607 1410 2644; x_wconf 91' lang='lat' dir='ltr'>et</span> <span class='ocrx_word' id='word_1_386' title='bbox 1448 2602 1737 2652; x_wconf 87' lang='lat' dir='ltr'>exercitabar,</span> <span class='ocrx_word' id='word_1_387' title='bbox 1774 2606 1817 2643; x_wconf 91' lang='lat' dir='ltr'>et</span> 
     </span>
     <span class='ocr_line' id='line_1_87' title="bbox 993 2658 1650 2711; baseline -0.002 -12"><span class='ocrx_word' id='word_1_388' title='bbox 993 2658 1232 2710; x_wconf 91' lang='lat' dir='ltr'>scopebam</span> <span class='ocrx_word' id='word_1_389' title='bbox 1263 2659 1466 2711; x_wconf 89' lang='lat' dir='ltr'>spiritum</span> <span class='ocrx_word' id='word_1_390' title='bbox 1493 2671 1650 2700; x_wconf 91' lang='lat' dir='ltr'>meum.</span> 
     </span>
    </p>

    <p class='ocr_par' dir='ltr' id='par_1_34' title="bbox 1043 2713 1815 2766">
     <span class='ocr_line' id='line_1_88' title="bbox 1043 2713 1815 2766; baseline -0.001 -11"><span class='ocrx_word' id='word_1_391' title='bbox 1043 2714 1270 2766; x_wconf 91' lang='lat' dir='ltr'>Numquid</span> <span class='ocrx_word' id='word_1_392' title='bbox 1297 2715 1341 2756; x_wconf 91' lang='lat' dir='ltr'>in</span> <span class='ocrx_word' id='word_1_393' title='bbox 1372 2716 1584 2756; x_wconf 80' lang='lat' dir='ltr'>aeternum</span> <span class='ocrx_word' id='word_1_394' title='bbox 1615 2713 1815 2766; x_wconf 89' lang='lat' dir='ltr'>projiciet</span> 
     </span>
    </p>
   </div>
   <div class='ocr_carea' id='block_1_6' title="bbox 60 114 1895 2828">
    <p class='ocr_par' dir='ltr' id='par_1_35' title="bbox 60 114 1895 2828">
     <span class='ocr_line' id='line_1_89' title="bbox 60 114 1895 2828; baseline 0 0"><span class='ocrx_word' id='word_1_395' title='bbox 60 114 1895 2828; x_wconf 95' lang='lat' dir='ltr'> </span> 
     </span>
    </p>
   </div>
  </div>
 </body>
</html>
