2040 2976
148 299 292 340 tinens
316 309 364 338 se
389 296 445 337 ab
471 295 590 336 omni
617 296 752 346 opere
777 292 911 341 malo,
937 295 981 333 et

150 356 411 407 permanens
430 352 475 392 in
488 350 737 393 innocentia
751 362 840 390 sua.
866 349 980 401 Ipse.

124 423 137 427 ”
437 409 590 450 Lectio
611 408 693 448 viii.

238 478 314 507 cce
349 466 464 506 enim
496 464 624 506 binos
656 461 714 504 ad
739 460 980 514 praedican-

246 521 350 564 dum
378 520 619 572 discipulos
643 518 860 559 Dominus
885 516 981 557 mit-

150 581 220 621 tit:
246 580 463 631 quatenus
486 576 572 617 hoc
594 575 723 617 nobis
742 574 904 616 tacitus
922 575 982 613 in—

151 640 267 685 nuat,
294 634 396 686 quia
417 633 491 684 qui
509 632 736 674 caritatem
756 642 859 680 erga
878 628 981 670 alte-

150 705 248 732 rum
266 703 355 731 non
373 689 518 737 habet,
542 685 870 740 praedicationis
891 684 981 726 offi-

151 748 268 789 cium
299 748 525 798 suscipere
556 743 806 784 nullatenus
839 741 983 783 debet.

152 805 273 845 Bene
293 808 440 844 autem
460 800 629 849 dicitur,
650 799 753 852 quia
767 798 887 839 misit
906 810 983 839 eos

151 865 252 902 ante
279 859 436 901 faciem
463 871 587 899 suam
614 857 658 897 in
684 868 860 897 omnem
884 854 983 896 civi-

151 919 289 958 tatem
309 920 353 956 et
371 915 528 963 locum,
549 925 636 965 quo
655 917 749 954 erat
767 912 864 964 ipse
882 923 983 951 ven-

152 976 287 1014 turus.
307 970 629 1012 Praedicatores
647 969 762 1010 enim
778 980 882 1009 suos
895 967 983 1007 Do-

153 1029 297 1070 minus
333 1027 546 1079 sequitur:
584 1025 687 1077 quia
722 1023 984 1076 praedicatio

154 1085 378 1138 praevenit,
398 1088 442 1125 et
455 1088 560 1124 tunc
575 1081 632 1123 ad
646 1081 805 1122 mentis
820 1085 985 1121 nostrae

152 1140 451 1183 habitaculum
464 1139 682 1180 Dominus
703 1138 831 1187 venit,
852 1149 984 1188 quan-

154 1198 212 1240 do
253 1196 390 1238 verba
431 1194 752 1237 exhortationis
794 1196 985 1246 praecur-

154 1258 270 1295 runt:
318 1258 452 1304 atque
489 1264 570 1304 per
610 1250 697 1291 hoc
738 1250 899 1291 veritas
942 1249 986 1288 in

153 1315 300 1351 mente
322 1308 570 1361 suscipitur.

204 1367 256 1419 R.
275 1366 369 1407 Sint
384 1363 522 1406 lumbi
536 1363 671 1404 vestri
684 1361 924 1415 praecincti,
943 1365 986 1402 et

154 1422 345 1463 lucernae
373 1420 579 1462 ardentes
613 1419 657 1459 in
686 1417 888 1459 manibus
916 1430 986 1458 ve-

155 1479 271 1520 stris:
283 1480 306 1503 *
316 1479 372 1519 Et
385 1489 467 1518 vos
478 1476 642 1517 similes
652 1474 902 1516 hominibus
917 1486 986 1515 ex-

155 1533 458 1587 spectantibus
470 1532 696 1574 dominum
707 1544 846 1580 suum,
863 1542 988 1582 quan-

155 1591 214 1632 do
230 1592 477 1632 revertatur
493 1601 518 1629 a
533 1588 709 1641 nuptiis.
730 1582 779 1634 V.
795 1586 987 1637 Vigilate

157 1659 279 1698 ergo,
308 1647 410 1699 quia
437 1645 615 1686 nescitis
645 1657 732 1696 qua
758 1643 867 1684 hora
894 1643 987 1683 Dfis

156 1708 302 1746 vester
317 1705 527 1744 venturus
545 1701 611 1742 sit.
639 1701 706 1742 Et.
732 1699 896 1741 Gloria.
919 1698 987 1739 Et.

457 1759 610 1800 Lectio
631 1760 686 1799 ix.

251 1820 322 1862 inc
336 1832 526 1872 namque
545 1819 712 1861 eisdem
726 1817 988 1870 praedicato-

264 1876 385 1918 ribus
399 1876 537 1917 Isaias
557 1875 677 1916 dicit:
695 1874 854 1915 Parate
871 1873 988 1914 viam

160 1933 350 1982 Domini,
376 1938 519 1974 rectas
545 1932 676 1973 facite
703 1930 881 1972 semitas
904 1930 989 1971 Dei

156 1990 308 2031 nostri.
353 1989 470 2030 Hinc
506 1988 607 2029 filiis
643 1987 878 2028 Psalmista
914 1987 988 2027 ait:

157 2045 248 2086 Iter
275 2045 406 2086 facite
438 2045 492 2094 ei,
529 2044 603 2097 qui
630 2042 827 2085 ascendit
856 2055 989 2094 super

159 2102 376 2142 occasum.
409 2101 550 2153 Super
573 2101 781 2142 occasum
798 2110 989 2150 namque

159 2157 374 2198 Dominus
408 2156 620 2198 ascendit:
659 2155 762 2207 quia
794 2153 912 2196 unde
946 2154 990 2194 in

158 2212 366 2266 passione
394 2212 618 2262 occubuit,
649 2211 751 2253 inde
779 2211 991 2262 majorem

160 2281 283 2310 suam
311 2268 495 2319 gloriam
518 2266 789 2319 resurgendo
813 2266 989 2307 manife-

160 2324 303 2366 stavit.
363 2324 504 2376 Super
542 2326 750 2365 occasum
783 2321 991 2364 videlicet

161 2379 374 2430 ascendit3
405 2380 506 2431 quia
527 2384 716 2421 mortem
742 2391 873 2430 quam
894 2379 991 2429 per-

160 2436 273 2486 tulit,
293 2435 561 2485 resurgendo
582 2435 778 2476 calcavit.
811 2434 865 2474 Ei
885 2445 990 2484 ergo

162 2492 236 2543 qui
265 2491 462 2532 ascendit
494 2503 626 2543 super
654 2492 876 2538 occasum,
910 2489 992 2529 iter

162 2548 361 2597 facimus,
387 2560 487 2588 cum
506 2559 587 2587 nos
607 2547 698 2598 ejus
716 2545 901 2596 gloriam
921 2557 991 2585 ve-

166 2604 266 2644 stris
284 2603 503 2645 mentibus
523 2601 832 2655 praedicamus,
851 2605 900 2641 ut
917 2613 993 2641 eas
1048 2621 1054 2642 t
1079 2613 1083 2655 J
1100 2620 1142 2639 ‹

165 2665 208 2701 et
222 2660 319 2712 ipse
334 2664 437 2711 post
452 2659 640 2707 veniens,
655 2671 734 2710 per
750 2657 912 2699 amoris
927 2657 994 2697 sui
1079 2652 1141 2714 {ffb}

161 2715 443 2768 praesentiam
457 2714 656 2756 illustret.
687 2715 751 2755 Te
767 2714 920 2755 Deum.
937 2713 993 2753 13.

526 198 597 231 Dic
621 198 680 230 20.
706 196 811 229 Julii.
860 194 895 228 S.
920 192 1150 236 Hieronymi
1174 191 1375 224 AEmiliani
1401 190 1509 224 Conf.

1088 288 1204 330 Vesp.
1229 298 1249 320 a
1271 288 1364 329 Cap.
1390 288 1437 320 dc
1463 298 1568 329 sequ.
1593 295 1727 319 comm.
1754 294 1865 326 prece.

1036 340 1072 369 et
1096 335 1131 370 S.
1156 335 1377 377 Margarita:
1403 335 1445 368 V.
1471 340 1505 368 ct
1533 335 1579 368 M.

1299 414 1382 454 Die
1401 415 1473 454 20.
1491 413 1515 453 J
1516 413 1603 454 ulii.

1062 484 1105 524 S.
1124 481 1427 532 Hieronymi
1444 480 1707 521 AEmiliani
1728 479 1847 520 Conf.

1371 537 1535 580 Duplex.

1087 590 1225 624 Omnia
1258 590 1304 623 dc
1335 590 1479 624 Comm.
1509 590 1617 624 Conf.
1649 599 1725 623 non
1758 588 1866 621 Pont.

1036 639 1106 683 [67]
1136 642 1278 681 praeter
1302 648 1407 680 sequ.
1431 638 1492 681 (m.
1515 642 1540 673 t.
1563 637 1612 681 V.)

1372 686 1534 726 Oratio.

1037 737 1122 842 D
1133 762 1210 790 eus
1224 745 1623 788 misericordiarum
1637 747 1779 795 Pater,
1789 757 1870 798 per

1130 805 1288 845 merita
1307 808 1351 844 et
1369 802 1732 844 intercessionem
1750 802 1870 844 beati

1037 860 1314 913 Hieronymi,
1348 871 1479 911 quem
1513 858 1722 911 orphanis
1752 857 1869 909 adju-

1037 920 1180 960 torem
1198 922 1243 958 et
1255 922 1428 969 patrem
1445 927 1542 956 esse
1557 915 1749 956 voluisti:
1770 927 1869 956 con-

1038 973 1163 1023 cede3
1189 978 1238 1014 ut
1263 972 1467 1025 spiritum
1486 971 1755 1023 adoptionis,
1782 983 1870 1022 quo

1038 1030 1116 1071 filii
1135 1030 1199 1071 tui
1217 1029 1494 1070 nominamur
1514 1033 1558 1069 et
1579 1040 1745 1075 sumUS,
1766 1026 1869 1068 fide-

1037 1087 1138 1128 liter
1163 1085 1475 1127 custodiamus.
1511 1085 1597 1125 Per
1622 1084 1872 1124 Dominum.

1094 1147 1155 1181 Fit
1181 1156 1377 1181 commem.
1402 1146 1567 1188 praeced.

1093 1197 1191 1236 Ant.
1210 1195 1296 1236 Hic
1310 1194 1376 1234 vir
1396 1192 1643 1246 despiciens
1659 1193 1871 1234 mundum

1040 1258 1084 1294 et
1121 1254 1313 1300 terrena,
1357 1249 1649 1302 triumphans,
1696 1249 1870 1290 divitias

1040 1309 1154 1363 coelo
1175 1306 1374 1350 condidit
1392 1319 1480 1355 ore,
1498 1319 1641 1347 manu.

1092 1362 1142 1414 V.
1161 1366 1186 1406 J
1188 1369 1335 1406 ustum
1356 1362 1540 1404 dednxit
1555 1362 1771 1403 Dominus
1790 1374 1871 1414 per

1040 1423 1132 1463 vias
1156 1426 1311 1462 rectas.
1343 1422 1392 1472 R.
1420 1420 1476 1460 Et
1502 1417 1696 1460 ostendit
1719 1417 1782 1458 illi
1806 1430 1870 1458 re-

1039 1491 1173 1528 gnum
1191 1477 1286 1518 Dei.

1095 1536 1257 1577 Oratio.
1286 1536 1421 1582 Deus,
1442 1533 1526 1585 qui.
1546 1533 1646 1572 430.

1106 1598 1180 1631 Pro
1207 1596 1241 1631 S.
1267 1597 1485 1639 Margarita.
1512 1595 1614 1638 Yirg.
1642 1600 1677 1628 et
1702 1595 1809 1628 Mart.

1095 1652 1194 1690 Ant.
1214 1646 1326 1688 Veni
1346 1658 1510 1698 sponsa
1526 1645 1700 1694 Christi,
1721 1645 1872 1696 accipe

1041 1707 1262 1752 coronam,
1283 1715 1414 1755 quam
1431 1702 1513 1743 tibi
1529 1701 1743 1742 Dominus
1763 1714 1872 1754 prae-

1040 1761 1214 1814 paravit
1232 1760 1276 1800 in
1296 1761 1519 1800 aeternum.

1094 1814 1143 1865 V.
1181 1816 1338 1869 Specie
1373 1820 1449 1856 tua
1477 1819 1521 1855 et
1547 1812 1872 1865 pulchritudine

1039 1878 1127 1914 tua.
1156 1875 1206 1925 Rv.
1222 1871 1418 1920 Intende,
1436 1872 1651 1922 prospere
1666 1867 1873 1921 procede,

1042 1933 1085 1970 et
1103 1941 1248 1979 regna
1380 1966 1544 2006 Oratio.

1088 2022 1390 2073 ndulgentiam
1426 2021 1572 2070 nobis,
1621 2021 1873 2072 quaesumus

1107 2079 1309 2128 Domine,
1327 2078 1460 2119 beata
1478 2077 1716 2127 Margarita
1734 2075 1873 2125 Virgo

1043 2141 1086 2177 et
1104 2136 1271 2187 Martyr
1290 2134 1509 2187 imploret:
1533 2145 1632 2184 quae
1651 2131 1732 2174 tibi
1749 2137 1875 2182 grata

1043 2204 1217 2243 semper
1245 2190 1412 2232 exstitit
1439 2194 1484 2231 et
1510 2189 1669 2230 merito
1698 2188 1874 2230 castita-

1041 2248 1114 2298 tis,
1152 2252 1195 2288 et
1219 2252 1318 2291 ,tuae
1355 2246 1654 2298 professsione
1689 2243 1875 2286 virtutis.

1042 2305 1127 2345 Per
1145 2303 1395 2344 Dominum.
1630 2348 1639 2356 ,

1096 2360 1141 2394 In
1169 2360 1195 2394 I.
1223 2360 1423 2394 Nocturno
1458 2359 1661 2393 Lectiones
1696 2359 1743 2393 de
1776 2358 1873 2393 Scri-

1044 2414 1157 2452 ptura
1182 2410 1415 2442 occurrente.

1274 2478 1322 2516 In
1341 2478 1391 2515 ΙΙ.
1411 2477 1635 2516 Nocturno.

1349 2538 1500 2578 Lectio
1522 2538 1573 2577 iv.

1162 2598 1446 2657 ieronymus,
1481 2608 1504 2636 e
1532 2599 1663 2645 gente
1691 2594 1876 2646 patricia

1086 2702 1089 2711 .
1112 2706 1133 2710 Μ
1171 2660 1172 2668 ’
1197 2653 1435 2694 AEmiliana
1453 2651 1655 2701 Venetiis
1682 2655 1822 2698 ortus,
1851 2661 1876 2689 a

1049 2710 1060 2721 '⁴
1119 2710 1132 2733 Γ
1196 2710 1338 2762 prima
1374 2707 1672 2750 adolescentia
1707 2706 1875 2748 militiae
