2040 2976
656 190 726 225 Dic
752 191 804 225 25.
829 192 946 226 Junii.
994 195 1027 227 S.
1054 194 1235 228 Gulielmi
1261 193 1438 228 Abbatis.

445 279 529 321 Die
547 280 613 321 25.
631 281 656 321 J
658 282 757 323 unii.

338 348 381 389 S.
402 348 636 390 Gulielmi
664 351 863 393 Abbatis.

522 416 687 459 Duplex.

239 472 375 506 Omnia
408 473 454 507 dc
484 473 628 508 Comm.
659 475 767 510 Conf.
800 487 875 511 non
910 478 1016 512 Pont.

182 515 250 558 167]
286 526 428 563 praeter
452 532 557 566 sequ.

237 573 336 614 Ant.
356 572 565 614 Similabo
585 586 685 615 eum
703 576 797 617 viro
818 577 1013 629 sapienti,

182 629 254 679 qui
275 627 513 671 aedificavit
537 629 717 672 domum
737 645 860 673 suam
879 646 1013 686 supra

181 690 363 737 petram.

239 749 288 799 ys,
307 746 487 790 Amavit
510 761 610 791 eum
633 751 743 800 Diis,
771 756 816 793 et
841 751 1013 793 ornavit

181 815 290 844 eum.
326 811 374 862 R,
390 804 558 847 Stolam
573 807 727 858 gloriae
742 808 883 850 induit
902 821 1012 850 eum.

521 877 686 918 Oratio.

273 943 367 980 eus,
397 932 470 984 qui
495 933 739 977 infirmitati
762 940 928 977 nostrae
955 935 1012 978 ad

281 988 510 1030 terendam
536 990 689 1032 salutis
708 992 823 1033 viam
849 993 892 1033 in
917 1006 1010 1034 san-

178 1044 261 1085 ctis
284 1045 370 1086 tuis
391 1046 657 1098 exemplum,
687 1054 729 1090 et
753 1049 1010 1102 praesidium

178 1101 422 1143 collocasti:
449 1102 505 1144 da
528 1103 671 1154 nobis,
697 1105 757 1146 ita
780 1106 902 1147 beati
922 1107 1008 1148 Gu-

175 1156 310 1199 lielmi
330 1158 520 1201 Abbatis
544 1161 700 1202 merita
719 1165 935 1214 venerari,
961 1169 1010 1206 ut

177 1215 372 1266 ejusdem
402 1217 674 1269 excipiamus
700 1219 927 1271 suffragia,
965 1226 1008 1263 et

175 1272 359 1323 vestigia
378 1276 712 1326 prosequamur.
750 1277 835 1319 Per
854 1278 982 1319 Dfim.

236 1342 276 1375 In
311 1342 333 1375 1.
364 1342 561 1376 Noc-turno
600 1343 800 1377 Lectiones
837 1345 883 1379 dc
916 1345 1013 1379 Scri-

183 1397 294 1433 ptura
320 1395 553 1425 occurrente.

407 1460 456 1498 In
484 1461 533 1499 II.
563 1461 787 1501 Nocturno.

486 1526 637 1567 Lectio
659 1527 710 1566 iv.

179 1601 188 1623 2,
214 1586 511 1643 ‘OEulielmus
554 1588 776 1631 nobilibus
818 1593 1006 1643 parenti-

208 1642 301 1696 i²''—;†'‘:J'‘];'
325 1643 408 1686 bus
453 1645 671 1687 Vercellis
716 1647 761 1687 in
806 1648 1007 1690 Insubria

282 1700 297 1719 ⁹
325 1706 465 1751 natus,
481 1702 554 1743 vix
570 1708 773 1755 quartum
789 1703 1007 1747 decimum

175 1758 319 1800 aetatis
370 1771 531 1800 annum
581 1760 853 1812 expleverat,
908 1775 1007 1804 cum

173 1814 285 1856 miro
315 1815 509 1867 quodam
535 1816 716 1869 pietatis
745 1817 904 1860 ardore
933 1819 1006 1861 fla-

172 1884 314 1922 gram,
336 1871 740 1926 Compostellanam
758 1876 1005 1927 peregrina-

172 1928 339 1970 tionem
383 1929 440 1970 ad
489 1930 823 1973 celeberrimum
866 1934 1005 1976 sancti

173 1985 328 2027 Jacobi
378 1987 592 2040 templum
642 1990 876 2039 aggressus
928 1995 1005 2032 est.

174 2042 305 2092 Quod
329 2043 413 2084 iter
436 2056 523 2084 una
548 2047 734 2086 amictus
759 2046 925 2097 tunica,
954 2060 1005 2089 ac

173 2098 339 2151 duplici
363 2100 507 2142 ferreo
536 2101 701 2143 circulo
727 2105 1005 2155 praecinctus,

172 2155 390 2209 nudisque
424 2157 612 2210 pedibus
646 2163 930 2211 prosecutus,
964 2174 1005 2202 a·

173 2213 389 2266 sperrima
416 2214 591 2265 frigoris
619 2221 663 2258 et
691 2221 843 2267 aestus,
879 2217 1006 2259 famis

174 2275 218 2311 et
242 2269 336 2312 sitis
356 2284 527 2313 summo
552 2284 651 2313 cum
672 2272 775 2315 vitae
795 2271 1005 2315 discrimi-

173 2339 227 2368 ne
247 2329 486 2380 perpessus
507 2334 573 2370 est
596 2329 888 2372 incommoda.
922 2332 1006 2374 Re-

173 2385 326 2425 versus
351 2384 394 2425 in
420 2384 608 2434 Italiam,
637 2398 798 2427 novam
827 2387 884 2429 ad
910 2401 1004 2429 san-

174 2444 292 2482 ctum
310 2441 490 2482 Domini
510 2441 793 2494 sepulchrum
814 2445 1005 2496 peregri-

173 2497 395 2539 nationem
422 2498 617 2540 molitur:
645 2498 725 2540 sed
753 2512 840 2551 quo
862 2501 1005 2542 minus

173 2555 451 2607 propositum
480 2557 764 2607 exsequatur,
796 2556 917 2598 varia
944 2563 1004 2600 at-

175 2624 260 2663 que
285 2611 544 2662 gravissima
568 2611 844 2654 intercedunt
870 2613 1003 2667 impe-

174 2667 379 2718 dimenta,
400 2667 548 2710 divino
568 2669 744 2710 numine
763 2668 820 2711 ad
837 2669 1004 2720 altiora,

173 2729 218 2766 et
241 2724 461 2766 sanctiora
483 2724 735 2777 religiosam
757 2726 925 2778 juvenis
944 2729 1004 2768 in-

1066 286 1214 328 dolem
1240 287 1502 330 retrahente.
1557 290 1697 332 Porro
1725 291 1770 332 in
1798 293 1896 334 soli-

1066 343 1165 384 culo
1202 348 1352 385 monte
1388 343 1610 387 biennium
1647 346 1760 390 inter
1793 352 1896 390 assi-

1066 398 1175 440 duas
1194 412 1368 452 preces,
1394 400 1579 452 vigilias,
1606 403 1897 456 chameunias,

1066 461 1109 497 et
1127 456 1284 508 jejunia
1303 460 1614 509 commoratus,
1635 458 1784 503 divina
1797 462 1896 504 sub-

1064 514 1191 554 nixus
1224 526 1326 566 ope,
1360 526 1481 556 caeco
1512 514 1659 558 lumen
1690 519 1896 566 restituit3

1066 570 1187 621 cujus
1233 570 1431 612 miraculi
1482 571 1598 613 fama
1641 574 1895 626 percrebre-

1066 628 1232 676 scente,
1262 627 1346 679 jam
1372 626 1615 670 Gulielmus
1643 629 1780 672 latere
1807 645 1896 674 non

1064 685 1255 735 poterat:
1294 696 1428 736 quare
1455 686 1614 727 iterum
1642 686 1895 741 Hierosoly-

1064 752 1180 780 mam
1209 740 1389 791 cogitat,
1422 745 1466 782 et
1493 741 1650 784 alacris
1679 755 1726 785 se
1753 743 1896 786 itineri

1065 796 1310 838 committit.

1124 855 1175 907 R.
1193 853 1441 895 Honestum
1470 854 1574 897 fecit
1600 855 1723 898 illum
1746 858 1895 900 Domi-

1064 921 1161 959 nuS,
1186 915 1230 952 et
1249 910 1487 952 custodivit
1508 924 1607 954 eum
1625 913 1681 955 ab
1700 914 1896 965 inimicis

1051 970 1108 1007 .et
1136 979 1161 1007 a
1188 966 1495 1010 seductoribus
1525 970 1687 1012 tutavit
1715 971 1852 1013 illum:
1877 968 1901 994 *

1064 1022 1120 1063 Et
1154 1022 1277 1065 dedit
1308 1024 1371 1065 illi
1405 1025 1648 1068 claritatem
1677 1030 1896 1071 aeternam.

1071 1075 1157 1127 VJ
1158 1085 1305 1122 ustum
1321 1080 1504 1124 deduxit
1519 1083 1613 1124 Dfis
1627 1097 1708 1136 per
1723 1086 1815 1127 vias
1831 1099 1896 1128 re-

1063 1141 1168 1187 ctaS,
1184 1142 1228 1179 et
1243 1137 1436 1180 ostendit
1451 1139 1514 1180 illi
1523 1152 1707 1192 regnum
1718 1142 1812 1184 Dei.
1826 1143 1895 1186 Et.

1380 1195 1531 1236 Lectio
1552 1210 1589 1236 v.

1070 1245 1196 1352 Dei
1216 1255 1362 1293 autem
1372 1252 1550 1303 monitu,
1569 1254 1644 1306 qui
1661 1254 1804 1296 eidem
1821 1268 1894 1309 ap-

1163 1308 1324 1360 paruit,
1349 1321 1375 1350 a
1397 1310 1632 1362 proposito
1650 1313 1896 1364 revocatur,

1060 1363 1210 1406 utilior
1254 1378 1307 1407 ac
1347 1365 1614 1408 fructuosior
1648 1372 1740 1410 tam
1776 1368 1896 1422 apud

1061 1420 1218 1472 Italos,
1247 1435 1379 1475 quam
1407 1423 1527 1476 apud
1556 1425 1730 1467 exteras
1757 1426 1894 1469 natio-

1060 1490 1139 1519 nes
1157 1478 1338 1521 futurus.
1373 1479 1488 1521 Tum
1511 1482 1829 1524 monasterium
1850 1483 1896 1525 in

1060 1534 1290 1586 Virgiliani
1314 1537 1476 1579 montis
1501 1538 1744 1589 cacumine,
1774 1539 1895 1591 quod

1062 1590 1222 1633 deinde
1258 1592 1453 1644 Virginis
1496 1599 1563 1635 est
1607 1595 1894 1648 appellatum,

1059 1647 1160 1689 loco
1184 1650 1360 1702 aspero,
1389 1655 1432 1692 et
1450 1650 1677 1693 inaccesso
1696 1651 1895 1695 miranda

1061 1704 1310 1747 exaedificat
1345 1706 1583 1750 celeritate.
1635 1708 1789 1750 socios
1822 1708 1894 1751 de-

1059 1761 1160 1804 inde
1194 1763 1329 1813 viros,
1367 1768 1411 1805 et
1442 1764 1674 1816 religiosos
1706 1766 1892 1817 asciscit,

1061 1821 1227 1871 eosque
1254 1819 1312 1861 ad
1336 1820 1513 1863 vivendi
1537 1834 1738 1863 normam
1765 1835 1891 1864 evan-

1059 1875 1210 1926 gelicis
1233 1878 1471 1930 praeceptis
1496 1883 1540 1920 et
1563 1878 1759 1920 consiliis
1778 1884 1891 1920 suffi-

1059 1934 1194 1986 opere
1230 1935 1612 1978 accommodatam
1638 1941 1732 1978 tum
1759 1936 1892 1978 certis

1058 1989 1228 2041 legibus
1270 2003 1326 2032 ex
1360 1991 1480 2034 beati
1508 1992 1738 2035 Benedicti
1773 1993 1891 2035 insti-

1058 2046 1164 2089 tutis
1200 2060 1359 2099 magna
1392 2061 1447 2090 ex
1477 2054 1604 2102 parte
1633 2049 1891 2103 desumptis,

1057 2108 1150 2145 tum
1170 2104 1307 2146 verbo
1327 2109 1371 2146 et
1389 2106 1677 2148 sanctissimae
1697 2107 1800 2148 vitae
1819 2119 1891 2148 ex-

1059 2160 1215 2213 emplis
1236 2161 1452 2204 informat.

1119 2221 1169 2272 Rz.
1189 2218 1367 2260 Amavit
1387 2231 1487 2260 eum
1505 2219 1738 2271 Dominus,
1761 2225 1804 2263 et
1823 2233 1890 2262 or-

1058 2274 1178 2317 navit
1217 2287 1332 2316 eum:
1371 2275 1531 2317 stolam
1563 2275 1716 2327 gloriae
1749 2277 1891 2319 induit

1059 2343 1168 2381 eum,
1196 2331 1287 2374 *Et
1306 2330 1362 2374 ad
1380 2337 1533 2384 portas
1551 2331 1747 2386 paradisi
1766 2346 1889 2376 coro-

1057 2388 1177 2430 navit
1192 2401 1302 2430 eum.
1332 2384 1382 2437 V.
1395 2387 1545 2431 Induit
1560 2402 1660 2431 eum
1674 2390 1890 2432 Dominus

1057 2444 1238 2487 loricam
1260 2444 1382 2495 fidei,
1407 2450 1451 2487 et
1474 2445 1648 2488 ornavit
1670 2458 1780 2488 eum.
1821 2446 1889 2488 Et.
1923 2462 1926 2465 ·

1366 2500 1519 2543 Lectio
1540 2500 1592 2541 vi.

1065 2551 1208 2657 AEiis
1233 2557 1392 2600 deinde
1416 2559 1694 2601 monasteriis
1719 2558 1889 2608 erectis,

1170 2615 1330 2657 clarior
1355 2616 1399 2656 in
1423 2615 1517 2657 dies
1542 2615 1747 2658 Gulielmi
1774 2615 1889 2658 facta

1058 2673 1268 2714 sanctitas
1295 2672 1459 2714 multos
1484 2671 1541 2715 ad
1567 2684 1668 2714 eum
1692 2672 1888 2725 undique

1056 2729 1177 2770 viros
1209 2729 1429 2782 perducit,
1461 2729 1705 2771 sanctitatis
1737 2728 1888 2781 odore,
