2040 2976
141 335 284 377 bimus
310 335 379 384 iis,
416 334 490 387 qui
520 334 733 375 miserunt
758 332 861 375 nos?
905 346 968 375 re-

142 391 335 444 spondit:
360 391 456 442 Ego
476 404 565 433 vox
585 390 813 433 clamantis
832 391 877 431 in
896 390 968 432 de-

142 450 272 490 serto.
299 448 436 499 Igitur
456 460 544 489 vox
560 448 739 489 Domini
758 453 825 489 est
840 448 865 488 J
868 450 969 489 oan-

140 518 236 555 nes,
269 504 465 556 Angelus
497 517 522 545 a
548 505 645 546 Deo
677 505 837 546 missus
868 509 969 546 ante

141 562 297 603 faciem
310 561 499 610 Domini,
517 566 566 602 ut
584 563 762 614 pararet
775 561 968 603 Domino

141 618 318 671 plebem
331 618 582 671 perfectam.
608 619 720 660 Haec
733 618 866 669 igitur
880 630 968 659 vox

141 688 274 728 super
293 687 441 727 aquas,
461 679 555 716 erat
572 688 705 728 super
720 676 743 716 J
747 674 969 724 ordanem,

140 732 185 772 in
212 744 299 784 quo
323 731 578 784 baptizabat
601 731 851 784 praedicans
876 744 969 784 poe-

141 788 338 830 nitentiae
365 788 645 841 baptismum.
698 788 756 830 Et
786 800 874 830 non
902 801 968 830 so-

140 844 231 886 lum
245 845 288 886 in
303 845 328 886 J
330 844 506 895 ordane,
526 845 606 887 sed
620 845 751 887 etiam
765 846 810 886 in
819 846 968 886 AEnon

140 915 281 955 prope
315 901 463 952 Salim,
510 903 611 954 quia
654 915 782 954 aquae
818 902 969 944 multae

141 964 264 1000 erant
281 959 380 1000 illic.
433 958 485 1008 R.
510 958 763 1001 Descendit.
782 960 876 1000 353.

448 1015 599 1056 Lectio
619 1028 657 1055 v.

185 1071 300 1122 gitur
328 1085 416 1113 vox
443 1073 621 1114 Domini
656 1085 788 1125 super
817 1085 969 1125 aquas,

204 1128 396 1170 Joannes
428 1134 494 1171 est
526 1142 660 1182 super
690 1129 965 1182 baptismum.

140 1184 235 1226 Illic
269 1191 312 1227 et
343 1186 465 1227 Deus
496 1186 736 1237 majestatis
770 1187 969 1228 intonuit.

140 1242 274 1283 Venit
302 1243 416 1284 enim
440 1255 528 1284 vox
555 1243 609 1284 de
635 1242 768 1293 coelo,
804 1243 971 1285 dicens:

140 1298 225 1341 Hic
257 1304 324 1341 est
356 1299 493 1340 Filius
523 1313 647 1341 meus
683 1300 885 1351 dilectus,
924 1300 971 1341 in

143 1368 230 1408 quo
258 1355 364 1397 mihi
391 1356 649 1410 complacui.
690 1357 815 1398 Tunc
840 1357 972 1398 etiam

141 1412 356 1454 Dominus
388 1426 522 1466 super
554 1426 692 1466 aquas
721 1414 882 1455 multas
911 1413 970 1455 di-

140 1471 297 1520 gnatus
317 1474 383 1511 est
402 1469 670 1512 descendere
689 1471 732 1511 in
751 1470 973 1523 baptisma

1023 677 1301 716 comminuat.

1076 735 1127 787 R.
1152 735 1409 777 Innuebant.
1428 736 1522 777 353,

1352 928 1528 970 Lucam.

1104 1050 1292 1092 lisabeth
1324 1050 1552 1103 impletum

1328 1461 1553 1514 Episcopi.

140 1755 367 1805 ptismum,
395 1768 476 1808 per
502 1755 649 1809 ipsum
672 1755 903 1808 baptizans
928 1756 972 1797 in

141 1821 255 1861 aqua
282 1811 339 1853 ad
366 1812 684 1864 poenitentiam.
728 1813 781 1853 In
810 1813 972 1855 virtute

142 1871 208 1908 est
223 1879 321 1919 vox,
337 1867 502 1911 dicens:
517 1869 828 1911 Poenitentiam
843 1870 971 1921 agite,

141 1925 513 1978 appropinquavit
538 1926 653 1967 enim
677 1938 860 1977 regnum
886 1939 971 1968 000-

140 1979 297 2022 lorum:
335 1987 392 2032 et,
428 1982 580 2024 Facite
613 1982 780 2024 fructus
814 1983 971 2034 dignos

140 2037 421 2088 poenitentiae.
477 2040 529 2092 R.
556 2039 642 2080 Hic
661 2044 738 2080 est.
756 2040 851 2080 353.

195 2105 199 2108 ·
442 2096 596 2138 Lectio
615 2095 669 2135 vi.

233 2163 291 2192 ox
327 2152 507 2194 Domini
549 2152 862 2204 confringentis
905 2165 969 2194 ce-

246 2207 363 2250 dros.
386 2209 542 2251 Potest
559 2209 656 2259 dici,
677 2209 796 2262 quod
811 2221 972 2262 parans

141 2264 334 2306 Domino
357 2265 574 2318 populum
596 2266 858 2319 perfectum,
887 2265 972 2307 ela-

141 2325 209 2362 tas
228 2321 498 2374 impietateS‚
524 2329 568 2363 et
588 2327 742 2364 contra
762 2322 972 2374 cognitio-

141 2390 243 2419 nem
261 2377 345 2419 Dei
364 2378 578 2420 exaltatas
603 2379 898 2430 confringens,
921 2391 973 2420 ac

144 2436 392 2484 conterens,
421 2434 600 2486 obliqua
628 2434 817 2476 faciebat
840 2439 972 2476 recta.

144 2491 228 2540 Qui
253 2491 367 2532 enim
393 2503 567 2532 omnem
592 2490 751 2532 collem
777 2503 828 2532 ac
851 2503 971 2532 mon-

143 2550 232 2588 tem
250 2546 464 2596 humiliat,
488 2547 560 2588 hic
580 2551 674 2588 erat
694 2547 768 2599 qui
787 2547 972 2588 confrin-

144 2602 274 2653 gebat
294 2603 466 2653 cedros,
493 2608 536 2644 et
552 2603 744 2644 Domino
765 2603 880 2644 viam
899 2603 972 2645 ad-

145 2659 367 2710 aequabat,
395 2672 475 2712 per
500 2659 586 2701 hoc
610 2659 731 2711 quod
755 2659 812 2701 ad
835 2660 971 2712 poeni-

143 2715 327 2756 tentiam
357 2715 593 2758 inducebat
625 2715 776 2766 altum,
815 2721 860 2758 et
887 2715 971 2758 ela-

1314 2377 1467 2419 Lectio
1488 2377 1571 2417 viii.

299 2856 363 2880 Pars
378 2857 488 2882 AEstivn.

389 178 461 212 Die
486 177 537 211 27.
562 177 678 211 Junii.
727 176 870 217 Quarta
896 175 957 209 die
982 174 1081 208 infra
1107 174 1186 208 Oct.
1211 174 1338 209 Nativ.
1365 175 1399 209 S.
1425 175 1599 209 'Ioannis

142 279 212 320 Tu
238 279 334 331 quis
360 277 429 320 es?
464 278 584 330 quod
608 279 871 330 responsum
895 276 968 318 da·
1022 280 1130 327 tum,
1159 281 1203 318 et
1226 277 1464 330 superbum
1487 290 1573 319 cor.

1611 276 1739 320 Unde
1760 278 1850 330 ejus

1022 334 1395 387 praeparationem
1427 334 1670 387 suscipiens
1701 334 1851 376 Domi-

1022 403 1115 441 nus,
1136 403 1217 432 suo
1238 390 1429 432 adventu
1446 391 1659 442 confregit
1675 391 1851 444 opposi-

1022 452 1090 489 tas
1113 447 1352 500 potentias,
1382 446 1540 489 cedros
1565 447 1722 489 Libani
1745 448 1850 499 figu-

1022 507 1118 546 rate
1147 504 1299 546 dictas.
1344 504 1534 557 Oportet
1562 504 1676 546 enim
1702 504 1851 545 Domi-

1022 574 1126 602 num
1150 563 1352 613 regnare,
1381 559 1523 602 donec
1550 566 1687 613 ponat
1715 561 1851 602 inimi-

1023 630 1099 659 cos
1119 617 1201 659 sub
1219 617 1357 670 pedes
1378 630 1491 668 SUOS,
1511 622 1555 659 et
1572 616 1729 659 cedros
1743 617 1852 659 istas

1252 810 1301 849 In
1319 810 1390 850 111.
1409 810 1632 849 Nocturno.

1024 871 1176 913 Lectio
1201 872 1340 914 sancti
1359 871 1587 924 Evangelii
1613 872 1853 914 secundum

1128 987 1279 1029 Lectio
1299 987 1368 1027 vii.
1562 986 1664 1038 Cap.
1681 987 1710 1025 1.
1725 987 1749 1025 f.

1585 1056 1652 1093 est
1679 1057 1853 1104 tempus

1120 1106 1334 1160 pariendi,
1360 1113 1404 1149 et
1422 1109 1596 1161 peperit
1614 1108 1762 1149 filium.
1798 1108 1855 1150 Et

1024 1163 1256 1206 audierunt
1292 1164 1423 1206 vicini
1466 1171 1509 1207 et
1551 1165 1726 1216 cognati
1764 1166 1854 1216 ejus

1025 1221 1127 1273 quia
1155 1221 1454 1272 magnificavit
1480 1222 1696 1263 Dominus
1729 1221 1854 1263 mise-

1024 1278 1260 1319 ricordiam
1288 1291 1413 1319 suam
1441 1291 1540 1320 cum
1567 1279 1655 1329 illa,
1685 1284 1728 1320 et
1754 1291 1853 1320 con-

1024 1334 1358 1385 gratulabantur
1379 1335 1428 1376 ei.
1456 1336 1512 1376 Et
1531 1335 1710 1387 reliqua.

1094 1404 1161 1446 De
1184 1404 1379 1445 Homilia
1403 1404 1542 1445 sancti
1561 1403 1786 1446 Ambrosii

140 1525 166 1566 J
167 1526 321 1567 oannis
328 1558 337 1576 ‚
364 1531 414 1568 ut
441 1526 683 1580 compleret
711 1540 887 1569 omnem
912 1528 970 1579 ju.
1095 1554 1099 1557 ,
1140 1525 1222 1560 Lib.
1238 1525 1269 1559 2.
1287 1525 1327 1558 ln
1344 1524 1432 1559 Luc.
1452 1536 1534 1569 cap.
1555 1526 1581 1559 1.
1600 1526 1638 1559 in
1656 1526 1739 1559 fine.

141 1582 304 1624 stitiam
331 1597 429 1636 quae
455 1584 499 1625 in
523 1583 621 1637 lege
646 1589 723 1626 est.
761 1584 864 1626 Vox
883 1585 971 1626 Do·
1030 1587 1159 1650 ,JJt
1178 1583 1415 1624 Zacharias
1440 1588 1567 1636 pater
1591 1585 1681 1636 ejus
1704 1584 1853 1637 imple-

140 1639 246 1680 mini
262 1640 307 1681 in
326 1641 499 1684 virtute.
533 1642 691 1683 Aufert
713 1642 828 1684 enim
853 1642 970 1684 debi-
1030 1645 1043 1694 11}
1065 1637 1137 1693 ,A
1159 1644 1230 1681 tus
1251 1645 1318 1682 est
1332 1639 1498 1692 Spiritu
1513 1646 1677 1692 sancto,
1698 1646 1741 1683 et
1756 1654 1855 1694 pro-

139 1695 286 1738 litates
314 1699 469 1751 populi
497 1712 578 1752 per
599 1699 873 1752 poenitentiae
897 1699 971 1741 ba·
1030 1697 1125 1722 ²¹42
1158 1696 1383 1749 phetabat.
1417 1697 1533 1739 Vide
1559 1710 1690 1749 quam
1712 1697 1856 1739 bonus

1024 1753 1157 1804 Deus,
1183 1759 1226 1795 et
1245 1753 1383 1794 facilis
1403 1752 1630 1805 indulgere
1651 1755 1855 1806 peccatis.

1025 1809 1127 1851 Non
1163 1810 1306 1852 solum
1343 1810 1489 1852 ablata
1526 1810 1732 1861 restituit,
1776 1811 1856 1852 sed

1027 1867 1158 1908 etiam
1180 1867 1405 1919 insperata
1428 1866 1640 1908 concedit.
1676 1866 1756 1908 Ille
1781 1867 1855 1908 du-

1026 1922 1130 1965 dum
1154 1929 1300 1965 mutus
1324 1922 1572 1976 prophetat.

1024 1980 1165 2031 gratia
1183 1980 1268 2021 Dei
1286 1980 1487 2029 maxima,
1509 1978 1629 2031 quod
1649 1992 1758 2030 eum,
1782 1980 1857 2032 qui

1024 2038 1281 2087 negaverat,
1301 2036 1546 2078 confitetur.
1578 2036 1720 2077 Nemo
1749 2049 1854 2088 ergo

1026 2093 1213 2143 diffidat,
1249 2106 1379 2135 nemo
1416 2094 1617 2135 veterum
1653 2093 1856 2135 conscius

1026 2149 1287 2191 delictorum
1316 2150 1500 2202 praemia
1527 2149 1675 2191 divina
1702 2148 1855 2203 despe-

1024 2211 1102 2247 ret.
1142 2206 1280 2248 Novit
1312 2207 1528 2248 Dominus
1559 2208 1729 2248 mutare
1762 2219 1855 2248 sen-

1024 2263 1221 2313 tentiam,
1260 2263 1297 2303 si
1328 2268 1378 2304 tu
1411 2263 1588 2305 noveris
1621 2262 1855 2305 emendare

1026 2317 1244 2361 delictum.
1273 2318 1323 2370 Rv.
1339 2320 1595 2361 Praecursor
1614 2319 1710 2360 Dni.
1734 2320 1830 2360 356.

1607 1923 1718 1964 Haec
1742 1924 1856 1964 enim

1116 2440 1135 2477 t
1159 2440 1208 2477 tu
1234 2449 1361 2489 puer,
1389 2435 1856 2489 Propheta,Altissimi

1124 2492 1368 2534 vocaberis.
1426 2492 1627 2542 Pulchre,
1664 2505 1763 2534 cum
1800 2490 1855 2533 de

1023 2549 1216 2590 Domino
1245 2549 1550 2602 prophetaret,
1578 2548 1635 2590 ad
1661 2547 1854 2600 Prophe-

1024 2609 1115 2646 tam
1147 2618 1226 2646 sua
1257 2605 1394 2647 verba
1426 2605 1657 2654 convertit,
1689 2609 1738 2645 ut
1769 2603 1855 2644 1100

1026 2672 1204 2714 quoque
1245 2661 1508 2703 beneficium
1542 2673 1640 2703 esse
1676 2659 1855 2700 Domini

1025 2716 1292 2768 designaret:
1323 2730 1379 2759 ne
1411 2730 1511 2759 cum
1541 2715 1719 2769 publice
1754 2727 1854 2756 enu-

1582 2846 1648 2880 24*
