2040 2976
583 232 686 266 Infra
712 231 897 266 Octavam
922 230 1187 264 Dedicationis
1214 231 1407 265 Ecclesiae.

431 328 583 369 Lectio
606 328 688 368 viii.

230 389 381 431 usillus
421 392 570 441 itaque
601 388 813 430 Zachaeus
849 390 972 441 syco-

238 458 410 488 morum
429 446 577 496 subiit,
597 450 640 487 et
657 445 894 486 Dominum
913 445 972 486 vi-

148 503 227 545 dit:
255 503 355 555 quia
380 503 454 555 qui
475 502 626 544 mundi
649 501 875 543 stultitiam
897 501 971 542 hu-

147 559 306 601 militer
326 559 498 611 eligunt,
516 559 601 612 ipsi
613 559 698 600 Dei
716 558 972 611 sapientiam

126 615 366 666 ,subtiliter
398 615 762 668 contemplantur.
806 614 971 656 Pusilli·
1030 650 1057 668 „a
1077 652 1147 667 ..-

147 675 282 715 tatem
303 685 492 725 namque
519 677 715 714 nostram
746 670 802 713 ad
826 670 971 712 viden·
1029 668 1037 725 ’ξ
1053 682 1066 720 ᾗ
1082 669 1144 717 ἶς”,έ
1171 686 1179 705 ¹1

1252 329 1301 367 In
1328 328 1378 367 ΙΙ,
1407 328 1629 367 Nocturno.

1078 399 1143 438 De
1172 396 1382 438 Sermone
1411 396 1550 438 sancti
1576 396 1811 448 Augustini

1330 453 1552 506 Episcopi.

1142 521 1199 555 Ex
1225 522 1340 555 Serm.
1364 522 1437 555 256.
1464 521 1510 554 de
1536 520 1735 562 Tempore.

1328 582 1477 622 Lectio
1498 582 1549 620 iv.

1171 643 1291 693 odo,
1321 644 1496 695 quando
1524 644 1759 697 implentur
1787 658 1852 686 ec-

1171 703 1179 776 4
1202 700 1363 750 clesiae,
1395 703 1600 753 putamus
1628 701 1855 753 jucundari

148 728 252 770 dum
291 730 529 771 Dominum
569 728 698 770 turba
738 727 971 781 praepedit:
1102 735 1131 766 5
1171 738 1175 764 ε

149 786 250 838 quia
266 785 561 827 infirmitatem
583 785 786 826 humanae
803 784 971 833 mentis,

146 855 201 883 ne
223 841 366 884 lucem
389 842 585 884 veritatis
609 841 821 891 intendat,
850 842 970 882 cura-

146 912 243 940 rum
267 899 541 941 saecularium
567 898 778 940 tumaltus
801 897 970 951 premit.

147 956 234 998 Sed
259 955 499 1009 prudenter
522 957 800 1008 sycomorum
824 955 970 995 aseen-

148 1012 305 1064 dimus,
325 1013 363 1054 si
379 1011 564 1065 provide
584 1024 681 1053 eam
701 1025 798 1064 quae
819 1010 969 1053 divini-

146 1074 217 1110 tus
250 1069 521 1122 praecipitur,
566 1068 792 1110 stultitiam
825 1072 971 1109 mente

146 1127 360 1167 tenemus.
383 1124 500 1176 Quid
519 1125 634 1166 enim
649 1125 694 1165 in
708 1124 793 1166 hoc
807 1123 970 1165 mundo

147 1181 320 1223 stffltius
341 1194 470 1234 quam
485 1183 645 1222 amissa
659 1194 746 1223 non
764 1183 971 1234 quaerere,

145 1240 352 1291 possessa
370 1237 638 1291 rapientibus
652 1238 861 1287 relaxare,
879 1237 970 1278 nul-

145 1294 232 1336 lam
257 1308 339 1348 pro
365 1295 556 1347 acceptis
580 1295 744 1346 injuriis
771 1294 970 1346 injuriam

145 1351 342 1402 reddere,
359 1352 447 1393 imo
467 1350 680 1403 adjunctis
695 1351 790 1392 aliis
804 1351 968 1403 patien-

145 1408 250 1450 tiam
271 1406 494 1461 praebere?
540 1411 591 1463 R.
608 1407 812 1460 Lapides.
831 1407 926 1459 [121]

448 1474 599 1516 Lectio
619 1475 672 1515 ix.

149 1515 326 1640 Quasi
357 1535 472 1577 enim
503 1537 783 1587 sycomorum
816 1547 897 1576 nos
929 1547 970 1575 a-

248 1591 460 1634 scendere
502 1592 718 1633 Dominus
759 1590 970 1644 praecipit,

145 1660 244 1690 cum
262 1647 381 1690 dicit:
401 1648 485 1699 Qui
503 1648 643 1690 aufert
658 1661 756 1701 quae
770 1652 847 1689 tua
860 1651 970 1697 sunt,

144 1717 200 1746 ne
224 1706 408 1758 repetas.
444 1705 501 1746 Et
522 1717 708 1746 rursum:
735 1705 780 1746 Si
805 1704 902 1757 quis
925 1708 970 1745 te

144 1762 410 1814 percfisserit
428 1762 472 1802 in
491 1761 716 1803 dexteram
738 1759 970 1810 maxillam,

143 1817 294 1870 praebe
312 1818 373 1859 illi
389 1822 433 1860 et
452 1817 643 1861 alteram.
669 1818 755 1859 Per
773 1818 969 1870 sycomo-

144 1887 241 1916 rum
269 1875 484 1916 Dominus
515 1874 732 1916 transiens
765 1873 969 1915 cernitur:

147 1931 247 1983 quia
259 1943 339 1984 per
351 1931 464 1972 hanc
479 1931 720 1984 sapientem
731 1929 968 1979 stultitiam,

146 1987 228 2028 etsi
245 1987 443 2037 necdum,
466 1992 516 2028 ut
535 1991 611 2037 est,
637 1986 786 2036 solide,
806 1987 891 2038 jam
907 1990 968 2027 ta-

144 2056 246 2085 men
285 2056 366 2096 per
406 2043 785 2096 contemplationis
824 2042 971 2083 lumen

144 2099 229 2141 Dei
253 2100 465 2153 sapientia
489 2100 614 2152 quasi
636 2100 680 2140 in
702 2099 888 2141 transitu
909 2098 969 2140 vi-

146 2156 290 2207 detur,
319 2170 450 2210 quam
474 2157 623 2198 videre
649 2158 871 2209 nequeunt
898 2155 971 2208 qui

146 2213 229 2254 sibi
253 2214 474 2266 sapientes
499 2226 595 2255 esse
620 2213 836 2255 videntur:
869 2212 971 2264 quia

146 2269 204 2311 ad
239 2270 596 2323 conspiciendum
631 2270 883 2319 Dominum,
928 2268 972 2309 in

147 2325 261 2367 elata
294 2326 606 2377 cogitationum
637 2328 815 2367 suarum
843 2324 972 2367 turba

147 2381 419 2435 deprehensi,
444 2382 586 2424 adhuc
605 2382 826 2434 sycomori
846 2381 970 2423 arbo-

146 2451 239 2480 rem
257 2451 345 2480 non
362 2439 629 2480 invenerunt.
658 2443 720 2484 Te
738 2439 893 2480 Deum.
911 2438 971 2478 13.

404 2518 713 2548 ψ-

337 2592 380 2636 Q,
397 2592 468 2633 ui
487 2603 523 2632 n
540 2591 563 2632 t
579 2603 611 2633 a
654 2592 696 2632 D
715 2592 733 2632 i
753 2602 779 2633 e

385 2648 494 2689 infra
515 2649 736 2690 Octavam.

197 2715 243 2749 In
272 2715 299 2750 Ι.
329 2716 527 2751 Nocturno
561 2717 763 2752 Lectiones
795 2718 842 2752 de
873 2718 970 2753 Scri-

148 2767 261 2805 ptura
285 2769 517 2799 occurrente.

1077 765 1147 780 μ’
1172 766 1175 769 ’
1202 755 1405 798 Judaeos?
1462 757 1673 798 Ecclesiae
1720 757 1852 798 aedifi-

1025 816 1189 863 cantur,
1205 813 1474 862 dedicantur,
1488 813 1738 866 implentur:
1757 816 1855 867 quo-

1023 870 1158 912 modo
1177 870 1239 911 illi
1255 868 1565 922 jucundantur?
1590 870 1692 911 Non
1712 870 1854 911 solum

1023 939 1112 968 non
1139 926 1444 979 jucundantur,
1479 926 1558 968 sed
1589 927 1720 968 etiam
1753 939 1853 968 con-

1024 983 1279 1033 funduntur,
1309 988 1352 1025 et
1376 983 1583 1036 impletur
1603 995 1692 1025 vox
1714 983 1854 1025 exsul-

1024 1040 1170 1081 tantis:
1197 1039 1415 1081 Exaltabo
1443 1045 1487 1081 te
1514 1040 1719 1089 Domine,
1749 1042 1853 1092 quo-

1023 1097 1141 1137 niam
1161 1096 1394 1149 suscepisti
1412 1109 1497 1138 me:
1527 1101 1570 1138 et
1593 1109 1683 1138 non
1707 1097 1853 1149 jucun-

1025 1153 1139 1194 dasti
1156 1153 1356 1194 inimicos
1371 1165 1495 1194 meos
1511 1166 1643 1206 super
1653 1166 1734 1194 me.
1752 1153 1853 1194 Non

1023 1209 1267 1261 jucundasti
1295 1222 1427 1262 super
1453 1222 1538 1251 me:
1571 1210 1608 1251 si
1635 1209 1741 1250 mihi
1764 1222 1852 1251 cre-

1025 1265 1145 1316 dant,
1169 1265 1428 1318 jucundabis
1450 1267 1495 1306 in
1513 1279 1593 1308 me.
1628 1266 1698 1307 Ne
1716 1266 1853 1307 multa
1900 1283 1901 1286 ¹

1025 1322 1237 1372 dicamus,
1262 1322 1318 1364 ad
1336 1322 1424 1372 illa,
1451 1335 1549 1375 quae
1570 1323 1852 1373 cantavimus,

1024 1378 1260 1431 aliquando
1275 1379 1511 1421 veniamus.
1540 1379 1774 1430 Quomodo
1792 1379 1853 1421 di-

1024 1436 1082 1477 cit
1108 1435 1329 1477 Christus:
1375 1435 1640 1478 Conscidisti
1676 1449 1853 1477 saccum

1022 1505 1185 1542 meum,
1227 1497 1270 1534 et
1306 1492 1535 1534 accinxisti
1570 1505 1641 1534 me
1676 1491 1852 1535 laetitia?

1023 1551 1185 1592 Saccus
1212 1549 1302 1602 ejus
1327 1554 1421 1590 erat
1445 1549 1684 1591 similitndo
1710 1550 1854 1591 carnis

1022 1606 1206 1659 peceati.

1075 1666 1128 1717 R.
1156 1661 1392 1705 Orantibus
1410 1663 1453 1704 in
1472 1662 1584 1704 loco.
1615 1663 1712 1715 [118]

1332 1735 1485 1776 Lectio
1505 1750 1541 1775 v.

1023 1789 1177 1896 Non
1195 1794 1274 1837 tibi
1292 1794 1489 1844 vilescat,
1515 1793 1636 1846 quod
1655 1794 1729 1844 ait,
1754 1794 1852 1836 Sac-

1128 1864 1228 1893 cum
1245 1864 1407 1893 meum:
1435 1850 1497 1892 ibi
1521 1855 1615 1892 erat
1638 1850 1854 1892 inclusum

1025 1908 1214 1961 pretium
1231 1912 1366 1949 tuum.
1395 1907 1659 1949 Conscidisti
1678 1920 1854 1949 saccum

1025 1977 1180 2006 meum.
1201 1965 1434 2005 Evasimus
1449 1963 1506 2005 ad
1520 1976 1697 2005 saccum
1711 1964 1854 2005 istum.

1025 2020 1288 2062 Conscidisti
1307 2033 1484 2062 saccum
1502 2033 1659 2062 meum.
1686 2021 1737 2061 In
1755 2033 1853 2073 pas-

1025 2077 1147 2118 sione
1166 2079 1415 2118 conscissus
1434 2081 1512 2118 est.
1541 2076 1773 2127 Quomodo
1790 2090 1852 2119 er-

1024 2146 1081 2184 go
1108 2134 1205 2175 Deo
1233 2133 1355 2175 Patri
1382 2133 1555 2175 dicitur:
1588 2133 1853 2175 Conscidisti

1024 2202 1200 2231 saccum
1214 2188 1382 2232 meum?
1403 2190 1638 2241 Quomodo
1653 2190 1774 2232 Patri
1789 2190 1850 2232 di-

1024 2248 1164 2296 catur,
1189 2247 1256 2288 vis
1281 2246 1447 2288 audire:
1472 2246 1736 2289 Conscidisti
1761 2260 1851 2288 sac-

1024 2315 1123 2343 cum
1157 2301 1324 2344 meum?
1374 2303 1487 2353 Quia
1522 2303 1705 2356 proprio
1740 2303 1851 2345 Filio

1023 2372 1112 2400 non
1131 2359 1345 2412 pepercit,
1370 2359 1450 2401 sed
1468 2372 1551 2413 pro
1570 2354 1697 2401 nobis
1718 2360 1851 2400 omni-

1022 2415 1105 2457 bus
1124 2416 1305 2458 tradidit
1323 2416 1455 2458 illum.
1490 2417 1614 2458 Fecit
1639 2416 1752 2458 enim
1771 2428 1852 2469 per

1022 2471 1202 2514 Judaeos
1234 2473 1496 2523 nescientes,
1527 2473 1645 2515 unde
1667 2472 1851 2514 redime-

1023 2530 1172 2570 rentur
1191 2529 1392 2580 scientes,
1419 2535 1462 2572 et
1481 2529 1851 2572 confunderentur

1023 2588 1244 2636 negantes.
1268 2586 1481 2628 Nesciunt
1495 2587 1611 2628 enim
1627 2585 1732 2638 quid
1745 2584 1850 2626 boni

1022 2641 1148 2683 nobis
1168 2644 1338 2695 operati
1358 2647 1459 2684 sunt
1477 2642 1593 2683 malo
1620 2654 1711 2682 suo.
1750 2641 1849 2682 Sus-

1021 2700 1185 2750 pensus
1209 2704 1276 2740 est
1304 2712 1474 2748 saccus,
1503 2703 1547 2739 et
1577 2697 1702 2750 quasi
1730 2696 1848 2737 laeta-

1022 2759 1092 2796 tus
1120 2759 1186 2797 est
1213 2756 1384 2808 impius.
1422 2754 1647 2796 Conscidit
1673 2765 1850 2794 saccum
