2040 2976
174 296 251 344 nis,
271 295 313 335 in
333 294 507 335 vincula
524 295 824 346 conjiciuntur:
847 293 1005 345 quibus

175 351 323 400 solati,
348 350 450 392 inde
476 351 718 403 eripiantur
741 351 796 392 ab
821 350 1005 400 Angelo.

175 408 279 448 Mox
312 406 369 448 ad
400 409 639 459 praetorem
671 406 869 456 adducti,
907 419 1005 447 cum

175 463 457 504 christianam
496 463 630 504 fidem
668 463 878 504 acerrime
914 468 1004 504 tue-

174 521 340 569 rentur,
384 519 495 560 alter
537 519 592 560 ab
629 519 768 561 altero
807 518 1005 560 distracti

175 581 291 617 sunt:
319 588 371 616 ac
395 575 586 627 primum
604 575 724 616 varie
746 577 915 616 tentata
938 579 1005 615 est

174 632 419 673 constantia
435 631 654 673 Feliciani.
684 630 772 672 Sed
791 643 890 672 cum
910 643 1004 671 sua-

174 691 298 730 sores
338 688 580 740 impietatis
620 700 667 729 se
704 699 839 739 posse
883 685 1004 738 quid-

177 757 308 797 quam
348 743 496 785 verbis
537 744 755 796 proficere
798 742 1003 794 despera-

175 806 286 850 rent,
312 800 454 841 affixis
474 800 612 853 stipiti
630 799 831 841 manibus
851 799 942 850 ejus
963 804 1006 840 et

174 856 377 910 pedibus,
410 857 555 908 ipsum
582 857 674 897 sine
701 855 800 897 cibo
826 860 870 897 et
896 860 1005 907 potu

176 912 278 955 inde
305 912 498 954 triduum
525 912 793 965 pendentem
822 911 1005 963 relique·

176 975 286 1011 runt.
340 968 560 1010 Postridie
597 969 687 1020 ejus
723 967 810 1009 diei
841 972 1007 1019 praetor

176 1028 382 1067 vocatum
401 1025 458 1067 ad
477 1038 524 1066 se
539 1025 733 1065 Primum
752 1026 814 1065 sic
835 1023 1007 1064 affatur:

176 1081 326 1131 Vides,
343 1087 507 1133 quanto
525 1082 580 1122 sit
592 1080 861 1134 prudentior,
877 1092 1008 1131 quam

178 1144 242 1187 tu,
267 1138 401 1179 frater
423 1143 542 1186 tuus,
569 1137 644 1188 qui
670 1136 908 1178 obseciitus
932 1135 1007 1175 im·

177 1193 473 1246 peratoribus‚
499 1193 617 1246 apud
644 1193 766 1245 ipsos
787 1197 854 1233 est
872 1191 1008 1232 hono—

178 1248 322 1291 ratus?
358 1250 498 1299 Quem
524 1249 560 1289 si
584 1254 631 1290 tu
653 1261 830 1300 quoque
849 1247 1009 1288 imitari

178 1306 386 1354 volueris,
410 1305 634 1357 particeps
659 1304 743 1346 eris
764 1305 856 1356 ejus
875 1303 1009 1344 hono-

178 1362 236 1402 ris
257 1367 300 1403 et
319 1361 485 1412 gratiae.

232 1429 281 1479 Rg.
303 1428 340 1467 ii.
372 1426 484 1467 Haec
503 1430 570 1467 est
590 1439 706 1467 vera.
735 1424 818 1477 [43]

482 1510 633 1550 Lectio
655 1510 710 1548 iii.

258 1578 302 1619 ui
320 1578 506 1618 Primus:
533 1577 648 1627 Quid
673 1577 835 1618 factum
855 1577 911 1618 sit
930 1576 1010 1616 fra-

275 1635 331 1675 tri
363 1647 482 1683 meo,
519 1634 707 1685 cognovi
741 1646 795 1674 ex
827 1632 1012 1683 Angelo.

180 1691 357 1732 Utinam
390 1689 762 1742 quemadmodum
790 1702 887 1730 sum
913 1702 1012 1730 cum

181 1759 234 1788 eo
262 1747 487 1788 voluntate
520 1746 916 1797 conjunctissimus,
949 1745 1013 1786 sic
1074 1751 1076 1754 '

181 1803 236 1844 ab
266 1802 423 1844 eodem
449 1815 504 1844 ne
536 1802 745 1854 martyrio
780 1801 1013 1853 disjungar.

183 1859 280 1908 Quo
301 1858 419 1900 dicto
441 1858 675 1899 excanduit
694 1862 872 1910 praetor,
894 1862 938 1898 et
956 1856 1014 1898 ad

183 1917 355 1956 ceteros
375 1915 612 1963 cruciatus,
640 1913 799 1966 quibus
818 1913 1014 1954 Primum

184 1970 340 2020 affecit,
365 1973 585 2023 praesente
603 1971 688 2022 jam
707 1970 942 2019 Feliciano,
967 1969 1013 2010 li-

184 2029 365 2079 quatum
392 2027 491 2078 igne
519 2026 748 2078 plumbum
775 2026 818 2066 in
847 2039 897 2067 os
924 2027 1014 2078 ejus

183 2083 307 2134 jussit
325 2082 503 2123 infundi.
538 2083 643 2124 Mox
665 2085 900 2134 utrumque
918 2094 1013 2134 per-

185 2137 286 2180 duci
310 2140 496 2191 imperat
520 2139 563 2179 in
587 2139 826 2188 theatrum,
854 2139 897 2178 in
921 2140 1014 2179 eos-

185 2207 270 2247 que
296 2195 470 2236 immitti
495 2194 606 2236 duos
625 2195 790 2236 leones:
818 2195 892 2246 qui
916 2207 1013 2246 pro-

184 2251 310 2292 strati
339 2250 395 2292 ad
423 2253 576 2291 eorum
602 2253 762 2301 genua,
798 2251 942 2303 capite
972 2256 1016 2292 et

185 2306 327 2348 cauda
354 2307 461 2358 ipsis
487 2306 836 2348 blandiebantur.
872 2305 945 2348 Ad
970 2306 1015 2348 id

186 2362 488 2415 spectaculum
515 2375 614 2404 cum
640 2362 827 2414 amplius
852 2361 1015 2404 duode-

186 2419 271 2460 cim
290 2417 425 2459 millia
447 2418 672 2459 hominum
696 2420 1016 2468 convenissent,

187 2474 412 2527 quingenti
449 2486 548 2515 cum
581 2474 671 2515 suis
703 2474 876 2514 familiis
908 2473 1015 2515 chri-

187 2531 375 2572 stianam
422 2530 678 2580 religianem
719 2532 1017 2582 susceperunt.

187 2586 356 2636 Quibus
402 2585 533 2627 rebus
579 2588 807 2637 permotus
852 2591 1017 2637 praetor

188 2655 266 2684 eos
285 2642 428 2684 securi
446 2643 617 2694 percuti
636 2641 771 2693 jussit.

241 2707 304 2748 Te
323 2707 467 2748 Deum
485 2705 726 2747 laudamus.
746 2707 803 2746 13.

456 197 526 231 Die
554 198 610 231 10.
635 197 752 231 Junii.
800 199 834 231 S.
862 197 1081 239 Margarita:
1108 198 1265 239 Reginae
1291 197 1432 231 Scotiae
1457 197 1606 231 Viduae.

1116 292 1184 332 Ad
1209 291 1341 332 Laud.
1371 292 1469 332 Ant.
1490 290 1634 332 Vestri
1653 289 1799 342 capilli
1817 291 1886 330 ea-

1057 347 1160 400 pitis
1187 359 1339 388 omnes
1365 346 1581 388 numerati
1607 351 1722 388 sunt:
1750 345 1887 393 nolite

1057 403 1226 444 timere:
1246 403 1395 444 multis
1409 402 1663 455 passeribus
1679 401 1887 444 meliores

1058 460 1164 501 estis
1183 472 1275 501 vos.

1117 513 1164 564 Nl.
1186 515 1481 557 Exsultabunt
1507 515 1646 557 sancti
1669 515 1714 556 in
1738 514 1888 566 glotia.

1066 576 1112 626 lx’g.
1135 571 1423 614 Laetabi'mtur
1442 572 1484 612 in
1505 570 1724 612 cubilibus
1743 570 1844 611 suis.

1316 675 1400 716 Die
1422 677 1486 716 10.
1505 675 1526 716 J
1532 675 1630 716 unii.

1101 736 1143 776 S.
1163 734 1460 785 Margaritae
1486 737 1666 786 Reginae
1686 736 1847 776 Scotiae

1392 793 1563 834 Viduae.

1349 851 1610 894 Semiduplex.

1118 908 1255 941 Omnia
1286 908 1332 942 de
1363 907 1567 941 Communi
1598 916 1668 940 nec
1692 905 1797 947 Virg.
1823 914 1893 938 nec

1063 957 1170 991 Mart.
1201 955 1274 998 [99]
1315 961 1455 999 praeter
1480 967 1585 998 sequ.

1401 1017 1565 1057 Oratio.

1064 1069 1244 1173 Deus,
1288 1068 1363 1120 qui
1398 1067 1575 1109 beatam
1609 1066 1891 1117 Margaritam

1164 1126 1359 1175 reginam
1395 1123 1553 1165 eximia
1589 1123 1633 1163 in
1670 1125 1892 1174 pauperes

1062 1180 1246 1222 caritate
1263 1179 1509 1222 mirabilem
1527 1178 1724 1220 effecisti:
1750 1178 1821 1227 da;
1844 1183 1893 1219 ut

1063 1236 1154 1287 ejus
1172 1236 1486 1278 intercessione
1510 1241 1554 1277 et
1573 1234 1793 1288 exemplo,
1818 1238 1894 1275 tua

1062 1293 1106 1333 in
1132 1292 1341 1334 cordibus
1365 1292 1527 1334 nostris
1553 1291 1713 1333 caritas
1738 1290 1894 1342 jugiter

1063 1351 1287 1399 augeatur.
1314 1349 1400 1390 Per
1418 1348 1669 1389 Dominum.

1118 1407 1160 1439 In
1190 1406 1217 1440 Ι.
1247 1406 1447 1440 Nocturno
1482 1405 1687 1439 Lectiones
1720 1403 1767 1438 de
1797 1402 1895 1438 Scri-

1066 1460 1178 1497 ptura
1204 1458 1437 1488 occurrente.

1298 1515 1347 1553 In
1368 1515 1419 1553 ΙΙ.
1439 1514 1662 1553 Nocturno.

1369 1579 1521 1619 Lectio
1542 1579 1595 1618 iv.

1124 1675 1132 1684 ,
1154 1640 1429 1697 argarita,
1465 1638 1698 1679 Scotorum
1733 1640 1897 1689 regina,

1236 1696 1423 1747 paterno
1440 1693 1612 1744 Angliae
1626 1706 1789 1744 regum,
1809 1707 1897 1735 ma-

1212 1750 1215 1761 *
1237 1752 1363 1793 terno
1412 1749 1637 1791 Caesarum
1686 1749 1897 1802 sanguine

1067 1808 1322 1856 clarissima,
1373 1806 1584 1847 illustrior
1629 1805 1774 1848 adhuc
1818 1806 1898 1848 fuit

1067 1864 1304 1906 christiana
1323 1862 1495 1903 virtute.
1527 1862 1639 1904 Haec
1656 1863 1701 1902 in
1719 1862 1898 1913 Hunga-

1067 1921 1131 1961 ria
1155 1924 1273 1968 nata,
1301 1918 1376 1960 ubi
1401 1923 1528 1970 pater
1553 1923 1659 1960 tunc
1684 1918 1898 1971 temporis

1068 1975 1315 2025 exsulabat,
1352 1979 1455 2027 post
1493 1976 1695 2016 exactam
1731 1987 1899 2015 summa

1069 2045 1168 2074 cum
1186 2032 1352 2085 pietate
1372 2029 1586 2082 puerilem
1605 2032 1794 2080 aetatem,
1813 2042 1900 2071 una

1069 2101 1168 2130 cum
1187 2087 1401 2140 genitore,
1422 2086 1496 2137 qui
1515 2098 1541 2126 a
1559 2091 1713 2128 sancto
1731 2085 1899 2128 Eduar-

1070 2143 1128 2186 do
1148 2146 1326 2197 patruo,
1346 2141 1592 2193 Anglorum
1610 2155 1730 2194 rege,
1749 2142 1807 2184 ad
1825 2155 1899 2195 pa-

1068 2201 1182 2242 terni
1201 2199 1324 2251 regni
1343 2198 1562 2249 fastigium
1581 2198 1901 2248 vocabatur,'in

1069 2257 1273 2308 Angliam
1286 2254 1417 2297 venit.
1444 2254 1551 2296 Mox
1569 2255 1812 2297 alternante
1826 2260 1900 2308 pa-

1070 2316 1240 2355 rentum
1265 2312 1456 2360 fortflna,
1484 2323 1538 2352 ex
1556 2311 1730 2362 Angliae
1752 2311 1901 2353 littore

1070 2369 1264 2418 solvens,
1310 2368 1353 2409 vi
1389 2368 1668 2420 tempestatis
1705 2366 1900 2420 expulsa,

1071 2439 1149 2467 seu
1163 2425 1308 2467 verius
1323 2423 1483 2465 divinae
1498 2422 1789 2476 providentiae
1801 2435 1900 2464 con-

1071 2482 1169 2523 silio
1199 2479 1390 2522 dedacta
1418 2485 1486 2521 est
1512 2480 1556 2520 in
1590 2492 1713 2521 oram
1739 2478 1901 2520 mariti-

1070 2551 1187 2579 mam
1211 2537 1382 2578 Scotiae.
1437 2535 1506 2578 Ibi
1538 2548 1637 2576 cum
1669 2548 1723 2576 ex
1749 2535 1902 2576 matris

1071 2593 1257 2646 imperio
1290 2591 1556 2633 Malcholmo
1587 2591 1717 2633 tertio
1750 2591 1901 2632 Scoto-

1072 2662 1168 2690 rum
1188 2649 1294 2700 regi‚
1320 2647 1506 2698 egregiis
1526 2648 1617 2699 ejus
1637 2646 1814 2688 dotibus
1834 2659 1901 2687 ca-

1072 2710 1161 2757 pto,
1180 2707 1413 2756 nupsisset,
1433 2703 1731 2745 sanctimoniae
1746 2715 1799 2744 ac
1812 2703 1902 2754 pie-
