<?xml version="1.0" encoding="UTF-8"?>
<!DOCTYPE html PUBLIC "-//W3C//DTD XHTML 1.0 Transitional//EN"
    "http://www.w3.org/TR/xhtml1/DTD/xhtml1-transitional.dtd">
<html xmlns="http://www.w3.org/1999/xhtml" xml:lang="en" lang="en">
 <head>
  <title>
</title>
<meta http-equiv="Content-Type" content="text/html;charset=utf-8" />
  <meta name='ocr-system' content='tesseract 3.04.00' />
  <meta name='ocr-capabilities' content='ocr_page ocr_carea ocr_par ocr_line ocrx_word'/>
</head>
<body>
  <div class='ocr_page' id='page_1' title='image "./p3breviariumroma00cathuoft_0351.png"; bbox 0 0 2040 2976; ppageno 0'>
   <div class='ocr_carea' id='block_1_1' title="bbox 485 171 854 205">
    <p class='ocr_par' dir='ltr' id='par_1_1' title="bbox 485 171 854 205">
     <span class='ocr_line' id='line_1_1' title="bbox 485 171 854 205; baseline -0.003 0"><span class='ocrx_word' id='word_1_1' title='bbox 485 172 555 205; x_wconf 83' lang='lat' dir='ltr'>Die</span> <span class='ocrx_word' id='word_1_2' title='bbox 579 174 608 205; x_wconf 70' lang='lat'>2.</span> <span class='ocrx_word' id='word_1_3' title='bbox 635 172 751 205; x_wconf 80' lang='lat' dir='ltr'>Junii.</span> <span class='ocrx_word' id='word_1_4' title='bbox 798 171 854 205; x_wconf 77' lang='lat' dir='ltr'>Ss.</span> 
     </span>
    </p>
   </div>
   <div class='ocr_carea' id='block_1_2' title="bbox 883 172 1512 216">
    <p class='ocr_par' dir='ltr' id='par_1_2' title="bbox 883 172 1512 216">
     <span class='ocr_line' id='line_1_2' title="bbox 883 172 1512 216; baseline 0.002 -11"><span class='ocrx_word' id='word_1_5' title='bbox 883 172 1095 205; x_wconf 73' lang='lat' dir='ltr'>Marcellini</span> <span class='ocrx_word' id='word_1_6' title='bbox 1122 177 1157 205; x_wconf 74' lang='lat' dir='ltr'>ct</span> <span class='ocrx_word' id='word_1_7' title='bbox 1183 174 1267 206; x_wconf 62' lang='lat' dir='ltr'>Soc.</span> <span class='ocrx_word' id='word_1_8' title='bbox 1292 173 1512 216; x_wconf 65' lang='lat' dir='ltr'>Martyrum.</span> 
     </span>
    </p>
   </div>
   <div class='ocr_carea' id='block_1_3' title="bbox 1797 170 1862 206">
    <p class='ocr_par' dir='ltr' id='par_1_3' title="bbox 1797 170 1862 206">
     <span class='ocr_line' id='line_1_3' title="bbox 1797 170 1862 206; baseline -0.015 0"><span class='ocrx_word' id='word_1_9' title='bbox 1797 170 1862 206; x_wconf 88' lang='grc'>321</span> 
     </span>
    </p>
   </div>
   <div class='ocr_carea' id='block_1_4' title="bbox 147 228 1869 252">
    <p class='ocr_par' dir='ltr' id='par_1_4' title="bbox 147 228 1869 252">
     <span class='ocr_line' id='line_1_4' title="bbox 147 228 1869 252; baseline 0 2724"><span class='ocrx_word' id='word_1_10' title='bbox 147 228 1869 252; x_wconf 95' lang='lat' dir='ltr'> </span> 
     </span>
    </p>
   </div>
   <div class='ocr_carea' id='block_1_5' title="bbox 149 271 982 1106">
    <p class='ocr_par' dir='ltr' id='par_1_5' title="bbox 151 271 982 709">
     <span class='ocr_line' id='line_1_5' title="bbox 432 271 709 308; baseline -0.004 0"><span class='ocrx_word' id='word_1_11' title='bbox 432 271 501 308; x_wconf 90' lang='lat' dir='ltr'>Ad</span> <span class='ocrx_word' id='word_1_12' title='bbox 524 271 709 307; x_wconf 86' lang='lat' dir='ltr'><strong>Nonam.</strong></span> 
     </span>
     <span class='ocr_line' id='line_1_6' title="bbox 200 322 557 363; baseline -0.008 0"><span class='ocrx_word' id='word_1_13' title='bbox 200 323 300 363; x_wconf 87' lang='lat' dir='ltr'>Ant.</span> <span class='ocrx_word' id='word_1_14' title='bbox 340 322 454 362; x_wconf 88' lang='lat' dir='ltr'>Pone</span> <span class='ocrx_word' id='word_1_15' title='bbox 474 331 557 361; x_wconf 90' lang='lat' dir='ltr'>me.</span> 
     </span>
     <span class='ocr_line' id='line_1_7' title="bbox 254 383 873 434; baseline 0 -12"><span class='ocrx_word' id='word_1_16' title='bbox 254 383 514 434; x_wconf 79' lang='lat' dir='ltr'>Capitulum.</span> <span class='ocrx_word' id='word_1_17' title='bbox 670 384 797 424; x_wconf 84' lang='lat' dir='ltr'>Isaiae</span> <span class='ocrx_word' id='word_1_18' title='bbox 817 384 873 423; x_wconf 80' lang='lat'>12.</span> 
     </span>
     <span class='ocr_line' id='line_1_8' title="bbox 229 438 982 492; baseline -0.007 -10"><span class='ocrx_word' id='word_1_19' title='bbox 229 443 375 483; x_wconf 86' lang='lat' dir='ltr'>antate</span> <span class='ocrx_word' id='word_1_20' title='bbox 390 440 582 482; x_wconf 79' lang='lat' dir='ltr'>Demino</span> <span class='ocrx_word' id='word_1_21' title='bbox 599 439 807 492; x_wconf 81' lang='lat' dir='ltr'>queniam</span> <span class='ocrx_word' id='word_1_22' title='bbox 821 438 982 488; x_wconf 87' lang='lat' dir='ltr'>magni-</span> 
     </span>
     <span class='ocr_line' id='line_1_9' title="bbox 227 494 982 546; baseline -0.007 -7"><span class='ocrx_word' id='word_1_23' title='bbox 227 521 230 525; x_wconf 40' lang='lat'><em>*</em></span> <span class='ocrx_word' id='word_1_24' title='bbox 258 497 342 539; x_wconf 91' lang='lat' dir='ltr'>fice</span> <span class='ocrx_word' id='word_1_25' title='bbox 378 497 498 546; x_wconf 89' lang='lat' dir='ltr'>fecit,</span> <span class='ocrx_word' id='word_1_26' title='bbox 535 496 788 538; x_wconf 86' lang='lat' dir='ltr'>annuntiate</span> <span class='ocrx_word' id='word_1_27' title='bbox 819 494 905 536; x_wconf 90' lang='lat' dir='ltr'>hoc</span> <span class='ocrx_word' id='word_1_28' title='bbox 937 494 982 534; x_wconf 91' lang='lat' dir='ltr'>in</span> 
     </span>
     <span class='ocr_line' id='line_1_10' title="bbox 151 549 982 596; baseline -0.007 0"><span class='ocrx_word' id='word_1_29' title='bbox 151 555 356 596; x_wconf 87' lang='lat' dir='ltr'>universa</span> <span class='ocrx_word' id='word_1_30' title='bbox 385 559 514 595; x_wconf 88' lang='lat' dir='ltr'>terra.</span> <span class='ocrx_word' id='word_1_31' title='bbox 558 552 744 593; x_wconf 78' lang='lat' dir='ltr'>Exsulta</span> <span class='ocrx_word' id='word_1_32' title='bbox 777 555 820 592; x_wconf 90' lang='lat' dir='ltr'>et</span> <span class='ocrx_word' id='word_1_33' title='bbox 851 549 982 591; x_wconf 90' lang='lat' dir='ltr'>lauda</span> 
     </span>
     <span class='ocr_line' id='line_1_11' title="bbox 151 606 980 661; baseline -0.007 -9"><span class='ocrx_word' id='word_1_34' title='bbox 151 610 367 652; x_wconf 88' lang='lat' dir='ltr'>habitatio</span> <span class='ocrx_word' id='word_1_35' title='bbox 386 610 502 659; x_wconf 88' lang='lat' dir='ltr'>Sion,</span> <span class='ocrx_word' id='word_1_36' title='bbox 519 608 622 661; x_wconf 92' lang='lat' dir='ltr'>quia</span> <span class='ocrx_word' id='word_1_37' title='bbox 636 620 820 659; x_wconf 87' lang='lat' dir='ltr'>magnus</span> <span class='ocrx_word' id='word_1_38' title='bbox 835 606 880 647; x_wconf 93' lang='lat' dir='ltr'>in</span> <span class='ocrx_word' id='word_1_39' title='bbox 894 607 980 647; x_wconf 90' lang='lat' dir='ltr'>me-</span> 
     </span>
     <span class='ocr_line' id='line_1_12' title="bbox 152 665 673 709; baseline -0.008 0"><span class='ocrx_word' id='word_1_40' title='bbox 152 666 225 709; x_wconf 92' lang='lat' dir='ltr'>dio</span> <span class='ocrx_word' id='word_1_41' title='bbox 245 667 309 709; x_wconf 93' lang='lat' dir='ltr'>tui</span> <span class='ocrx_word' id='word_1_42' title='bbox 327 671 504 708; x_wconf 89' lang='lat' dir='ltr'>sanctus</span> <span class='ocrx_word' id='word_1_43' title='bbox 523 665 673 706; x_wconf 79' lang='lat' dir='ltr'>Israel.</span> 
     </span>
    </p>

    <p class='ocr_par' dir='ltr' id='par_1_6' title="bbox 150 723 981 945">
     <span class='ocr_line' id='line_1_13' title="bbox 203 723 980 781; baseline -0.008 -12"><span class='ocrx_word' id='word_1_44' title='bbox 203 730 253 781; x_wconf 88' lang='lat' dir='ltr'>R.</span> <span class='ocrx_word' id='word_1_45' title='bbox 278 728 338 769; x_wconf 91' lang='lat' dir='ltr'>br</span> <span class='ocrx_word' id='word_1_46' title='bbox 370 726 510 778; x_wconf 87' lang='lat' dir='ltr'>Dirup</span> <span class='ocrx_word' id='word_1_47' title='bbox 513 725 586 767; x_wconf 89' lang='lat' dir='ltr'>isti</span> <span class='ocrx_word' id='word_1_48' title='bbox 608 724 808 774; x_wconf 83' lang='lat' dir='ltr'>Demine‚</span> <span class='ocrx_word' id='word_1_49' title='bbox 830 731 853 753; x_wconf 90' lang='lat'>*</span> <span class='ocrx_word' id='word_1_50' title='bbox 876 723 980 764; x_wconf 89' lang='lat' dir='ltr'>Vin-</span> 
     </span>
     <span class='ocr_line' id='line_1_14' title="bbox 152 770 980 834; baseline -0.006 -10"><span class='ocrx_word' id='word_1_51' title='bbox 152 770 251 824; x_wconf 79' lang='lat' dir='ltr'>cula</span> <span class='ocrx_word' id='word_1_52' title='bbox 267 795 377 824; x_wconf 89' lang='lat' dir='ltr'>mea.</span> <span class='ocrx_word' id='word_1_53' title='bbox 403 781 630 834; x_wconf 90' lang='lat' dir='ltr'>Dirupisti.</span> <span class='ocrx_word' id='word_1_54' title='bbox 655 778 706 829; x_wconf 57' lang='lat' dir='ltr'>X.</span> <span class='ocrx_word' id='word_1_55' title='bbox 731 779 833 821; x_wconf 92' lang='lat' dir='ltr'>Tibi</span> <span class='ocrx_word' id='word_1_56' title='bbox 852 779 980 820; x_wconf 90' lang='lat' dir='ltr'>saeri-</span> 
     </span>
     <span class='ocr_line' id='line_1_15' title="bbox 151 835 981 881; baseline -0.006 0"><span class='ocrx_word' id='word_1_57' title='bbox 151 838 297 881; x_wconf 88' lang='lat' dir='ltr'>ficabo</span> <span class='ocrx_word' id='word_1_58' title='bbox 342 837 536 880; x_wconf 82' lang='lat' dir='ltr'>hestiam</span> <span class='ocrx_word' id='word_1_59' title='bbox 580 836 734 879; x_wconf 80' lang='lat' dir='ltr'>laudis</span> <span class='ocrx_word' id='word_1_60' title='bbox 793 835 981 878; x_wconf 84' lang='lat' dir='ltr'>Vincula</span> 
     </span>
     <span class='ocr_line' id='line_1_16' title="bbox 150 893 845 945; baseline -0.003 -10"><span class='ocrx_word' id='word_1_61' title='bbox 150 907 258 937; x_wconf 89' lang='lat' dir='ltr'>mea.</span> <span class='ocrx_word' id='word_1_62' title='bbox 291 894 441 936; x_wconf 83' lang='lat' dir='ltr'>Gloria</span> <span class='ocrx_word' id='word_1_63' title='bbox 459 893 590 935; x_wconf 82' lang='lat' dir='ltr'>Patri.</span> <span class='ocrx_word' id='word_1_64' title='bbox 618 893 845 945; x_wconf 83' lang='lat' dir='ltr'>Dirupisti.</span> 
     </span>
    </p>

    <p class='ocr_par' dir='ltr' id='par_1_7' title="bbox 149 948 981 1106">
     <span class='ocr_line' id='line_1_17' title="bbox 200 948 981 1000; baseline -0.005 -7"><span class='ocrx_word' id='word_1_65' title='bbox 200 948 251 1000; x_wconf 61' lang='lat' dir='ltr'>V.</span> <span class='ocrx_word' id='word_1_66' title='bbox 296 951 393 992; x_wconf 85' lang='lat' dir='ltr'>Erit</span> <span class='ocrx_word' id='word_1_67' title='bbox 419 950 634 991; x_wconf 79' lang='lat' dir='ltr'>Deminus</span> <span class='ocrx_word' id='word_1_68' title='bbox 661 949 910 990; x_wconf 90' lang='lat' dir='ltr'>nominatus</span> <span class='ocrx_word' id='word_1_69' title='bbox 937 949 981 989; x_wconf 93' lang='lat' dir='ltr'>in</span> 
     </span>
     <span class='ocr_line' id='line_1_18' title="bbox 150 1005 981 1058; baseline -0.002 -10"><span class='ocrx_word' id='word_1_70' title='bbox 150 1008 323 1058; x_wconf 88' lang='lat' dir='ltr'>signum</span> <span class='ocrx_word' id='word_1_71' title='bbox 336 1009 560 1049; x_wconf 83' lang='lat' dir='ltr'>aeternum.</span> <span class='ocrx_word' id='word_1_72' title='bbox 584 1011 635 1050; x_wconf 82' lang='lat' dir='ltr'>R·.</span> <span class='ocrx_word' id='word_1_73' title='bbox 653 1005 784 1056; x_wconf 89' lang='lat' dir='ltr'>Quod</span> <span class='ocrx_word' id='word_1_74' title='bbox 802 1018 891 1047; x_wconf 94' lang='lat' dir='ltr'>non</span> <span class='ocrx_word' id='word_1_75' title='bbox 910 1018 981 1046; x_wconf 88' lang='lat' dir='ltr'>au-</span> 
     </span>
     <span class='ocr_line' id='line_1_19' title="bbox 149 1063 323 1106; baseline 0 -2"><span class='ocrx_word' id='word_1_76' title='bbox 149 1063 323 1106; x_wconf 88' lang='lat' dir='ltr'>feretur.</span> 
     </span>
    </p>
   </div>
   <div class='ocr_carea' id='block_1_6' title="bbox 148 1135 981 1753">
    <p class='ocr_par' dir='ltr' id='par_1_8' title="bbox 351 1135 779 1187">
     <span class='ocr_line' id='line_1_20' title="bbox 351 1135 779 1187; baseline -0.005 -9"><span class='ocrx_word' id='word_1_77' title='bbox 351 1137 413 1178; x_wconf 88' lang='lat' dir='ltr'>In</span> <span class='ocrx_word' id='word_1_78' title='bbox 438 1137 501 1178; x_wconf 89' lang='lat'>11.</span> <span class='ocrx_word' id='word_1_79' title='bbox 525 1135 779 1187; x_wconf 82' lang='lat' dir='ltr'><strong>vesperis.</strong></span> 
     </span>
    </p>

    <p class='ocr_par' dir='ltr' id='par_1_9' title="bbox 150 1201 979 1295">
     <span class='ocr_line' id='line_1_21' title="bbox 201 1201 979 1258; baseline 0.004 -21"><span class='ocrx_word' id='word_1_80' title='bbox 201 1204 338 1258; x_wconf 80' lang='lat' dir='ltr'>Omnia</span> <span class='ocrx_word' id='word_1_81' title='bbox 374 1211 415 1239; x_wconf 84' lang='lat' dir='ltr'>ut</span> <span class='ocrx_word' id='word_1_82' title='bbox 448 1206 487 1239; x_wconf 89' lang='lat' dir='ltr'>in</span> <span class='ocrx_word' id='word_1_83' title='bbox 520 1206 546 1240; x_wconf 89' lang='grc' dir='ltr'>Ι.</span> <span class='ocrx_word' id='word_1_84' title='bbox 580 1207 697 1250; x_wconf 66' lang='lat' dir='ltr'>Vcsp.</span> <span class='ocrx_word' id='word_1_85' title='bbox 730 1201 805 1236; x_wconf 86' lang='lat'>315·</span> <span class='ocrx_word' id='word_1_86' title='bbox 838 1212 979 1249; x_wconf 63' lang='lat' dir='ltr'>praeter</span> 
     </span>
     <span class='ocr_line' id='line_1_22' title="bbox 150 1258 361 1295; baseline 0.005 -10"><span class='ocrx_word' id='word_1_87' title='bbox 150 1258 361 1295; x_wconf 73' lang='lat' dir='ltr'>sequentia.</span> 
     </span>
    </p>

    <p class='ocr_par' dir='ltr' id='par_1_10' title="bbox 148 1299 980 1410">
     <span class='ocr_line' id='line_1_23' title="bbox 200 1299 980 1354; baseline -0.003 -11"><span class='ocrx_word' id='word_1_88' title='bbox 200 1299 250 1349; x_wconf 66' lang='lat' dir='ltr'>V.</span> <span class='ocrx_word' id='word_1_89' title='bbox 283 1301 507 1343; x_wconf 88' lang='lat' dir='ltr'>Haurietis</span> <span class='ocrx_word' id='word_1_90' title='bbox 548 1314 686 1354; x_wconf 88' lang='lat' dir='ltr'>aquas</span> <span class='ocrx_word' id='word_1_91' title='bbox 726 1301 771 1341; x_wconf 92' lang='lat' dir='ltr'>in</span> <span class='ocrx_word' id='word_1_92' title='bbox 806 1299 980 1352; x_wconf 81' lang='lat' dir='ltr'>gaudio.</span> 
     </span>
     <span class='ocr_line' id='line_1_24' title="bbox 148 1357 777 1410; baseline 0 -12"><span class='ocrx_word' id='word_1_93' title='bbox 148 1359 198 1410; x_wconf 51' lang='lat' dir='ltr'>Ra</span> <span class='ocrx_word' id='word_1_94' title='bbox 228 1358 297 1400; x_wconf 90' lang='lat' dir='ltr'>De</span> <span class='ocrx_word' id='word_1_95' title='bbox 315 1357 508 1400; x_wconf 84' lang='lat' dir='ltr'>fentibus</span> <span class='ocrx_word' id='word_1_96' title='bbox 527 1357 777 1399; x_wconf 83' lang='lat' dir='ltr'>Salvatoris.</span> 
     </span>
    </p>

    <p class='ocr_par' dir='ltr' id='par_1_11' title="bbox 149 1417 981 1753">
     <span class='ocr_line' id='line_1_25' title="bbox 199 1417 981 1472; baseline -0.001 -13"><span class='ocrx_word' id='word_1_97' title='bbox 199 1419 271 1459; x_wconf 92' lang='lat' dir='ltr'>Ad</span> <span class='ocrx_word' id='word_1_98' title='bbox 299 1420 471 1470; x_wconf 74' lang='lat' dir='ltr'>Magnifi</span> <span class='ocrx_word' id='word_1_99' title='bbox 504 1420 686 1472; x_wconf 79' lang='lat' dir='ltr'>Antiph.</span> <span class='ocrx_word' id='word_1_100' title='bbox 737 1417 804 1459; x_wconf 84' lang='lat' dir='ltr'>Ad</span> <span class='ocrx_word' id='word_1_101' title='bbox 830 1418 981 1459; x_wconf 85' lang='lat' dir='ltr'>Jesum</span> 
     </span>
     <span class='ocr_line' id='line_1_26' title="bbox 149 1473 980 1524; baseline -0.001 -8"><span class='ocrx_word' id='word_1_102' title='bbox 149 1478 297 1516; x_wconf 88' lang='lat' dir='ltr'>autem</span> <span class='ocrx_word' id='word_1_103' title='bbox 321 1487 420 1516; x_wconf 92' lang='lat' dir='ltr'>cum</span> <span class='ocrx_word' id='word_1_104' title='bbox 446 1475 678 1524; x_wconf 87' lang='lat' dir='ltr'>venissent,</span> <span class='ocrx_word' id='word_1_105' title='bbox 704 1478 753 1515; x_wconf 91' lang='lat' dir='ltr'>ut</span> <span class='ocrx_word' id='word_1_106' title='bbox 775 1473 980 1515; x_wconf 89' lang='lat' dir='ltr'>viderunt</span> 
     </span>
     <span class='ocr_line' id='line_1_27' title="bbox 149 1530 981 1583; baseline -0.001 -11"><span class='ocrx_word' id='word_1_107' title='bbox 149 1543 249 1572; x_wconf 92' lang='lat' dir='ltr'>eum</span> <span class='ocrx_word' id='word_1_108' title='bbox 271 1531 357 1583; x_wconf 90' lang='lat' dir='ltr'>jam</span> <span class='ocrx_word' id='word_1_109' title='bbox 380 1532 620 1579; x_wconf 81' lang='lat' dir='ltr'>mertuum,</span> <span class='ocrx_word' id='word_1_110' title='bbox 644 1542 733 1571; x_wconf 91' lang='lat' dir='ltr'>non</span> <span class='ocrx_word' id='word_1_111' title='bbox 758 1530 981 1580; x_wconf 87' lang='lat' dir='ltr'>fregerunt</span> 
     </span>
     <span class='ocr_line' id='line_1_28' title="bbox 150 1585 979 1639; baseline -0.001 -11"><span class='ocrx_word' id='word_1_112' title='bbox 150 1587 240 1639; x_wconf 88' lang='lat' dir='ltr'>ejus</span> <span class='ocrx_word' id='word_1_113' title='bbox 266 1599 409 1628; x_wconf 89' lang='lat' dir='ltr'>crura:</span> <span class='ocrx_word' id='word_1_114' title='bbox 438 1585 518 1628; x_wconf 88' lang='lat' dir='ltr'>sed</span> <span class='ocrx_word' id='word_1_115' title='bbox 542 1599 654 1628; x_wconf 90' lang='lat' dir='ltr'>unus</span> <span class='ocrx_word' id='word_1_116' title='bbox 679 1586 866 1628; x_wconf 87' lang='lat' dir='ltr'>militum</span> <span class='ocrx_word' id='word_1_117' title='bbox 890 1586 979 1627; x_wconf 89' lang='lat' dir='ltr'>lan-</span> 
     </span>
     <span class='ocr_line' id='line_1_29' title="bbox 150 1642 979 1697; baseline -0.001 -12"><span class='ocrx_word' id='word_1_118' title='bbox 150 1655 228 1685; x_wconf 87' lang='lat' dir='ltr'>cea</span> <span class='ocrx_word' id='word_1_119' title='bbox 247 1642 366 1697; x_wconf 74' lang='lat' dir='ltr'>latus</span> <span class='ocrx_word' id='word_1_120' title='bbox 390 1644 481 1696; x_wconf 88' lang='lat' dir='ltr'>ejus</span> <span class='ocrx_word' id='word_1_121' title='bbox 504 1643 685 1696; x_wconf 87' lang='lat' dir='ltr'>aperuit,</span> <span class='ocrx_word' id='word_1_122' title='bbox 705 1649 749 1685; x_wconf 92' lang='lat' dir='ltr'>et</span> <span class='ocrx_word' id='word_1_123' title='bbox 770 1646 979 1685; x_wconf 85' lang='lat' dir='ltr'>continuo</span> 
     </span>
     <span class='ocr_line' id='line_1_30' title="bbox 149 1700 686 1753; baseline 0.002 -13"><span class='ocrx_word' id='word_1_124' title='bbox 149 1700 283 1742; x_wconf 85' lang='lat' dir='ltr'>exivit</span> <span class='ocrx_word' id='word_1_125' title='bbox 301 1700 478 1752; x_wconf 88' lang='lat' dir='ltr'>sanguis</span> <span class='ocrx_word' id='word_1_126' title='bbox 498 1705 542 1741; x_wconf 92' lang='lat' dir='ltr'>et</span> <span class='ocrx_word' id='word_1_127' title='bbox 561 1712 686 1753; x_wconf 91' lang='lat' dir='ltr'>aqua.</span> 
     </span>
    </p>
   </div>
   <div class='ocr_carea' id='block_1_7' title="bbox 148 1863 978 2036">
    <p class='ocr_par' dir='ltr' id='par_1_12' title="bbox 148 1863 978 2036">
     <span class='ocr_line' id='line_1_31' title="bbox 332 1863 798 1935; baseline 0.009 -13"><span class='ocrx_word' id='word_1_128' title='bbox 332 1863 558 1924; x_wconf 66' lang='lat' dir='ltr'>FESTA</span> <span class='ocrx_word' id='word_1_129' title='bbox 590 1864 798 1935; x_wconf 69' lang='lat' dir='ltr'>JUNH.</span> 
     </span>
     <span class='ocr_line' id='line_1_32' title="bbox 199 1953 978 1998; baseline 0.004 -11"><span class='ocrx_word' id='word_1_130' title='bbox 199 1953 329 1987; x_wconf 87' lang='lat' dir='ltr'>Prima</span> <span class='ocrx_word' id='word_1_131' title='bbox 354 1954 416 1988; x_wconf 86' lang='lat' dir='ltr'>die</span> <span class='ocrx_word' id='word_1_132' title='bbox 440 1964 518 1988; x_wconf 91' lang='lat' dir='ltr'>non</span> <span class='ocrx_word' id='word_1_133' title='bbox 544 1954 731 1998; x_wconf 79' lang='lat' dir='ltr'>impedita</span> <span class='ocrx_word' id='word_1_134' title='bbox 754 1956 895 1990; x_wconf 81' lang='lat' dir='ltr'>dicitur</span> <span class='ocrx_word' id='word_1_135' title='bbox 918 1957 978 1990; x_wconf 78' lang='lat' dir='ltr'>Ol·-</span> 
     </span>
     <span class='ocr_line' id='line_1_33' title="bbox 148 2001 590 2036; baseline 0.005 -2"><span class='ocrx_word' id='word_1_136' title='bbox 148 2001 277 2035; x_wconf 89' lang='lat' dir='ltr'>ficium</span> <span class='ocrx_word' id='word_1_137' title='bbox 300 2001 590 2036; x_wconf 85' lang='lat' dir='ltr'>Defunctorum.</span> 
     </span>
    </p>
   </div>
   <div class='ocr_carea' id='block_1_8' title="bbox 485 2064 643 2078">
    <p class='ocr_par' dir='ltr' id='par_1_13' title="bbox 485 2064 643 2078">
     <span class='ocr_line' id='line_1_34' title="bbox 485 2064 643 2078; baseline 0 -1"><span class='ocrx_word' id='word_1_138' title='bbox 485 2064 643 2078; x_wconf 63' lang='lat'>——000—</span> 
     </span>
    </p>
   </div>
   <div class='ocr_carea' id='block_1_9' title="bbox 420 2114 707 2156">
    <p class='ocr_par' dir='ltr' id='par_1_14' title="bbox 420 2114 707 2156">
     <span class='ocr_line' id='line_1_35' title="bbox 420 2114 707 2156; baseline 0 -1"><span class='ocrx_word' id='word_1_139' title='bbox 420 2114 506 2156; x_wconf 90' lang='lat' dir='ltr'>Die</span> <span class='ocrx_word' id='word_1_140' title='bbox 524 2115 561 2155; x_wconf 88' lang='lat'>2.</span> <span class='ocrx_word' id='word_1_141' title='bbox 579 2114 605 2155; x_wconf 89' lang='lat' dir='ltr'><strong>J</strong></span> <span class='ocrx_word' id='word_1_142' title='bbox 606 2114 707 2155; x_wconf 92' lang='lat' dir='ltr'>unii.</span> 
     </span>
    </p>
   </div>
   <div class='ocr_carea' id='block_1_10' title="bbox 149 2177 980 2729">
    <p class='ocr_par' dir='ltr' id='par_1_15' title="bbox 201 2177 926 2283">
     <span class='ocr_line' id='line_1_36' title="bbox 201 2177 926 2230; baseline 0.001 -11"><span class='ocrx_word' id='word_1_143' title='bbox 201 2178 270 2220; x_wconf 85' lang='lat' dir='ltr'>Ss.</span> <span class='ocrx_word' id='word_1_144' title='bbox 294 2177 593 2227; x_wconf 82' lang='lat' dir='ltr'>Marcellini,</span> <span class='ocrx_word' id='word_1_145' title='bbox 616 2177 769 2227; x_wconf 77' lang='lat' dir='ltr'>Petri,</span> <span class='ocrx_word' id='word_1_146' title='bbox 793 2184 926 2230; x_wconf 83' lang='lat' dir='ltr'>atque</span> 
     </span>
     <span class='ocr_line' id='line_1_37' title="bbox 330 2232 796 2283; baseline -0.002 -9"><span class='ocrx_word' id='word_1_147' title='bbox 330 2233 528 2274; x_wconf 83' lang='lat' dir='ltr'>Erasmi</span> <span class='ocrx_word' id='word_1_148' title='bbox 544 2232 796 2283; x_wconf 84' lang='lat' dir='ltr'>Martyrum.</span> 
     </span>
    </p>

    <p class='ocr_par' dir='ltr' id='par_1_16' title="bbox 149 2292 980 2569">
     <span class='ocr_line' id='line_1_38' title="bbox 202 2292 979 2345; baseline 0.005 -12"><span class='ocrx_word' id='word_1_149' title='bbox 202 2292 274 2334; x_wconf 86' lang='lat' dir='ltr'>Ad</span> <span class='ocrx_word' id='word_1_150' title='bbox 288 2293 423 2345; x_wconf 89' lang='lat' dir='ltr'>Vesp.</span> <span class='ocrx_word' id='word_1_151' title='bbox 447 2293 546 2335; x_wconf 90' lang='lat' dir='ltr'>Ant.</span> <span class='ocrx_word' id='word_1_152' title='bbox 569 2296 759 2337; x_wconf 80' lang='lat' dir='ltr'>Istorum</span> <span class='ocrx_word' id='word_1_153' title='bbox 778 2300 845 2337; x_wconf 88' lang='lat' dir='ltr'>est</span> <span class='ocrx_word' id='word_1_154' title='bbox 864 2296 979 2337; x_wconf 91' lang='lat' dir='ltr'>enim</span> 
     </span>
     <span class='ocr_line' id='line_1_39' title="bbox 149 2350 978 2404; baseline 0.001 -12"><span class='ocrx_word' id='word_1_155' title='bbox 149 2363 332 2402; x_wconf 89' lang='lat' dir='ltr'>regnum</span> <span class='ocrx_word' id='word_1_156' title='bbox 356 2350 581 2400; x_wconf 82' lang='lat' dir='ltr'>coelorum,</span> <span class='ocrx_word' id='word_1_157' title='bbox 605 2351 682 2403; x_wconf 92' lang='lat' dir='ltr'>qui</span> <span class='ocrx_word' id='word_1_158' title='bbox 705 2354 978 2404; x_wconf 86' lang='lat' dir='ltr'>contempse-</span> 
     </span>
     <span class='ocr_line' id='line_1_40' title="bbox 149 2406 980 2459; baseline 0 -10"><span class='ocrx_word' id='word_1_159' title='bbox 149 2412 249 2449; x_wconf 88' lang='lat' dir='ltr'>runt</span> <span class='ocrx_word' id='word_1_160' title='bbox 273 2407 408 2448; x_wconf 88' lang='lat' dir='ltr'>vitam</span> <span class='ocrx_word' id='word_1_161' title='bbox 430 2406 591 2456; x_wconf 90' lang='lat' dir='ltr'>mundi,</span> <span class='ocrx_word' id='word_1_162' title='bbox 617 2411 661 2448; x_wconf 90' lang='lat' dir='ltr'>et</span> <span class='ocrx_word' id='word_1_163' title='bbox 683 2409 980 2459; x_wconf 88' lang='lat' dir='ltr'>pervenerunt</span> 
     </span>
     <span class='ocr_line' id='line_1_41' title="bbox 150 2462 979 2515; baseline 0.001 -11"><span class='ocrx_word' id='word_1_164' title='bbox 150 2462 208 2504; x_wconf 87' lang='lat' dir='ltr'>ad</span> <span class='ocrx_word' id='word_1_165' title='bbox 221 2463 404 2515; x_wconf 76' lang='lat' dir='ltr'>praemia</span> <span class='ocrx_word' id='word_1_166' title='bbox 418 2462 552 2513; x_wconf 84' lang='lat' dir='ltr'>regni,</span> <span class='ocrx_word' id='word_1_167' title='bbox 568 2466 611 2504; x_wconf 91' lang='lat' dir='ltr'>et</span> <span class='ocrx_word' id='word_1_168' title='bbox 626 2462 827 2505; x_wconf 88' lang='lat' dir='ltr'>laverunt</span> <span class='ocrx_word' id='word_1_169' title='bbox 840 2463 979 2505; x_wconf 86' lang='lat' dir='ltr'>stolas</span> 
     </span>
     <span class='ocr_line' id='line_1_42' title="bbox 151 2518 693 2569; baseline -0.002 -9"><span class='ocrx_word' id='word_1_170' title='bbox 151 2531 254 2560; x_wconf 89' lang='lat' dir='ltr'>suas</span> <span class='ocrx_word' id='word_1_171' title='bbox 273 2519 318 2559; x_wconf 91' lang='lat' dir='ltr'>in</span> <span class='ocrx_word' id='word_1_172' title='bbox 337 2518 547 2569; x_wconf 86' lang='lat' dir='ltr'>sanguine</span> <span class='ocrx_word' id='word_1_173' title='bbox 566 2518 693 2569; x_wconf 82' lang='lat' dir='ltr'>Agni.</span> 
     </span>
    </p>

    <p class='ocr_par' dir='ltr' id='par_1_17' title="bbox 150 2572 979 2729">
     <span class='ocr_line' id='line_1_43' title="bbox 203 2572 979 2624; baseline 0 -8"><span class='ocrx_word' id='word_1_174' title='bbox 203 2572 252 2623; x_wconf 65' lang='lat' dir='ltr'>V.</span> <span class='ocrx_word' id='word_1_175' title='bbox 280 2574 511 2615; x_wconf 90' lang='lat' dir='ltr'>Laetamini</span> <span class='ocrx_word' id='word_1_176' title='bbox 539 2575 584 2614; x_wconf 90' lang='lat' dir='ltr'>in</span> <span class='ocrx_word' id='word_1_177' title='bbox 608 2574 812 2624; x_wconf 80' lang='lat' dir='ltr'>Domino,</span> <span class='ocrx_word' id='word_1_178' title='bbox 839 2580 883 2617; x_wconf 90' lang='lat' dir='ltr'>et</span> <span class='ocrx_word' id='word_1_179' title='bbox 909 2587 979 2616; x_wconf 85' lang='lat' dir='ltr'>ex-</span> 
     </span>
     <span class='ocr_line' id='line_1_44' title="bbox 151 2630 979 2683; baseline 0.001 -11"><span class='ocrx_word' id='word_1_180' title='bbox 151 2630 312 2672; x_wconf 83' lang='lat' dir='ltr'>sultate</span> <span class='ocrx_word' id='word_1_181' title='bbox 340 2631 451 2682; x_wconf 84' lang='lat' dir='ltr'>iusti.</span> <span class='ocrx_word' id='word_1_182' title='bbox 504 2633 553 2683; x_wconf 70' lang='lat' dir='ltr'>R».</span> <span class='ocrx_word' id='word_1_183' title='bbox 581 2631 638 2672; x_wconf 84' lang='lat' dir='ltr'>Et</span> <span class='ocrx_word' id='word_1_184' title='bbox 663 2630 909 2681; x_wconf 87' lang='lat' dir='ltr'>gloriamini</span> <span class='ocrx_word' id='word_1_185' title='bbox 936 2644 979 2673; x_wconf 90' lang='lat' dir='ltr'>o·</span> 
     </span>
     <span class='ocr_line' id='line_1_45' title="bbox 150 2685 565 2729; baseline 0 -2"><span class='ocrx_word' id='word_1_186' title='bbox 150 2699 274 2728; x_wconf 86' lang='lat' dir='ltr'>mnes</span> <span class='ocrx_word' id='word_1_187' title='bbox 292 2687 400 2729; x_wconf 88' lang='lat' dir='ltr'>recti</span> <span class='ocrx_word' id='word_1_188' title='bbox 419 2685 565 2728; x_wconf 93' lang='lat' dir='ltr'>corde.</span> 
     </span>
    </p>
   </div>
   <div class='ocr_carea' id='block_1_11' title="bbox 1033 268 1866 666">
    <p class='ocr_par' dir='ltr' id='par_1_18' title="bbox 1033 268 1866 666">
     <span class='ocr_line' id='line_1_46' title="bbox 1370 268 1533 309; baseline -0.006 -1"><span class='ocrx_word' id='word_1_189' title='bbox 1370 268 1533 309; x_wconf 83' lang='lat' dir='ltr'>Oratio.</span> 
     </span>
     <span class='ocr_line' id='line_1_47' title="bbox 1120 332 1865 384; baseline -0.003 -9"><span class='ocrx_word' id='word_1_190' title='bbox 1120 346 1215 383; x_wconf 87' lang='lat' dir='ltr'>eus,</span> <span class='ocrx_word' id='word_1_191' title='bbox 1249 333 1324 384; x_wconf 91' lang='lat' dir='ltr'>qui</span> <span class='ocrx_word' id='word_1_192' title='bbox 1351 345 1433 373; x_wconf 91' lang='lat' dir='ltr'>nos</span> <span class='ocrx_word' id='word_1_193' title='bbox 1463 334 1606 373; x_wconf 89' lang='lat' dir='ltr'>annua</span> <span class='ocrx_word' id='word_1_194' title='bbox 1633 332 1865 373; x_wconf 80' lang='lat' dir='ltr'>beaterum</span> 
     </span>
     <span class='ocr_line' id='line_1_48' title="bbox 1128 388 1865 440; baseline -0.004 -10"><span class='ocrx_word' id='word_1_195' title='bbox 1128 389 1372 440; x_wconf 92' lang='lat' dir='ltr'>Martyrum</span> <span class='ocrx_word' id='word_1_196' title='bbox 1403 390 1579 429; x_wconf 83' lang='lat' dir='ltr'>tuorum</span> <span class='ocrx_word' id='word_1_197' title='bbox 1611 388 1865 438; x_wconf 79' lang='lat' dir='ltr'>Marcellini,</span> 
     </span>
     <span class='ocr_line' id='line_1_49' title="bbox 1033 444 1865 496; baseline -0.004 -9"><span class='ocrx_word' id='word_1_198' title='bbox 1033 445 1170 494; x_wconf 88' lang='lat' dir='ltr'>Petri,</span> <span class='ocrx_word' id='word_1_199' title='bbox 1211 450 1343 496; x_wconf 89' lang='lat' dir='ltr'>atque</span> <span class='ocrx_word' id='word_1_200' title='bbox 1379 444 1552 485; x_wconf 90' lang='lat' dir='ltr'>Erasmi</span> <span class='ocrx_word' id='word_1_201' title='bbox 1588 444 1865 485; x_wconf 67' lang='lat' dir='ltr'>solemnitate</span> 
     </span>
     <span class='ocr_line' id='line_1_50' title="bbox 1033 502 1866 553; baseline -0.002 -10"><span class='ocrx_word' id='word_1_202' title='bbox 1033 502 1247 543; x_wconf 79' lang='lat' dir='ltr'>laetificas:</span> <span class='ocrx_word' id='word_1_203' title='bbox 1295 505 1462 553; x_wconf 79' lang='lat' dir='ltr'>praesta</span> <span class='ocrx_word' id='word_1_204' title='bbox 1505 503 1771 552; x_wconf 66' lang='lat' dir='ltr'>quaesumus,</span> <span class='ocrx_word' id='word_1_205' title='bbox 1817 504 1866 541; x_wconf 89' lang='lat' dir='ltr'>ut</span> 
     </span>
     <span class='ocr_line' id='line_1_51' title="bbox 1034 556 1865 610; baseline -0.004 -11"><span class='ocrx_word' id='word_1_206' title='bbox 1034 570 1223 610; x_wconf 89' lang='lat' dir='ltr'>quorum</span> <span class='ocrx_word' id='word_1_207' title='bbox 1243 556 1484 608; x_wconf 79' lang='lat' dir='ltr'>gaudemus</span> <span class='ocrx_word' id='word_1_208' title='bbox 1503 557 1687 606; x_wconf 75' lang='lat' dir='ltr'>meritis,</span> <span class='ocrx_word' id='word_1_209' title='bbox 1713 569 1865 597; x_wconf 89' lang='lat' dir='ltr'>accen·</span> 
     </span>
     <span class='ocr_line' id='line_1_52' title="bbox 1034 613 1813 666; baseline -0.005 -10"><span class='ocrx_word' id='word_1_210' title='bbox 1034 613 1190 656; x_wconf 91' lang='lat' dir='ltr'>damur</span> <span class='ocrx_word' id='word_1_211' title='bbox 1210 613 1433 666; x_wconf 82' lang='lat' dir='ltr'>exemplis.</span> <span class='ocrx_word' id='word_1_212' title='bbox 1461 614 1545 654; x_wconf 90' lang='lat' dir='ltr'>Per</span> <span class='ocrx_word' id='word_1_213' title='bbox 1564 613 1813 654; x_wconf 85' lang='lat' dir='ltr'>Dominum.</span> 
     </span>
    </p>
   </div>
   <div class='ocr_carea' id='block_1_12' title="bbox 1347 694 1561 734">
    <p class='ocr_par' dir='ltr' id='par_1_19' title="bbox 1347 694 1561 734">
     <span class='ocr_line' id='line_1_53' title="bbox 1347 694 1561 734; baseline -0.01 0"><span class='ocrx_word' id='word_1_214' title='bbox 1347 694 1382 733; x_wconf 87' lang='grc' dir='ltr'>Ι</span> <span class='ocrx_word' id='word_1_215' title='bbox 1387 694 1501 734; x_wconf 72' lang='lat' dir='ltr'>ectio</span> <span class='ocrx_word' id='word_1_216' title='bbox 1524 694 1561 732; x_wconf 91' lang='lat' dir='ltr'>ii</span> 
     </span>
    </p>
   </div>
   <div class='ocr_carea' id='block_1_13' title="bbox 1031 758 1916 2050">
    <p class='ocr_par' dir='ltr' id='par_1_20' title="bbox 1031 758 1916 2050">
     <span class='ocr_line' id='line_1_54' title="bbox 1044 758 1866 813; baseline -0.003 -10.962"><span class='ocrx_word' id='word_1_217' title='bbox 1044 773 1098 813; x_wconf 89' lang='grc' dir='ltr'>Γ)</span> <span class='ocrx_word' id='word_1_218' title='bbox 1121 765 1241 802; x_wconf 93' lang='lat' dir='ltr'>etrus</span> <span class='ocrx_word' id='word_1_219' title='bbox 1253 762 1483 809; x_wconf 84' lang='lat' dir='ltr'>exorcista,</span> <span class='ocrx_word' id='word_1_220' title='bbox 1497 758 1800 801; x_wconf 79' lang='lat' dir='ltr'>Diocletiano</span> <span class='ocrx_word' id='word_1_221' title='bbox 1790 774 1866 800; x_wconf 81' lang='lat' dir='ltr'>im</span> 
     </span>
     <span class='ocr_line' id='line_1_55' title="bbox 1040 816 1864 870; baseline -0.001 -11.984"><span class='ocrx_word' id='word_1_222' title='bbox 1040 818 1107 863; x_wconf 59' lang='grc' dir='ltr'>[[Ψέ</span> <span class='ocrx_word' id='word_1_223' title='bbox 1136 819 1358 870; x_wconf 84' lang='lat' dir='ltr'>peratore,</span> <span class='ocrx_word' id='word_1_224' title='bbox 1387 817 1546 857; x_wconf 80' lang='lat' dir='ltr'>Romae</span> <span class='ocrx_word' id='word_1_225' title='bbox 1570 828 1594 856; x_wconf 91' lang='lat' dir='ltr'>a</span> <span class='ocrx_word' id='word_1_226' title='bbox 1618 816 1781 857; x_wconf 89' lang='lat' dir='ltr'>Sereno</span> <span class='ocrx_word' id='word_1_227' title='bbox 1806 817 1864 868; x_wconf 81' lang='lat' dir='ltr'>ju-</span> 
     </span>
     <span class='ocr_line' id='line_1_56' title="bbox 1034 872 1866 926; baseline -0.004 -11"><span class='ocrx_word' id='word_1_228' title='bbox 1034 874 1131 915; x_wconf 92' lang='lat' dir='ltr'>dice</span> <span class='ocrx_word' id='word_1_229' title='bbox 1154 877 1338 926; x_wconf 89' lang='lat' dir='ltr'>propter</span> <span class='ocrx_word' id='word_1_230' title='bbox 1363 872 1613 914; x_wconf 82' lang='lat' dir='ltr'>christianae</span> <span class='ocrx_word' id='word_1_231' title='bbox 1639 872 1743 913; x_wconf 88' lang='lat' dir='ltr'>fidei</span> <span class='ocrx_word' id='word_1_232' title='bbox 1767 885 1866 914; x_wconf 84' lang='lat' dir='ltr'>con-</span> 
     </span>
     <span class='ocr_line' id='line_1_57' title="bbox 1033 928 1867 976; baseline -0.002 -5"><span class='ocrx_word' id='word_1_233' title='bbox 1033 930 1271 972; x_wconf 80' lang='lat' dir='ltr'>fessienem</span> <span class='ocrx_word' id='word_1_234' title='bbox 1282 929 1442 970; x_wconf 91' lang='lat' dir='ltr'>missus</span> <span class='ocrx_word' id='word_1_235' title='bbox 1455 928 1498 968; x_wconf 92' lang='lat' dir='ltr'>in</span> <span class='ocrx_word' id='word_1_236' title='bbox 1510 930 1744 976; x_wconf 74' lang='lat' dir='ltr'>carcerem,</span> <span class='ocrx_word' id='word_1_237' title='bbox 1760 929 1867 969; x_wconf 92' lang='lat' dir='ltr'>Pau-</span> 
     </span>
     <span class='ocr_line' id='line_1_58' title="bbox 1033 984 1867 1036; baseline 0 -10"><span class='ocrx_word' id='word_1_238' title='bbox 1033 986 1167 1027; x_wconf 90' lang='lat' dir='ltr'>linam</span> <span class='ocrx_word' id='word_1_239' title='bbox 1182 985 1378 1035; x_wconf 88' lang='lat' dir='ltr'>Artemii,</span> <span class='ocrx_word' id='word_1_240' title='bbox 1397 984 1470 1036; x_wconf 89' lang='lat' dir='ltr'>qui</span> <span class='ocrx_word' id='word_1_241' title='bbox 1485 985 1651 1025; x_wconf 92' lang='lat' dir='ltr'>carceri</span> <span class='ocrx_word' id='word_1_242' title='bbox 1666 987 1867 1036; x_wconf 77' lang='lat' dir='ltr'>praeerat,</span> 
     </span>
     <span class='ocr_line' id='line_1_59' title="bbox 1033 1040 1867 1091; baseline -0.002 -8"><span class='ocrx_word' id='word_1_243' title='bbox 1033 1042 1168 1083; x_wconf 87' lang='lat' dir='ltr'>filiam</span> <span class='ocrx_word' id='word_1_244' title='bbox 1197 1054 1222 1082; x_wconf 91' lang='lat' dir='ltr'>a</span> <span class='ocrx_word' id='word_1_245' title='bbox 1250 1041 1452 1082; x_wconf 79' lang='lat' dir='ltr'>daemone</span> <span class='ocrx_word' id='word_1_246' title='bbox 1477 1040 1687 1091; x_wconf 85' lang='lat' dir='ltr'>agitatam</span> <span class='ocrx_word' id='word_1_247' title='bbox 1711 1040 1867 1082; x_wconf 91' lang='lat' dir='ltr'>libera-</span> 
     </span>
     <span class='ocr_line' id='line_1_60' title="bbox 1033 1097 1866 1149; baseline -0.001 -10"><span class='ocrx_word' id='word_1_248' title='bbox 1033 1098 1105 1140; x_wconf 88' lang='lat' dir='ltr'>vit.</span> <span class='ocrx_word' id='word_1_249' title='bbox 1143 1099 1241 1148; x_wconf 91' lang='lat' dir='ltr'>Quo</span> <span class='ocrx_word' id='word_1_250' title='bbox 1266 1097 1384 1139; x_wconf 91' lang='lat' dir='ltr'>facto</span> <span class='ocrx_word' id='word_1_251' title='bbox 1411 1101 1454 1138; x_wconf 87' lang='lat' dir='ltr'>et</span> <span class='ocrx_word' id='word_1_252' title='bbox 1478 1098 1686 1149; x_wconf 91' lang='lat' dir='ltr'>parentes</span> <span class='ocrx_word' id='word_1_253' title='bbox 1706 1097 1866 1149; x_wconf 88' lang='lat' dir='ltr'>puellae</span> 
     </span>
     <span class='ocr_line' id='line_1_61' title="bbox 1033 1153 1866 1205; baseline -0.001 -9"><span class='ocrx_word' id='word_1_254' title='bbox 1033 1167 1133 1196; x_wconf 92' lang='lat' dir='ltr'>cum</span> <span class='ocrx_word' id='word_1_255' title='bbox 1153 1159 1249 1196; x_wconf 90' lang='lat' dir='ltr'>tota</span> <span class='ocrx_word' id='word_1_256' title='bbox 1267 1153 1439 1202; x_wconf 87' lang='lat' dir='ltr'>familia,</span> <span class='ocrx_word' id='word_1_257' title='bbox 1460 1158 1504 1194; x_wconf 92' lang='lat' dir='ltr'>et</span> <span class='ocrx_word' id='word_1_258' title='bbox 1518 1153 1698 1203; x_wconf 91' lang='lat' dir='ltr'>vicinos,</span> <span class='ocrx_word' id='word_1_259' title='bbox 1720 1154 1794 1205; x_wconf 89' lang='lat' dir='ltr'>qui</span> <span class='ocrx_word' id='word_1_260' title='bbox 1810 1153 1866 1195; x_wconf 94' lang='lat' dir='ltr'>ad</span> 
     </span>
     <span class='ocr_line' id='line_1_62' title="bbox 1033 1209 1867 1259; baseline 0 -8"><span class='ocrx_word' id='word_1_261' title='bbox 1033 1211 1097 1252; x_wconf 94' lang='lat' dir='ltr'>rei</span> <span class='ocrx_word' id='word_1_262' title='bbox 1124 1210 1368 1252; x_wconf 90' lang='lat' dir='ltr'>novitatem</span> <span class='ocrx_word' id='word_1_263' title='bbox 1396 1212 1727 1259; x_wconf 79' lang='lat' dir='ltr'>concurrerant,</span> <span class='ocrx_word' id='word_1_264' title='bbox 1762 1209 1867 1251; x_wconf 88' lang='lat' dir='ltr'>Jesu</span> 
     </span>
     <span class='ocr_line' id='line_1_63' title="bbox 1035 1264 1866 1308; baseline -0.002 0"><span class='ocrx_word' id='word_1_265' title='bbox 1035 1266 1208 1308; x_wconf 89' lang='lat' dir='ltr'>Christo</span> <span class='ocrx_word' id='word_1_266' title='bbox 1226 1265 1482 1308; x_wconf 90' lang='lat' dir='ltr'>conciliatos</span> <span class='ocrx_word' id='word_1_267' title='bbox 1497 1264 1554 1307; x_wconf 90' lang='lat' dir='ltr'>ad</span> <span class='ocrx_word' id='word_1_268' title='bbox 1564 1265 1866 1307; x_wconf 90' lang='lat' dir='ltr'>Marcellinum</span> 
     </span>
     <span class='ocr_line' id='line_1_64' title="bbox 1032 1321 1866 1375; baseline 0 -12"><span class='ocrx_word' id='word_1_269' title='bbox 1032 1323 1341 1375; x_wconf 57' lang='lat' dir='ltr'>prestterum</span> <span class='ocrx_word' id='word_1_270' title='bbox 1355 1321 1550 1371; x_wconf 82' lang='lat' dir='ltr'>adduxit,</span> <span class='ocrx_word' id='word_1_271' title='bbox 1568 1335 1593 1362; x_wconf 89' lang='lat' dir='ltr'>a</span> <span class='ocrx_word' id='word_1_272' title='bbox 1610 1334 1697 1373; x_wconf 92' lang='lat' dir='ltr'>quo</span> <span class='ocrx_word' id='word_1_273' title='bbox 1714 1335 1866 1363; x_wconf 91' lang='lat' dir='ltr'>omnes</span> 
     </span>
     <span class='ocr_line' id='line_1_65' title="bbox 1032 1376 1866 1432; baseline -0.002 -11"><span class='ocrx_word' id='word_1_274' title='bbox 1032 1379 1247 1432; x_wconf 88' lang='lat' dir='ltr'>baptizati</span> <span class='ocrx_word' id='word_1_275' title='bbox 1274 1383 1384 1420; x_wconf 88' lang='lat' dir='ltr'>sunt.</span> <span class='ocrx_word' id='word_1_276' title='bbox 1426 1376 1557 1429; x_wconf 92' lang='lat' dir='ltr'>Quod</span> <span class='ocrx_word' id='word_1_277' title='bbox 1584 1378 1661 1419; x_wconf 90' lang='lat' dir='ltr'>ubi</span> <span class='ocrx_word' id='word_1_278' title='bbox 1688 1379 1866 1419; x_wconf 87' lang='lat' dir='ltr'>rescivit</span> 
     </span>
     <span class='ocr_line' id='line_1_66' title="bbox 1032 1434 1864 1485; baseline -0.002 -9"><span class='ocrx_word' id='word_1_279' title='bbox 1032 1436 1235 1485; x_wconf 78' lang='lat' dir='ltr'>Serenus,</span> <span class='ocrx_word' id='word_1_280' title='bbox 1274 1435 1453 1477; x_wconf 90' lang='lat' dir='ltr'>Petrum</span> <span class='ocrx_word' id='word_1_281' title='bbox 1488 1439 1531 1475; x_wconf 92' lang='lat' dir='ltr'>et</span> <span class='ocrx_word' id='word_1_282' title='bbox 1562 1434 1864 1475; x_wconf 88' lang='lat' dir='ltr'>Marcellinum</span> 
     </span>
     <span class='ocr_line' id='line_1_67' title="bbox 1032 1490 1865 1543; baseline -0.001 -10"><span class='ocrx_word' id='word_1_283' title='bbox 1032 1492 1090 1533; x_wconf 91' lang='lat' dir='ltr'>ad</span> <span class='ocrx_word' id='word_1_284' title='bbox 1121 1505 1169 1533; x_wconf 90' lang='lat' dir='ltr'>se</span> <span class='ocrx_word' id='word_1_285' title='bbox 1201 1493 1386 1533; x_wconf 85' lang='lat' dir='ltr'>vocatos</span> <span class='ocrx_word' id='word_1_286' title='bbox 1419 1491 1619 1543; x_wconf 86' lang='lat' dir='ltr'>asperius</span> <span class='ocrx_word' id='word_1_287' title='bbox 1653 1490 1865 1541; x_wconf 81' lang='lat' dir='ltr'>objurgat,</span> 
     </span>
     <span class='ocr_line' id='line_1_68' title="bbox 1033 1546 1864 1589; baseline -0.004 0"><span class='ocrx_word' id='word_1_288' title='bbox 1033 1553 1077 1589; x_wconf 92' lang='lat' dir='ltr'>et</span> <span class='ocrx_word' id='word_1_289' title='bbox 1095 1548 1154 1589; x_wconf 83' lang='lat' dir='ltr'>ad</span> <span class='ocrx_word' id='word_1_290' title='bbox 1170 1547 1408 1589; x_wconf 79' lang='lat' dir='ltr'>verberum</span> <span class='ocrx_word' id='word_1_291' title='bbox 1425 1546 1711 1588; x_wconf 77' lang='lat' dir='ltr'>acerbitatem</span> <span class='ocrx_word' id='word_1_292' title='bbox 1725 1547 1864 1587; x_wconf 92' lang='lat' dir='ltr'>minas</span> 
     </span>
     <span class='ocr_line' id='line_1_69' title="bbox 1033 1602 1863 1655; baseline -0.004 -9"><span class='ocrx_word' id='word_1_293' title='bbox 1033 1617 1085 1646; x_wconf 89' lang='lat' dir='ltr'>ac</span> <span class='ocrx_word' id='word_1_294' title='bbox 1111 1606 1305 1646; x_wconf 83' lang='lat' dir='ltr'>terrores</span> <span class='ocrx_word' id='word_1_295' title='bbox 1334 1603 1545 1655; x_wconf 78' lang='lat' dir='ltr'>adjungit,</span> <span class='ocrx_word' id='word_1_296' title='bbox 1578 1603 1662 1643; x_wconf 92' lang='lat' dir='ltr'>nisi</span> <span class='ocrx_word' id='word_1_297' title='bbox 1689 1602 1863 1644; x_wconf 89' lang='lat' dir='ltr'>Christo</span> 
     </span>
     <span class='ocr_line' id='line_1_70' title="bbox 1032 1659 1865 1702; baseline -0.002 -1"><span class='ocrx_word' id='word_1_298' title='bbox 1032 1661 1292 1702; x_wconf 79' lang='lat' dir='ltr'>renuntient.</span> <span class='ocrx_word' id='word_1_299' title='bbox 1339 1660 1419 1700; x_wconf 92' lang='lat' dir='ltr'>Cui</span> <span class='ocrx_word' id='word_1_300' title='bbox 1455 1672 1555 1701; x_wconf 91' lang='lat' dir='ltr'>cum</span> <span class='ocrx_word' id='word_1_301' title='bbox 1586 1659 1865 1700; x_wconf 88' lang='lat' dir='ltr'>Marcellinus</span> 
     </span>
     <span class='ocr_line' id='line_1_71' title="bbox 1033 1714 1865 1768; baseline -0.004 -10"><span class='ocrx_word' id='word_1_302' title='bbox 1033 1717 1268 1758; x_wconf 88' lang='lat' dir='ltr'>christiana</span> <span class='ocrx_word' id='word_1_303' title='bbox 1312 1715 1519 1757; x_wconf 88' lang='lat' dir='ltr'>libertate</span> <span class='ocrx_word' id='word_1_304' title='bbox 1560 1714 1865 1768; x_wconf 82' lang='lat' dir='ltr'>responderet:</span> 
     </span>
     <span class='ocr_line' id='line_1_72' title="bbox 1031 1772 1863 1826; baseline -0.004 -12"><span class='ocrx_word' id='word_1_305' title='bbox 1031 1774 1192 1826; x_wconf 86' lang='lat' dir='ltr'>pugnis</span> <span class='ocrx_word' id='word_1_306' title='bbox 1212 1775 1455 1822; x_wconf 83' lang='lat' dir='ltr'>contusum,</span> <span class='ocrx_word' id='word_1_307' title='bbox 1475 1776 1519 1813; x_wconf 90' lang='lat' dir='ltr'>et</span> <span class='ocrx_word' id='word_1_308' title='bbox 1538 1784 1563 1812; x_wconf 91' lang='lat' dir='ltr'>a</span> <span class='ocrx_word' id='word_1_309' title='bbox 1577 1772 1710 1812; x_wconf 90' lang='lat' dir='ltr'>Petro</span> <span class='ocrx_word' id='word_1_310' title='bbox 1726 1772 1863 1823; x_wconf 82' lang='lat' dir='ltr'>sejun-</span> 
     </span>
     <span class='ocr_line' id='line_1_73' title="bbox 1033 1828 1915 1879; baseline -0.005 -9"><span class='ocrx_word' id='word_1_311' title='bbox 1033 1834 1167 1879; x_wconf 88' lang='lat' dir='ltr'>ctum,</span> <span class='ocrx_word' id='word_1_312' title='bbox 1192 1829 1358 1870; x_wconf 89' lang='lat' dir='ltr'>nudum</span> <span class='ocrx_word' id='word_1_313' title='bbox 1376 1828 1560 1870; x_wconf 73' lang='lat' dir='ltr'>includit</span> <span class='ocrx_word' id='word_1_314' title='bbox 1578 1828 1622 1868; x_wconf 94' lang='lat' dir='ltr'>in</span> <span class='ocrx_word' id='word_1_315' title='bbox 1642 1829 1864 1869; x_wconf 81' lang='lat' dir='ltr'>carcerem</span> <span class='ocrx_word' id='word_1_316' title='bbox 1914 1863 1915 1866; x_wconf 73' lang='grc'>,</span> 
     </span>
     <span class='ocr_line' id='line_1_74' title="bbox 1033 1883 1863 1936; baseline -0.002 -9"><span class='ocrx_word' id='word_1_317' title='bbox 1033 1890 1219 1927; x_wconf 91' lang='lat' dir='ltr'>stratum</span> <span class='ocrx_word' id='word_1_318' title='bbox 1238 1885 1338 1926; x_wconf 88' lang='lat' dir='ltr'>vitri</span> <span class='ocrx_word' id='word_1_319' title='bbox 1357 1884 1626 1936; x_wconf 87' lang='lat' dir='ltr'>fragmentis,</span> <span class='ocrx_word' id='word_1_320' title='bbox 1651 1884 1743 1925; x_wconf 91' lang='lat' dir='ltr'>sine</span> <span class='ocrx_word' id='word_1_321' title='bbox 1764 1883 1863 1925; x_wconf 91' lang='lat' dir='ltr'>cibo</span> 
     </span>
     <span class='ocr_line' id='line_1_75' title="bbox 1033 1940 1916 1991; baseline -0.002 -9"><span class='ocrx_word' id='word_1_322' title='bbox 1033 1954 1084 1983; x_wconf 94' lang='lat' dir='ltr'>ac</span> <span class='ocrx_word' id='word_1_323' title='bbox 1110 1942 1203 1983; x_wconf 91' lang='lat' dir='ltr'>sine</span> <span class='ocrx_word' id='word_1_324' title='bbox 1226 1941 1401 1982; x_wconf 79' lang='lat' dir='ltr'>lumine.</span> <span class='ocrx_word' id='word_1_325' title='bbox 1439 1941 1617 1982; x_wconf 86' lang='lat' dir='ltr'>Petrum</span> <span class='ocrx_word' id='word_1_326' title='bbox 1638 1940 1744 1982; x_wconf 87' lang='lat' dir='ltr'>item</span> <span class='ocrx_word' id='word_1_327' title='bbox 1765 1953 1863 1981; x_wconf 91' lang='lat' dir='ltr'>con·</span> <span class='ocrx_word' id='word_1_328' title='bbox 1913 1982 1916 1991; x_wconf 61' lang='grc'>,</span> 
     </span>
     <span class='ocr_line' id='line_1_76' title="bbox 1033 1996 1864 2050; baseline -0.002 -12"><span class='ocrx_word' id='word_1_329' title='bbox 1033 1998 1188 2048; x_wconf 90' lang='lat' dir='ltr'>stringi</span> <span class='ocrx_word' id='word_1_330' title='bbox 1201 2000 1390 2050; x_wconf 90' lang='lat' dir='ltr'>imperat</span> <span class='ocrx_word' id='word_1_331' title='bbox 1402 1996 1658 2038; x_wconf 86' lang='lat' dir='ltr'>arctissimis</span> <span class='ocrx_word' id='word_1_332' title='bbox 1669 1996 1864 2038; x_wconf 89' lang='lat' dir='ltr'>vinculis.</span> 
     </span>
    </p>
   </div>
   <div class='ocr_carea' id='block_1_14' title="bbox 1033 764 1117 866">
    <p class='ocr_par' dir='ltr' id='par_1_21' title="bbox 1033 764 1117 866">
     <span class='ocr_line' id='line_1_77' title="bbox 1033 764 1117 866; baseline 0 0"><span class='ocrx_word' id='word_1_333' title='bbox 1033 764 1117 866; x_wconf 95' lang='lat' dir='ltr'>  </span> 
     </span>
    </p>
   </div>
   <div class='ocr_carea' id='block_1_15' title="bbox 1031 2048 1988 2105">
    <p class='ocr_par' dir='ltr' id='par_1_22' title="bbox 1031 2048 1988 2105">
     <span class='ocr_line' id='line_1_78' title="bbox 1031 2048 1988 2105; baseline -0.003 -10"><span class='ocrx_word' id='word_1_334' title='bbox 1031 2052 1120 2095; x_wconf 90' lang='lat' dir='ltr'>Sed</span> <span class='ocrx_word' id='word_1_335' title='bbox 1148 2067 1247 2095; x_wconf 88' lang='lat' dir='ltr'>cum</span> <span class='ocrx_word' id='word_1_336' title='bbox 1274 2055 1449 2105; x_wconf 92' lang='lat' dir='ltr'>utrique</span> <span class='ocrx_word' id='word_1_337' title='bbox 1479 2065 1533 2094; x_wconf 83' lang='lat' dir='ltr'>ex</span> <span class='ocrx_word' id='word_1_338' title='bbox 1559 2053 1790 2094; x_wconf 87' lang='lat' dir='ltr'>tormentis</span> <span class='ocrx_word' id='word_1_339' title='bbox 1818 2052 1864 2092; x_wconf 92' lang='lat' dir='ltr'>fi·</span> <span class='ocrx_word' id='word_1_340' title='bbox 1913 2051 1915 2054; x_wconf 52' lang='lat'><strong>⁴</strong></span> <span class='ocrx_word' id='word_1_341' title='bbox 1978 2048 1988 2059; x_wconf 81' lang='lat'>’</span> 
     </span>
    </p>
   </div>
   <div class='ocr_carea' id='block_1_16' title="bbox 1032 2108 1865 2218">
    <p class='ocr_par' dir='ltr' id='par_1_23' title="bbox 1032 2108 1865 2218">
     <span class='ocr_line' id='line_1_79' title="bbox 1033 2108 1865 2158; baseline -0.002 -8"><span class='ocrx_word' id='word_1_342' title='bbox 1033 2109 1112 2151; x_wconf 92' lang='lat' dir='ltr'>des</span> <span class='ocrx_word' id='word_1_343' title='bbox 1132 2115 1176 2152; x_wconf 91' lang='lat' dir='ltr'>et</span> <span class='ocrx_word' id='word_1_344' title='bbox 1195 2110 1363 2151; x_wconf 90' lang='lat' dir='ltr'>animus</span> <span class='ocrx_word' id='word_1_345' title='bbox 1384 2111 1618 2158; x_wconf 86' lang='lat' dir='ltr'>cresceret,</span> <span class='ocrx_word' id='word_1_346' title='bbox 1645 2108 1865 2150; x_wconf 79' lang='lat' dir='ltr'>constanti</span> 
     </span>
     <span class='ocr_line' id='line_1_80' title="bbox 1032 2164 1863 2218; baseline -0.004 -11"><span class='ocrx_word' id='word_1_347' title='bbox 1032 2166 1324 2216; x_wconf 85' lang='lat' dir='ltr'>confessione,</span> <span class='ocrx_word' id='word_1_348' title='bbox 1349 2170 1393 2207; x_wconf 90' lang='lat' dir='ltr'>et</span> <span class='ocrx_word' id='word_1_349' title='bbox 1412 2165 1609 2206; x_wconf 88' lang='lat' dir='ltr'>abscisso</span> <span class='ocrx_word' id='word_1_350' title='bbox 1634 2165 1793 2218; x_wconf 89' lang='lat' dir='ltr'>capite,</span> <span class='ocrx_word' id='word_1_351' title='bbox 1818 2164 1863 2204; x_wconf 93' lang='lat' dir='ltr'>il-</span> 
     </span>
    </p>
   </div>
   <div class='ocr_carea' id='block_1_17' title="bbox 1031 2221 1915 2264">
    <p class='ocr_par' dir='ltr' id='par_1_24' title="bbox 1031 2221 1915 2264">
     <span class='ocr_line' id='line_1_81' title="bbox 1031 2221 1915 2264; baseline 0.003 -3"><span class='ocrx_word' id='word_1_352' title='bbox 1031 2221 1170 2263; x_wconf 85' lang='lat' dir='ltr'>lustre</span> <span class='ocrx_word' id='word_1_353' title='bbox 1209 2221 1508 2264; x_wconf 83' lang='lat' dir='ltr'>testimonium</span> <span class='ocrx_word' id='word_1_354' title='bbox 1544 2222 1650 2263; x_wconf 88' lang='lat' dir='ltr'>Jesu</span> <span class='ocrx_word' id='word_1_355' title='bbox 1687 2221 1863 2263; x_wconf 89' lang='lat' dir='ltr'>Christo</span> <span class='ocrx_word' id='word_1_356' title='bbox 1914 2260 1915 2264; x_wconf 75' lang='grc'>,</span> 
     </span>
    </p>
   </div>
   <div class='ocr_carea' id='block_1_18' title="bbox 1031 2276 1864 2740">
    <p class='ocr_par' dir='ltr' id='par_1_25' title="bbox 1033 2276 1563 2382">
     <span class='ocr_line' id='line_1_82' title="bbox 1033 2276 1260 2319; baseline 0.004 -1"><span class='ocrx_word' id='word_1_357' title='bbox 1033 2276 1260 2319; x_wconf 90' lang='lat' dir='ltr'>dederunt.</span> 
     </span>
     <span class='ocr_line' id='line_1_83' title="bbox 1338 2342 1563 2382; baseline -0.004 -1"><span class='ocrx_word' id='word_1_358' title='bbox 1338 2342 1487 2382; x_wconf 82' lang='lat' dir='ltr'>Lectio</span> <span class='ocrx_word' id='word_1_359' title='bbox 1510 2342 1563 2381; x_wconf 86' lang='lat' dir='ltr'>iii.</span> 
     </span>
    </p>

    <p class='ocr_par' dir='ltr' id='par_1_26' title="bbox 1114 2407 1864 2460">
     <span class='ocr_line' id='line_1_84' title="bbox 1114 2407 1864 2460; baseline -0.003 -12"><span class='ocrx_word' id='word_1_360' title='bbox 1114 2409 1286 2448; x_wconf 90' lang='lat' dir='ltr'>rasmus</span> <span class='ocrx_word' id='word_1_361' title='bbox 1309 2410 1563 2460; x_wconf 89' lang='lat' dir='ltr'>episcopus,</span> <span class='ocrx_word' id='word_1_362' title='bbox 1594 2407 1864 2459; x_wconf 70' lang='lat' dir='ltr'>imperatOri-</span> 
     </span>
    </p>

    <p class='ocr_par' dir='ltr' id='par_1_27' title="bbox 1031 2463 1863 2740">
     <span class='ocr_line' id='line_1_85' title="bbox 1122 2463 1863 2510; baseline -0.004 -5"><span class='ocrx_word' id='word_1_363' title='bbox 1122 2463 1205 2506; x_wconf 92' lang='lat' dir='ltr'>bus</span> <span class='ocrx_word' id='word_1_364' title='bbox 1224 2463 1504 2505; x_wconf 90' lang='lat' dir='ltr'>Diocletiano</span> <span class='ocrx_word' id='word_1_365' title='bbox 1525 2468 1569 2504; x_wconf 91' lang='lat' dir='ltr'>et</span> <span class='ocrx_word' id='word_1_366' title='bbox 1586 2463 1863 2510; x_wconf 83' lang='lat' dir='ltr'>Maximiano,</span> 
     </span>
     <span class='ocr_line' id='line_1_86' title="bbox 1032 2517 1862 2572; baseline -0.004 -11"><span class='ocrx_word' id='word_1_367' title='bbox 1032 2521 1077 2561; x_wconf 93' lang='lat' dir='ltr'>in</span> <span class='ocrx_word' id='word_1_368' title='bbox 1098 2520 1337 2572; x_wconf 80' lang='lat' dir='ltr'>Campania</span> <span class='ocrx_word' id='word_1_369' title='bbox 1354 2519 1594 2572; x_wconf 82' lang='lat' dir='ltr'>plumbatis</span> <span class='ocrx_word' id='word_1_370' title='bbox 1614 2524 1658 2560; x_wconf 92' lang='lat' dir='ltr'>et</span> <span class='ocrx_word' id='word_1_371' title='bbox 1676 2517 1862 2559; x_wconf 85' lang='lat' dir='ltr'>fustibus</span> 
     </span>
     <span class='ocr_line' id='line_1_87' title="bbox 1032 2574 1863 2627; baseline -0.004 -10"><span class='ocrx_word' id='word_1_372' title='bbox 1032 2589 1191 2625; x_wconf 80' lang='lat' dir='ltr'>caeSUS,</span> <span class='ocrx_word' id='word_1_373' title='bbox 1228 2578 1372 2617; x_wconf 88' lang='lat' dir='ltr'>resina</span> <span class='ocrx_word' id='word_1_374' title='bbox 1410 2588 1607 2627; x_wconf 86' lang='lat' dir='ltr'>quoque,</span> <span class='ocrx_word' id='word_1_375' title='bbox 1643 2574 1863 2626; x_wconf 82' lang='lat' dir='ltr'>sulphure,</span> 
     </span>
     <span class='ocr_line' id='line_1_88' title="bbox 1031 2629 1863 2685; baseline -0.004 -12"><span class='ocrx_word' id='word_1_376' title='bbox 1031 2632 1215 2685; x_wconf 90' lang='lat' dir='ltr'>plumbo</span> <span class='ocrx_word' id='word_1_377' title='bbox 1230 2632 1479 2684; x_wconf 89' lang='lat' dir='ltr'>liquefacto,</span> <span class='ocrx_word' id='word_1_378' title='bbox 1499 2636 1543 2672; x_wconf 90' lang='lat' dir='ltr'>et</span> <span class='ocrx_word' id='word_1_379' title='bbox 1557 2630 1740 2673; x_wconf 89' lang='lat' dir='ltr'>ferventi</span> <span class='ocrx_word' id='word_1_380' title='bbox 1754 2629 1863 2682; x_wconf 88' lang='lat' dir='ltr'>pice,</span> 
     </span>
     <span class='ocr_line' id='line_1_89' title="bbox 1033 2686 1862 2740; baseline -0.006 -10"><span class='ocrx_word' id='word_1_381' title='bbox 1033 2701 1145 2738; x_wconf 89' lang='lat' dir='ltr'>cera,</span> <span class='ocrx_word' id='word_1_382' title='bbox 1165 2688 1353 2740; x_wconf 81' lang='lat' dir='ltr'>oleoque</span> <span class='ocrx_word' id='word_1_383' title='bbox 1367 2687 1583 2740; x_wconf 79' lang='lat' dir='ltr'>perfusus,</span> <span class='ocrx_word' id='word_1_384' title='bbox 1599 2686 1702 2728; x_wconf 91' lang='lat' dir='ltr'>inde</span> <span class='ocrx_word' id='word_1_385' title='bbox 1716 2691 1862 2726; x_wconf 86' lang='lat' dir='ltr'>tamen</span> 
     </span>
    </p>
   </div>
  </div>
 </body>
</html>
