2040 2976
189 215 265 250 308
475 214 543 246 Die

569 213 620 246 27.
647 213 746 252 Maii.
795 214 828 246 S.
855 213 986 245 Mariae
1010 212 1251 253 Magdalcnae
1278 212 1323 245 dc
1350 212 1485 245 Pazzis
1510 211 1615 254 Y'irg.

189 311 422 357 terrarum,
463 307 654 349 maxime
690 308 864 356 Romae,
908 305 1020 347 fides

189 363 530 418 propagabatur.
584 363 708 405 Vixit
743 362 1021 404 Eleutherius

191 422 234 462 in
276 420 538 473 pontificatu
579 432 717 461 annos
755 418 1021 471 quindecim,

190 477 283 518 dies
310 476 462 527 viginti
490 481 591 517 tres.
632 476 756 517 Fecit
785 474 1021 516 ordinatio-

189 545 267 574 nes
290 538 382 574 tres
405 545 556 574 mense
581 531 833 580 Decembri,
863 530 1021 583 quibus

190 589 355 631 creavit
369 588 655 641 presbyteros
672 587 917 636 duodecim,
934 585 1021 627 dia-

190 658 328 686 conos
347 651 467 694 octo,
492 647 729 697 episcopos
749 656 829 696 per
849 643 1022 684 diversa

189 701 288 743 loca
326 700 590 753 quindecim:
631 700 918 753 sepultusque
955 703 1023 739 est

189 758 233 798 in
260 758 480 799 Vaticano
511 770 653 810 prope
686 769 848 809 corpus
882 755 1022 796 sancti

190 814 321 855 Petri.

249 872 307 912 Te
327 871 471 912 Deum
488 869 730 911 laudamus.
750 870 809 910 13.

245 931 287 965 In
305 932 423 965 Laud.
444 942 513 974 pro
532 942 727 966 commem.
746 931 780 965 S.
800 931 1022 965 Eleutherii.

247 986 344 1025 Ant.
382 982 464 1032 Qui
491 982 585 1023 odit
613 981 802 1022 animam
830 993 954 1021 suam
979 981 1023 1020 in

190 1039 276 1081 hoc
295 1038 472 1088 mundo,
498 1039 541 1079 in
565 1038 702 1080 vitam
721 1039 934 1078 aeternam
952 1049 1023 1077 cu-

193 1095 330 1137 stodit
349 1107 456 1136 eam.

244 1144 294 1195 Y.
322 1151 473 1193 Justus
498 1156 547 1192 ut
574 1150 722 1203 palma
749 1149 936 1191 florebit.
971 1149 1021 1188 R·.

191 1209 313 1249 Sicut
358 1207 517 1249 cedrus
562 1206 718 1270 Libani
762 1205 1023 1257 multiplica-

192 1264 320 1306 bitur.

248 1318 288 1350 In
320 1317 364 1350 ΙΙ.
395 1318 510 1359 chp.
545 1318 585 1350 fit
614 1327 748 1350 comm.
778 1327 884 1359 sequ.
914 1326 959 1350 ac
987 1316 1023 1350 S.

192 1365 355 1399 Joannis
381 1366 499 1408 Papae
526 1373 561 1399 ct
584 1366 691 1399 Mart.

459 1444 543 1486 Die
561 1445 624 1485 27.
645 1444 757 1496 Maji.

191 1505 234 1545 S.
249 1504 427 1546 Mariae
441 1504 758 1554 Magdalenae
773 1503 834 1544 de
849 1502 1023 1544 Pazzis

506 1556 711 1605 Virginis.

477 1618 737 1661 Semiduplex.

246 1669 381 1703 Omnia
413 1670 458 1703 dc
487 1670 690 1704 Communi
713 1669 917 1712 Yirginum
949 1670 1022 1713 [83]

193 1723 334 1760 practer
360 1729 464 1761 sequ.

247 1770 345 1809 Ant
368 1769 475 1809 Y'eni
494 1781 657 1821 sponsa
677 1768 849 1818 Christi,
871 1769 1023 1822 accipe

191 1827 410 1873 coronam,
432 1838 563 1876 quam
582 1825 661 1866 tibi
676 1825 892 1866 Dominus
911 1838 1021 1878 prae-

190 1883 325 1943 parav
328 1881 361 1922 it
381 1881 424 1921 in
445 1883 668 1923 aeternum.

247 1932 297 1983 Y.
329 1938 484 1990 Specie
517 1943 593 1979 tua
622 1943 665 1980 et
693 1936 1021 1990 pulchritudine

189 1998 274 2034 tua.
307 1994 357 2044 R.
371 1994 567 2044 Intende,
582 1997 797 2047 prospere
816 1994 1022 2046 procede,

190 2055 234 2091 et
252 2062 396 2100 regna.

530 2105 694 2146 Oratio.

195 2155 361 2260 Deus
379 2163 640 2213 virginitatis
659 2167 840 2214 amator,
858 2165 932 2216 qui
950 2164 1023 2206 be-

287 2221 404 2260 atam
419 2219 602 2260 Mariam
617 2220 923 2271 Magdalenam
932 2221 1024 2262 Vir-

190 2275 336 2325 ginem
360 2280 436 2316 tuo
463 2277 612 2317 amore
637 2279 911 2326 succensam,
937 2289 1021 2318 coe—

190 2330 375 2372 lestibus
419 2331 546 2372 donis
585 2331 820 2374 decorasti:
862 2332 934 2382 da;
975 2338 1023 2374 ut

192 2400 323 2439 quam
359 2387 517 2428 festiva
555 2388 809 2430 celebritate
843 2391 1021 2430 venera-

189 2455 298 2492 mur,
317 2443 510 2496 puritate
531 2449 575 2485 et
593 2445 775 2486 caritate
792 2445 1022 2486 imitemur.

190 2498 275 2540 Per
294 2498 542 2540 Dominum.

292 2558 367 2592 Pro
395 2557 430 2592 S.
451 2558 603 2591 Joanne
628 2557 736 2600 Papa
762 2562 797 2592 et
821 2557 931 2592 Mart.

247 2610 348 2651 Ant.
385 2611 472 2651 Iste
501 2615 678 2651 sanctus
706 2623 789 2663 pro
816 2610 914 2661 lege
939 2611 1021 2652 Dei

191 2666 258 2707 sui
277 2667 461 2708 certavit
480 2679 620 2718 usque
642 2666 698 2707 ad
717 2672 917 2717 mortem,
934 2672 978 2708 et
997 2680 1023 2708 a

188 2722 335 2764 verbis
366 2723 600 2775 impiorum
626 2735 714 2764 non
740 2723 900 2764 timuit:
931 2723 1022 2764 fun-

1073 305 1202 346 datus
1227 305 1341 345 enim
1367 309 1460 346 erat
1484 317 1618 357 supra
1635 305 1807 347 firmam
1829 318 1903 358 pe-

1072 367 1198 468 traxrn.
1216 417 1368 458 Gloria
1401 422 1445 459 et
1476 412 1645 458 honore
1680 417 1904 459 coronasti

1074 487 1173 515 eum
1218 473 1418 515 Domine.
1460 477 1511 529 R.
1538 472 1595 513 Et
1640 473 1905 516 constituisti

1074 542 1173 571 eum
1195 542 1327 582 super
1342 542 1480 582 opera
1498 530 1706 597 manuum
1719 531 1905 571 tuarum.

1164 656 1251 693 eus,
1273 643 1347 694 qui
1367 590 1584 684 11021ξὲὲῖθί
1598 642 1623 683 J
1626 642 1779 684 oannis
1792 642 1904 683 Mar-

1186 700 1296 752 tyris
1325 699 1388 740 tui
1416 703 1549 751 atque
1578 698 1806 740 Pontificis
1835 700 1906 739 an-

1074 770 1159 797 nua
1179 756 1459 798 solemnitate
1478 754 1692 796 laetificas:
1711 753 1906 796 concede

1074 813 1308 865 propitius3
1344 817 1393 854 ut
1423 812 1544 864 cujus
1577 811 1774 852 natalitia
1805 809 1906 852 coli-

1074 882 1182 918 mus,
1203 868 1258 910 de
1275 867 1470 920 ejusdem
1486 868 1618 910 etiam
1632 867 1907 921 protectione

1074 925 1355 976 gaudeamus.
1382 925 1467 966 Per
1486 924 1735 966 Dominum.

1131 983 1174 1017 In
1208 983 1234 1017 Ῐ.
1265 983 1464 1017 Nocturno
1498 982 1702 1017 Lectiones
1734 981 1782 1016 de
1814 980 1912 1016 Scri-

1080 1036 1191 1075 ptura
1218 1036 1451 1066 occurrente.

1304 1089 1353 1129 In
1381 1090 1431 1128 II.
1461 1088 1685 1128 Nocturno.

1381 1153 1566 1195 Lectio
1556 1167 1610 1193 iv,

1126 1214 1192 1262 ‘'a-35³,
1221 1208 1327 1247 aria
1371 1205 1633 1257 Magdalena
1681 1205 1910 1247 illustriori

1079 1255 1123 1319 ἐξ(
1145 1263 1192 1318 ἴς,
1251 1263 1511 1304 Pazziorum
1544 1264 1704 1313 genere
1730 1261 1908 1303 Floren-

1083 1316 1086 1321 “
1222 1316 1224 1322 ’
1251 1318 1326 1360 tiae
1344 1324 1462 1368 nata,
1489 1319 1579 1360 fere
1599 1317 1654 1360 ab
1674 1316 1910 1359 incunabu-

1074 1374 1128 1415 lis
1161 1375 1244 1416 iter
1276 1350 1562 1428 perfectionis
1590 1373 1784 1427 arripuit.
1825 1373 1910 1415 De·

1077 1431 1225 1472 cennis
1244 1433 1506 1484 perpetuam
1521 1431 1815 1482 virginitatem
1834 1442 1908 1471 vo-

1075 1487 1154 1537 vit,
1184 1490 1482 1540 susceptoque
1510 1487 1664 1530 habitu
1691 1487 1735 1527 in
1762 1498 1910 1528 mona—

1077 1545 1211 1586 sterio
1250 1551 1414 1586 sanctae
1450 1545 1601 1585 Mariae
1638 1542 1911 1594 Angelorum

1077 1600 1244 1642 ordinis
1265 1600 1616 1649 Carmelitarum,
1644 1612 1692 1641 se
1716 1598 1910 1640 omnium

1075 1658 1287 1699 virtutum
1307 1657 1534 1710 exemplar
1550 1654 1757 1698 exhibuit.
1779 1654 1909 1697 Adeo

1076 1718 1197 1755 casta
1223 1714 1319 1764 fuit,
1346 1719 1395 1755 ut
1424 1712 1641 1766 quidquid
1668 1711 1910 1765 puritatem

1075 1769 1238 1812 laedere
1257 1775 1418 1823 potest,
1437 1770 1612 1823 penitus
1630 1768 1910 1820 ignoraverit.

1076 1826 1448 1879 Quinquennium,
1475 1827 1574 1868 Deo
1592 1825 1783 1878 jubente,
1811 1823 1908 1866 solo

1074 1895 1188 1935 pane
1221 1887 1265 1924 et
1297 1895 1412 1934 aqua
1444 1881 1673 1934 transegit,
1710 1879 1908 1933 exceptis

1075 1937 1230 1980 diebus
1241 1939 1496 1988 Dominicis,
1508 1938 1667 1990 quibus
1682 1936 1793 1978 cibis
1805 1949 1907 1989 qua-

1076 1994 1442 2046 dragesimalibus
1476 1993 1750 2037 vescebatur.
1804 1993 1908 2035 Cor-

1074 2065 1159 2104 pus
1179 2065 1306 2093 suum
1325 2051 1484 2102 cilicio,
1510 2050 1710 2102 flagellis,
1734 2049 1908 2101 frigore,

1074 2107 1241 2158 inedia,
1286 2107 1465 2159 vigiliis,
1510 2106 1730 2156 nuditate,
1775 2111 1908 2159 atque

1075 2163 1194 2205 omni
1212 2166 1443 2217 poenarum
1461 2166 1621 2215 genere
1641 2162 1876 2205 cruciabat.

1133 2221 1186 2272 R.
1217 2221 1405 2273 Propter
1436 2220 1683 2270 veritatem,
1716 2225 1760 2261 et
1790 2232 1906 2261 man-

1075 2276 1369 2326 suetudinem,
1396 2282 1440 2319 et
1463 2277 1686 2329 justitiam:
1715 2276 1810 2317 *Et
1835 2275 1907 2318 de-

1076 2331 1208 2374 ducet
1240 2338 1284 2374 te
1321 2332 1578 2374 mirabiliter
1610 2332 1792 2374 dextera
1821 2336 1908 2373 tua.

1082 2384 1133 2436 V.
1144 2388 1300 2441 Specie
1319 2394 1406 2439 tua,
1426 2394 1470 2431 et
1489 2387 1814 2442 pulchritudine
1831 2393 1908 2430 tua

1074 2443 1266 2494 intende,
1294 2447 1509 2498 prospere
1533 2443 1744 2498 procede,
1773 2449 1816 2486 et
1842 2455 1906 2485 re*-

1074 2513 1171 2550 gna.
1199 2501 1266 2542 Et.

1393 2555 1547 2596 Lectio
1568 2568 1605 2596 v.

1167 2618 1270 2654 anto
1290 2613 1389 2663 igne
1410 2613 1544 2654 divini
1566 2612 1728 2654 amoris
1751 2614 1907 2654 aestua-

1168 2668 1259 2718 bat,
1284 2674 1332 2710 ut
1351 2669 1390 2710 ei
1410 2668 1592 2710 ferendo
1611 2669 1767 2720 impar,
1790 2667 1906 2718 inge-

1076 2728 1144 2765 sta
1169 2737 1283 2777 aqua
1308 2730 1466 2777 pectus
1494 2723 1752 2775 refrigerare
1779 2735 1905 2774 coge-
