2040 2976
556 185 626 219 Die
650 185 701 218 31.
726 184 826 224 Maii.
873 183 907 217 S.
934 181 1095 223 Angclae
1119 180 1287 214 Mericiae
1312 181 1416 222 Vix-g.

480 284 642 324 Oratio.

231 357 324 393 eus,
369 345 443 396 qui
478 357 641 386 novum
676 356 756 396 per
791 343 967 385 beatam

245 400 461 452 Angelam
488 402 711 442 sacrarum
736 400 967 451 Virginum

141 456 374 508 collegium
391 457 435 497 in
453 456 652 498 Ecclesia
672 462 748 498 tua
766 456 967 497 floresce-

140 526 188 555 re
206 512 398 554 voluisti:
419 512 476 554 da
494 512 634 562 nobis,
654 513 744 564 ejus
763 513 967 553 interces-

68 581 76 585 “
141 570 263 611 sione
288 569 496 620 angelicis
514 568 710 610 moribus
729 570 894 618 vivere;
920 572 968 609 ut

140 625 326 667 terrenis
359 624 562 666 omnibus
594 623 829 674 abdicatis,
864 627 966 675 gau-

141 681 224 723 diis
234 681 400 734 perfrui
414 683 659 722 mereamur
676 680 861 722 aeternis.
883 680 968 721 Per

140 737 379 778 Dominum
396 740 606 779 nostrum.

197 799 346 833 Deinde
371 809 504 833 comm.
530 798 564 832 S.
590 797 813 832 Petronillae
838 796 943 838 Virg.

196 851 294 891 Ant.
314 848 462 890 Simile
482 853 549 890 est
562 861 743 899 regnum
758 847 970 889 coelorum

141 905 307 947 homini
324 905 588 956 negotiatori
604 904 818 957 quaerenti
830 903 970 945 bonas

142 963 416 1012 margaritas:
447 961 622 1002 inventa
649 973 735 1002 una
764 960 970 1012 pretiosa,

143 1016 266 1059 dedit
295 1016 442 1058 omnia
479 1029 575 1067 sua,
617 1022 661 1058 et
700 1015 972 1068 comparavit

143 1086 250 1115 eam.

195 1129 246 1179 V.
287 1128 458 1170 Diffusa
493 1133 560 1170 est
591 1128 734 1179 gratia
765 1129 809 1168 in
841 1127 969 1168 labiis

142 1186 239 1227 tuis.
292 1189 343 1240 Εἰ.
379 1186 621 1238 Propterea
665 1184 891 1226 benedixit
927 1188 971 1225 te

143 1242 264 1283 Deus
282 1242 326 1282 in
345 1243 568 1283 aeternum.

479 1305 642 1345 Oratio.

143 1353 361 1460 Exaudi
393 1371 475 1400 nos
507 1358 630 1399 Deus
663 1357 866 1399 salutaris
899 1368 971 1397 no-

242 1419 346 1456 ster:
370 1419 433 1465 ut,
452 1415 564 1456 sicut
583 1413 638 1455 de
657 1413 801 1455 beatae
820 1414 967 1454 Petro-

144 1471 261 1512 nillae
278 1470 472 1522 Virginis
495 1475 583 1512 tuae
609 1470 845 1512 festivitate
870 1481 971 1520 gau-

146 1526 317 1576 demus,
344 1527 405 1568 ita
427 1527 514 1579 piae
534 1526 783 1568 devotionis
804 1525 971 1567 erudia-

144 1596 241 1624 mur
260 1582 430 1624 affectu.
456 1583 541 1624 Per
559 1583 808 1624 Dominum.

198 1651 242 1686 In
271 1651 298 1686 Ι.
325 1652 525 1686 Nocturno
558 1651 761 1685 Lectiones
794 1651 841 1685 de
873 1650 971 1685 Scri-

144 1704 257 1743 ptura
282 1703 514 1734 occurrente.

1020 283 1238 324 avunculo
1253 282 1486 334 prohibita,
1503 285 1625 325 novit
1635 286 1849 335 praestare

1021 338 1150 388 domi,
1170 337 1290 390 quod
1304 338 1348 378 in
1364 337 1598 380 solitudine
1614 352 1701 380 non
1718 339 1850 380 licuit.

1023 394 1175 436 Cilicio
1201 407 1252 435 ac
1277 393 1462 445 flagellis
1486 395 1737 446 frequenter
1760 408 1850 444 usa,

1021 463 1198 492 carnem
1216 450 1389 491 nonnisi
1403 450 1574 491 infirma
1588 451 1850 500 valetudine,

1021 507 1168 548 vinum
1201 506 1245 546 in
1277 506 1318 547 N
1322 506 1530 547 ativitatis
1567 511 1610 548 et
1641 507 1850 548 Resurre-

1022 562 1178 604 ctionis
1202 562 1449 603 Dominicae
1477 566 1645 604 tantum
1674 562 1850 604 celebri-

1021 621 1128 668 tate,
1174 618 1425 670 complures
1467 630 1571 659 vero
1615 618 1710 660 dies
1747 619 1852 659 nihil

1022 678 1198 716 omnino
1233 674 1493 725 degustavit.
1549 675 1747 716 Orationi
1781 675 1851 716 de-

1023 731 1131 781 dita,
1164 731 1470 773 brevissimum
1496 730 1616 771 humi
1642 731 1852 783 carpebat

1023 800 1241 829 somnum:
1274 787 1521 828 daemonem
1549 799 1654 828 vero
1684 786 1764 828 sub
1793 787 1853 828 lu·

1023 844 1162 885 centis
1196 843 1339 895 angeli
1374 843 1515 884 forma
1548 842 1630 883 sibi
1668 841 1853 884 illudere

1023 901 1256 941 conantem
1271 899 1451 950 agnovit
1464 899 1674 950 protinus,
1693 904 1736 940 et
1755 911 1853 939 con-

1023 956 1122 1007 jecit
1153 956 1197 996 in
1230 956 1388 1006 fugam.
1434 954 1634 996 Tandem
1660 955 1854 1006 paternis

1023 1012 1152 1054 bonis
1171 1011 1403 1061 abdicatis,
1429 1017 1473 1053 et
1497 1011 1697 1052 habitum
1721 1024 1771 1052 ac
1791 1013 1854 1051 re-

1024 1068 1171 1119 gulam
1197 1068 1335 1109 Tertii
1360 1067 1525 1109 ordinis
1557 1067 1697 1108 sancti
1722 1068 1852 1108 Fran-

1026 1125 1131 1166 cisci
1165 1124 1385 1176 amplexa,
1423 1123 1719 1174 evangelicam
1751 1136 1854 1175 pau-

1024 1182 1243 1233 pertatem
1283 1179 1544 1230 virginitatis
1587 1179 1707 1220 laudi
1755 1192 1854 1221 con-

1025 1237 1172 1288 junxit.

1081 1307 1131 1357 R'·
1161 1305 1350 1356 Propter
1382 1303 1627 1353 veritatem,
1661 1308 1704 1344 et
1738 1317 1854 1344 man-

1026 1361 1320 1409 suetudinem,
1349 1364 1392 1401 et
1416 1359 1638 1411 justitiam,
1666 1357 1758 1400 *Et
1783 1358 1854 1400 de-

1027 1417 1160 1459 ducet
1194 1421 1238 1458 te
1270 1415 1526 1457 mirabiliter
1558 1414 1739 1456 dextera
1770 1420 1855 1457 tua.

1028 1469 1079 1520 V.
1098 1473 1253 1526 Specie
1276 1477 1352 1514 tua
1372 1477 1414 1513 et
1433 1470 1758 1523 pulchritudine
1782 1476 1857 1512 tua

1025 1529 1218 1579 intende,
1245 1530 1459 1580 prospere
1484 1526 1694 1579 procede,
1723 1532 1765 1568 et
1793 1540 1856 1568 re-

1025 1600 1120 1637 gna.
1148 1586 1215 1626 Et.

1342 1664 1493 1705 Lectio
1514 1677 1551 1703 v.

1028 1735 1258 1841 Nullum
1299 1742 1477 1794 pietatis
1520 1742 1713 1784 officium
1755 1755 1858 1793 erga

1136 1798 1365 1850 proximos
1395 1800 1618 1847 omittens,
1655 1798 1855 1850 pauperi-

1027 1854 1127 1903 bus,
1162 1854 1377 1906 quidquid
1409 1854 1491 1896 sibi
1524 1867 1577 1895 ex
1606 1855 1857 1896 mendicato

1027 1910 1148 1951 victu
1185 1912 1454 1962 superesset,
1491 1910 1772 1961 largiebatur;
1812 1911 1857 1950 li-

1028 1966 1182 2008 benter
1202 1967 1476 2008 ministrabat
1496 1967 1689 2017 aegrotis,
1714 1967 1857 2019 plura-

1030 2034 1115 2073 que
1147 2035 1246 2063 cum
1277 2035 1435 2074 magna
1467 2023 1711 2064 sanctitatis
1744 2023 1859 2063 fama

1028 2078 1280 2130 peragravit
1305 2078 1419 2127 loca,
1447 2083 1495 2120 ut
1515 2078 1585 2119 vel
1610 2078 1768 2120 solatio
1794 2092 1857 2119 es-

1030 2139 1097 2175 set
1116 2134 1306 2183 afflictis,
1331 2135 1402 2175 vel
1426 2135 1512 2176 reis
1531 2135 1704 2175 veniam
1724 2135 1857 2187 impe-

1029 2192 1180 2239 traret,
1200 2190 1270 2231 vel
1289 2190 1482 2232 infensos
1501 2191 1688 2232 invicem
1708 2203 1857 2232 recon-

1031 2246 1196 2287 ciliaret
1238 2246 1428 2296 animos,
1471 2246 1541 2287 vel
1587 2259 1610 2287 e
1652 2246 1859 2288 vitiorum

1031 2314 1158 2343 coeno
1193 2301 1404 2343 scelestos
1436 2304 1675 2344 revocaret.
1717 2302 1858 2352 Ange-

1029 2358 1173 2399 lorum
1191 2371 1316 2410 pane,
1337 2371 1468 2410 quem
1485 2358 1612 2399 unice
1628 2357 1858 2406 esuriebat,

1030 2413 1382 2465 frequentissime
1401 2414 1580 2463 refecta,
1606 2418 1728 2455 tanta
1753 2413 1857 2454 cari-

1030 2469 1134 2510 tatis
1154 2469 1199 2525 vi
1215 2469 1437 2511 ferebatur
1461 2470 1505 2510 in
1524 2468 1684 2519 Deufn,
1714 2474 1761 2509 ut
1781 2470 1858 2508 sae-

1031 2525 1130 2577 pius
1150 2530 1273 2566 extra
1293 2538 1445 2566 sensus
1465 2527 1702 2577 raperetur.
1729 2525 1858 2565 Sacra

1030 2580 1278 2622 Palaestinae
1306 2581 1404 2622 loca
1435 2594 1605 2622 summa
1639 2593 1737 2621 cum
1764 2578 1858 2619 reli-

1031 2637 1160 2687 gione
1187 2636 1339 2678 obivit:
1369 2650 1456 2689 quo
1482 2637 1526 2677 in
1550 2637 1704 2678 itinere
1732 2640 1775 2676 et
1800 2634 1858 2675 vi-

1032 2705 1146 2742 sum,
1180 2705 1310 2744 quem
1341 2692 1398 2733 ad
1426 2691 1645 2743 Cydonias
1674 2690 1859 2742 appulsa

369 1773 418 1811 In
445 1772 496 1811 11.
524 1771 747 1811 Nocturno.

446 1844 599 1886 Lectio
619 1845 672 1884 iv.

160 1920 282 1970 «νγ,
303 1909 430 1960 ngela
465 1909 660 1958 Mericia‚
705 1909 974 1958 Decentiani,

162 1962 291 2035 [QX
318 1966 590 2007 Veronensis
619 1965 823 2006 dioecesis
851 1965 973 2018 oppi-

321 2020 399 2071 do,
433 2020 491 2062 ad
515 2021 659 2063 lacum
683 2022 906 2062 Benacum
930 2021 974 2061 in

149 2077 313 2119 ditione
339 2076 512 2118 Veneta
544 2077 627 2130 piis
661 2082 759 2119 orta
787 2077 974 2130 parenti-

148 2133 247 2183 bus,
275 2146 301 2174 a
323 2133 464 2185 prima
488 2135 620 2175 aetate
643 2133 904 2184 virginitatis
928 2133 974 2173 li-

148 2189 269 2239 lium,
299 2188 419 2240 quod
447 2191 664 2242 perpetuo
691 2191 867 2231 servare
891 2195 976 2230 sta-

149 2248 304 2294 tuerat,
324 2242 477 2286 sedula
491 2245 640 2298 sepsit.
667 2245 738 2287 Ab
754 2245 873 2286 omni
887 2259 976 2287 mu-

149 2300 277 2342 liebri
297 2302 455 2342 ornatu
474 2300 732 2351 abhorrens,
759 2301 978 2352 egregiam

150 2356 296 2398 vultus
324 2356 528 2406 formam,
555 2357 872 2409 pulchramque
898 2369 978 2398 cae-

152 2413 310 2454 sariem
335 2411 532 2453 studiose
550 2412 754 2462 foedavit,
780 2418 828 2454 ut
851 2412 978 2453 coele-

152 2469 208 2510 sti
255 2469 482 2510 dumtaxat
528 2468 768 2509 animarum
812 2480 978 2520 sponso

153 2525 358 2577 placeret.
383 2525 434 2564 In
452 2524 550 2576 ipso
566 2529 714 2565 autem
728 2523 978 2565 adolescen-

153 2580 226 2621 tiae
247 2580 355 2621 flore
374 2579 629 2631 parentibus
650 2579 819 2629 orbata,
839 2584 979 2621 auste-

154 2636 281 2677 rioris
310 2637 412 2677 vitae
440 2634 661 2676 desiderio
690 2635 734 2675 in
760 2634 981 2676 desertum

154 2691 300 2733 locum
331 2692 538 2743 aufugere
570 2691 769 2741 tentavit;
808 2691 888 2732 sed
925 2691 979 2733 ab

311 2831 375 2855 Pars
390 2831 497 2856 AEstiva.
1590 2821 1630 2851 21
