2040 2976
455 180 527 213 Die
552 179 604 213 24.
630 178 747 212 Junii.
793 178 838 212 In
862 177 1076 211 Nativitate
1102 177 1138 211 S.
1163 178 1327 212 Joannis
1351 179 1551 221 Baptistae.

150 277 327 318 Ventris
357 276 564 318 obstruso
593 274 808 315 recubans
838 273 979 322 cubili,

201 334 411 376 Senseras
450 333 618 383 Regem
658 330 852 372 thalamo
892 342 979 370 ma-

457 390 649 429 nentem:

200 446 316 487 Hinc
331 457 490 497 parens
505 444 598 485 nati
611 442 779 484 meritis
793 443 979 492 uterque

304 501 470 543 Abdita
488 499 654 553 pandit.

146 568 213 609 Sit
233 567 368 610 decus
386 566 518 616 Patri,
537 565 784 616 genitaeque
803 562 935 612 Proli,

199 626 257 666 Et
278 624 359 665 tibi
383 634 563 675 compar
586 621 818 672 utriusque
840 619 979 661 virtus

200 681 388 734 Spiritus
433 690 628 731 semper,
680 677 803 718 Deus
848 688 978 725 unus,

459 748 578 776 omni

303 792 538 844 Temporis
558 803 665 832 aevo.
694 790 848 831 Amen.

198 855 250 906 V.
293 857 395 899 Fuit
435 857 568 898 homo
607 856 767 897 missus
808 868 833 895 a
868 854 978 895 Deo.

143 915 194 966 R.
227 914 307 956 Cui
334 926 496 955 nomen
525 917 618 954 erat
639 912 664 953 J
667 914 842 953 oannes.

195 978 267 1020 Ad
299 979 470 1032 Magnis.
516 980 616 1019 Ant.
657 978 864 1028 Ingresso
898 976 977 1017 Za-

147 1035 294 1076 charia
316 1034 530 1087 templum
553 1033 748 1082 Demini‚
772 1032 978 1085 apparuit

147 1092 187 1133 ei
203 1091 384 1134 Gabriel
398 1090 605 1142 Angelus,
625 1095 745 1131 stans
766 1102 791 1130 a
811 1088 978 1130 dextris

147 1148 294 1190 altatis
312 1148 490 1189 incensi.

481 1212 645 1253 Oratio.

144 1269 328 1375 Deus,
361 1273 435 1325 qui
465 1274 733 1325 praesentem
758 1271 875 1312 diem
902 1271 976 1313 ho-

251 1329 504 1372 norabilem.
531 1328 660 1370 nobis
689 1328 733 1368 in
762 1327 881 1369 beati
907 1328 932 1368 J
934 1341 977 1369 0-

1085 273 1154 314 Tu
1188 274 1366 326 quidem
1396 276 1549 317 mundi
1577 275 1720 317 scelus
1749 275 1864 316 aufe-

1346 334 1515 374 rentem

1188 387 1339 430 Indice
1358 389 1522 441 prodis.

1032 451 1133 492 Non
1152 450 1233 492 fuit
1252 454 1364 494 vasti
1383 455 1575 506 spatium
1593 469 1674 508 per
1694 457 1814 498 orbis

1083 507 1286 549 Sanctior
1324 510 1556 578 quisquam
1588 513 1760 563 genitus
1792 514 1863 555 Jo-

1084 619 1168 669 Qui
1187 621 1308 662 nefas
1329 579 1626 666 sigellimeruit
1643 625 1864 668 lavantem

1188 677 1378 729 Tingere
1396 679 1599 732 lymphis.

1031 740 1095 782 Sit
1115 741 1251 783 decus
1270 744 1400 794 Patri,
1420 745 1668 797 genitaeque
1687 747 1818 798 Proli,

1084 797 1141 838 Et
1163 798 1244 840 tibi
1268 812 1450 853 compar
1473 802 1702 854 utriusque
1727 804 1864 845 virtus

1083 854 1271 906 Spiritus
1296 869 1488 922 semper,
1516 858 1638 899 Deus
1661 872 1791 909 unus,
1820 873 1863 901 o-

1187 926 1432 1022 Temderilsl
1444 983 1553 1012 aevo.
1582 971 1734 1012 Amen.

1268 1051 1317 1090 In
1345 1051 1374 1090 Ι,
1404 1051 1628 1091 Nocturno.

1084 1111 1183 1151 Ant.
1216 1109 1480 1160 Priusquam
1505 1114 1550 1151 te
1577 1110 1814 1151 formarem
1840 1111 1863 1135 *

1030 1164 1074 1204 in
1089 1168 1228 1213 uter0‚
1247 1166 1352 1206 novi
1366 1171 1425 1207 te:
1445 1171 1489 1207 et
1508 1168 1744 1218 antequam
1764 1179 1863 1218 pro-

1031 1220 1288 1271 gredereris,
1308 1222 1579 1264 sanctificavi
1596 1227 1651 1264 te.

1321 1286 1521 1326 Psalmus
1543 1288 1571 1326 1.

1038 1354 1054 1393 ἴ
1070 1349 1269 1398 eatus
1284 1347 1360 1397 vir,
1380 1348 1455 1400 qui
1473 1360 1561 1389 non
1579 1348 1685 1390 abiit
1704 1349 1748 1388 in
1764 1361 1863 1390 con-

148 1386 272 1427 annis
291 1385 519 1427 nativitate
541 1384 700 1425 fecisti:
725 1383 782 1425 da
799 1384 977 1436 pepulis
1034 1384 1047 1425 ἢ
1084 1392 1131 1411 ἀ

146 1442 232 1483 tuis
265 1441 555 1495 spiritualium
585 1441 771 1492 gratiam
798 1439 977 1492 gaudie·
1038 1437 1056 1480 ’ἐζ
1069 1446 1114 1473 ἐϋ

146 1511 256 1547 rum3
289 1503 334 1539 et
363 1498 556 1539 emnium
583 1497 779 1538 fidelium
807 1501 977 1538 mentes

147 1554 284 1606 dirige
303 1555 347 1595 in
366 1555 482 1595 viam
501 1553 654 1595 salutis
674 1555 863 1594 aeternae.
893 1553 978 1594 Per

145 1611 384 1652 Deminum
402 1615 614 1652 nostrum.

306 1698 394 1739 Ad
424 1698 814 1739 matutinum.

197 1767 321 1808 Invit.
366 1766 534 1816 Regem
564 1765 858 1806 Praecurseris
888 1765 976 1806 De-

145 1821 321 1871 minum,
341 1823 364 1848 *
383 1821 544 1863 Venite
563 1820 809 1862 adoremus.

196 1879 266 1919 Ps.
292 1879 460 1928 Venite,
480 1877 760 1919 exsultemus.
779 1879 816 1919 2.

448 1945 661 1996 Hymnus.

144 2000 321 2107 Antra
341 2003 504 2046 deserti
523 2003 687 2044 teneris
707 2003 787 2045 sub
809 2004 932 2045 annis

263 2060 433 2101 Civium
459 2065 626 2102 turmas
651 2059 841 2111 fugiens,
869 2062 977 2112 peti-

456 2118 523 2166 sti,

197 2172 266 2214 Ne
284 2173 371 2214 levi
390 2186 547 2226 posses
566 2172 788 2214 maculare
806 2173 943 2214 vitam

304 2229 494 2271 Crimine
512 2229 690 2281 linguae.—

144 2293 341 2335 Praebuit
369 2293 526 2336 durum
553 2297 758 2346 tegumen
784 2293 976 2335 camelus

197 2349 395 2392 Artubus
437 2351 591 2400 sacris,
633 2349 880 2402 strephium
914 2349 975 2391 bi-

458 2406 626 2448 dentes:

200 2461 281 2503 Cui
306 2462 425 2504 latex
452 2462 673 2511 haustum,
705 2463 874 2504 sociata
900 2475 974 2514 pa-

457 2523 572 2560 stum

302 2574 434 2615 Mella
452 2574 648 2616 locustis.

145 2638 292 2680 Ceteri
310 2644 480 2680 tantum
500 2639 697 2680 cecinere
715 2638 880 2679 Vatum

198 2694 342 2737 Corde
360 2697 564 2747 praesago
583 2694 707 2746 jubar
726 2694 975 2736 affuturum:

299 2836 364 2860 Pars
379 2836 488 2860 AEstiva.

1041 1419 1050 1441 ᾖ
1066 1389 1136 1454 &⁴
1160 1403 1257 1444 silio
1278 1403 1524 1456 impierum,
1549 1409 1593 1446 et
1612 1405 1655 1444 in
1675 1405 1745 1445 via
1763 1417 1863 1457 pec-

1161 1461 1361 1501 caterum
1392 1473 1480 1501 non
1514 1461 1651 1510 stetit,
1683 1461 1707 1486 *
1739 1466 1782 1502 et
1819 1461 1863 1501 in

1032 1515 1240 1558 cathedra
1258 1516 1524 1568 pestilentiae
1543 1530 1631 1558 non
1651 1517 1779 1558 sedit:

1083 1572 1171 1614 Sed
1187 1572 1230 1612 in
1244 1572 1342 1623 lege
1352 1572 1745 1614 Deminivoluntas
1762 1574 1863 1625 ejus,

1031 1630 1055 1655 *
1084 1633 1127 1669 et
1159 1629 1203 1669 in
1231 1628 1329 1680 lege
1359 1629 1450 1680 ejus
1478 1629 1763 1671 meditabitur
1792 1629 1863 1670 die

1031 1697 1083 1725 ac
1101 1690 1243 1726 nocte.

1083 1741 1140 1782 Et
1167 1741 1249 1782 erit
1275 1746 1501 1792 tamquam
1528 1741 1712 1792 lignum,
1743 1742 1864 1794 quod

1031 1797 1278 1850 plantatum
1291 1801 1357 1838 est
1368 1810 1495 1838 secus
1507 1797 1720 1838 decursus
1731 1800 1862 1849 aqua-

1031 1866 1138 1903 rum,
1150 1854 1174 1880 *
1186 1853 1305 1905 quod
1324 1853 1513 1894 fructum
1533 1866 1659 1894 suum
1679 1853 1802 1895 dabit
1820 1854 1863 1894 in

1031 1911 1233 1962 tempore
1254 1922 1349 1951 suo:

1084 1966 1141 2007 Et
1166 1965 1317 2006 felium
1344 1966 1434 2017 ejus
1460 1977 1548 2006 non
1575 1964 1754 2007 defluet:
1774 1967 1798 1993 *
1818 1971 1863 2007 et

1034 2022 1179 2062 emnia
1199 2024 1488 2074 quaecumque
1507 2021 1654 2071 faciet,
1679 2035 1861 2076 prospe-

1030 2077 1255 2119 rabuntur.

1081 2134 1184 2175 Non
1203 2134 1265 2175 sic
1284 2133 1416 2186 impii,
1435 2147 1524 2175 non
1539 2134 1615 2175 sic:
1626 2135 1650 2162 *
1661 2134 1741 2176 sed
1755 2139 1861 2176 tam-

1033 2203 1164 2242 quam
1181 2190 1342 2243 pulvis,
1363 2202 1493 2243 quem
1510 2191 1685 2243 prejicit
1704 2196 1861 2232 ventus

1031 2258 1057 2286 a
1075 2246 1185 2288 fecie
1203 2251 1346 2287 terrae.

1082 2302 1191 2344 Ideo
1217 2315 1306 2344 non
1332 2306 1563 2354 resurgent
1588 2303 1710 2355 impii
1733 2304 1776 2344 in
1803 2305 1859 2355 ju-

1031 2357 1161 2399 dicio:
1187 2359 1211 2385 *
1236 2371 1380 2410 neque
1405 2360 1664 2411 peccateres
1689 2359 1733 2399 in
1760 2372 1859 2400 con—

1031 2414 1131 2455 cilio
1150 2414 1374 2466 justerum.

1083 2470 1299 2520 Queniam
1323 2471 1447 2512 novit
1469 2471 1564 2511 Dfis
1589 2471 1705 2512 viam
1727 2473 1858 2523 juste-

1029 2538 1142 2567 rum:
1165 2527 1190 2553 *
1216 2531 1260 2567 et
1282 2527 1365 2568 iter
1388 2527 1623 2579 impierum
1646 2527 1816 2579 peribit.

1078 2585 1180 2625 Ant.
1207 2583 1471 2635 Priusquam
1493 2587 1538 2624 te
1561 2583 1796 2624 formarem
1814 2582 1857 2622 in

1029 2641 1175 2687 utero,
1202 2639 1307 2680 novi
1333 2644 1395 2680 te:
1423 2644 1466 2680 et
1494 2641 1730 2690 antequam
1757 2650 1856 2690 pro-

1029 2694 1286 2746 gradereris,
1307 2695 1578 2736 sanctificavi
1594 2699 1650 2736 te.

1583 2824 1648 2857 23*
