2040 2976
165 312 302 353 multo
322 310 533 352 remotior
557 310 638 351 erit
662 309 717 351 ab
743 308 995 350 homicidio.

167 369 449 420 Quapropter
478 367 552 418 qui
576 365 708 407 docet
730 370 778 406 ut
800 378 887 406 non
913 365 994 405 ira-

165 426 348 473 scamur,
373 435 462 464 non
488 422 619 464 solvit
643 422 787 472 legem
808 434 863 462 ne
883 421 993 462 occi-

165 481 335 529 damus,
371 479 452 520 sed
484 479 638 531 implet
670 478 836 530 potius:
869 483 917 518 ut
953 482 995 518 et

164 536 287 585 foris,
321 535 425 577 dum
458 547 546 576 non
581 533 838 584 occidimus3
877 539 920 575 et
951 533 994 573 in

164 592 310 641 corde,
322 591 426 633 dum
439 604 528 632 non
542 590 781 639 irascimur,
792 590 993 630 innocen-

162 649 269 689 tiam
289 647 601 689 custodiamus.

448 716 599 756 Lectio
621 716 704 756 viii.

166 780 384 887 Gradus
408 791 556 840 itaque
582 793 682 830 sunt
707 788 750 827 in
775 787 870 828 istis
893 799 993 839 pec-

277 847 403 887 catis:
435 850 484 886 ut
517 845 660 897 primo
697 843 881 896 quisque
915 843 994 883 ira-

165 904 325 951 scatur,
373 906 416 943 et
460 914 560 942 eum
600 906 769 942 motum
808 902 995 941 retineat

164 959 299 1000 corde
320 960 592 1010 conceptum.
627 957 651 997 J
654 970 724 997 am
745 957 782 997 si
800 958 994 997 extorse-

164 1015 220 1056 rit
239 1027 396 1056 vocem
410 1013 676 1064 indignantis
691 1013 787 1065 ipsa
803 1014 993 1053 commo-

163 1071 237 1120 tio,
263 1083 351 1112 non
374 1069 692 1120 significantem
717 1068 895 1120 aliquid,
915 1067 994 1109 sed

163 1127 285 1167 illum
310 1126 441 1167 animi
458 1130 627 1166 motum
647 1126 744 1177 ipsa
764 1124 994 1176 eruptione

162 1185 407 1231 testantem,
423 1194 509 1233 qua
523 1181 704 1223 feriatur
722 1181 805 1230 ille,
825 1181 895 1222 cui
913 1181 994 1221 ira-

163 1239 315 1280 scitur:
355 1238 455 1290 plus
493 1243 559 1279 est
595 1238 748 1289 utique
789 1249 922 1288 quam
959 1237 995 1277 si

164 1307 346 1345 surgens
366 1295 430 1335 ira
448 1294 621 1335 silentio
640 1295 924 1346 premeretur.
950 1293 995 1334 Si

163 1363 269 1392 vero
306 1363 394 1391 non
431 1350 574 1391 solum
609 1363 698 1391 vox
729 1348 994 1400 indignantis

163 1406 381 1456 audiatur,
414 1406 494 1447 sed
522 1406 653 1447 etiam
679 1406 877 1454 verbum,
907 1418 994 1458 quo

163 1463 248 1514 jam
267 1467 432 1504 certam
452 1462 541 1513 ejus
557 1462 936 1514 vituperationem,
951 1461 995 1502 in

165 1530 295 1570 quem
314 1518 545 1571 profertur,
570 1517 770 1569 designet
794 1523 837 1559 et
855 1522 994 1561 notet:

165 1575 262 1626 quis
305 1574 493 1622 dubitet,
535 1574 724 1626 amplius
762 1574 849 1616 hoc
887 1587 994 1624 esse,

165 1643 296 1682 quam
319 1631 355 1671 si
379 1630 500 1671 solus
526 1629 835 1682 indignationis
860 1644 995 1673 sonus

164 1685 393 1728 ederetur?

464 1756 615 1796 Lectio
637 1757 690 1796 ix.

255 1823 328 1865 ide
350 1837 465 1865 nunc
489 1825 620 1865 etiam
642 1829 731 1865 tres
750 1827 910 1874 reatus,
936 1827 994 1877 ju-

268 1880 380 1929 dicii,
393 1880 576 1929 concilii⁷
588 1886 631 1921 et
645 1880 856 1932 gehennae
872 1881 995 1932 ignis.

163 1935 278 1976 Nam
307 1935 349 1975 in
381 1936 541 1987 judicio
576 1935 719 1977 adhuc
752 1935 996 1978 defensioni

165 1991 294 2032 datur
334 1991 469 2032 locus.
515 1993 565 2032 In
607 1992 794 2034 concilio
837 1998 995 2043 autem,

167 2060 431 2099 quamquam
451 2053 494 2089 et
509 2047 715 2098 judicium
731 2061 829 2089 esse
844 2049 995 2100 soleat,

165 2107 312 2144 tamen
346 2103 447 2154 quia
474 2104 686 2145 interesse
714 2104 881 2156 aliquid
909 2105 996 2147 hoc

165 2159 266 2200 loco
304 2159 429 2200 fateri
467 2161 584 2210 cogit
621 2161 718 2212 ipsa
759 2160 996 2212 distinctio,

165 2214 338 2256 videtur
388 2215 444 2256 ad
494 2217 726 2257 concilium
775 2218 997 2269 pertinere

167 2271 395 2312 sententiae
437 2272 643 2323 prolatio:
690 2273 866 2325 quando
909 2287 997 2316 non

166 2327 251 2378 jam
284 2340 384 2368 cum
418 2328 516 2380 ipso
549 2341 626 2369 reo
661 2330 818 2380 agitur,
851 2335 998 2372 utrum

167 2382 443 2424 damnandus
477 2384 546 2433 sit3
581 2383 660 2425 sed
688 2385 800 2426 inter
829 2398 893 2434 se,
923 2387 995 2437 qui

166 2438 370 2490 judicant,
400 2440 631 2481 conferunt
663 2454 751 2492 quo
779 2441 996 2494 supplicio

168 2494 367 2536 damnari
398 2498 620 2547 oporteat,
656 2509 787 2548 quem
823 2503 997 2539 constat

168 2563 266 2591 esse
294 2549 602 2592 damnandum.
654 2552 864 2594 Gehenna
892 2566 997 2595 vero

167 2606 291 2656 ignis,
314 2619 396 2647 nec
420 2606 746 2649 damnationem
763 2608 898 2650 habet
922 2609 997 2650 du-

167 2661 295 2712 biam,
320 2662 432 2704 sicut
451 2661 672 2714 judicium;
698 2677 780 2705 nec
804 2664 999 2706 damnati

167 2730 356 2770 poenam,
372 2719 484 2760 sieut
503 2719 753 2760 concilium:
771 2720 815 2760 in
829 2720 998 2772 gehefia

706 215 907 248 Dominica
934 214 995 247 Vl.
1022 219 1109 257 post
1135 214 1399 247 Pentecosten.

1050 308 1215 359 quippe
1242 307 1369 357 ignis,
1398 311 1519 348 certa
1548 310 1616 348 est
1643 305 1879 354 damnatio,

1049 369 1092 405 et
1111 376 1245 416 poena
1265 362 1471 404 damnati.

1102 423 1162 461 Te
1182 420 1326 461 Deum
1344 418 1586 460 laudamus.
1605 421 1664 461 13.

1104 482 1174 522 Ad
1195 480 1357 522 Bened.
1386 482 1486 521 Ant.
1516 479 1712 523 Audistis
1732 483 1756 509 *
1776 483 1880 534 quia

1049 537 1213 578 dictum
1238 541 1304 577 est
1329 535 1535 586 antiquis:
1565 536 1668 578 Non
1688 538 1880 580 occides:

1049 593 1123 645 qui
1152 598 1298 634 autem
1327 591 1556 639 occiderit,
1583 592 1685 635 reu's
1713 594 1795 636 erit
1821 596 1879 647 ju-

1048 649 1175 691 dicio.

1102 706 1153 756 Y.
1178 709 1393 750 Dominus
1426 709 1640 759 regnavit,
1673 709 1880 753 decorem

1047 764 1198 807 induit.
1231 767 1281 817 R.
1304 765 1453 806 Induit
1471 765 1687 807 Dominus
1711 766 1880 808 fortitu-

1048 821 1205 873 dinem,
1226 827 1269 862 et
1287 821 1519 873 praecinxit
1540 834 1587 863 se
1608 822 1782 864 virtute.

1102 882 1172 922 Ad
1196 882 1368 930 Magnis.
1403 882 1502 923 Ant.
1531 882 1577 922 Si
1595 882 1728 924 offers
1748 885 1772 910 *
1790 897 1880 925 mu·

1047 950 1129 978 nus
1152 942 1277 979 tuum
1301 937 1358 980 ad
1382 938 1531 987 altare,
1558 943 1602 979 et
1620 939 1880 981 recordatus
1930 947 1932 950 ’

1047 993 1182 1035 fueris
1216 995 1318 1046 quia
1351 995 1484 1036 frater
1511 1000 1612 1036 tuus
1639 994 1774 1037 habet
1807 996 1880 1037 ali-

1049 1050 1156 1102 quid
1175 1051 1388 1093 adversus
1407 1056 1462 1100 te,
1487 1051 1684 1103 relinque
1703 1052 1765 1093 ibi
1789 1065 1881 1094 mu-

1047 1119 1130 1147 nus
1144 1111 1268 1148 tuum
1283 1113 1382 1149 ante
1398 1107 1547 1157 altare,
1567 1112 1612 1149 et
1626 1107 1739 1149 vade
1758 1109 1882 1161 prius

1048 1163 1322 1204 reconciliari
1347 1164 1470 1205 fratri
1493 1168 1588 1205 tuo:
1613 1169 1657 1206 et
1681 1169 1786 1206 tunc
1810 1167 1880 1206 ve-

1047 1218 1171 1260 niens
1191 1219 1350 1262 offeres
1367 1233 1526 1261 munus
1543 1225 1677 1270 tuum,
1698 1220 1881 1272 alleluja.

1099 1274 1150 1325 V.
1166 1280 1394 1332 Dirigatur
1408 1280 1598 1322 Domine
1613 1281 1757 1323 oratio
1771 1294 1881 1323 mea.
1944 1292 1949 1296 ’

1046 1336 1099 1433 ἐξ.
1138 1336 1260 1378 Sicut
1295 1337 1522 1378 incensum
1556 1337 1602 1377 in
1638 1339 1882 1390 conspectu

1067 1405 1137 1433 uo.

1256 1464 1674 1493 ———.ffi——

1265 1543 1542 1593 Dominica
1574 1543 1662 1593 VI.

1156 1616 1298 1662 post
1338 1611 1772 1651 Pentecosten.

1385 1683 1550 1723 Oratio.

1048 1739 1217 1845 Deus
1243 1747 1466 1797 virtutum,
1495 1749 1617 1800 cujus
1645 1753 1713 1790 est
1737 1752 1897 1801 totum*

1168 1802 1290 1856 quod
1309 1809 1376 1845 est
1395 1804 1626 1856 optimum:
1644 1806 1789 1846 insere
1807 1817 1882 1857 pe-

1048 1859 1245 1902 ctoribus
1264 1860 1428 1901 nostris
1447 1862 1644 1902 amorem
1663 1861 1728 1902 tui
1745 1861 1880 1903 nomi-

1047 1916 1130 1966 nis,
1164 1921 1207 1958 et
1233 1922 1400 1969 praesta
1427 1917 1471 1957 in
1501 1917 1630 1959 nobis
1656 1917 1882 1968 religionis

1049 1975 1346 2024 augmentum;
1387 1978 1436 2014 ut
1476 1986 1575 2026 quae
1616 1978 1718 2015 sunt
1751 1972 1881 2023 bona,

1048 2029 1234 2079 nutrias3
1272 2042 1324 2071 ac
1359 2029 1539 2082 pietatis
1577 2028 1744 2078 studiO,
1782 2042 1883 2082 quae

1049 2089 1150 2126 sunt
1179 2087 1360 2135 nutrita,
1389 2085 1626 2127 custodias.
1674 2086 1760 2127 Per
1794 2086 1881 2128 Do-

1047 2141 1214 2182 minum
1232 2146 1444 2183 nostrum.

1048 2211 1204 2252 Lectio
1228 2211 1369 2253 sancti
1387 2211 1616 2262 Evangelii
1640 2211 1883 2254 secundum

1359 2267 1569 2309 Marcum.

1152 2325 1303 2367 Lectio
1330 2325 1397 2366 vii.
1617 2324 1719 2375 Cap.
1739 2325 1778 2364 8.

1047 2382 1123 2488 In
1138 2387 1214 2428 illo
1229 2389 1446 2440 tempore:
1475 2388 1585 2429 Cum
1599 2387 1728 2430 turba
1745 2386 1896 2444 multa

1121 2448 1241 2485 esset
1271 2456 1370 2485 cum
1402 2444 1523 2494 Jesu,
1555 2457 1637 2486 nec
1667 2444 1881 2486 haberent

1050 2499 1171 2551 quod
1187 2499 1519 2542 manducarent:
1545 2499 1799 2542 convocatis
1819 2498 1880 2540 di-

1049 2556 1247 2608 scipulis,
1276 2556 1336 2597 ait
1365 2555 1466 2597 illis:
1507 2557 1720 2598 Misereor
1748 2567 1881 2608 super

1048 2611 1237 2653 turbam:
1267 2612 1369 2664 quia
1394 2625 1498 2655 ecce
1516 2614 1601 2665 jam
1619 2611 1767 2654 triduo
1788 2615 1880 2653 sus-

1047 2667 1188 2708 tinent
1210 2680 1292 2714 me,
1318 2681 1400 2710 nec
1425 2668 1589 2711 habent
1615 2667 1735 2720 quod
1761 2681 1879 2709 man-

1049 2722 1222 2765 ducent.
1250 2724 1307 2766 Et
1326 2725 1505 2777 reliqua.
