2040 2976
201 235 273 279 [18]

495 325 646 366 Lectio
668 325 721 364 ix.

281 393 298 428 t
312 387 486 435 Paulus,
507 386 581 438 qui
595 383 948 428 tertiusdecimus
964 388 1030 424 est

295 442 549 496 Apostolus,
570 440 788 494 judicandi
807 444 926 481 sorte
945 439 1029 492 pri-

199 500 390 549 vabitur,
422 512 522 540 cum
549 499 644 551 ipse
671 497 802 539 dicat:
836 496 1029 537 Nescitis

200 556 407 608 quoniam
478 555 683 606 angelos*
731 552 1029 605 judicabimus,

200 617 364 664 quanto
379 612 518 662 magis
534 607 783 652 saecularia?
795 607 1029 650 Sciendum

198 681 386 720 namque
407 672 488 718 est,
517 679 684 716 omnes,
714 665 789 718 qui
812 664 869 706 ad
888 666 1029 705 exem-

197 724 319 777 plum
331 723 651 777 Apostolorum
668 735 746 763 sua
761 721 1030 773 reliquerunt

199 781 354 830 omnia,
374 785 418 822 et
439 780 580 822 secuti
599 783 700 820 sunt
720 777 950 825 Christum,
970 777 1028 827 ju-

198 836 318 879 dices
339 850 438 879 cum
458 849 511 878 eo
527 839 748 884 venturos,
770 834 883 874 sicut
898 833 1029 874 etiam

198 906 327 935 omne
352 893 603 934 mortalium
631 903 768 942 genus
798 901 895 931 esse
923 888 1028 940 judi-

197 949 396 991 candum.
451 949 562 999 Quia
599 948 715 989 enim
756 945 1027 987 duodenario

198 1018 318 1059 saepe
349 1008 532 1047 numero
564 1004 678 1045 solet
711 1003 753 1043 in
790 1002 1028 1054 Scripturis

197 1063 456 1104 universitas
485 1060 719 1111 designari,
756 1071 836 1111 per
864 1057 1027 1099 duode-

197 1119 282 1160 cim
310 1118 438 1160 sedes
466 1116 800 1170 Apostolorum,
834 1114 1028 1156 omnium

197 1175 487 1216 numerositas
525 1172 829 1226 judicantium,
866 1176 910 1212 et
947 1183 1027 1223 per

197 1230 431 1272 duodecim
445 1231 585 1272 tribus
599 1228 746 1278 Israel,
766 1227 1027 1269 universitas

196 1289 363 1338 eorum,
393 1287 466 1340 qui
490 1285 709 1339 judicandi
734 1289 850 1334 sunt,
885 1285 1026 1325 osten-

196 1343 324 1385 ditur,

246 1400 309 1441 Te
329 1401 473 1441 Deum
491 1399 731 1440 laudamus.
748 1398 806 1438 13.

459 1490 474 1491 1
556 1477 766 1503 ὠμῇ

374 1547 470 1587 Pro
501 1542 843 1595 Evangelistis

502 1601 716 1635 Lectiones.

425 1662 474 1700 In
500 1661 530 1699 Ι.
559 1661 784 1700 Nocturno.

196 1725 352 1778 [ncipit
376 1723 487 1765 liber
510 1723 754 1764 Ezechielis
777 1721 1024 1774 Prophetae.

295 1791 444 1832 Lectio
467 1792 488 1831 i.
767 1792 869 1841 Cap.
891 1790 917 1828 l.

202 1856 215 1902 ἦ
232 1856 303 1917 Γ)
315 1856 333 1892 1
347 1851 511 1892 factum
523 1856 589 1891 est
603 1850 647 1890 in
662 1849 887 1900 trigesimo
900 1861 1025 1899 anno,

211 1942 214 1952 .
237 1905 303 1967 f
341 1907 383 1947 in
408 1911 580 1959 quarto,
608 1907 653 1947 in
677 1906 828 1958 quinta
852 1905 1025 1954 mensis,

211 1969 214 1977 '
238 1961 307 1988 ’ζ’
342 1976 441 2004 011111
474 1975 616 2005 essem
644 1963 687 2003 in
715 1961 861 2003 medio
891 1961 1024 2014 capti-

194 2022 350 2061 vorum
365 2021 483 2071 juxta
494 2020 675 2060 fluvium
686 2018 873 2067 Chobar,
884 2017 1025 2070 aperti

193 2081 295 2117 sunt
315 2076 430 2126 coeli,
461 2081 505 2118 et
523 2075 613 2117 vidi
632 2075 824 2117 visiones
842 2075 936 2116 Dei.
973 2074 1024 2115 In

195 2133 345 2185 quinta
358 2132 531 2182 mensis,
550 2132 645 2185 ipse
665 2137 733 2174 est
749 2144 888 2173 annus
905 2131 1023 2183 quin·

192 2194 263 2230 tus
278 2189 672 2239 transmigrationis
688 2188 802 2239 regis
813 2188 838 2228 J
840 2187 1023 2237 oachim,

193 2245 357 2286 factum
374 2250 441 2286 est
454 2245 638 2287 verbum
652 2244 831 2286 Domini
846 2244 902 2286 ad
917 2244 1022 2285 Eze-

193 2301 387 2351 chielem,
404 2301 541 2342 filium
556 2301 666 2342 Buzi
683 2300 961 2342 sacerdotem
980 2301 1023 2341 in

192 2363 310 2399 terra
339 2357 667 2409 Chaldaeorum,
705 2370 832 2399 secus
860 2358 1023 2399 flumen

194 2413 383 2455 Chobar:
412 2419 455 2455 et
472 2414 587 2455 facta
607 2419 673 2455 est
693 2427 826 2467 super
846 2427 946 2456 eum
962 2413 1022 2455 ibi

191 2483 345 2511 manus
379 2470 567 2511 Domini.
611 2471 668 2512 Et
697 2470 806 2519 vidi,
843 2474 887 2511 et
919 2482 1022 2512 ecce

191 2531 347 2568 ventus
370 2526 555 2568 turbinis
579 2526 783 2568 veniebat
810 2526 865 2567 ab
886 2526 1021 2582 Aqui-

190 2582 306 2624 lone:
338 2587 381 2624 et
404 2582 542 2624 nubes
565 2595 738 2634 magna,
767 2586 811 2623 et
829 2582 941 2633 ignis
961 2581 1021 2622 in-

191 2638 392 2687 volvens,
435 2643 479 2680 et
514 2638 723 2691 splendor
761 2638 805 2679 in
838 2637 1021 2679 circuitu

192 2694 296 2745 ejus:
312 2699 355 2735 et
371 2694 425 2736 de
441 2694 586 2735 medio
603 2695 693 2746 ejus
710 2694 835 2746 quasi
851 2693 1020 2746 species

191 2749 353 2799 electri,
381 2749 426 2791 id
445 2755 523 2799 est,
548 2750 603 2791 de
621 2750 767 2792 medio
788 2750 910 2800 ignis.

761 230 970 261 Commune
999 226 1341 267 Ex'aiigelisturum.

1130 326 1179 376 Rt·
1205 326 1321 366 Eece
1342 337 1424 375 ego
1441 323 1569 364 mitto
1585 335 1666 364 vos
1681 322 1793 364 sicut
1808 334 1915 364 oves

1084 383 1126 422 in
1146 381 1291 422 medio
1310 381 1528 433 luporum,
1557 379 1663 421 dicit
1681 378 1915 420 Dominus:

1077 440 1098 463 *
1127 439 1282 479 Estote
1303 450 1408 488 ergo
1427 435 1668 489 prudentes
1691 435 1804 476 810111
1827 447 1914 476 801·-

1080 497 1250 591 Χ1,),011Ι1)08,
1263 498 1314 590 011
1322 492 1671 590 81ωρ11ἓοἷ81ὲ>111
1686 491 1914 589 coggrpbae.

1204 564 1277 591 um
1317 563 1444 591 1100111
1499 562 1523 590 a
1557 561 1581 590 e
1618 561 1653 599 8,
1682 561 1729 590 01·
1788 560 1914 589 10111

1083 608 1244 656 11100111,
1287 611 1336 648 111
1366 607 1444 647 filii
1471 605 1580 647 lueis
1609 604 1715 646 sitis.
1759 604 1914 645 Estote

1083 677 1188 714 ergo
1209 662 1461 716 prudentes.

1383 718 1534 759 Lectio
1555 718 1593 756 ii.

1164 782 1182 818 t
1204 777 1247 817 in
1265 775 1412 817 medio
1435 776 1526 827 ejus
1548 773 1790 816 similitudo
1811 775 1913 826 qua-

1184 838 1285 874 tuor
1314 831 1584 873 animalium:
1621 835 1664 873 et
1691 830 1762 872 hic
1790 832 1914 884 aspe-

1082 896 1178 931 ctus
1198 892 1364 938 eorum,
1393 886 1633 929 similitudo
1658 886 1847 928 hominis
1869 886 1914 928 in

1082 946 1155 988 eis.
1188 947 1385 996 Quatuor
1404 944 1540 986 facies
1555 944 1639 994 uni,
1664 948 1709 985 et
1725 945 1914 996 quatuor

1079 1001 1237 1055 pennae
1269 1002 1354 1043 uni.
1411 1001 1554 1043 Pedes
1590 1002 1744 1042 eorum
1774 999 1913 1052 pedes

1080 1059 1204 1109 recti,
1234 1064 1278 1101 et
1299 1059 1451 1111 planta
1468 1057 1595 1110 pedis
1615 1058 1768 1098 eorum
1789 1056 1914 1109 quasi

1080 1115 1231 1168 planta
1271 1115 1398 1168 pedis
1434 1114 1578 1169 vituli,
1627 1118 1672 1155 et
1713 1113 1914 1155 scintillae

1082 1172 1209 1224 quasi
1232 1173 1438 1224 aspectus
1463 1171 1564 1212 aeris
1583 1169 1821 1212 candentis.
1856 1170 1914 1211 Et

1079 1241 1234 1270 manus
1258 1228 1448 1269 hominis
1473 1227 1555 1269 sub
1578 1226 1736 1280 pennis
1760 1227 1913 1268 eorum

1079 1286 1123 1326 in
1148 1287 1337 1337 quatuor
1361 1283 1578 1338 partibus:
1613 1287 1657 1324 et
1681 1282 1832 1332 facieS,
1869 1287 1914 1324 et

1079 1354 1247 1394 pennas
1273 1354 1354 1394 per
1383 1342 1573 1393 quatuor
1600 1343 1751 1392 partes
1782 1338 1912 1381 habe-

1079 1398 1199 1448 bant,
1229 1399 1477 1450 junctaeque
1506 1401 1631 1438 erant
1656 1408 1814 1449 pennae
1842 1397 1912 1437 eo-

1079 1467 1176 1495 rum
1200 1454 1380 1496 alterius
1406 1453 1463 1495 ad
1490 1453 1686 1495 alterum.
1721 1452 1825 1494 Non
1848 1464 1912 1494 re·
1933 1499 1936 1503 ,

1080 1511 1366 1552 vertebantur
1397 1523 1497 1552 cum
1528 1508 1798 1551 incederent:
1833 1507 1913 1550 sed

1080 1567 1427 1620 unumquodque
1461 1571 1562 1608 ante
1598 1565 1756 1607 faciem
1788 1578 1913 1607 suam

1080 1623 1375 1674 gradiebatur.

1131 1680 1181 1731 R.
1223 1680 1386 1722 Tollite
1417 1681 1566 1732 jugum
1599 1691 1748 1720 meum
1779 1689 1912 1730 super

1080 1749 1171 1786 vos,
1191 1736 1297 1778 dicit
1311 1736 1539 1786 Dominus,
1559 1739 1604 1777 et
1620 1734 1776 1777 discite
1791 1746 1817 1775 a
1830 1746 1912 1784 me,

1081 1793 1182 1845 quia
1206 1793 1323 1834 mitis
1344 1806 1441 1834 sum
1461 1797 1505 1834 et
1522 1791 1699 1834 humilis
1717 1790 1869 1832 corde:
1884 1790 1908 1815 *

1078 1849 1238 1900 Jugum
1267 1850 1382 1891 enim
1408 1862 1555 1891 meum
1583 1850 1717 1890 suave
1746 1852 1830 1897 est,
1867 1851 1912 1889 et

1080 1918 1190 1947 onus
1209 1919 1356 1947 meum
1378 1906 1487 1948 leve.
1521 1897 1571 1949 ,V-
1601 1906 1659 1946 Et
1681 1903 1911 1946 invenietis

1078 1963 1275 2015 requiem
1298 1962 1526 2004 animabus
1546 1961 1715 2004 vestris.
1752 1960 1912 2012 Jugum

1079 2031 1194 2060 emm
1212 2032 1369 2060 meum.

1377 2070 1529 2110 Lectio
1552 2069 1605 2109 iii.

1148 2131 1367 2173 imilitudo
1397 2136 1544 2173 autem
1569 2131 1717 2173 vultus
1742 2132 1910 2172 eorum:

1164 2188 1298 2229 facies
1317 2187 1522 2238 hominis,
1550 2192 1595 2229 et
1617 2187 1752 2229 facies
1770 2186 1911 2228 leonis

1077 2257 1103 2285 a
1128 2244 1296 2286 dextris
1319 2244 1517 2297 ipsorum
1544 2245 1748 2297 quatuor:
1775 2243 1910 2285 facies

1077 2305 1225 2342 autem
1255 2300 1399 2350 bovis,
1436 2314 1461 2342 a
1494 2300 1682 2342 sinistris
1712 2300 1911 2353 ipsorum

1078 2359 1282 2409 quatuor,
1311 2362 1355 2398 et
1378 2357 1512 2398 facies
1537 2356 1696 2409 aquilae
1720 2355 1910 2409 desuper

1075 2414 1273 2466 ipsorum
1290 2415 1490 2465 quatuor.
1515 2413 1671 2454 Facies
1686 2414 1850 2462 eorum,
1866 2417 1910 2453 et

1075 2483 1232 2522 pennae
1275 2472 1427 2511 eorum
1469 2471 1660 2512 extentae
1702 2469 1909 2522 desuper:

1076 2526 1176 2567 duae
1199 2539 1356 2579 pennae
1381 2526 1651 2577 singulorum
1675 2524 1909 2577 jungeban-

1075 2587 1161 2632 tur,
1193 2587 1237 2624 et
1261 2582 1361 2624 duae
1387 2583 1596 2633 tegebant
1622 2584 1811 2634 corpora
1826 2581 1907 2622 ⁴eo-

1075 2651 1186 2679 rum:
1215 2643 1259 2680 et
1284 2638 1630 2691 unumquodque
1655 2640 1809 2679 eorum
1836 2648 1906 2678 00-

1074 2707 1168 2735 ram
1192 2695 1302 2736 facie
1322 2708 1401 2736 sua
1422 2693 1690 2736 ambulabat:
1717 2692 1792 2734 ubi
1812 2697 1907 2733 erat

1074 2752 1264 2802 impetus
1293 2751 1488 2803 spiritus,
1519 2750 1623 2791 illuc
1648 2747 1905 2800 gradieban-
