2040 2976
619 221 661 254 In
686 220 811 254 Festis
835 220 876 254 B.
901 219 1033 254 Mariae
1058 219 1102 253 V.
1127 229 1196 262 per
1221 229 1370 253 annum.

1758 217 1849 262 [135]

151 320 296 363 cellas:
319 320 343 346 *
371 323 471 361 ante
498 318 654 360 faciem
681 317 855 369 frigoris
883 317 973 369 ejus

152 378 248 430 quis
268 374 519 418 sustinebit?

201 434 383 475 Emittet
401 431 584 474 verbum
607 444 747 481 suum,
776 435 820 472 et
840 430 973 482 lique-

151 490 280 532 faciet
308 502 374 531 ea:
392 489 416 515 *
440 488 563 530 flabit
592 488 770 541 spiritus
799 487 903 540 ejus,
932 491 975 528 et

152 547 287 589 fluent
306 559 444 599 aquae.

204 603 288 654 Qui
310 602 536 644 annuntiat
557 600 740 643 verbum
764 613 889 642 suum
906 600 931 641 J
933 612 974 640 a-

153 660 285 702 cobz*
295 659 489 712 justitias,
505 662 548 700 et
561 657 719 710 judicia
734 670 813 699 sua
827 656 976 698 Isra'el.

203 717 305 758 Non
327 716 430 758 fecit
451 715 595 757 taliter
619 715 737 756 omni
754 713 933 755 nati6ni:
951 713 975 739 *

154 778 197 816 et
214 773 374 826 judicia
391 785 470 813 sua
487 784 576 813 non
593 770 885 812 manifestavit
904 770 976 811 eis.

203 839 304 879 Ant.
331 833 544 886 Speciosa
566 832 682 874 facta
700 844 747 873 es
767 836 810 873 et
830 831 976 872 suavis

153 893 198 932 in
225 890 393 932 deliciis
419 889 523 940 tuis,
557 893 709 930 sancta
736 887 820 930 Dei
849 887 976 929 Geni-

153 948 252 990 trix.

256 1020 514 1073 Capitulum.
605 1020 735 1061 Eecli.
751 1021 815 1060 24.
831 1021 870 1061 b.

227 1078 255 1121 b
284 1078 407 1119 initio
436 1082 480 1119 et
506 1081 607 1118 ante
641 1075 803 1118 saecula
831 1077 978 1117 creata

264 1148 369 1185 sum,
392 1139 435 1176 et
454 1146 593 1186 usque
613 1132 669 1175 ad
687 1133 881 1174 futurum
901 1133 978 1173 sa‘e-

155 1191 299 1234 culum
322 1204 410 1232 non
436 1190 648 1239 desinam,
679 1194 722 1231 et
745 1189 789 1230 in
814 1188 978 1231 habita-

154 1250 275 1291 tione
290 1252 440 1290 sancta
455 1260 604 1289 coram
618 1247 715 1299 ipso
725 1246 979 1288 ministravi.

459 1323 667 1375 Hymnus.

361 1396 414 1425 ve
432 1382 565 1424 maris
585 1381 720 1432 stella,

403 1439 487 1481 Dei
506 1439 647 1480 Mater
666 1438 790 1489 alma,

335 1497 483 1549 Atque
503 1509 676 1549 semper
694 1495 845 1548 Virgo,

334 1553 458 1595 Felix
476 1552 577 1595 coeli
595 1557 734 1606 porta.

283 1626 467 1667 Sumens
486 1622 594 1664 illud
613 1623 709 1664 Ave

338 1679 557 1722 Gabrielis
577 1691 665 1729 ore,

335 1735 490 1778 Funda
507 1748 589 1777 nos
608 1736 652 1776 in
671 1748 791 1789 pace,

335 1793 509 1835 Mutans
527 1793 666 1835 Hevae
684 1805 854 1835 nomen.
866 1842 876 1846 ἣ

283 1863 416 1906 Solve
435 1861 578 1904 vincla
596 1862 693 1913 reis,

335 1919 490 1961 Profer
507 1919 655 1960 lumen
674 1918 813 1970 caecis,

337 1975 453 2017 Mala
470 1980 620 2017 nostra
638 1975 765 2028 pelle,

335 2033 460 2074 Bona
479 2036 635 2074 cuncta
653 2044 800 2085 posce.

281 2104 481 2144 Monstra
499 2106 543 2143 te
563 2114 659 2143 esse
676 2105 871 2151 matrem,

336 2159 486 2201 Sumat
504 2171 583 2211 per
602 2162 645 2199 te
663 2170 829 2211 preces,

337 2216 421 2266 Qui
438 2227 519 2268 pro
539 2213 664 2256 nobis
683 2218 821 2265 natus,

337 2271 457 2314 Tulit
477 2283 573 2313 esse
592 2275 704 2312 tuus.

283 2341 422 2393 Virgo
443 2340 685 2392 singularis,

337 2398 457 2439 Inter
477 2409 628 2439 omnes
646 2396 775 2446 mitis,

338 2453 433 2495 Nos
452 2453 591 2506 culpis
610 2453 779 2495 solutos

337 2510 467 2552 Mites
486 2510 554 2551 fac
575 2514 619 2551 et
638 2515 795 2551 castos.

287 2579 439 2620 Vitam
455 2583 619 2631 praesta
635 2591 801 2631 puram,

341 2637 430 2677 Iter
449 2648 555 2688 para
571 2640 725 2685 tutum,

338 2693 398 2734 Ut
416 2692 614 2734 videntes
633 2692 657 2733 J
661 2705 792 2742 esum,

338 2749 520 2802 Semper
540 2748 819 2791 collaetemur.

1149 317 1218 358 Sit
1236 316 1332 358 laus
1351 316 1448 357 Deo
1467 314 1600 364 Patri,

1205 372 1384 414 Summo
1405 371 1578 413 Christo
1601 370 1747 420 decus,

1206 429 1386 481 Spiritui
1405 433 1568 478 sancto,

1206 485 1367 527 Tribus
1386 485 1529 527 honor
1547 497 1671 526 unus.
1698 484 1851 538 Amen.

1080 548 1130 601 V.
1153 551 1346 602 Dignare
1369 564 1440 592 me
1465 549 1645 592 laudare
1670 555 1730 599 te,
1755 549 1852 590 Vir-

1027 621 1083 660 go
1113 610 1294 650 sacrata.
1336 610 1387 661 R.
1417 608 1487 651 Da
1513 606 1619 648 mihi
1647 607 1853 648 virtutem

1028 670 1181 707 contra
1198 664 1349 706 hostes
1369 669 1481 706 tuos

1079 734 1150 775 Ad
1176 733 1347 783 Magnis.
1390 733 1489 772 Ant.
1526 732 1689 771 Sancta
1715 729 1854 769 Maria

1027 788 1051 814 *
1072 790 1277 829 succurre
1299 786 1487 836 miseris,
1513 787 1611 838 juva
1633 785 1854 839 pusillani-

1027 857 1136 894 meS‚
1168 844 1316 885 refove
1344 842 1529 893 flebiles,
1564 855 1641 884 ora
1669 855 1751 895 pro
1779 844 1855 895 po-

1029 901 1150 954 pulo,
1175 900 1390 942 interveni
1407 913 1489 953 pro
1515 899 1651 949 clero,
1675 899 1856 940 interce-

1030 958 1085 1000 de
1103 971 1186 1011 pro
1213 957 1375 1000 devoto
1401 957 1588 999 femineo
1614 969 1735 998 sexu:
1763 957 1856 997 sen-

1029 1015 1140 1057 tiant
1172 1028 1324 1057 omnes
1356 1019 1479 1056 tuum
1511 1014 1728 1066 juvamen,
1768 1013 1857 1065 qui-

1032 1075 1218 1124 cumque
1251 1071 1473 1114 celebrant
1504 1076 1625 1112 tuam
1662 1075 1858 1111 sanctam

1030 1129 1324 1171 festivitatem.

1362 1198 1525 1239 Oratio.

1031 1255 1276 1365 Concede
1294 1267 1374 1296 nos
1394 1254 1580 1296 famulos
1600 1259 1716 1304 tuos,
1744 1255 1859 1306 quae-

1130 1326 1279 1354 sumus
1314 1312 1502 1353 Domine
1532 1311 1672 1361 Deus,
1706 1312 1858 1364 perpe-

1031 1374 1107 1412 tua
1147 1369 1304 1411 mentis
1347 1374 1391 1411 et
1431 1368 1630 1422 corporis
1672 1367 1860 1410 sanitate

1031 1426 1237 1479 gaudere:
1262 1431 1305 1468 et
1328 1426 1519 1478 gloriosa
1541 1425 1685 1467 beatae
1708 1424 1859 1466 Mariae

1032 1496 1205 1536 semper
1237 1483 1431 1534 Virginis
1468 1482 1797 1531 intercessi6ne‚
1835 1494 1860 1522 a

1031 1540 1242 1593 praesenti
1260 1539 1437 1581 liberari
1455 1538 1647 1588 tristitia,
1672 1543 1715 1580 et
1736 1539 1859 1580 aeter-

1032 1610 1088 1638 na
1111 1597 1276 1650 perfrui
1301 1596 1465 1638 laetitia.
1504 1596 1589 1637 Per
1611 1595 1860 1636 Dominum.

1078 1665 1141 1699 Ad
1167 1666 1470 1709 Completorium
1500 1670 1535 1700 ct
1559 1666 1687 1700 Horas
1713 1666 1751 1700 in
1780 1666 1854 1700 fine

1028 1714 1269 1758 Hymnorum
1293 1714 1447 1748 dicitur:

1081 1771 1105 1811 J
1110 1781 1198 1817 esu,
1217 1766 1298 1808 tibi
1317 1766 1373 1807 sit
1390 1765 1539 1817 gloria,

1137 1824 1222 1874 Qui
1240 1828 1369 1864 natus
1390 1835 1437 1864 es
1459 1823 1514 1865 de
1530 1824 1723 1875 Virgine,

1137 1882 1244 1924 Cum
1263 1882 1406 1932 Patre,
1426 1885 1469 1923 et
1488 1881 1602 1922 almo
1621 1880 1796 1934 Spiritu,

1135 1941 1187 1981 In
1209 1938 1478 1992 sempiterna
1501 1936 1671 1979 saecula.
1707 1937 1860 1979 Amen.

1194 2028 1281 2069 Ad
1308 2026 1697 2069 matutinum.

1082 2101 1207 2141 Invit.
1249 2100 1412 2141 Sancta
1444 2098 1582 2139 Maria
1615 2097 1698 2139 Dei
1732 2097 1859 2139 Geni-

1032 2157 1119 2198 trix
1136 2156 1292 2207 Virgo,
1306 2158 1328 2182 *
1358 2154 1589 2197 Intercede
1612 2166 1695 2207 pro
1720 2154 1858 2196 nobis.

1082 2214 1148 2254 Ps.
1185 2214 1353 2263 Venite,
1381 2211 1659 2254 exsultemus.
1685 2212 1721 2252 2.

1339 2279 1548 2331 Hymnus.

1170 2351 1271 2380 uem
1289 2342 1416 2388 terra,
1435 2342 1608 2392 pontus,
1627 2337 1773 2380 sidera

1189 2395 1357 2446 Colunt,
1385 2394 1580 2446 adorant,
1605 2393 1858 2448 praedicant,

1136 2452 1316 2494 Trinam
1335 2454 1559 2503 regentem
1576 2450 1832 2500 machinam,

1137 2509 1384 2551 Claustrum
1401 2509 1553 2550 Mariae
1570 2507 1744 2560 bajulat.

1081 2579 1162 2621 Cui
1181 2579 1294 2629 luna,
1314 2578 1391 2629 sol,
1411 2583 1455 2621 et
1475 2578 1620 2620 emnia

1134 2636 1398 2678 Deserviunt
1418 2648 1497 2688 per
1516 2636 1727 2686 tempora,

1135 2693 1318 2735 Perfusa
1337 2692 1439 2734 coeli
1456 2691 1608 2742 gratia,

1136 2749 1323 2792 Gestant
1345 2747 1505 2801 puellae
1523 2749 1701 2788 viscera.
