2040 2976
604 233 676 267 Die
700 232 751 266 27.
776 231 881 266 Julii.
928 230 962 266 S.
987 231 1236 265 Pantaleonis
1261 232 1368 265 Mart.

362 346 411 385 In
438 345 489 384 11.
517 345 741 385 Nocturno.

443 410 595 451 Lectio
616 410 669 450 iv,

146 504 150 515 ÷
175 504 216 535 ῃ»,
244 483 454 525 antaleon
471 479 824 523 Nicomediensis
848 479 963 520 filius

146 560 152 592 ‘2
180 553 246 619 Ἢ
266 538 490 604 Eustorgii
510 536 696 605 Gentilis
717 541 760 577 et
778 535 963 577 Eubulae

169 619 173 620 ν
269 596 546 643 Christ1anae,
579 592 797 634 medicam
825 596 964 633 artem

136 654 192 696 ab
207 652 486 706 Euphrasino
508 649 670 692 didicit.
689 649 798 690 Cum
818 653 963 690 autem

136 709 401 752 Hermolaus
419 707 654 761 presbyter
673 718 728 747 ex
746 704 965 747 modestia

137 766 299 816 vultus,
342 778 397 807 ex
435 764 609 805 incessu
651 767 694 804 et
731 761 966 803 serenitate

139 823 367 866 oculerum
398 821 487 863 alte
520 820 576 862 de
609 819 685 861 illo
719 818 965 870 judicasset,

138 880 261 921 illum
298 877 529 921 accersivit
566 882 610 919 et
645 875 782 928 coepit
813 875 856 915 in
890 887 967 916 cor

139 938 304 979 fluenta
322 936 482 977 divinae
497 933 601 975 fidei
617 931 856 974 infundere.
875 931 968 973 Cre-

141 994 196 1035 de
219 993 342 1042 mihi,
371 991 498 1041 dixit,
525 988 770 1041 AEsculapii
798 993 841 1029 et
859 989 966 1041 Hip-

140 1050 335 1104 pocratis
356 1048 676 1090 medicamenta
699 1058 837 1098 prava
857 1050 968 1094 sunt,

142 1111 186 1149 et
211 1119 368 1160 parum
386 1104 602 1157 prodesse
621 1107 820 1156 possunt3
850 1102 968 1153 quin-

142 1166 231 1205 imo
259 1163 345 1216 ipsi
374 1162 448 1212 dii,
477 1173 590 1213 quos
618 1160 723 1202 colit
746 1159 969 1200 Maximia-

142 1233 234 1269 nus,
250 1224 350 1261 sunt
364 1231 476 1260 vana
491 1219 667 1259 omnino
683 1215 844 1265 fabula3
859 1228 970 1256 unus

143 1282 290 1318 autem
314 1275 434 1317 solus
460 1287 590 1316 verus
609 1273 731 1314 Deus
758 1277 826 1313 est
852 1271 970 1312 Chri-

144 1338 252 1383 stus,
283 1333 327 1373 in
363 1345 494 1384 quem
526 1331 563 1372 si
594 1328 848 1379 credideris,
881 1330 971 1381 eius

144 1390 240 1432 sola
279 1389 558 1431 invocatione
599 1400 751 1429 omnes
791 1386 971 1428 morbos

144 1446 326 1499 fugabis.
381 1446 489 1496 Quae
523 1443 659 1486 verba
692 1443 898 1485 servabat
929 1443 972 1483 in

145 1503 298 1554 corde,
323 1502 480 1556 jugiter
498 1500 795 1543 meditabatur
813 1505 857 1541 et
877 1502 971 1540 sua-

144 1561 256 1602 viter
284 1559 482 1609 allectus,
510 1557 568 1600 ad
594 1557 897 1603 Hermolaum,
925 1560 973 1597 ut

145 1616 202 1659 ad
215 1618 482 1667 magistrum,
498 1615 647 1657 hilaris
663 1613 860 1667 quotidie
872 1625 971 1654 ven-

145 1673 313 1716 titabat.
368 1673 478 1714 Cum
509 1677 655 1714 autem
683 1669 874 1723 quadam
903 1668 972 1710 die

145 1729 315 1772 videret
334 1732 518 1782 puerum
535 1731 757 1770 mortuum
775 1732 819 1769 et
832 1738 973 1779 prope

147 1799 247 1828 eum
274 1788 471 1839 viperam
500 1785 625 1838 quasi
658 1783 974 1832 ostendentem,

148 1842 269 1896 quod
287 1842 328 1884 ei
345 1847 534 1884 mortem
547 1841 778 1890 intulisset,
797 1840 911 1880 intra
927 1851 974 1880 se

147 1899 273 1941 dixit:
292 1899 338 1941 Si
355 1912 459 1941 vera
479 1903 579 1940 sunt
599 1897 718 1939 dicta
736 1895 974 1944 Hermolai,

92 2001 94 2003 ,
147 1956 353 1997 invocato
372 1955 547 1997 nemine
567 1953 744 2003 Christi,
763 1965 873 2005 puer
891 1952 974 1992 iste

148 2012 267 2053 vivet
293 2016 337 2053 et
358 2011 505 2054 bellua
528 2011 753 2059 morietur;
781 2007 900 2060 quod
927 2013 975 2049 ut

149 2068 376 2119 cogitavit,
402 2067 579 2118 accidit;
605 2072 649 2109 et
668 2066 816 2108 statim
833 2064 976 2105 infasa

148 2125 246 2166 luce
272 2124 536 2174 securitatis,
565 2123 705 2166 omnis
730 2121 871 2172 caligo
892 2119 975 2161 dis-

150 2181 297 2231 cessit3
326 2186 370 2223 et
391 2179 658 2223 benedicens
681 2179 825 2220 Deum
848 2181 975 2228 aestu-

150 2241 316 2289 ansque
353 2237 573 2280 desiderio
609 2235 723 2277 sacri
753 2232 975 2286 baptismi,

150 2294 206 2336 ab
234 2294 477 2336 Hermolao
512 2291 709 2345 gaudens
736 2290 858 2331 illum
886 2301 975 2330 sus-

151 2351 279 2404 cepit.

205 2434 257 2486 132.
279 2428 528 2470 Honestum
556 2426 657 2468 fecit
680 2424 802 2465 illum
827 2421 975 2463 Demi-

150 2498 243 2534 nus,
266 2489 310 2526 et
329 2483 568 2526 custodivit
588 2495 687 2524 eum
707 2480 762 2522 ab
782 2478 977 2527 inimicis,

153 2546 196 2582 et
223 2553 248 2581 a
277 2539 583 2582 seductoribus
608 2537 767 2579 tutavit
789 2535 927 2583 illum,
955 2538 978 2563 *

151 2597 208 2638 Et
240 2596 362 2638 dedit
392 2596 454 2636 illi
485 2595 728 2636 claritatem
760 2593 978 2632 aeternam.

155 2652 206 2701 V.
234 2650 564 2703 Descenditque
597 2662 695 2691 cum
727 2647 803 2688 illo
840 2647 884 2686 in
916 2645 977 2686 fo-

153 2721 296 2750 veam:
315 2713 359 2750 et
377 2709 422 2749 in
435 2706 619 2749 vinculis
638 2717 726 2746 non
745 2701 979 2753 dereliquit

154 2778 264 2807 eum.
291 2765 349 2806 Et
367 2763 500 2806 dedit.

314 2904 379 2929 Pm
395 2903 506 2928 AEstiva.

1329 326 1481 367 Lectio
1503 340 1537 366 v.

1022 377 1167 483 Non
1189 388 1328 430 multo
1349 392 1452 441 post
1471 398 1591 427 caeco
1615 386 1756 427 visum
1775 397 1838 426 re-

1125 446 1278 494 stituit,
1307 449 1352 486 et
1376 443 1494 497 patri
1518 442 1753 493 Eustergio
1779 443 1838 483 te-

1014 501 1172 543 nebras
1196 501 1433 554 impietatis
1456 499 1602 548 solvit,
1630 499 1704 551 qui
1722 497 1841 540 idola

1017 557 1189 599 calcans
1216 563 1259 599 et
1281 570 1432 599 verum
1450 556 1594 597 Deum
1614 555 1841 596 confessus

1016 614 1278 666 baptizatur.
1316 613 1492 655 Mortuo
1519 617 1662 664 patre,
1693 611 1841 662 egenis

1017 683 1149 723 opem
1190 676 1234 712 et
1270 669 1575 721 languentibus
1609 668 1842 710 sanitatem

1016 727 1295 778 largiebatur;
1315 739 1449 778 quare
1464 725 1520 767 ad
1534 724 1843 766 Maximianum

1018 783 1236 833 deferunt,
1277 783 1351 835 qui
1382 782 1569 834 primum
1600 781 1783 822 honore-
1801 785 1844 821 et

1017 840 1241 882 blanditiis
1261 839 1481 881 attrahere
1500 838 1661 887 studet,
1685 835 1844 878 deinde

1018 897 1208 938 minatur
1230 901 1418 937 mortem
1443 900 1486 936 et
1506 894 1600 936 dira
1619 893 1845 946 supplicia,

1020 954 1057 994 si
1075 953 1157 995 diis
1177 966 1265 994 non
1285 953 1440 994 offerat
1459 950 1732 992 sacrificium.
1759 949 1846 991 Sed

1021 1024 1120 1051 cum
1153 1010 1297 1051 emnia
1330 1009 1494 1050 invicto
1523 1007 1668 1048 animo
1696 1009 1845 1058 respa-

1021 1072 1129 1116 eret,
1155 1066 1199 1106 in
1223 1066 1342 1117 ligno
1368 1064 1665 1117 suspenditur,
1693 1062 1846 1103 ferreis

1020 1123 1209 1164 laniatur
1227 1122 1399 1173 ungulis
1425 1127 1468 1162 et
1488 1119 1716 1172 lampades
1736 1119 1847 1169 ignis

1021 1178 1230 1220 lateribus
1258 1179 1349 1229 ejus
1379 1177 1681 1225 admoventur;
1717 1180 1761 1216 at
1787 1175 1848 1215 illi

1023 1235 1167 1277 oranti
1190 1234 1397 1288 apparuit
1422 1233 1620 1274 Christus
1649 1231 1848 1273 dalcibus

1023 1291 1168 1333 verbis
1197 1294 1416 1341 recreans;
1450 1295 1493 1332 et
1523 1289 1640 1330 illico
1673 1288 1848 1329 lassatae

1024 1354 1124 1390 sunt
1162 1361 1316 1389 manus
1356 1347 1576 1395 licterum,
1620 1347 1849 1386 exstinctae

1023 1403 1252 1457 lampades
1285 1409 1328 1446 et
1358 1403 1588 1456 plumbum
1619 1402 1849 1453 liquatum,

1024 1462 1068 1502 in
1102 1461 1222 1514 quod
1252 1458 1538 1513 postmodum
1571 1460 1757 1510 tyranno
1791 1458 1848 1509 ju-

1023 1518 1154 1559 bente
1186 1518 1368 1569 injectus
1400 1516 1496 1565 fuit,
1532 1515 1575 1556 in
1608 1513 1850 1556 naturalem

1024 1577 1218 1615 mutatur
1253 1572 1546 1624 frigiditatem.
1621 1571 1708 1612 Sed
1745 1569 1851 1622 quid

1024 1644 1112 1673 non
1148 1635 1290 1672 tentat
1324 1629 1550 1680 ingeniosa
1589 1625 1849 1669 crudelitas?

1024 1687 1205 1729 Mandat
1246 1687 1466 1738 ingentem
1506 1684 1699 1737 lapidem
1736 1683 1850 1724 collo

1026 1744 1194 1795 alligari
1234 1744 1384 1795 sicque
1423 1743 1467 1783 in
1504 1754 1625 1783 mare
1665 1740 1852 1788 demitti;

1027 1801 1107 1842 sed
1125 1800 1238 1853 lapis
1257 1813 1346 1841 non
1365 1812 1492 1840 secus
1515 1811 1566 1839 ac
1586 1796 1737 1838 felium
1755 1796 1852 1836 leve

1027 1859 1298 1909 supernatat,
1330 1861 1373 1897 et
1400 1854 1639 1896 Pantaleon
1670 1852 1853 1893 firmiter

1027 1926 1159 1966 super
1186 1913 1325 1954 undas
1350 1911 1558 1963 graditur.
1595 1909 1697 1950 Non
1721 1908 1853 1949 cessit

1026 1969 1158 2012 tantis
1185 1967 1399 2021 prodigiis
1425 1966 1598 2019 tyranni
1627 1964 1854 2006 obcaecata

1027 2039 1165 2076 mens,
1194 2025 1273 2066 sed
1302 2024 1404 2065 feris
1431 2023 1626 2063 insanior
1650 2020 1769 2072 jubet
1797 2019 1853 2061 ad

1028 2083 1142 2124 feras
1170 2080 1366 2134 produci.
1408 2077 1594 2121 Crudele
1627 2079 1851 2130 spectacu-

1027 2139 1131 2180 lum!
1158 2137 1237 2179 sed
1261 2135 1503 2188 spectabile
1523 2133 1653 2176 coelo!
1679 2133 1852 2174 Confla-

1027 2196 1092 2236 xit
1105 2199 1198 2236 tota
1214 2193 1377 2242 civitas,
1398 2189 1740 2241 congrediantur
1756 2201 1854 2230 cum

1029 2251 1192 2292 athleta
1206 2250 1325 2299 ferae3
1345 2247 1425 2289 sed
1443 2247 1529 2288 illae
1548 2252 1770 2298 tamquam
1788 2257 1851 2285 ra-

1027 2308 1147 2349 tione
1171 2307 1361 2354 utentes,
1395 2308 1439 2345 et
1465 2303 1631 2344 indutae
1659 2300 1850 2342 humani-

1027 2366 1179 2412 tatem,
1221 2373 1351 2413 quam
1383 2362 1563 2401 exaerat
1598 2353 1853 2410 imperator,

1028 2420 1278 2460 reverenter
1296 2416 1353 2457 ad
1371 2415 1610 2467 Martyrem
1629 2411 1852 2460 accedunt,

1028 2474 1324 2521 blandiuntur,
1365 2471 1591 2524 pedesque
1627 2468 1740 2509 illius
1775 2467 1851 2507 lin-

1030 2543 1115 2582 gua
1128 2531 1356 2580 tangentes
1371 2527 1506 2570 veluti
1521 2522 1853 2571 contendebant,

1031 2598 1233 2639 quaenam
1251 2585 1393 2637 prima
1411 2581 1468 2624 ad
1487 2594 1586 2623 eum
1605 2579 1853 2627 accederet3

1031 2648 1074 2685 et
1092 2655 1181 2683 non
1199 2642 1320 2694 prius
1337 2639 1574 2686 recederet,
1594 2648 1724 2688 quam
1742 2634 1852 2675 Mar-

1030 2704 1100 2751 tyr
1129 2698 1168 2740 ei
1193 2710 1369 2738 manum
1395 2695 1676 2747 imposuisset
1703 2703 1755 2732 ac
1781 2689 1853 2731 be-

1030 2754 1281 2797 nedixisset.
