2040 2976
533 235 574 268 B.
598 235 644 268 M.
669 234 713 268 V.
740 235 811 268 sub
834 234 946 267 titulo
972 233 1019 267 de
1044 233 1237 276 Perpetuo
1263 234 1463 268 Succursu,

192 335 243 387 R.
268 331 389 374 Sicut
411 331 570 373 cedrus
594 333 788 374 exaltata
809 345 906 373 sum
923 331 968 372 in

137 387 319 438 Libano,
338 392 383 430 et
402 388 515 430 sicut
531 390 765 441 cypressus
784 389 828 429 in
846 401 966 430 mon-

137 449 181 486 te
218 445 336 487 Sion:
374 444 500 497 quasi
535 445 714 497 myrrha
751 444 907 495 electa,
947 444 971 470 *

138 501 255 543 Dedi
294 501 557 543 suavitatem
598 500 760 543 odoris.
816 498 868 549 V.
911 502 968 543 Et

138 558 250 600 sicut
285 558 608 599 cinnamomum
643 563 688 600 et
722 557 969 599 balsamum

137 616 439 656 aromatizans.
465 613 592 656 Dedi.

450 672 602 713 Lectio
623 686 660 712 v.

220 729 399 771 uidnam
417 728 492 770 illa
509 726 726 770 sanctius?
746 727 849 769 Non
863 728 967 769 Pro-

234 785 394 838 phetae,
412 798 501 827 non
517 784 735 838 Apostoli⁷
754 796 843 825 non
856 784 967 825 Mar-

137 846 267 895 tyres,
286 855 375 884 non
394 841 672 891 Patriarchae,
694 853 783 882 non
799 840 969 892 Angeli,

136 912 226 941 non
265 898 450 949 Throni‚
495 911 584 940 non
622 897 968 947 Dominationes,

137 968 224 997 non
242 955 484 1009 seraphim,
501 968 591 997 non
611 955 863 997 Cherubim:
881 967 970 996 non

139 1012 328 1064 denique
352 1011 472 1054 aliud
496 1012 724 1065 quidpiam
742 1012 856 1054 inter
879 1024 969 1053 cre-

139 1072 234 1111 atas
262 1082 351 1121 reS‚
389 1069 586 1111 visibiles
616 1074 691 1111 aut
717 1068 969 1118 invisibiles,

138 1126 276 1179 majus
326 1130 402 1168 aut
451 1125 738 1168 excellentius
786 1125 971 1167 inveniri

138 1187 299 1235 potest.
338 1182 508 1224 Eadem
537 1182 693 1224 ancilla
720 1182 805 1224 Dei
833 1187 900 1224 est
928 1187 972 1224 et

138 1244 294 1282 mater:
327 1239 482 1281 eadem
508 1239 648 1291 Virgo
682 1244 726 1280 et
760 1239 971 1280 Genitrix.

138 1296 250 1338 Haec
278 1297 370 1349 ejus
397 1301 648 1346 mater‘esn
682 1295 757 1349 qui
786 1308 812 1337 a
839 1296 971 1337 Patre

139 1357 240 1394 ante
259 1365 387 1394 omne
405 1352 668 1406 principium
689 1352 861 1404 genitus
881 1352 971 1402 fuit,

140 1422 270 1462 quem
282 1409 442 1462 Angeli
456 1414 500 1452 et
514 1409 713 1451 homines
727 1410 972 1460 agnoscunt

138 1466 379 1508 Dominum
408 1479 555 1508 rerum
588 1466 792 1508 omnium.
833 1466 971 1508 Visne

139 1525 409 1574 cognoscere
463 1527 627 1575 quanto
681 1522 820 1574 Virgo
874 1521 971 1564 haec

137 1580 423 1633 praestantior
450 1580 505 1621 sit
534 1579 788 1622 coelestibus
812 1579 970 1621 Poten-

137 1636 232 1678 tiis?
271 1636 366 1678 111ae
394 1649 494 1678 cum
522 1637 680 1678 timore
709 1641 754 1678 et
779 1638 970 1677 tremore

138 1695 365 1743 assistunt,
402 1693 560 1734 faciem
596 1693 794 1735 velantes
831 1705 970 1734 suam:

137 1748 234 1791 haec
271 1749 511 1791 humanum
552 1762 689 1802 genus
725 1749 788 1790 illi
824 1749 969 1799 offert,

139 1803 271 1859 quem
297 1807 457 1858 genuit.
493 1807 579 1848 Per
605 1806 718 1848 hanc
747 1811 790 1848 et
815 1819 969 1859 pecca-

136 1864 284 1904 torum
310 1863 482 1905 veniam
509 1863 830 1916 consequimur.
872 1863 969 1904 Ave

137 1920 268 1970 igitur
285 1925 438 1970 mater,
462 1919 634 1969 coelum,
655 1919 813 1972 puella,
832 1919 969 1971 virgo,

137 1975 342 2025 thronus,
373 1976 587 2018 Ecclesiae
618 1981 783 2018 nostrae
815 1975 968 2026 decus,

136 2031 277 2083 gloria
323 2037 366 2074 et
409 2033 746 2082 firmamentum,
792 2032 969 2075 assidue

137 2101 221 2141 pro
253 2088 382 2131 nobis
415 2092 599 2142 precare
629 2089 780 2131 Jesum
811 2089 970 2130 Filium

137 2149 276 2195 tuum,
314 2150 359 2187 et
389 2145 630 2187 Dominum
667 2150 882 2187 nostrum:
922 2150 971 2187 ut

137 2213 218 2254 per
246 2206 291 2243 te
322 2202 668 2244 misericordiam
698 2202 893 2243 invenire
925 2202 970 2243 in

139 2257 210 2299 die
237 2258 402 2310 judicii,
437 2263 480 2300 et
514 2271 613 2311 quae
645 2259 841 2311 reposita
869 2263 970 2300 sunt

137 2313 210 2362 iis,
235 2314 310 2366 qui
334 2314 519 2365 diligunt
536 2315 699 2364 Deum,
731 2314 849 2357 bona
868 2317 968 2356 con-

138 2370 264 2422 sequi
281 2373 518 2423 possimus,
545 2371 688 2422 gratia
712 2376 758 2413 et
775 2371 969 2422 benigni-

138 2428 228 2468 tate
260 2427 439 2469 Domini
473 2428 614 2469 nostri
645 2428 670 2468 J
673 2440 752 2469 esu
792 2427 970 2469 Christi·

140 2494 239 2523 cum
259 2495 346 2535 quo
360 2483 482 2525 Patri
500 2483 628 2524 simul
647 2489 691 2525 et
708 2488 860 2525 sancto
875 2483 969 2535 Spi-

139 2539 242 2580 ritui
263 2539 404 2590 gloria
427 2545 471 2581 et
488 2539 648 2590 honor,
677 2545 720 2582 et
738 2539 971 2592 imperium

139 2608 254 2636 nunc
277 2601 321 2637 et
343 2608 518 2648 semper
539 2596 584 2636 in
608 2596 770 2637 saecula
789 2594 969 2636 saeculo-

139 2663 246 2691 rum.
274 2652 426 2693 Amen.

190 2707 242 2757 Rc·
278 2708 387 2758 Quae
419 2713 486 2749 est
512 2708 596 2750 ista
625 2720 724 2759 quae
752 2706 970 2760 processit

141 2763 253 2806 sicut
274 2763 351 2813 sol,
376 2769 420 2806 et
444 2764 640 2806 formosa
657 2769 883 2816 tamquam
901 2762 926 2803 J
929 2774 969 2803 e-

294 2903 358 2927 Pars
373 2903 482 2928 AEstiva.

1759 238 1852 282 [293]

1019 333 1227 375 rusalem.
1218 333 1233 364 Ρ
1253 333 1497 376 *Viderunt
1512 347 1609 376 eam
1620 334 1724 375 filiae
1734 334 1851 383 Sion,

1020 393 1064 430 et
1083 388 1259 431 beatam
1279 389 1492 442 dixerunt,
1517 395 1560 432 et
1579 392 1742 441 reginae
1762 390 1850 431 lau-

1021 444 1235 488 daverunt
1267 459 1374 488 eam.
1435 422 1492 491 V
1520 447 1578 488 Et
1610 447 1724 488 sieut
1756 446 1851 489 dies

1020 501 1144 542 verni
1163 502 1496 545 circumdabant
1515 515 1613 545 eam
1632 503 1765 545 flores
1784 516 1851 545 ro-

1020 559 1169 598 sarum
1202 564 1245 600 et
1275 559 1365 600 lilia
1398 559 1676 601 convallium.
1718 559 1853 602 Vide-

1019 619 1131 656 runt.

1332 666 1484 707 Lectio
1506 666 1558 706 vi.

1177 727 1236 761 Ex
1252 726 1421 769 publicis
1438 726 1705 760 monumentis.

1113 788 1131 825 t
1156 796 1262 825 vero
1287 783 1394 824 nihil
1417 785 1655 835 gratiarum
1679 784 1854 827 deesset

1134 841 1178 881 in
1214 840 1298 882 hac
1343 839 1595 882 dulcissima
1630 841 1856 883 hominum

1022 897 1240 939 advocata
1254 897 1403 947 Maria,
1424 897 1572 939 divino
1593 898 1776 940 consilio
1796 899 1855 939 fa-

1023 959 1143 996 ctum
1181 954 1338 996 merito
1376 956 1598 1004 censetur,
1634 960 1682 996 ut
1718 955 1856 1007 ipsius

1023 1011 1155 1053 etiam
1191 1010 1403 1062 imagines
1436 1023 1596 1062 magno
1635 1016 1782 1052 essent
1813 1012 1857 1052 in

1022 1067 1207 1117 honore,
1235 1072 1279 1109 et
1306 1067 1520 1120 prodigiis
1546 1067 1856 1119 miraculisque

1024 1124 1328 1166 clarescerent.
1362 1125 1482 1166 Inter
1508 1137 1618 1176 quas
1637 1123 1857 1166 celebrem

1024 1181 1194 1223 obtinet
1223 1180 1370 1222 locum
1398 1186 1524 1222 vetus
1552 1180 1627 1221 illa
1650 1181 1856 1233 Deiparae

1022 1238 1180 1289 imago,
1201 1251 1300 1290 quae
1321 1237 1376 1279 de
1394 1238 1617 1290 Perpetuo
1637 1237 1856 1279 Succursu

1023 1297 1313 1347 nuncupatur.
1346 1294 1457 1336 Haec
1485 1295 1548 1345 (ut
1566 1295 1747 1346 antiqua
1765 1307 1855 1335 mo-

1024 1353 1230 1392 numenta
1253 1351 1460 1402 referunt)
1488 1350 1663 1392 labente
1691 1350 1855 1392 saeculo

1024 1407 1197 1450 decimo
1224 1408 1376 1460 quinto
1404 1421 1427 1449 e
1450 1408 1580 1449 Creta
1605 1407 1746 1448 insula
1769 1408 1856 1448 Ro-

1023 1478 1141 1506 mam
1161 1465 1317 1515 delata‚
1340 1469 1471 1516 atque
1491 1464 1535 1505 in
1555 1463 1742 1505 ecclesia
1762 1477 1854 1505 san-

1025 1522 1084 1563 cti
1107 1521 1306 1563 Matthaei
1324 1521 1534 1574 Apostoli
1559 1525 1603 1562 et
1628 1520 1855 1571 Evangeli-

1024 1583 1106 1620 stae
1157 1578 1256 1620 vico
1302 1577 1546 1627 Merulam,
1599 1576 1855 1619 Alexandro

1024 1640 1150 1677 sexto
1179 1635 1358 1676 Summo
1386 1635 1599 1676 Pontifice
1628 1634 1857 1683 collocata,

1022 1691 1084 1733 ibi
1108 1705 1189 1744 per
1212 1692 1296 1733 tria
1320 1690 1482 1732 saecula
1506 1704 1531 1732 a
1555 1690 1855 1733 Christifideli-

1022 1748 1106 1791 bus
1127 1748 1455 1791 venerationem
1476 1747 1677 1789 obtinuit.
1713 1748 1857 1797 Quum

1024 1811 1172 1848 autem
1209 1805 1267 1846 ob
1309 1806 1560 1858 temporum
1595 1803 1855 1845 vicissitudi-

1022 1875 1100 1903 nes
1123 1861 1337 1914 templum
1361 1861 1501 1902 sancti
1519 1859 1718 1901 Matthaei
1741 1859 1853 1900 diru-

1022 1924 1116 1960 tum
1148 1918 1315 1967 fuisset,
1349 1917 1521 1959 delituit
1553 1916 1711 1958 exinde
1743 1929 1853 1968 prae-

1024 1975 1143 2017 clara
1162 1974 1343 2025 effigies,
1369 1973 1512 2015 donec
1536 1985 1624 2014 non
1645 1972 1738 2013 sine
1757 1985 1853 2024 spe-

1023 2031 1123 2073 ciali
1136 2031 1221 2073 Dei
1239 2029 1518 2083 providentia
1532 2030 1719 2081 reperta,
1740 2033 1783 2070 et
1799 2028 1854 2070 ab

1023 2088 1255 2136 oblivione,
1274 2087 1317 2127 in
1338 2099 1424 2139 qua
1437 2085 1608 2138 jacebat
1623 2085 1854 2134 vindicata,

1022 2145 1197 2197 jubente
1223 2143 1303 2184 Pio
1331 2155 1448 2184 nono
1475 2142 1691 2184 Pontifice
1719 2141 1854 2182 Maxi-

1022 2213 1095 2242 mo
1119 2199 1285 2242 ibidem
1307 2199 1351 2239 in
1369 2198 1584 2251 Exquiliis
1609 2198 1653 2239 in
1675 2199 1853 2250 propin-

1024 2269 1111 2309 qua
1148 2255 1334 2297 ecclesia
1370 2254 1632 2297 sanctissimi
1667 2253 1854 2295 Redem-

1022 2312 1163 2365 ptoris
1201 2316 1245 2353 et
1280 2312 1325 2352 in
1359 2311 1574 2353 honorem
1609 2310 1749 2352 sancti
1779 2309 1852 2350 Al-

1023 2368 1185 2422 phonsi
1211 2368 1362 2409 Mariae
1395 2367 1450 2409 de
1478 2367 1657 2437 Ligorio
1691 2365 1853 2414 dicata,

1021 2424 1186 2489 ingenti
1221 2424 1377 2477 populi
1408 2427 1628 2466 concursu
1659 2435 1710 2463 ac
1742 2421 1852 2462 sole-

1021 2481 1111 2521 mni
1130 2493 1296 2533 pompa
1320 2481 1400 2522 fuit
1420 2480 1631 2533 reposita,
1656 2477 1853 2531 publico-

1023 2550 1108 2589 que
1133 2537 1269 2578 cultui
1292 2536 1466 2579 reddita
1487 2548 1600 2578 anno
1620 2534 1852 2575 millesimo

1024 2593 1388 2644 octingentesimo
1419 2591 1691 2642 sexagesimo
1715 2594 1853 2631 sexto.

1022 2650 1090 2690 Ex
1123 2662 1176 2691 eo
1208 2651 1410 2702 tempore
1442 2652 1564 2690 tanta
1597 2646 1853 2688 celebritate

1024 2711 1067 2747 et
1085 2705 1388 2758 prodigiorum
1412 2704 1541 2756 copia
1559 2701 1780 2751 inclaruit,
1805 2706 1854 2742 ut

1022 2762 1141 2804 idem
1181 2762 1326 2804 cultus
1361 2761 1604 2813 paucorum
1640 2759 1853 2800 annorum

1594 2886 1646 2918 Τ*
