2040 2976
194 203 272 247 [90]

247 297 528 340 Conturbatae
556 302 656 339 sunt
676 298 859 347 Gentes,
888 302 931 339 et
958 298 1017 338 in-

196 355 353 396 clinata
380 358 479 395 sunt
507 366 654 405 regna:
673 356 696 380 *
716 353 837 396 dedit
864 366 1017 395 vocem

196 424 328 459 suam,
346 415 467 452 mota
486 415 552 452 est
570 415 696 452 terra.

246 467 460 508 Dominus
488 467 695 508 virtutum
722 466 967 508 nobiscum:
995 467 1018 492 *

196 525 426 575 susceptor
444 528 594 564 noster
612 523 732 564 Deus
751 522 899 564 Jacob.

247 580 420 629 Venite,
445 584 488 621 et
510 579 654 621 videte
679 582 813 632 opera
831 579 1018 627 Domini,

196 649 294 688 quae
313 636 461 688 posuit
480 635 680 688 prodigia
695 648 827 688 super
839 641 1018 677 terram:

195 694 219 718 *
251 692 450 733 auferens
482 691 598 733 bella
629 704 768 744 usque
800 691 856 733 ad
888 690 1019 732 finem

195 754 335 790 terrae.

247 805 411 846 Arcum
444 806 656 853 conteret,
698 809 741 845 et
777 803 1019 854 confringet

196 874 331 902 arma:
350 861 373 887 *
394 866 436 902 et
456 866 579 902 scuta
601 860 828 902 comburet
847 860 945 910 igni.

247 918 430 966 Vacate‚
458 922 501 958 et
528 916 673 958 videte
703 916 906 968 quoniam
936 930 1018 967 ego

196 988 291 1015 sum
307 974 442 1015 Deus:
457 974 480 998 *
492 972 719 1014 exaltabor
734 973 777 1012 in
793 972 1018 1022 Gentibus,

197 1035 240 1072 et
261 1029 487 1072 exaltabor
506 1030 548 1069 in
567 1034 694 1070 terra.

247 1087 460 1127 Dominus
488 1086 709 1126 virtutum·
723 1085 967 1126 nobiscum:
995 1086 1018 1111 *

195 1145 424 1195 susceptor
442 1146 593 1182 noster
611 1141 731 1182 Deus
751 1141 898 1182 Jacob.

252 1213 349 1252 Ant.
381 1206 611 1258 Adjuvabit
642 1219 738 1247 eam
757 1206 877 1247 Deus
897 1206 1019 1248 vultu

195 1277 290 1305 suo:
308 1264 428 1305 Deus
448 1263 491 1303 in
510 1262 656 1304 medio
677 1263 777 1314 ejus,
796 1275 883 1304 non
903 1275 1017 1304 com-

194 1320 452 1362 movebitur.

250 1394 347 1434 Ant.
378 1396 515 1441 Aquae
537 1387 687 1429 multae
709 1389 733 1414 *
756 1401 842 1429 non
866 1391 1017 1441 potu&

194 1453 292 1489 runt
312 1448 588 1497 exstinguere
608 1445 844 1487 caritatem.

462 1534 657 1574 Psalmus
685 1533 749 1572 47.

196 1592 436 1698 Magnus
463 1594 687 1643 Dominus,
716 1599 759 1636 et
786 1593 1017 1636 laudabilis

313 1651 439 1691 nimis
458 1651 481 1675 *
500 1651 543 1691 in
572 1650 746 1692 civitate
765 1651 849 1691 Dei
869 1652 1016 1700 nostri,

194 1708 237 1749 in
264 1712 412 1749 monte
441 1711 591 1748 sancto
621 1706 722 1758 ejus.

245 1763 470 1805 Fundatur
491 1762 780 1804 exsultatione
804 1762 1017 1804 universae

194 1827 324 1863 terrae
357 1833 482 1861 mons
515 1819 634 1868 Sion,
662 1819 685 1844 *
719 1818 857 1860 latera
886 1819 1017 1871 Aqui-

194 1877 321 1927 lonis,
348 1877 499 1918 civitas
526 1876 641 1926 regis
668 1876 823 1926 magni.

246 1933 366 1974 Deus
390 1933 433 1974 in
453 1931 654 1974 domibus
675 1932 766 1983 ejus
785 1934 1017 1982 cognosce-

195 1995 275 2039 tur,
302 1991 324 2014 *
354 2003 452 2030 cum
480 1989 687 2041 suscipiet
715 2000 821 2029 eam.

248 2046 460 2096 Quoniam
489 2058 590 2087 ecce
617 2057 743 2095 reges
766 2049 895 2086 terrae
920 2058 1018 2086 con·
1080 2088 1082 2091 ,
1104 2038 1170 2055 “

197 2102 364 2152 gregati
410 2107 522 2143 sunt:
567 2102 590 2127 *
635 2103 932 2143 convenerunt
975 2102 1018 2142 in

196 2172 338 2199 unum.

247 2214 339 2267 Ipsi
366 2213 562 2255 videntes
591 2213 653 2254 sic
681 2212 882 2255 admirati
909 2219 1019 2264 sunt,

198 2270 443 2312 conturbati
471 2275 585 2319 sunt,
618 2270 825 2311 commoti
853 2276 968 2312 sunt:
995 2272 1018 2296 *

195 2332 359 2369 tremor
387 2325 674 2378 apprehendit
701 2338 788 2366 eos.

249 2383 316 2425 Ibi
344 2382 521 2424 dolores
549 2387 595 2423 ut
622 2382 915 2433 parturientis:
933 2383 955 2408 *
976 2383 1019 2423 in

198 2440 353 2493 spiritu
380 2438 624 2480 vehementi
658 2440 857 2479 conteres
886 2452 1018 2480 naves

198 2496 388 2537 Tharsis.

249 2553 368 2594 Sicut
395 2551 647 2599 audivimus
676 2550 737 2590 sic
765 2550 950 2592 vidimus
977 2553 1019 2593 in

199 2610 374 2651 civitate
396 2607 572 2649 Domini
600 2606 822 2654 virtutum,
849 2607 892 2647 in
920 2609 1019 2649 civi-

197 2669 287 2708 tate
321 2666 405 2707 Dei
430 2664 581 2706 nostri:
614 2663 638 2687 *
670 2662 790 2703 Deus
825 2663 1020 2707 fundavit

200 2735 295 2765 eam
322 2723 365 2763 in
393 2723 613 2763 aeternum.

828 208 1035 242 Commune
1063 207 1271 249 Virginum.

1119 296 1397 348 Suscepimus
1411 296 1532 337 Deus
1550 296 1892 339 misericordiam

1069 358 1198 402 tuam,
1226 353 1249 378 *
1276 353 1319 393 in
1345 351 1490 393 medio
1517 352 1669 405 templi
1695 353 1768 394 tui.

1120 407 1368 450 Secundum
1408 421 1568 450 nomen
1603 414 1726 450 tuum
1760 409 1892 458 Deus,

1070 466 1132 506 sic
1169 470 1212 506 et
1245 464 1339 506 laus
1374 470 1449 506 tua
1482 465 1526 505 in
1557 465 1666 506 fines
1697 470 1842 507 terrae:
1869 465 1892 491 *

1070 522 1229 574 justitia
1256 521 1386 574 plena
1415 526 1481 562 est
1508 521 1688 563 dextera
1713 526 1799 563 tua.

1122 579 1315 619 Laetetur
1354 590 1480 619 mons
1517 578 1639 627 Sion,
1682 583 1726 620 et
1753 578 1893 620 exsul-

1070 640 1163 677 tent
1190 634 1291 675 filiae
1314 634 1451 684 Judae,
1479 636 1503 662 *
1529 639 1712 687 propter
1738 633 1894 686 judicia

1070 697 1145 733 tua
1171 691 1368 732 Domine.

1123 747 1398 789 Circumdate
1426 747 1546 798 Sion,
1575 752 1619 789 et
1645 747 1894 800 complecti-

1069 805 1174 845 mini
1210 817 1319 846 eam:
1355 805 1378 830 *
1414 806 1586 846 narrate
1622 805 1666 845 in
1701 803 1893 846 turribus

1071 873 1171 912 ejus.

1121 918 1276 959 Ponite
1311 917 1446 958 corda
1477 921 1622 958 vestra
1658 917 1700 958 in
1733 917 1893 959 virtute

1071 975 1175 1026 ejus:
1202 974 1225 999 *
1254 979 1297 1015 et
1332 973 1576 1015 distribuite
1610 973 1765 1015 domos
1793 974 1894 1025 ejus,

1070 1035 1117 1072 ut
1145 1030 1353 1072 enarretis
1379 1030 1423 1070 in
1450 1030 1659 1082 progenie
1687 1030 1834 1072 altera.

1123 1087 1337 1137 Quoniam
1376 1086 1446 1127 hic
1488 1091 1554 1128 est
1589 1086 1729 1136 Deus,
1774 1087 1894 1128 Deus

1070 1148 1221 1184 noster
1247 1143 1290 1183 in
1310 1145 1535 1192 aeternum,
1563 1148 1607 1185 et
1625 1143 1669 1184 in
1688 1142 1895 1184 saeculum

1071 1199 1233 1240 saeculi:
1252 1202 1275 1227 *
1293 1200 1388 1252 ipse
1414 1203 1536 1250 reget
1563 1212 1644 1241 nos
1663 1199 1708 1240 in
1725 1199 1895 1241 saecula.

1127 1270 1225 1310 Ant.
1263 1270 1399 1317 Aquae
1435 1263 1585 1305 multae
1620 1276 1709 1305 non
1744 1266 1894 1316 potue-

1070 1326 1171 1363 runt
1190 1324 1466 1373 exstinguere
1486 1321 1721 1362 caritatem.

1126 1384 1175 1435 Y.
1218 1386 1455 1438 Adjuvabit
1491 1398 1587 1427 eam
1618 1385 1739 1427 Deus
1771 1385 1895 1427 vultu

1071 1457 1162 1485 suo.
1204 1447 1253 1498 R.
1279 1444 1400 1485 Deus
1428 1443 1471 1483 in
1499 1441 1644 1483 medio
1674 1442 1780 1494 ejus,
1806 1454 1895 1483 non

1070 1499 1427 1542 commovebitur.

1128 1565 1253 1604 Pater
1274 1566 1435 1602 noster.

1123 1625 1367 1667 Absolutio.
1396 1625 1538 1675 Ipsius
1557 1625 1709 1676 pietas.

1126 1678 1175 1729 V.
1198 1678 1223 1718 J
1225 1677 1310 1719 ube
1335 1677 1506 1720 domne.

1124 1743 1284 1785 Bened.
1316 1744 1434 1784 Deus
1453 1740 1584 1782 Pater
1609 1742 1895 1793 omnipotens.

1090 1819 1240 1859 Sermo
1259 1816 1397 1858 sancti
1416 1814 1639 1857 Ambrosii
1656 1815 1878 1868 Episcopi.

1213 1879 1293 1912 Lib.
1313 1879 1339 1912 l.
1359 1878 1404 1912 de
1422 1878 1537 1921 Virg,
1557 1879 1658 1912 circa
1676 1878 1755 1912 init.

1374 1932 1526 1972 Lectio
1547 1933 1599 1972 iv.

1075 1994 1097 2031 ἔτ)
1119 1989 1372 2031 ἲ
1391 1988 1524 2030 hodie
1542 1988 1700 2030 natalis
1720 1993 1787 2030 est
1797 1988 1895 2030 Vir-

1185 2073 1192 2098 ,
1212 2046 1339 2097 ginis,
1367 2046 1523 2086 invitat
1542 2057 1656 2086 nunc
1674 2045 1894 2095 integrita-

1189 2103 1192 2125 ]
1213 2103 1270 2144 tis
1290 2115 1424 2152 amor,
1443 2107 1491 2143 ut
1509 2101 1675 2153 aliquid
1694 2100 1749 2143 de
1768 2101 1895 2152 virgi-

1072 2160 1208 2201 nitate
1235 2158 1444 2200 dicamus:
1471 2171 1526 2200 ne
1549 2157 1685 2199 veluti
1708 2157 1895 2199 transitu

1073 2215 1265 2268 quodam
1282 2217 1532 2268 praestricta
1550 2214 1767 2264 videatur,
1796 2226 1895 2266 quae

1071 2272 1325 2325 principalis
1358 2276 1425 2313 est
1455 2271 1604 2312 virtus.
1648 2270 1750 2312 Non
1781 2270 1896 2312 enim

1072 2328 1172 2370 ideo
1200 2327 1432 2369 laudabilis
1457 2327 1698 2378 virginitas,
1729 2326 1829 2379 quia
1851 2326 1895 2367 in

1072 2384 1338 2438 Martyribus
1381 2386 1616 2436 reperitur:
1668 2382 1747 2425 sed
1793 2382 1895 2434 quia

1072 2442 1168 2494 ipsa
1191 2441 1408 2493 Martyres
1434 2440 1576 2481 faciat.
1619 2440 1725 2490 Quis
1749 2443 1895 2480 autem

1072 2498 1260 2539 humano
1289 2510 1385 2539 eam
1412 2497 1553 2549 possit
1583 2496 1754 2548 ingenio
1779 2507 1895 2537 com-

1073 2553 1360 2607 prehendere,
1382 2566 1512 2606 quam
1531 2565 1612 2595 nec
1630 2555 1786 2594 natura
1805 2551 1894 2592 suis

1073 2611 1247 2652 inclusit
1265 2608 1458 2661 legibus?
1483 2610 1574 2651 Aut
1593 2609 1689 2661 quis
1708 2607 1894 2649 naturali

1073 2680 1181 2708 voce
1200 2667 1450 2720 complecti,
1479 2665 1599 2718 quod
1617 2677 1749 2718 supra
1768 2677 1894 2705 usum

1073 2727 1239 2765 naturae
1285 2722 1367 2765 sit?
1421 2723 1459 2764 E
1501 2722 1615 2764 coelo
1653 2720 1894 2770 accersivit,
