2040 2976
189 213 251 253 132

239 314 287 354 In
323 324 494 354 omnem
527 315 691 351 terram
719 309 852 350 exivit
880 321 1014 349 sonus

188 371 351 410 eerum:
378 369 400 392 *
432 373 475 408 et
508 367 550 407 in
586 367 693 407 fines
730 364 849 406 orbis
884 370 1014 405 terrae

186 424 318 466 verba
346 426 508 464 eorum.

238 481 286 520 In
315 479 407 521 sole
430 480 577 531 pesuit
597 476 927 519 tabernaculum
947 489 1013 516 su-

186 550 272 578 um:
307 538 329 561 *
364 541 407 577 et
427 535 534 588 ¹ipse
568 541 791 586 tamquam
825 545 1014 584 sponsus

185 592 431 645 procedens
454 591 508 632 de
528 590 722 632 thalamo
743 601 837 630 suo:

238 647 485 689 Exsultavit
522 652 568 688 ut
602 647 725 697 gigas
759 645 814 686 ad
843 646 1013 685 curren-

186 703 286 745 dam
307 704 438 753 viam,
457 705 479 729 *
500 717 525 744 a
545 715 714 744 summo
735 701 849 743 coelo
871 702 1013 751 egres-

188 761 253 801 sio
273 761 377 811 ejus:

238 817 293 857 Et
322 819 531 857 occursus
560 816 650 867 ejus
670 826 808 866 usque
826 813 883 854 ad
901 826 1013 853 sum-

185 886 304 913 mum
334 873 440 923 ejus:
469 873 491 897 *
520 884 601 913 nec
634 876 700 912 est
735 871 808 922 qui
842 882 890 910 se
918 869 1013 910 abs-

187 928 348 970 cendat
375 942 400 969 a
429 928 573 969 calore
603 928 704 979 ejus.

240 985 331 1026 Lex
347 985 524 1025 Demini
542 983 819 1024 immaculata
835 984 1013 1023 conver-

186 1046 284 1082 tens
321 1041 506 1081 animas:
539 1040 562 1065 *
594 1040 891 1080 testimenium
925 1039 1013 1079 Do-

185 1098 289 1138 mini
322 1096 468 1145 fidele⁷
506 1096 765 1148 sapientiam
797 1099 1014 1148 praestans

186 1153 391 1205 parvulis.

237 1209 425 1250 Justitiae
461 1209 637 1250 Demini
678 1213 830 1258 rectae,
875 1207 1014 1249 laetifi-

186 1267 336 1306 cantes
373 1265 521 1306 corda:
559 1266 582 1290 *
619 1267 891 1317 praeceptum
927 1265 1014 1305 Do-

184 1322 288 1362 mini
307 1321 509 1370 lucidum,
531 1321 778 1361 illaminans
799 1321 963 1362 oculos.

236 1378 388 1419 Timor
415 1377 593 1418 Domini
621 1382 813 1427 sanctus,
847 1379 1014 1430 perma-

184 1447 291 1475 nens
319 1435 363 1474 in
392 1433 601 1475 saeculum
630 1434 837 1475 saeeu112*
857 1433 1016 1486 judicia

184 1490 360 1531 Demini
388 1503 509 1539 vera,
537 1490 771 1541 justificata
793 1491 836 1530 in
861 1495 1015 1531 semet-

185 1548 294 1599 ipsa.

238 1602 558 1643 Desiderabilia
602 1615 733 1655 super
775 1616 928 1644 aurum
973 1608 1016 1644 et

185 1658 380 1711 lapidem
412 1659 653 1711 pretiosum
686 1659 886 1701 multum:
913 1661 936 1685 *
973 1665 1016 1701 et

189 1714 387 1756 dulciora
415 1728 548 1767 super
574 1715 661 1756 mel
690 1721 734 1757 et
756 1716 913 1757 favum.

240 1771 413 1812 Etenim
442 1784 594 1812 servus
621 1777 722 1813 tuus
743 1772 935 1814 cust6dit
955 1786 1017 1822 ea,

187 1828 210 1852 *
243 1828 287 1867 in
329 1827 626 1869 custodiendis
664 1828 751 1869 illis
789 1828 1017 1871 retributio

190 1883 337 1924 multa.

240 1939 412 1980 Delicta
453 1940 549 1992 quis
587 1939 809 1991 intelligit?
854 1941 908 1983 ab
949 1955 1017 1983 oc-

190 1995 318 2036 cultis
357 1996 466 2037 meis
500 1997 662 2039 munda
698 2010 787 2038 me:
824 1998 847 2023 *
884 2003 927 2039 et
963 1998 1018 2039 ab

191 2052 341 2093 alienis
369 2066 501 2105 parce
530 2067 659 2095 servo
686 2059 774 2096 tuo.

242 2109 285 2150 Si
332 2110 417 2150 mei
458 2123 545 2151 non
587 2110 748 2152 fuerint
791 2109 1019 2159 dominati,

191 2170 294 2206 tunc
322 2165 626 2207 immaculatus
655 2180 747 2208 ero:
767 2169 790 2194 *
811 2171 855 2208 et
875 2180 1019 2208 emun-

192 2220 332 2262 dabor
359 2235 383 2262 a
412 2221 576 2263 delicto
604 2223 807 2264 maximo.

242 2277 298 2318 Et
339 2283 464 2319 erunt
505 2283 552 2320 ut
594 2279 897 2331 complaceant
934 2280 1020 2321 elo-

193 2333 292 2384 quia
321 2334 408 2374 oris
435 2335 537 2375 mei.
556 2338 579 2361 *
600 2340 643 2376 et
670 2335 898 2377 meditatio
928 2349 1020 2377 cor-

192 2387 258 2429 dis
286 2389 370 2430 mei
398 2390 441 2430 in
469 2393 708 2443 conspectu
736 2397 812 2433 tuo
812 2405 1022 2475 semper.

243 2444 430 2487 Demine
459 2446 630 2498 adjutor
658 2450 836 2497 meus‚*
858 2454 901 2490 et
926 2448 1021 2490 red-

193 2502 366 2553 emptor
393 2515 526 2543 meus.

247 2558 346 2598 Ant.
366 2559 402 2597 Τ
405 2570 428 2598 e
448 2571 580 2600 unum
596 2560 638 2600 in
654 2560 908 2610 substantia,
928 2561 1020 2601 Tri-

192 2613 373 2653 nitatem
393 2614 435 2653 in
455 2617 654 2666 personis
675 2617 944 2658 confitemur.

247 2671 345 2710 Ant.
378 2671 438 2710 Te
468 2683 641 2723 semper
668 2672 785 2714 idem
815 2686 927 2722 esse,
964 2676 1020 2714 vi-

194 2737 306 2774 vere,
336 2731 380 2766 et
407 2726 659 2777 intelligere,
687 2729 956 2781 profitemur.

791 220 990 253 Dominicu
1017 220 1072 253 Ss.
1098 218 1309 252 Trinitatis.

1344 308 1545 349 Psalmus
1572 310 1636 349 23.

1159 362 1291 403 &mini
1324 366 1391 403 est
1422 366 1559 410 terra,
1597 365 1640 402 et
1671 360 1900 414 plenitudo

1073 365 1270 470 Dejus:
1298 419 1321 443 *
1350 417 1470 459 orbis
1488 419 1720 468 terrarum,
1749 422 1793 459 et
1811 417 1901 459 uni-

1068 476 1192 522 versi,
1223 477 1297 528 qui
1324 475 1523 516 habitant
1550 475 1594 515 in
1623 487 1688 516 eo.

1120 532 1230 582 Quia
1258 533 1354 585 ipse
1383 544 1517 584 super
1543 531 1682 571 maria
1702 530 1903 572 fundavit

1068 601 1180 629 eum:
1213 591 1236 615 *
1270 594 1314 630 et
1349 601 1482 640 super
1520 587 1699 628 flumina
1732 600 1901 640 praepa-

1068 645 1180 685 ravit
1209 657 1318 685 eum.

1119 701 1227 750 Quis
1262 699 1471 742 ascendet
1507 700 1551 740 in
1585 704 1781 741 montem
1814 699 1901 740 Do-

1066 755 1194 797 mini?
1230 759 1254 783 *
1289 761 1364 798 aut
1406 757 1503 808 quis
1544 755 1677 797 stabit
1717 755 1761 796 in
1801 755 1901 797 loco

1067 818 1221 854 sancto
1251 811 1367 865 eius?

1118 870 1334 911 Innocens
1353 868 1556 910 manibus
1575 873 1620 910 et
1637 867 1802 910 mundo
1817 881 1904 910 cor-

1068 925 1134 975 de,
1154 928 1178 953 *
1199 926 1273 978 qui
1300 939 1389 968 non
1417 925 1588 978 accepit
1611 925 1656 965 in
1676 937 1789 966 vano
1815 925 1902 966 ani-

1066 995 1184 1023 mam
1221 995 1364 1031 suam‚
1405 995 1487 1023 nec
1525 981 1682 1033 juravit
1718 981 1762 1022 in
1797 980 1902 1023 dolo

1067 1039 1270 1091 proximo
1299 1052 1391 1080 suo.

1119 1096 1205 1137 Hic
1250 1096 1437 1148 accipiet
1476 1094 1832 1136 benedictionem
1877 1107 1903 1136 a

1067 1153 1273 1194 Domino:
1289 1154 1313 1179 *
1333 1157 1377 1193 et
1397 1150 1744 1193 misericordiam
1763 1164 1789 1192 a
1803 1151 1902 1193 Deo

1069 1209 1249 1251 salutari
1277 1222 1369 1251 suo.

1120 1266 1231 1307 Haec
1263 1271 1331 1307 est
1358 1265 1584 1317 generatio
1615 1264 1904 1318 quaerentium

1070 1335 1186 1372 eum,
1227 1323 1250 1347 *
1294 1322 1585 1374 quaerentium
1625 1321 1783 1363 faciem
1819 1321 1904 1362 Dei

1069 1378 1219 1420 Jacob.

1121 1435 1326 1477 Attollite
1372 1439 1525 1488 portas
1568 1434 1791 1487 principes
1832 1446 1904 1475 ve-

1070 1497 1198 1542 stras,
1227 1498 1270 1534 et
1299 1491 1532 1533 elevamini
1559 1495 1703 1544 portae
1722 1492 1904 1532 aeterna-

1069 1548 1151 1590 les:
1180 1551 1204 1576 *
1233 1554 1276 1590 et
1304 1547 1502 1589 introibit
1530 1548 1628 1588 Rex
1655 1546 1820 1598 gloriae.

1123 1605 1230 1655 Quis
1259 1610 1326 1646 est
1352 1605 1436 1646 iste
1456 1605 1555 1645 Rex
1576 1601 1752 1654 gloriae?
1773 1605 1796 1631 *
1815 1603 1904 1644 Do·

1069 1662 1212 1702 minus
1245 1662 1371 1703 fortis
1409 1666 1453 1703 et
1480 1665 1654 1713 potens:
1689 1659 1906 1701 Deminus

1070 1723 1230 1771 potens
1258 1718 1301 1758 in
1329 1717 1496 1770 praelio.

1123 1774 1326 1816 Attollite
1375 1779 1529 1827 portas
1571 1772 1794 1826 principes
1835 1785 1906 1814 ve-

1071 1836 1202 1881 stras,
1232 1836 1275 1873 et
1304 1830 1535 1873 elevamini
1558 1834 1701 1882 portae
1724 1830 1906 1871 aeterna-

1071 1887 1150 1928 les:
1178 1889 1202 1915 *
1231 1893 1276 1929 et
1303 1886 1501 1929 introibit
1528 1887 1628 1928 Rex
1655 1885 1820 1937 gloriae.

1125 1944 1232 1994 Quis
1261 1949 1328 1986 est
1354 1944 1438 1985 iste
1458 1944 1556 1984 Rex
1580 1940 1755 1994 gloriae?
1775 1943 1800 1969 *
1817 1941 1906 1982 Do-

1071 2000 1213 2041 minus
1241 2000 1453 2042 virtutum
1479 1999 1576 2052 ipse
1605 2003 1672 2040 est
1691 1999 1789 2040 Rex
1816 1997 1907 2049 glo-

1073 2069 1160 2097 riae.

1127 2116 1227 2155 Ant.
1261 2116 1324 2155 Te
1353 2125 1527 2166 semper
1554 2111 1671 2153 idem
1701 2123 1814 2158 esse,
1847 2112 1906 2151 vi-

1073 2182 1186 2219 vere,
1216 2175 1260 2211 et
1286 2169 1541 2221 intelligere,
1568 2168 1838 2221 profitemur.

1126 2224 1176 2274 Y.
1209 2225 1530 2268 Benedicamus
1557 2225 1735 2266 Patrem
1768 2229 1812 2265 et
1839 2223 1906 2264 Fi—

1074 2281 1178 2323 lium
1207 2295 1306 2323 cum
1335 2287 1488 2324 sancto
1510 2281 1685 2334 Spiritu.
1717 2283 1769 2334 R.
1796 2279 1905 2321 Lau-

1074 2337 1227 2379 demus
1256 2344 1300 2380 et
1328 2337 1705 2390 superexaltemus
1737 2349 1836 2378 eum
1863 2336 1906 2376 in

1075 2394 1246 2436 saecula.

1254 2453 1323 2495 De
1351 2452 1466 2492 Isaia
1492 2450 1727 2503 Propheta.
1822 2485 1828 2491 .

1177 2509 1361 2551 Lectio
1352 2523 1373 2548 1.
1638 2510 1740 2561 Cap.
1762 2510 1801 2549 6.

1152 2576 1226 2610 ’πρ-,η
1255 2577 1384 2612 anno,
1414 2577 1501 2616 quo
1525 2565 1722 2604 mortuus
1743 2567 1810 2604 est
1829 2574 1907 2603 rex

1148 2612 1190 2673 {f
1216 2621 1363 2669 Ozias,
1388 2619 1477 2661 vidi
1497 2619 1735 2660 Deminum
1754 2618 1905 2659 seden-

1146 2655 1187 2700 ’θ’
1215 2682 1305 2717 tem
1337 2689 1469 2728 super
1497 2675 1655 2716 solium
1685 2674 1906 2716 excelsum

1076 2737 1118 2772 et
1147 2731 1381 2774 elevatum:
1410 2738 1454 2774 et
1475 2745 1542 2781 ea,
1571 2744 1670 2783 quae
1698 2730 1779 2772 sub
1807 2731 1905 2783 ipso

1078 2567 1122 2619 ἑὲ
1145 2584 1181 2638 f

1078 2605 1149 2679 sti

1086 2682 1103 2692 f
