2040 2976
563 229 636 263 Die
660 229 712 263 25.
738 229 801 263 vel
822 228 874 262 26.
896 228 995 271 Aug.
1042 227 1077 262 S.
1103 227 1295 262 Ludovici
1320 227 1428 262 Conf.

1800 222 1864 257 541

142 330 266 370 ritur:
293 327 460 379 ubique
488 326 609 368 solus
638 325 856 367 obsecrat.
892 323 977 364 Dei

144 384 259 426 enim
285 383 516 425 consilium
540 382 732 424 humana
759 386 864 423 vota
888 392 977 421 non

144 441 340 494 capiunt:
362 453 445 482 nec
470 439 703 493 quisquam
721 438 978 480 interiorum

143 501 295 549 potest
314 509 412 538 esse
431 496 658 549 particeps
680 494 852 536 Christi.

194 555 246 607 Rt.
264 556 346 598 Isti
369 561 470 598 sunt
489 556 572 598 viri
589 555 740 606 sancti,
761 567 873 608 quos
894 554 976 595 ele-

143 613 208 665 git
230 613 447 655 Dominus
472 613 517 653 in
545 613 726 654 caritate
751 623 839 652 non
862 610 978 660 ficta,

144 675 188 711 et
207 669 330 712 dedit
348 669 433 710 illis
452 669 637 720 gloriam
652 668 978 721 sempiternam:

143 725 166 749 *
183 727 381 777 Quorum
398 725 599 768 doctrina
617 724 754 776 fulget
767 723 979 773 Ecclesia,

143 787 192 824 ut
218 782 312 825 sole
338 782 451 824 luna.
489 773 539 826 V.
567 781 716 824 Sancti
739 793 820 834 per
844 780 980 822 fidem

144 839 344 881 vicerunt
367 852 513 890 regna,
540 838 712 891 operati
736 842 837 879 sunt
860 838 978 889 justi-

143 895 261 937 tiam.
289 896 496 946 Quorum.
527 892 691 936 Gloria.
719 894 928 944 Quorum.

444 955 597 998 Lectio
618 956 672 996 ix.

143 1011 394 1119 Vocavit,
419 1021 570 1074 inquit,
596 1019 839 1073 discipulos
863 1032 980 1070 suos,

262 1083 307 1120 et
340 1078 472 1129 elegit
503 1077 740 1120 duodecim
773 1090 827 1118 ex
861 1076 980 1129 ipsis,

147 1147 259 1188 quos
299 1135 356 1176 ad
392 1133 731 1188 propagandum
772 1133 981 1175 auxilium

146 1191 300 1233 salutis
327 1191 532 1232 humanae
559 1204 640 1244 per
668 1192 885 1232 terrarum
913 1202 980 1231 or-

145 1248 247 1291 bem
262 1250 433 1290 satores
448 1247 554 1289 fidei
569 1246 822 1289 destinaret.
844 1246 981 1287 Simul

146 1304 328 1347 adverte
348 1304 530 1346 coeleste
547 1303 792 1346 consilium:
812 1315 901 1345 non
916 1315 980 1343 sa-

145 1361 317 1414 pientes
346 1360 536 1413 aliquos,
569 1373 658 1402 non
686 1359 863 1409 divites,
891 1372 980 1400 non

146 1416 328 1467 nobiles,
355 1416 435 1459 sed
453 1417 698 1470 piscatores
723 1421 767 1458 et
785 1415 977 1469 publica-

146 1486 239 1524 nos,
265 1486 377 1525 quos
402 1472 620 1525 dirigeret,
646 1473 792 1524 elegit:
817 1485 872 1514 ne
896 1477 980 1514 tra-

148 1529 327 1572 duxisse
362 1528 614 1583 prudentia,
651 1542 706 1571 ne
739 1529 980 1571 redemisse

148 1585 322 1636 divitiis,
345 1599 400 1628 ne
419 1587 630 1639 potentiae
649 1585 981 1638 nobilitatisque

147 1642 409 1685 auctoritate
431 1644 620 1684 traxisse
643 1642 815 1694 aliquos
835 1641 893 1683 ad
912 1654 979 1682 su-

147 1711 219 1740 am
241 1698 428 1750 gratiam
451 1698 686 1749 videretur,
709 1703 758 1740 ut
781 1698 980 1740 veritatis

147 1755 272 1805 ratio,
287 1767 376 1797 non
387 1754 701 1808 disputationis
712 1755 854 1806 gratia
868 1767 979 1807 prae-

148 1811 324 1854 valeret.
386 1811 447 1854 Te
466 1812 622 1853 Deum.
648 1812 706 1852 13.

197 1871 243 1906 In
256 1871 303 1907 Π.
318 1871 436 1916 Vesp.
453 1872 493 1907 fit
512 1881 709 1906 commem.
726 1871 762 1907 S.
775 1871 977 1906 Ludoviei.

274 1954 365 1995 'Die
382 1955 450 1995 25.
464 1954 535 1995 vel
558 1954 626 1995 26.
645 1954 845 2004 Augusti.

243 2016 289 2058 S.
315 2015 559 2059 Ludovici
587 2015 874 2057 Confessoris.

432 2075 694 2119 Semiduplex.

201 2128 338 2164 Omnia
369 2129 416 2164 de
445 2130 591 2166 Comm.
620 2131 729 2167 Conf.
759 2142 838 2167 non
868 2132 978 2167 Pont.

150 2179 220 2222 [67]
242 2180 385 2220 praeter
406 2188 513 2223 sequ.

202 2232 303 2273 Ant.
324 2233 536 2277 Similabo
553 2248 652 2278 eum
670 2236 767 2278 viro
783 2236 981 2288 sapienti,

151 2292 226 2344 qui
251 2290 487 2334 aedificavit
505 2291 686 2334 domum
705 2305 830 2334 suam
848 2306 982 2346 supra

150 2352 334 2400 petram.

204 2402 254 2459 V·
276 2407 455 2450 Amavit
478 2420 578 2450 eum
596 2409 824 2459 Dominus,
851 2414 895 2451 et
914 2422 980 2451 or-

149 2465 271 2506 navit
304 2477 414 2506 eum.
456 2465 507 2515 Rt.
535 2465 705 2506 Stolam
736 2465 888 2517 gloriae
920 2468 980 2506 in-

150 2519 246 2562 duit
274 2533 384 2562 eum.
533 2571 537 2578 ,
827 2531 829 2533 ·

490 2577 654 2618 Oratio.

240 2650 334 2688 eus,
382 2637 456 2690 qui
489 2637 670 2679 beatum
706 2637 983 2680 Ludovicum

273 2694 584 2735 Confessorem
611 2699 735 2735 tuum
764 2693 819 2736 de
847 2698 982 2737 terre-

150 2761 208 2791 no
242 2762 379 2801 regno
415 2749 472 2792 ad
505 2750 698 2793 coelestis
735 2751 858 2802 regni
891 2752 981 2803 glo-

308 2891 373 2916 Pars
389 2892 497 2917 AEstiva.

1028 322 1138 362 riam
1162 320 1441 363 transtulisti:
1471 320 1572 370 ejus,
1600 321 1865 371 quaesumus,

1028 378 1195 419 meritis
1220 383 1263 419 et
1287 376 1615 426 intercessione,
1640 376 1776 427 Regis
1801 388 1865 416 re-

1028 448 1133 486 gum
1165 435 1270 476 Jesu
1305 433 1466 475 Christi
1498 433 1599 473 Filii
1630 433 1694 475 tui
1729 432 1865 474 facias

1028 504 1111 533 nos
1130 504 1227 534 esse
1248 493 1492 533 consortes:
1513 490 1598 540 Qui
1617 494 1774 531 10011111.

1082 561 1160 596 Ubi
1194 571 1288 596 vero
1322 560 1479 594 Festum
1516 558 1551 592 S.
1585 556 1865 591 Bartholomaei

1031 611 1247 644 celebratur
1276 609 1338 643 die
1360 609 1423 645 25„
1455 608 1502 641 de
1533 606 1568 640 S.
1590 606 1792 640 Ludovieo
1824 605 1866 639 fit

1031 658 1093 692 die
1110 659 1173 699 26„
1200 662 1236 692 et
1259 662 1350 692 tunc
1370 656 1408 690 in
1433 655 1478 689 II.
1496 655 1614 698 Vesp.
1640 654 1674 689 S.
1692 654 1864 688 Barthol.

1032 712 1121 751 post
1145 716 1388 741 commemor.
1414 705 1449 738 S.
1472 704 1664 738 Ludovici
1691 704 1731 737 fit
1750 704 1865 737 etiam

1031 766 1228 790 commem.
1254 754 1289 789 S.
1306 752 1530 797 Zephyrini,
1555 756 1593 786 ut
1619 752 1729 794 infra,
1755 756 1791 786 et
1816 751 1866 785 ad

1031 804 1260 839 Matutinum
1278 803 1317 837 in
1335 803 1490 845 Hymno
1507 812 1555 836 m.
1572 805 1596 836 t.
1611 812 1647 837 v.
1664 800 1797 834 Lectio
1815 799 1865 833 ix.

1032 852 1079 887 de
1097 852 1131 887 S.
1150 852 1267 895 Zeph.
1286 856 1323 886 et
1341 852 1499 885 comem.
1519 850 1565 883 de
1584 859 1629 883 00
1648 849 1686 882 111
1702 848 1865 882 Laudib.

1083 913 1127 947 In
1158 913 1184 947 Ι.
1214 912 1415 946 Νοο1111110
1448 909 1653 944 Lectiones
1689 909 1735 943 de
1769 908 1866 943 Scri-

1031 965 1145 1004 ptura
1170 963 1404 995 occurrente.

1266 1027 1315 1065 In
1334 1025 1385 1064 II.
1405 1024 1631 1063 Nocturno.

1335 1089 1489 1131 Lectio
1508 1089 1564 1130 iv.

1045 1187 1048 1189 ,
1076 1166 1136 1202 a
1151 1149 1366 1192 udovicus
1404 1163 1547 1192 nonus
1585 1151 1743 1193 Galliae
1781 1165 1869 1203 rex,

1078 1205 1145 1287 *af
1169 1206 1404 1249 duodecim
1424 1220 1563 1249 annos
1582 1213 1722 1259 natus,
1744 1214 1870 1261 patre

1169 1266 1343 1314 amisso,
1365 1269 1408 1306 et
1428 1265 1471 1305 in
1488 1265 1698 1306 Blanchae
1718 1267 1870 1307 matris

1034 1320 1309 1365 sanctissima
1359 1320 1592 1374 disciplina
1645 1322 1870 1373 educatus,

1034 1390 1134 1418 cum
1158 1377 1243 1429 jam
1267 1377 1528 1428 vigesimum
1552 1391 1714 1419 annum
1738 1379 1782 1419 in
1806 1392 1870 1421 re-

1033 1431 1121 1485 gno
1141 1436 1302 1485 ageret,
1317 1435 1359 1474 in
1375 1434 1578 1476 morbum
1593 1434 1760 1477 incidit:
1781 1449 1869 1488 quo

1033 1493 1235 1543 tempore
1273 1490 1484 1541 cogitavit
1517 1491 1572 1533 de
1610 1495 1870 1544 recuperan-

1035 1547 1091 1588 da
1146 1547 1430 1599 possessione
1477 1547 1869 1600 Jerosolymorum.

1035 1603 1335 1654 Quamobrem
1362 1603 1437 1645 ubi
1462 1605 1771 1655 convaluisset,
1799 1619 1869 1648 ve-

1033 1659 1186 1701 xillum
1214 1660 1269 1701 ab
1300 1662 1512 1713 episcopo
1537 1661 1773 1703 Parisiensi
1802 1676 1869 1704 ac-

1034 1716 1166 1769 cepit:
1213 1716 1372 1758 deinde
1411 1730 1532 1759 mare
1570 1731 1669 1759 cum
1706 1718 1871 1770 ingenti

1034 1773 1230 1815 exercitu
1261 1774 1499 1825 trajiciens,
1535 1775 1679 1827 primo
1714 1776 1869 1828 praelio

1033 1830 1277 1872 Saracenos
1315 1830 1493 1881 fugavit.
1547 1831 1636 1873 Sed
1679 1845 1779 1873 cum
1817 1845 1871 1874 ex

1033 1886 1284 1939 pestilentia
1316 1899 1474 1939 magna
1509 1888 1698 1930 militum
1730 1889 1871 1931 multi-

1033 1943 1144 1985 tudo
1167 1942 1382 1996 periisset,
1406 1943 1549 1985 victus
1574 1944 1670 1997 ipse
1696 1949 1869 1998 captus-

1035 2011 1120 2052 que
1141 2005 1220 2042 est.

1086 2062 1138 2111 Rz.
1153 2061 1403 2102 Honestum
1425 2061 1529 2103 fecit
1548 2061 1672 2103 illum
1691 2063 1802 2114 Dfis,
1828 2069 1871 2106 et

1034 2116 1276 2159 custodivit
1291 2129 1392 2158 eum
1407 2117 1462 2159 ab
1479 2117 1676 2169 inimicis,
1698 2124 1742 2161 et
1764 2133 1789 2161 a
1805 2134 1869 2162 se-

1034 2171 1292 2215 ductoribus
1307 2174 1467 2216 tutavit
1482 2174 1620 2216 illum:
1636 2174 1658 2198 *
1673 2175 1731 2218 Et
1747 2175 1870 2219 dedit

1033 2228 1096 2269 illi
1115 2229 1362 2271 claritatem
1382 2233 1603 2273 aeternam.
1631 2222 1680 2276 V.
1697 2232 1722 2273 J
1724 2238 1870 2275 ustum

1035 2285 1219 2328 deduxit
1244 2286 1462 2328 Dominus
1488 2301 1569 2341 per
1594 2289 1687 2330 vias
1713 2295 1869 2340 rectas,

1035 2347 1079 2384 et
1100 2341 1294 2384 ostendit
1312 2342 1376 2397 illi
1394 2356 1577 2395 regnum
1595 2345 1691 2387 Dei.
1719 2346 1787 2388 Et.

1347 2411 1500 2453 Lectio
1523 2424 1558 2451 v.

1036 2463 1234 2569 Rebus
1283 2474 1441 2525 postea
1491 2487 1591 2517 cum
1640 2475 1869 2517 Saracenis

1152 2530 1429 2581 compositis,
1461 2529 1571 2573 liber
1599 2544 1679 2573 rex
1707 2532 1869 2573 exerci-

1033 2586 1195 2636 tusque
1223 2585 1468 2628 dimittitur.
1515 2588 1718 2640 Quinque
1746 2588 1869 2628 annis

1034 2639 1078 2680 in
1102 2641 1282 2683 Oriente
1312 2646 1626 2693 commoratus,
1654 2643 1868 2696 plurimos

1036 2696 1308 2740 Christianos
1347 2713 1372 2740 a
1411 2699 1701 2741 barbarorum
1737 2699 1869 2741 servi-

1035 2757 1128 2795 tute
1164 2755 1371 2805 redemit,
1409 2756 1572 2798 multos
1609 2756 1741 2797 etiam
1776 2756 1868 2796 infi-

1594 2888 1660 2921 35*
