2040 2976
530 210 706 244 Officium
730 210 905 244 votivum
931 210 978 243 de
1003 210 1038 243 S.
1062 208 1211 251 Joseph
1237 208 1390 251 Sponso
1415 206 1456 240 Β.
1481 206 1528 239 M.
1550 206 1594 239 V.

495 303 694 344 Psalmus
715 305 744 343 1.

211 387 219 423 ³,
316 368 440 409 eatus
455 367 532 416 vir,
552 368 626 419 qui
644 379 732 408 non
750 367 856 409 abiit
875 368 918 408 in
934 380 1032 408 con-

238 421 304 476 {2552
333 423 429 463 silio
450 423 695 475 impiorum,
721 427 765 464 et
784 424 827 463 in
846 423 917 464 via
934 435 1033 475 pec-

209 478 222 503 -“
302 493 304 497 ·
333 481 533 520 catorum
564 492 653 520 non
686 480 823 528 stetit,
855 479 878 504 *
910 484 954 520 et
991 478 1034 518 in

204 534 413 576 cathedra
431 535 696 587 pestilentiae
715 548 804 577 non
823 535 958 588 seditii

256 591 344 632 Sed
359 591 402 631 in
417 590 514 642 lege
524 591 702 632 Domini
712 591 917 632 voluntas
934 591 1034 642 ejus,

204 648 228 674 *
257 652 300 688 et
332 647 375 687 in
404 647 501 698 lege
532 648 622 699 ejus
650 646 934 688 meditabitur
963 645 1034 687 die

204 715 256 744 ac
275 708 416 744 nocte.

257 759 313 800 Et
341 759 422 800 erit
449 764 675 810 tamquam
701 758 885 809 lignum,
915 758 1035 810 quod

205 815 453 868 plantatum
465 819 531 856 est
542 827 669 856 secus
681 814 893 856 decursus
905 816 1035 865 aqua-

206 873 347 921 rum,*
360 871 479 923 quod
499 871 688 912 fructum
707 884 833 912 suum
853 869 974 911 dabit
993 870 1036 910 in

206 929 408 980 tempore
429 940 524 969 suo:

258 984 315 1025 Et
341 983 493 1024 folium
519 983 609 1034 ejus
634 995 723 1023 non
750 981 929 1023 defluet:
949 983 973 1009 *
993 987 1038 1023 et

208 1040 353 1080 omnia
373 1042 662 1091 quaecumque
681 1038 829 1088 faciet,
854 1051 1036 1091 prospe-

207 1095 430 1137 rabuntur.
702 1101 706 1104 '

258 1151 360 1193 Non
379 1152 441 1192 sic
459 1150 591 1203 impii,
611 1163 700 1191 non
715 1150 917 1191 sic:*sed
931 1154 1036 1191 tam-

209 1221 339 1259 quam
358 1207 518 1259 pulvis,
539 1219 669 1259 quem
687 1206 861 1258 projicit
880 1210 1037 1247 ventus

206 1276 231 1304 a
252 1263 361 1305 facie
380 1268 522 1304 terrae.

258 1319 366 1360 Ideo
392 1332 481 1361 non
509 1322 739 1368 resurgent
764 1317 886 1370 impii
911 1318 954 1358 in
981 1319 1037 1369 ju-

208 1375 338 1416 dicio:
364 1377 387 1403 *
412 1387 556 1426 neque
582 1375 841 1427 peccatores
867 1374 911 1414 in
937 1386 1037 1415 con-

207 1431 307 1472 cilio
327 1432 552 1483 iustorum.

259 1487 475 1537 Quoniam
500 1486 624 1528 novit
646 1486 742 1526 Dfis
767 1486 883 1527 viam
906 1487 1037 1538 justo-

208 1556 320 1584 rum:
344 1545 367 1570 *
394 1548 438 1585 et
462 1543 543 1584 iter
567 1542 802 1594 impiorum
825 1542 996 1594 peribit.

261 1614 359 1654 Ant.
392 1615 603 1657 Ascendit
620 1615 644 1655 J
648 1614 787 1667 oseph
811 1628 836 1655 a
856 1615 1040 1656 Galilaea

210 1672 265 1712 de
297 1672 475 1713 civitate
502 1671 726 1712 Nazareth
760 1671 803 1710 in
830 1671 1039 1721 Judaeam,

209 1727 253 1767 in
282 1727 505 1769 civitatem
532 1726 694 1776 David,
728 1739 827 1778 quae
855 1729 1040 1769 vocatur

210 1783 488 1832 Bethlehem,
533 1788 582 1824 ut
623 1782 906 1834 profiteretur
942 1796 1041 1824 cum

209 1839 358 1880 Maria.

261 1898 358 1938 Ant.
396 1898 616 1940 Venerunt
634 1901 847 1950 pastores.

492 1975 690 2015 Psalmus
718 1975 755 2014 2.

212 2017 402 2140 Quare
441 2042 708 2082 fremuerunt
739 2041 923 2091 Gentes,
951 2042 974 2068 *
998 2046 1042 2083 et

316 2097 470 2148 populi
488 2096 688 2138 meditati
705 2101 806 2137 sunt
825 2097 990 2137 inania?

263 2153 508 2194 Astiterunt
532 2165 657 2203 reges
681 2157 827 2202 terrae,
857 2158 900 2194 et
928 2155 1042 2205 prin-

213 2208 334 2260 cipes
367 2210 664 2249 convenerunt
693 2209 737 2248 in
762 2222 896 2249 unum
920 2211 944 2236 *
970 2209 1041 2250 ad-

212 2266 365 2305 versus
375 2264 621 2313 Dominum,
642 2269 686 2305 et
701 2264 911 2306 adversus
924 2264 1042 2306 Chri-

213 2325 327 2361 stum
348 2321 448 2371 ejus.

264 2375 575 2427 Dirumpamus
609 2376 782 2416 vincula
814 2378 981 2417 eorum:
1020 2378 1043 2403 *

214 2435 258 2472 et
285 2431 566 2484 projiciamus
594 2443 620 2471 a
646 2431 774 2472 nobis
806 2432 953 2483 jugum
980 2432 1042 2484 ip-

214 2488 374 2528 sorum.

267 2543 351 2592 Qui
387 2542 557 2583 habitat
591 2542 635 2582 in
676 2542 801 2583 coelis
842 2542 1042 2584 irridebit

215 2611 306 2639 eos:
320 2600 344 2625 *
360 2603 404 2639 et
420 2598 635 2638 Dominus
652 2597 939 2639 subsannabit
955 2611 1042 2639 eos.

266 2654 392 2694 Tunc
411 2654 615 2704 loquetur
637 2653 694 2693 ad
714 2665 792 2693 eos
811 2653 855 2692 in
874 2653 939 2693 ira
954 2666 1042 2702 sua,

214 2710 237 2735 *
259 2714 302 2750 et
322 2710 366 2749 in
386 2709 533 2750 furore
553 2721 633 2749 suo
654 2708 936 2749 conturbabit
957 2721 1042 2749 eos.

1137 301 1232 352 Ego
1251 305 1399 341 autem
1416 300 1683 341 constitfitus
1701 313 1799 341 sum
1817 301 1915 342 Rex

1087 357 1141 398 ab
1185 369 1237 398 eo
1278 368 1410 408 super
1443 356 1550 397 Sion
1585 361 1780 398 montem
1821 369 1915 397 san-

1087 418 1206 455 ctum
1222 413 1324 464 ejus,
1339 412 1362 437 *
1377 411 1625 464 praedicans
1643 413 1916 464 praeceptum

1088 482 1189 520 elus.

1139 525 1355 566 Dominus
1388 524 1500 566 dixit
1528 523 1586 565 ad
1612 536 1701 565 me:
1728 523 1752 550 *
1779 523 1916 564 Filius

1087 594 1211 622 meus
1231 594 1278 622 es
1295 586 1358 631 tu,
1382 593 1465 632 ego
1483 579 1616 621 hodie
1635 579 1766 631 genui
1783 584 1839 621 te.

1138 637 1323 678 Postula
1342 650 1367 678 a
1385 649 1472 686 me,
1499 641 1543 678 et
1563 635 1680 677 dabo
1701 635 1784 677 tibi
1804 635 1917 678 Gen-

1088 698 1156 735 tes
1189 693 1496 734 haereditatem
1529 697 1669 742 tuam,
1695 692 1719 718 *
1747 696 1791 733 et
1818 704 1917 744 pos-

1089 749 1333 791 sessionem
1351 754 1473 790 tuam
1491 748 1703 789 terminos
1722 752 1865 789 terrae.

1142 806 1289 857 Reges
1318 818 1395 846 eos
1423 805 1468 845 in
1495 805 1620 856 virga
1644 804 1800 853 ferrea,
1823 804 1848 830 *
1874 808 1918 845 et

1090 866 1316 913 tamquam
1330 874 1409 902 vas
1424 860 1547 911 figuli
1563 860 1812 912 confringes
1830 872 1919 901 eos.

1141 918 1198 958 Et
1222 930 1337 958 nunc
1362 929 1489 968 reges
1516 916 1763 968 intelligite:
1781 916 1806 942 *
1826 929 1919 958 eru-

1091 973 1243 1014 dimini
1263 973 1338 1025 qui
1357 972 1560 1025 judicatis
1578 977 1752 1013 terram.

1142 1029 1313 1071 Servite
1337 1028 1530 1070 Domino
1557 1028 1602 1068 in
1627 1028 1801 1070 timore:
1827 1029 1851 1054 *
1876 1032 1920 1070 et

1092 1086 1310 1126 exsultate
1331 1085 1371 1126 ei
1387 1097 1488 1126 cum
1504 1085 1707 1125 tremore.

1143 1141 1479 1194 Apprehendite
1516 1140 1808 1192 disciplinam,
1849 1151 1920 1180 ne-

1093 1197 1269 1249 quando
1307 1197 1521 1238 irascatur
1555 1195 1791 1246 Dominus,
1819 1196 1844 1221 *
1877 1199 1921 1236 et

1091 1253 1284 1305 pereatis
1304 1253 1359 1294 de
1378 1253 1450 1294 via
1469 1254 1592 1304 justa.

1144 1309 1253 1350 Cum
1269 1309 1482 1350 exarserit
1502 1308 1547 1348 in
1561 1307 1687 1350 brevi
1703 1308 1768 1348 ira
1784 1307 1887 1359 ejus,
1898 1306 1922 1332 *

1093 1365 1213 1406 beati
1233 1378 1396 1415 omnes,
1417 1365 1493 1416 qui
1511 1364 1740 1406 confidunt
1755 1363 1801 1404 in
1821 1375 1886 1405 eo.

1146 1428 1244 1468 Ant.
1304 1427 1528 1471 Venerunt
1561 1430 1765 1482 pastores
1805 1427 1922 1470 festi-

1091 1488 1259 1527 nantes:
1297 1490 1341 1527 et
1376 1486 1632 1527 invenerunt
1663 1485 1847 1526 Mariam
1878 1488 1923 1526 et

1092 1542 1273 1594 Joseph,
1317 1547 1360 1583 et
1399 1542 1609 1583 infantem
1649 1541 1844 1594 positum
1879 1540 1923 1580 in

1093 1598 1324 1650 praesepio.

1147 1660 1244 1699 Ant.
1272 1660 1390 1703 Ecce
1409 1661 1604 1712 Angelus
1622 1661 1810 1703 Domini.

1380 1739 1580 1779 Psalmus
1603 1740 1639 1779 3.

1095 1804 1329 1909 Domine
1365 1813 1472 1865 quid
1510 1812 1788 1865 multiplicati
1823 1817 1924 1853 sunt

1198 1871 1273 1923 qui
1297 1869 1508 1912 tribulant
1536 1868 1629 1909 me?
1657 1868 1681 1894 *
1707 1868 1835 1909 multi
1861 1868 1921 1908 in-

1095 1931 1278 1979 surgunt
1298 1925 1532 1967 adversum
1552 1937 1634 1965 me.

1146 1983 1274 2024 Multi
1293 1982 1445 2023 dicunt
1464 1981 1622 2022 animae
1635 1993 1762 2022 meae:
1781 1981 1806 2007 *
1820 1980 1923 2021 Non

1096 2044 1163 2080 est
1182 2038 1300 2080 salus
1317 2037 1404 2090 ipsi
1422 2037 1466 2077 in
1484 2037 1582 2078 Deo
1602 2037 1704 2088 eius.

1146 2095 1216 2136 Tu
1264 2098 1411 2135 autem
1455 2092 1646 2133 Domine
1691 2093 1923 2144 susceptor

1094 2163 1219 2192 meus
1240 2163 1302 2199 es,
1321 2150 1345 2175 *
1364 2148 1504 2200 gloria
1522 2161 1637 2198 mea,
1661 2152 1704 2189 et
1724 2147 1923 2194 exaltans

1095 2211 1228 2259 caput
1247 2219 1404 2249 meum.

1146 2263 1272 2304 Voce
1297 2274 1395 2303 mea
1420 2260 1477 2302 ad
1501 2260 1739 2301 Dominum
1767 2258 1922 2300 clama-

1094 2319 1158 2359 vi:
1188 2319 1212 2344 *
1246 2323 1289 2360 et
1321 2316 1545 2359 exaudivit
1580 2328 1651 2357 me
1681 2315 1737 2357 de
1773 2319 1924 2356 monte

1094 2379 1247 2416 sancto
1276 2386 1366 2415 suo.

1146 2431 1242 2482 Ego
1267 2429 1465 2478 dormivi,
1490 2433 1534 2469 et
1557 2429 1792 2479 soporatus
1815 2439 1924 2467 sum:

1094 2488 1118 2514 *
1139 2491 1183 2528 et
1207 2485 1447 2535 exsurrexi,
1475 2484 1577 2536 quia
1596 2483 1810 2525 Dominus
1833 2495 1923 2523 sus-

1096 2542 1213 2594 cepit
1234 2555 1314 2583 me.
1840 2583 1846 2589 ,

1146 2598 1248 2639 Non
1286 2597 1452 2639 timebo
1485 2596 1621 2637 millia
1656 2594 1812 2648 populi
1844 2594 1923 2635 cir-

1095 2654 1342 2695 cumdantis
1366 2666 1451 2694 me:
1470 2655 1494 2680 *
1514 2653 1700 2702 exsurge
1724 2650 1922 2698 Domine,

1095 2710 1265 2751 salvum
1285 2722 1357 2750 me
1376 2709 1445 2750 fac
1466 2709 1588 2749 Deus
1606 2719 1741 2748 meus.
