2040 2976
632 201 702 234 Die
731 201 786 233 10.
813 198 988 241 Augusti.
1036 197 1070 231 S
1098 195 1293 230 Laurentii
1317 195 1426 241 Mart.

227 301 314 344 Sed
330 301 372 342 in
387 300 484 352 lege
494 298 671 340 Demini
681 297 885 338 voluntas
902 296 1002 347 ejus

177 360 200 386 *
229 364 272 400 et
303 358 347 398 in
375 357 472 409 lege
502 357 592 408 ejus
620 352 903 396 meditabitur
932 351 1002 392 die

177 428 228 456 ac
246 419 387 456 nocte.

228 471 284 512 Et
311 470 392 512 erit
419 474 644 520 tamquam
670 466 854 518 lignum,
884 464 1004 517 quod

176 528 421 581 plantatum
434 530 500 567 est
511 537 638 566 secus
650 523 862 565 decursus
874 523 1003 573 aqua-

177 585 318 634 rum,*
330 582 449 636 quod
468 582 657 623 fructum
675 593 801 622 suum
821 577 942 620 dabit
961 578 1004 618 in

179 642 379 693 tempore
399 651 494 681 suo:

229 702 285 742 Et
311 700 462 742 felium
487 699 578 751 ejus
603 710 691 739 non
717 696 897 738 defluet:
917 696 940 722 *
961 699 1004 736 et

178 758 323 799 omnia
344 758 631 809 quaecumque
651 753 797 802 faciet,
821 764 1003 805 prospe-

177 814 400 856 rabuntur.
592 854 599 858 ,

228 871 330 912 Non
349 870 411 911 sic
430 869 561 922 impii,
580 881 668 910 non
684 867 759 908 sic:
770 867 793 893 *
805 864 885 907 sed
898 869 1004 906 tam-

181 941 310 980 quam
329 926 487 979 pulvis,
509 938 638 978 quem
656 922 828 976 projicit
848 926 1005 963 ventus

179 997 204 1025 a
223 984 332 1025 facie
351 988 492 1024 terrae.

230 1040 338 1082 Ideo
364 1052 452 1081 non
479 1040 708 1088 resurgent
733 1035 855 1088 impii
879 1035 922 1075 in
948 1035 1005 1086 ju—

180 1097 310 1139 dicio:
335 1098 359 1123 *
384 1107 527 1147 neque
552 1094 810 1147 peccatores
835 1092 879 1132 in
905 1103 1005 1132 con-

179 1153 279 1195 cilio
299 1153 522 1205 justorum.

231 1213 446 1264 Quoniam
470 1211 593 1253 novit
616 1210 710 1251 Dfis
735 1210 851 1251 viam
874 1210 1005 1261 justo-

178 1283 290 1311 rum:
314 1271 337 1297 *
364 1274 407 1310 et
431 1268 512 1310 iter
536 1267 770 1320 impiorum
793 1265 963 1318 peribit.

230 1331 328 1372 Ant.
362 1332 458 1381 Quo
486 1327 768 1382 progrederis
798 1326 890 1367 sine
915 1325 1006 1367 filio

178 1384 328 1439 pater?
368 1398 456 1438 quo
490 1384 698 1426 sacerdos
731 1388 882 1425 sancte
915 1383 1006 1424 sine

178 1443 376 1484 ministro
395 1440 635 1495 properas?

233 1502 331 1541 Ant.
354 1502 454 1544 Noli
477 1516 546 1544 me
568 1501 872 1554 derelinquere
890 1502 914 1528 *
933 1514 1006 1554 pa-

179 1565 246 1602 ter
266 1564 426 1608 sancte,
447 1559 549 1611 quia
562 1558 794 1600 thesauros
808 1563 910 1600 tuos
925 1559 1009 1610 jam

182 1615 380 1669 expendi,
401 1628 512 1667 quos
532 1614 754 1658 tradidisti
772 1614 888 1655 mihi.

466 1685 666 1725 Psalmus
685 1686 722 1725 2.

183 1736 372 1860 Quare
404 1755 681 1797 fremuerunt.
701 1755 883 1804 Gentes,
915 1757 939 1782 *
968 1760 1011 1796 et

284 1811 439 1864 populi
458 1810 656 1853 meditati
676 1816 777 1852 sunt
794 1809 960 1852 inania?

235 1872 479 1914 Astiterunt
506 1884 632 1923 reges
652 1876 799 1921 terrae,
828 1877 871 1913 et
896 1874 1009 1924 prin-

184 1927 303 1980 cipes
332 1930 629 1970 convenerunt
657 1928 700 1968 in
730 1941 862 1969 unum
889 1929 912 1953 *
937 1927 1010 1969 ad-

183 1985 335 2025 versus
346 1985 592 2035 Dominum,
607 1989 651 2026 et
666 1983 877 2027 adversus
893 1984 1011 2026 Chri-

185 2044 299 2081 stum
319 2041 420 2092 ejus.

234 2100 543 2154 Dirumpamus
577 2101 749 2143 vincula
782 2104 949 2144 eorum:
988 2104 1011 2130 ¹0¹

186 2162 231 2224 et
257 2157 535 2209 projiciamus
563 2171 588 2199 a
616 2157 742 2199 nobis
775 2159 921 2210 iugum
949 2159 1010 2211 ip-

187 2225 345 2254 sorum.

237 2269 321 2319 Qui
357 2268 525 2310 habitat
560 2269 603 2309 in
644 2270 769 2311 coelis
811 2270 1011 2312 irridebit

187 2337 280 2367 eos:
294 2326 318 2352 ¹⁶¹
333 2330 378 2367 et
393 2325 607 2366 Dominus
623 2326 908 2368 subsannabit
924 2340 1011 2369 eos.

236 2385 362 2427 Tunc
397 2385 600 2436 loquetur
648 2386 705 2427 ad
753 2399 830 2428 eos
867 2387 910 2428 in
947 2388 1012 2429 ira

185 2455 274 2492 sua,
293 2442 317 2467 *
339 2446 382 2483 et
401 2441 445 2482 in
465 2441 610 2483 furere
630 2455 710 2483 suo
731 2443 1012 2485 conturbabit

186 2510 273 2540 eos.

237 2554 333 2606 Ego
351 2558 497 2595 autem
515 2554 780 2595 constitutus
799 2568 895 2596 sum
914 2556 1011 2598 Rex

186 2610 242 2652 ab
285 2622 337 2652 eo
378 2622 509 2661 super
542 2609 648 2650 Sion
683 2615 876 2652 montem
918 2625 1010 2653 san-

187 2672 306 2709 etum
322 2667 423 2718 ejus,
438 2666 461 2691 *
476 2665 722 2717 praedicans
741 2668 1011 2719 praeceptum

188 2735 290 2774 elus.

1106 292 1322 334 Dominus
1355 290 1466 332 dixit
1495 289 1552 331 ad
1579 302 1668 332 me:
1695 290 1719 315 *
1747 289 1884 331 Filius

1056 362 1178 391 meus
1199 361 1244 390 es
1262 353 1324 398 tu,
1349 359 1432 399 ego
1450 345 1584 388 hodie
1601 346 1733 399 genui
1751 350 1806 388 te.

1106 413 1289 456 Postula
1308 426 1334 454 a
1352 425 1439 462 me,
1465 416 1510 453 et
1530 410 1647 454 dabo
1669 411 1751 453 tibi
1771 411 1884 453 Gen-

1056 477 1123 513 tes
1156 470 1462 512 haereditatem
1497 473 1636 518 tuam,
1662 469 1687 494 *
1715 473 1758 510 et
1786 480 1885 521 pos-

1057 527 1300 570 sessionem
1318 530 1440 567 tuam
1459 524 1672 566 terminos
1689 529 1834 566 terrae.

1109 594 1256 644 Reges
1285 604 1361 634 eos
1390 591 1434 631 in
1461 590 1587 642 virga
1611 589 1768 640 ferrea,
1791 590 1815 616 *
1841 594 1885 631 et

1057 655 1282 702 tamquam
1296 661 1374 689 vas
1390 646 1512 698 figuli
1529 646 1779 698 confringes
1798 658 1886 688 eos.

1107 706 1164 748 Et
1188 718 1302 747 nunc
1327 717 1454 756 reges
1481 702 1729 755 intelligite:
1747 703 1771 728 *
1792 715 1885 745 eru-

1058 762 1210 805 dimini
1230 762 1305 814 qui
1323 761 1526 814 judicatis
1545 764 1718 801 terram.

1072 877 1076 881 ⁴
1109 828 1279 871 Servite
1303 826 1496 869 Domino
1523 826 1567 867 in
1594 825 1768 867 timere:
1794 826 1818 852 *
1843 829 1887 867 et

1059 886 1277 927 exsultate
1298 884 1337 926 ei
1355 897 1455 926 cum
1471 884 1675 925 tremore.

1110 945 1445 1000 Apprehendite
1482 943 1775 996 disciplinam,
1816 955 1888 984 ne-

1005 1026 1010 1032 ·
1059 1003 1236 1056 quando
1274 1003 1488 1044 irascatur
1522 1000 1758 1050 Dominus,
1787 1000 1811 1026 *
1845 1003 1889 1041 et

1057 1060 1251 1112 pereatis
1270 1059 1326 1101 de
1345 1059 1416 1101 via
1435 1059 1557 1111 justa.

1110 1121 1220 1162 Cum
1279 1119 1493 1162 exarserit
1546 1119 1590 1160 in
1646 1117 1772 1160 brevi
1824 1117 1889 1158 ira

1059 1179 1162 1242 ejus,
1185 1178 1209 1204 *
1229 1177 1349 1219 beati
1374 1189 1538 1226 omnes,
1563 1175 1638 1228 qui
1661 1174 1891 1217 confidunt

1058 1248 1103 1275 m
1131 1246 1196 1276 eo.
1630 1250 1632 1252 ·

1112 1300 1213 1340 Ant.
1233 1298 1334 1340 Noli
1348 1311 1418 1340 me
1441 1298 1746 1350 derelinquere
1765 1301 1892 1350 pater

1060 1361 1222 1406 sancte,
1239 1355 1342 1407 quia
1354 1355 1588 1397 thesauros
1603 1359 1705 1396 tuos
1720 1355 1806 1406 jam
1821 1366 1891 1395 ex-

1059 1412 1205 1466 pendi,
1226 1425 1339 1465 quos
1359 1411 1583 1454 tradidisti
1601 1410 1719 1452 mihi.

1115 1478 1214 1518 Ant.
1250 1477 1349 1519 Non
1379 1489 1462 1528 ego
1495 1482 1540 1519 te
1573 1475 1732 1518 desero
1764 1476 1788 1502 *
1820 1476 1894 1526 fili,

1060 1547 1204 1587 neque
1229 1534 1506 1586 derelinquo:
1532 1532 1612 1575 sed
1630 1533 1797 1585 majora
1814 1533 1895 1575 tibi

1062 1590 1276 1633 debentur
1313 1604 1395 1643 pro
1433 1589 1595 1632 Christi
1632 1589 1721 1632 fide
1758 1591 1895 1632 certa-

1061 1661 1189 1689 mlna.

1344 1718 1545 1759 Psalmus
1568 1719 1604 1758 3.
1965 1764 1967 1766 ,

1060 1785 1300 1891 Dumine
1337 1791 1444 1843 quid
1478 1792 1757 1846 multiplicati
1793 1795 1894 1833 sunt

1169 1849 1243 1900 qui
1266 1847 1479 1890 tribulant
1507 1849 1600 1891 me?
1629 1849 1652 1875 *
1679 1849 1807 1891 multi
1833 1849 1893 1890 in-

1064 1909 1248 1957 surgunt
1267 1904 1502 1946 adversum
1522 1918 1603 1948 me.

1115 1970 1243 2012 Multi
1263 1970 1414 2012 dicunt
1433 1971 1591 2013 animae
1605 1984 1733 2014 meae:
1751 1972 1776 1999 *
1791 1971 1894 2013 Non

1065 2031 1132 2069 est
1152 2026 1269 2068 salus
1287 2027 1373 2079 ipsi
1391 2027 1435 2067 in
1453 2027 1551 2069 Deo
1572 2029 1674 2080 ejus.

1115 2092 1184 2133 Tu
1233 2096 1380 2133 autem
1425 2093 1615 2135 Demine
1661 2095 1894 2147 susceptor

1063 2161 1188 2190 meus
1209 2161 1271 2198 65,
1290 2149 1314 2174 *
1332 2148 1473 2199 gloria
1491 2162 1607 2201 mea,
1630 2155 1674 2192 et
1693 2150 1893 2192 exaltans

1065 2210 1198 2258 caput
1216 2218 1374 2249 meum.
1896 2242 1899 2244 .

1115 2267 1241 2308 Voce
1266 2279 1365 2308 mea
1389 2266 1446 2308 ad
1471 2268 1709 2310 Dominum
1738 2268 1894 2310 clama·
1964 2303 1968 2320 ,

1064 2323 1127 2363 vi:
1158 2323 1182 2348 *
1215 2328 1259 2364 et
1291 2323 1514 2366 exaudivit
1550 2338 1621 2367 me
1651 2325 1708 2367 de
1744 2329 1895 2367 monte

1064 2384 1216 2422 sancto
1245 2392 1339 2429 suo.*

1115 2440 1211 2492 Ego
1237 2439 1434 2491 dormivi,
1460 2446 1503 2484 et
1527 2444 1763 2495 soporatus
1785 2455 1894 2483 sum:

1064 2498 1088 2524 *
1109 2501 1153 2538 et
1176 2498 1417 2548 exsurrexi,
1444 2499 1547 2550 quia
1566 2499 1781 2541 Dominus
1803 2511 1894 2540 sus·

1066 2553 1183 2605 cepit
1204 2566 1285 2595 me.
1847 2578 1851 2582 -

1094 2613 1218 2655 .Non
1256 2615 1422 2658 timebo
1455 2616 1591 2658 millia
1627 2617 1783 2669 pepuli
1816 2616 1895 2658 cir-

1066 2670 1312 2712 cumdantis
1337 2685 1422 2713 me:
1441 2675 1464 2700 *
1485 2676 1671 2724 exsurge
1695 2673 1894 2723 Demine,

1066 2726 1235 2767 salvum
1256 2740 1326 2769 me
1347 2727 1416 2770 fac
1437 2729 1559 2770 Deus
1578 2741 1713 2770 meus.
