2040 2976
210 187 306 231 [104]

507 286 656 327 Lectio
678 285 731 325 iii.

211 348 482 453 Fortitudo
506 354 550 391 et
573 349 707 392 decor
729 349 1029 391 indumentum

301 407 405 457 ejus,
439 410 482 448 et
506 406 665 449 ridebit
688 407 732 447 in
756 406 826 448 die
850 406 1028 448 novissi-

209 476 292 504 mo.
321 462 381 504 Os
402 476 528 504 suum
548 464 718 516 aperuit
733 463 967 516 sapientiae,
988 467 1030 504 et

210 520 281 561 lex
302 519 544 560 clementiae
564 520 608 560 in
627 520 774 571 lingua
793 520 894 572 ejus.
922 518 1030 560 Con-

213 575 420 618 sideravit
450 576 623 618 semitas
658 576 814 618 domus
844 588 950 625 suae,
988 580 1032 617 et

211 645 370 686 panem
390 633 533 674 otiosa
551 645 639 674 non
658 632 857 675 comedit.
884 632 1031 673 Surre-

213 691 368 730 xerunt
400 689 477 730 filii
515 690 621 741 ejus,
660 694 704 731 et
738 688 1034 731 beatissimam

213 745 577 798 praedicaverunt:
603 746 669 787 vir
689 747 794 798 ejus,
822 750 865 787 et
887 744 1032 785 lauda-

213 802 274 844 vit
302 814 408 843 eam.
444 802 594 844 Multae
619 802 721 844 fffiae
749 802 1033 853 congregave-

214 863 314 900 runt
330 857 516 900 divitias:
531 863 578 900 tu
594 860 874 911 supergressa
887 870 934 899 es
944 857 1033 898 uni-

213 917 373 957 versas.
413 915 563 956 Fallax
586 915 741 967 gratia,
769 920 812 957 et
833 927 944 955 vana
967 918 1034 956 est

215 971 511 1025 pulchritudo:
533 971 686 1013 mulier
708 972 864 1013 timens
886 970 1033 1012 Domi-

215 1041 332 1078 num,
359 1028 453 1080 ipsa
480 1027 738 1070 laudabitur.
779 1028 893 1069 Date
918 1027 957 1068 ei
979 1026 1034 1068 de

216 1085 360 1126 fructu
373 1086 579 1125 manuum
590 1087 780 1125 suarum:
799 1088 842 1126 et
855 1083 1035 1125 laudent

217 1154 312 1183 eam
331 1141 374 1181 in
393 1141 533 1193 portis
553 1143 688 1193 opera
708 1142 809 1193 ejus.

265 1210 314 1261 R.
353 1205 506 1258 Specie
538 1210 614 1247 tua
643 1210 686 1247 et
712 1204 1036 1258 pulchritudine

216 1268 291 1304 tua
312 1267 333 1291 *
364 1261 564 1311 Intende,
594 1264 806 1315 prospere
834 1260 1036 1314 procede,

218 1324 260 1361 et
285 1331 428 1370 regna.
461 1317 510 1368 Y.
543 1318 714 1360 Difiusa
739 1323 806 1360 est
831 1318 971 1369 gratia
992 1317 1037 1358 in

216 1375 343 1417 labiis
362 1375 463 1425 tuis,
489 1377 726 1428 propterea
746 1374 970 1417 benedixit
993 1379 1037 1416 te

217 1433 337 1474 Deus
356 1433 399 1473 in
419 1433 638 1473 aeternum.
666 1431 862 1474 Intende.
886 1431 1038 1473 Gloria

218 1489 347 1531 Patri.
382 1487 575 1530 Intende.

440 1578 488 1617 In
511 1579 561 1616 Π.
586 1578 807 1617 Nocturno.

270 1654 368 1694 Ant.
403 1653 558 1705 Specie
581 1657 658 1694 tua
682 1654 706 1680 *
733 1658 776 1694 et
802 1652 1038 1705 pulchritu-

222 1709 321 1751 dine
340 1714 415 1750 tua
433 1709 624 1759 intende,
652 1711 864 1762 prospere
889 1712 1039 1762 proce-

221 1765 286 1816 de,
307 1770 350 1807 et
367 1778 511 1816 regna.
960 1791 961 1794 =

485 1846 682 1887 Psalmus
701 1848 767 1886 44.

230 1922 522 2020 ἼΓῇιὶιδιοῒέινίῒ
563 1934 822 2020 (ἰοτῶωειιω
859 1921 1041 2020 νεὲὺιιω

229 2013 237 2031 Α,
260 2006 281 2021 ³
294 1995 329 2037 (μ
384 1991 531 2020 onum:
682 1991 735 2020 co
783 1991 864 2030 ego
935 1990 1041 2031 pera

224 2051 331 2059 Q
352 2047 449 2076 mea
468 2036 587 2087 Regi.

270 2092 437 2142 Lingua
467 2104 565 2133 mea
597 2093 789 2135 calamus
818 2093 989 2143 scribae,
1017 2094 1041 2121 *

222 2148 431 2190 velociter
451 2148 688 2191 scribentis.

273 2205 505 2257 Speciosus
525 2205 664 2247 forma
683 2220 776 2260 prae
790 2206 891 2247 filiis
906 2206 1039 2247 homi-

222 2274 335 2310 num,
352 2259 508 2302 diffusa
524 2267 590 2303 est
604 2263 744 2314 gratia
755 2263 797 2304 in
806 2262 932 2304 labiis
942 2262 1042 2304 tuis:

222 2320 245 2346 *
274 2318 509 2371 propterea
536 2317 758 2361 benedixit
784 2325 829 2361 te
851 2319 971 2361 Deus
998 2319 1041 2360 in

223 2375 444 2416 aeternum.

274 2431 515 2481 Accingere
544 2430 688 2482 gladio
720 2436 797 2473 tuo
826 2445 957 2485 super
985 2432 1041 2474 fe-

221 2500 318 2529 mur
337 2491 470 2536 tuum,
489 2488 843 2540 *·potentissime,

273 2543 427 2596 Specie
454 2548 529 2585 tua
557 2548 600 2585 et
625 2543 949 2596 pulchritudine
967 2549 1042 2586 tua

222 2602 246 2629 *
278 2600 469 2650 intende,
506 2602 718 2653 prospere
750 2600 962 2652 procede,
999 2605 1042 2642 et

222 2670 366 2709 regna.

270 2715 459 2768 Propter
475 2714 713 2763 veritatem,
733 2718 776 2755 et
794 2716 1039 2754 mansuetu-

782 190 988 222 Commune
1016 200 1089 222 non
1116 188 1323 230 Virgilium.

1082 283 1241 332 dinem,
1274 286 1318 323 et
1344 280 1564 333 justitiam:
1591 280 1615 307 *
1642 284 1686 322 et
1713 278 1901 322 deducet

1081 345 1124 382 te
1141 338 1395 380 mirabiliter
1413 337 1594 379 dextera
1611 340 1697 378 tua.

1133 396 1312 447 Sagittae
1339 399 1428 436 tuae
1456 396 1612 443 acutae,
1638 391 1794 446 populi
1821 391 1901 433 sub

1082 458 1125 494 te
1150 451 1322 502 cadent,
1349 452 1373 478 *
1399 451 1443 491 in
1471 449 1607 492 corda
1630 449 1903 490 inimicorum

1083 509 1228 560 Regis.

1135 565 1270 607 Sedes
1293 570 1369 607 tua
1386 564 1507 605 Deus
1530 563 1575 603 in
1598 562 1808 604 saeculum
1826 564 1903 604 sae-

1086 622 1185 664 culi:
1212 623 1236 650 *
1263 621 1385 672 virga
1414 619 1666 662 directionis
1692 619 1814 670 virga
1841 631 1904 660 re-

1085 679 1158 730 gni
1176 679 1248 720 tui.

1137 734 1339 776 Dilexisti
1366 733 1588 786 justitiam,
1616 736 1661 774 et
1679 731 1812 774 odisti
1830 732 1906 773 ini-

1087 792 1314 844 quitatem:
1357 791 1380 818 *
1420 791 1656 843 propterea
1700 789 1823 830 unxit
1862 794 1907 831 te

1086 848 1220 899 Deus,
1245 848 1365 889 Deus
1388 851 1490 888 tuus
1509 845 1607 887 oleo
1630 845 1796 887 laetitiae
1814 858 1907 898 prae

1089 904 1368 947 consortibus
1387 903 1485 945 tuis.

1141 960 1329 1013 Myrrha,
1359 965 1403 1002 et
1426 963 1562 1012 gutta,
1591 963 1634 1000 et
1658 958 1775 1000 casia
1795 971 1821 1000 a
1839 971 1908 1001 ve-

1090 1017 1304 1059 stimentis
1319 1017 1417 1066 tuis,
1436 1029 1461 1057 a
1477 1015 1680 1057 domibus
1693 1014 1909 1057 eburneis:

1089 1074 1112 1100 *
1133 1087 1187 1116 ex
1211 1073 1369 1126 quibus
1393 1072 1719 1114 delectaverunt
1743 1076 1787 1114 te
1807 1071 1908 1114 fssiae

1088 1143 1239 1181 regum
1258 1130 1301 1171 in
1319 1128 1487 1171 honore
1505 1133 1593 1170 tuo.

1141 1187 1292 1228 Astitit
1325 1188 1475 1237 regina
1506 1198 1532 1226 a
1559 1184 1725 1227 dextris
1751 1184 1840 1226 tuis
1866 1185 1910 1226 in

1089 1246 1249 1285 vestitu
1267 1242 1492 1285 deaurato:
1510 1241 1534 1268 *
1554 1241 1823 1283 circumdata
1840 1254 1910 1282 va-

1090 1301 1254 1342 rietate.

1142 1356 1261 1398 Audi
1279 1355 1378 1405 filia,
1403 1359 1447 1397 et
1466 1354 1577 1404 vide,
1601 1357 1645 1396 et
1664 1354 1824 1395 inclina
1841 1366 1911 1396 au-

1090 1426 1182 1455 rem
1208 1418 1342 1454 tuam:
1367 1412 1391 1438 *
1420 1416 1464 1453 et
1491 1410 1749 1453 obliviscere
1775 1412 1912 1464 popu-

1090 1470 1179 1512 lum
1195 1474 1329 1519 tuum,
1349 1473 1392 1510 et
1411 1467 1590 1510 domum
1607 1467 1744 1520 patris
1763 1467 1836 1509 tui.

1140 1526 1197 1568 Et
1215 1527 1496 1578 concupiscet
1512 1524 1611 1565 Rex
1622 1523 1834 1568 ‚decorem
1850 1528 1913 1565 tu-

1091 1596 1180 1624 um:
1202 1583 1226 1608 *
1255 1581 1458 1634 quoniam
1485 1581 1580 1633 ipse
1609 1584 1676 1622 est
1701 1579 1914 1622 Dominus

1091 1639 1212 1681 Deus
1230 1644 1341 1688 tuus,
1362 1642 1406 1679 et
1423 1636 1670 1679 adorabunt
1689 1649 1798 1678 eum.

1142 1695 1199 1737 Et
1217 1695 1318 1736 ffliae
1333 1694 1439 1746 Tyri
1458 1693 1502 1734 in
1519 1692 1769 1735 muneribus
1788 1694 1812 1720 *
1825 1692 1914 1734 vul-

1091 1757 1184 1794 tum
1215 1756 1337 1793 tuum
1369 1749 1732 1803 deprecabuntur:
1765 1762 1915 1791 omnes

1093 1808 1248 1850 divites
1265 1806 1417 1861 plebis.

1145 1865 1295 1906 Omnis
1313 1863 1452 1915 gloria
1476 1864 1566 1915 ejus
1585 1862 1687 1904 filiae
1705 1862 1840 1914 Regis
1859 1862 1913 1904 ab

1092 1922 1223 1972 intus,
1242 1922 1266 1947 *
1286 1921 1330 1961 in
1357 1919 1539 1961 fimbriis
1567 1919 1709 1961 aureis
1736 1919 1914 1961 circum-

1093 1980 1251 2020 amicta
1268 1975 1563 2018 varietatibus.

1145 2034 1430 2076 Adducentur
1457 2032 1569 2084 Regi
1597 2032 1786 2083 virgines
1812 2037 1916 2085 post

1094 2104 1204 2133 eam:
1213 2092 1237 2117 *
1248 2090 1460 2144 proximae
1478 2089 1568 2141 ejus
1578 2089 1811 2131 afferentur
1824 2087 1914 2130 tibi.

1144 2147 1394 2189 Afferentur
1418 2146 1462 2187 in
1485 2145 1636 2187 laetitia
1660 2150 1704 2187 et
1731 2144 1914 2187 exsulta-

1092 2205 1226 2247 tione:
1263 2205 1286 2231 *
1322 2202 1591 2245 adducentur
1626 2202 1670 2243 in
1705 2201 1915 2255 templum

1093 2261 1238 2312 Regis.

1144 2317 1230 2359 Pro
1258 2315 1457 2370 patribus
1484 2315 1570 2357 tuis
1597 2315 1688 2356 nati
1713 2319 1813 2356 sunt
1835 2313 1914 2356 tibi

1094 2373 1184 2414 filii:
1203 2375 1227 2401 ¹⁸¹
1246 2374 1484 2414 constitues
1509 2384 1585 2413 eos
1608 2371 1829 2424 principes
1848 2384 1914 2412 su-

1092 2443 1172 2483 per
1192 2442 1365 2472 omnem
1384 2433 1557 2470 terram.

1144 2487 1361 2528 Memores
1385 2490 1510 2527 erunt
1528 2484 1715 2526 nominis
1733 2484 1811 2525 tui:
1830 2483 1853 2509 *
1871 2483 1914 2524 in

1094 2544 1211 2585 omni
1227 2542 1504 2594 generatione
1525 2546 1568 2583 et
1581 2541 1914 2592 generationem.

1143 2600 1385 2653 Propterea
1412 2598 1565 2652 populi
1593 2596 1914 2639 confitebuntur

1091 2656 1170 2698 tibi
1197 2657 1241 2697 in
1268 2658 1491 2698 aeternum:
1515 2655 1539 2681 *
1568 2659 1611 2696 et
1637 2654 1679 2694 in
1707 2651 1914 2694 saecfflum

1093 2712 1252 2754 saeculi.
