2040 2976
195 199 284 242 [212]

247 294 402 335 Virum
438 294 700 345 sanguinum
738 298 781 335 et
818 293 1022 335 dolesum

194 350 519 392 abominabitur
551 351 663 391 Dfis:
695 351 718 376 *
756 362 837 401 ego
875 355 1022 391 autem

193 407 236 446 in
265 406 546 447 multitudine
577 406 894 447 misericerdiae
922 410 1021 447 tuae.

245 462 444 503 Introibo
473 462 517 502 in
543 462 721 503 domum
746 467 881 503 tuam:
899 462 924 487 *
949 462 1021 502 ad-

194 518 332 559 orabo
360 518 416 559 ad
440 518 655 570 templum
680 523 880 559 sanctum
898 523 1022 559 tuum

193 575 237 614 in
256 574 416 615 timere
436 579 524 615 tuo.

245 631 434 671 Demine
453 630 597 672 deduc
613 644 683 672 me
696 631 740 671 in
754 631 919 683 justitia
933 635 1022 671 tua:

194 688 217 713 *
235 692 419 739 propter
443 687 644 728 inimicos
668 699 791 728 meos
817 686 956 737 dirige
979 686 1022 726 in

195 745 436 795 conspectu
453 748 530 784 tuo
548 743 664 784 viam
680 756 833 784 meam.

247 799 463 849 Queniam
490 812 578 840 non
607 804 674 840 est
701 799 746 839 in
771 811 847 840 ore
871 799 1023 839 cerum

194 855 371 896 veritas:
388 856 411 880 *
431 868 508 896 cor
529 858 680 896 eerum
701 868 860 896 vanum
881 858 958 895 est.

245 911 534 964 Sepulchrum
571 916 728 964 patens
770 915 837 952 est
872 915 1024 961 guttur

195 971 358 1017 ebrum,
374 967 534 1019 linguis
550 968 640 1008 suis
655 967 809 1008 dolese
825 966 1024 1018 agebant,

194 1026 217 1050 *
237 1023 381 1076 judica
400 1023 501 1064 illos
520 1024 652 1064 Deus.

244 1079 464 1120 Decidant
498 1092 523 1120 a
552 1078 893 1130 cogitatienibus
922 1077 1023 1128 suis,

195 1134 437 1176 secundum
470 1134 799 1175 multitudinem
825 1134 1024 1186 impieta-

194 1196 288 1232 tum
306 1192 456 1232 eerum
478 1190 649 1242 expelle
665 1202 752 1240 eos,
772 1190 796 1215 *
817 1189 1025 1241 queniam

195 1247 476 1288 irritaverunt
495 1251 539 1287 te
556 1246 757 1287 Demine.

246 1303 303 1344 Et
321 1302 525 1344 laetentur
547 1314 717 1352 omnes,
746 1302 820 1353 qui
846 1305 1026 1353 sperant

195 1360 239 1399 in
255 1363 310 1407 te,
328 1359 351 1384 *
372 1359 417 1399 in
434 1360 649 1400 aeternum
665 1357 962 1400 exsultabunt:
983 1361 1026 1398 et.

195 1414 416 1456 habitabis
437 1415 481 1455 in
502 1415 574 1456 eis.

246 1472 303 1513 Et
323 1471 628 1522 gloriabuntur
647 1471 691 1511 in
706 1475 751 1511 te
766 1482 931 1519 omnes,
951 1470 1023 1521 qui

197 1528 383 1579 diligunt
410 1540 570 1569 nomen
599 1532 742 1576 tuum,
766 1527 790 1552 *
819 1526 1027 1578 queniam

196 1589 244 1625 tu
263 1583 499 1625 benedices
518 1584 642 1635 justo.

248 1640 449 1688 Domine,
468 1644 516 1680 ut
535 1644 662 1680 scuto
680 1639 812 1680 bonae
827 1638 1026 1679 volunta-

196 1696 253 1738 tis
272 1701 361 1736 tuae
380 1696 403 1721 *
424 1695 648 1736 coronasti
666 1707 759 1735 nos.

251 1754 348 1793 Ant.
380 1751 596 1792 Defuncto
617 1751 812 1800 Herede‚
832 1750 1027 1801 Angelus

197 1807 374 1848 Domini
393 1807 597 1860 apparuit
615 1807 659 1847 in
678 1807 842 1848 somnis
860 1807 885 1847 J
888 1807 1028 1859 oseph

196 1864 239 1903 in
259 1864 472 1916 AEgtho,
492 1863 655 1905 dicens:
681 1864 835 1914 Surge,
856 1868 899 1904 et
919 1863 1027 1904 acci-

197 1933 253 1972 pe
272 1923 457 1972 puerum
477 1926 520 1962 et
534 1926 718 1962 matrem
737 1921 837 1971 ejus,
858 1925 901 1960 et
914 1918 1028 1960 vade

197 1976 240 2015 in
250 1982 412 2017 terram
422 1976 573 2017 Israel:
589 1976 782 2017 defuncti
799 1981 899 2017 sunt
914 1975 1028 2017 enim

200 2032 273 2083 qui
294 2033 549 2084 quaerebant
569 2033 757 2073 animam
775 2032 911 2084 pueri.

251 2089 348 2129 Ant.
384 2089 565 2141 Accepit
583 2088 761 2141 Joseph.

483 2146 680 2184 l'salmus
711 2149 745 2184 ὃ.

199 2195 283 2299 D
294 2200 436 2241 emine
450 2201 665 2243 Deminus
683 2206 844 2251 noster,
858 2202 882 2227 *
900 2214 1030 2253 quam

304 2255 560 2298 admirabile
581 2262 646 2299 est
665 2270 825 2299 nomen
844 2262 967 2299 tuum
986 2257 1029 2298 in

200 2311 401 2354 universa
421 2313 554 2354 terra!

253 2368 468 2418 Queniam
484 2368 653 2410 elevata
670 2374 737 2411 est
753 2370 1028 2420 magnificen-

199 2425 260 2467 tia
278 2430 363 2474 tua,
383 2426 407 2451 *
426 2437 558 2477 super
578 2425 726 2466 coelos.

251 2481 319 2522 Ex
348 2493 425 2522 ore
451 2481 679 2524 infantium
708 2486 751 2522 et
776 2481 1029 2523 lactentium

200 2537 422 2589 perfecisti
462 2536 637 2578 laudem
674 2542 858 2589 propter
894 2538 1029 2578 inimi-

201 2606 277 2634 cos
306 2598 426 2642 tuos,
454 2594 477 2619 *
505 2598 552 2634 ut
581 2592 781 2634 destruas
809 2593 1030 2634 inimicum

202 2654 244 2691 et
263 2649 461 2690 ultorem.

255 2705 469 2755 Queniam
515 2704 674 2746 videbo
725 2704 864 2746 coelos
912 2710 1029 2754 tuos,

516 206 692 239 Officium
717 206 889 239 votivum
916 205 961 238 dc
987 206 1021 238 5.
1047 203 1194 246 Joscpli
1221 204 1374 245 sponso
1401 202 1440 235 B.
1467 202 1512 235 M.
1535 201 1577 234 V.

1076 295 1212 345 Opera
1240 291 1478 342 digiterum
1500 293 1693 333 tuerum:
1712 291 1736 316 *
1759 290 1906 332 lunam

1077 354 1120 390 et
1141 348 1300 398 stellas,
1322 360 1420 400 quae
1439 352 1487 388 tu
1506 346 1708 388 fundasti.

1128 403 1244 454 Quid
1268 408 1336 445 est
1358 403 1504 452 homo,
1534 401 1653 454 quod
1670 414 1839 444 memor
1857 414 1904 444 es

1077 458 1190 511 ejus?
1212 460 1235 486 *
1255 464 1330 501 aut
1348 459 1464 500 filius
1482 458 1680 508 heminis,
1701 457 1906 510 queniam

1077 517 1229 557 visitas
1250 514 1370 557 eum?

1127 572 1322 614 Minuisti
1359 584 1458 613 eum
1499 570 1632 624 paulo
1670 570 1812 611 minus
1849 569 1905 612 ab

1077 628 1274 680 Angelis,
1306 627 1445 679 gleria
1474 631 1517 668 et
1538 626 1706 668 honere
1726 628 1905 668 corona-

1077 685 1133 727 sti
1161 698 1274 726 eum:
1301 685 1324 710 *
1350 689 1393 725 et
1421 683 1684 725 constituisti
1711 695 1811 724 eum
1839 695 1906 723 su-

1077 754 1156 794 per
1176 743 1312 793 (Spera
1334 742 1543 781 manuum
1560 741 1746 781 tuarum.

1130 797 1287 838 Omnia
1333 795 1557 848 subjecisti
1596 794 1677 836 sub
1719 794 1906 847 pedibus

1078 855 1186 905 ejus,
1219 854 1242 878 *
1276 865 1382 894 oves
1416 858 1460 894 et
1493 852 1632 894 boves
1665 851 1907 900 universas,

1077 912 1254 962 insuper
1274 914 1318 950 et
1336 911 1499 962 pecora
1520 907 1674 959 campi.

1128 965 1346 1007 Velucres
1375 965 1490 1014 coeli,
1523 969 1567 1006 et
1593 964 1738 1016 pisces
1765 962 1908 1012 maris,

1077 1022 1205 1074 *qui
1231 1021 1538 1074 perambulant
1566 1020 1743 1061 semitas
1765 1019 1908 1060 maris.

1130 1077 1319 1118 Demine
1336 1077 1553 1118 Deminus
1572 1076 1766 1125 noster‚*
1779 1087 1909 1127 quam

1079 1133 1335 1175 admirabile
1355 1138 1422 1175 est
1440 1145 1600 1174 nomen
1617 1136 1741 1173 tuum
1758 1131 1802 1172 in
1819 1130 1909 1172 uni·

1079 1191 1207 1231 versa
1223 1189 1360 1231 terra!

1132 1259 1230 1299 Ant.
1266 1254 1445 1306 Accepit
1464 1254 1489 1294 J
1492 1252 1634 1305 oseph
1657 1255 1844 1305 puerum
1867 1255 1911 1293 et

1080 1315 1265 1352 matrem
1298 1310 1406 1362 ejuS‚
1449 1315 1492 1351 et
1523 1308 1641 1351 venit
1673 1308 1718 1348 in
1748 1312 1911 1350 terram

1080 1366 1228 1407 Israel.

1134 1427 1182 1478 Ns.
1214 1430 1407 1483 Respice
1433 1428 1489 1472 de
1514 1429 1628 1471 coelo
1655 1434 1698 1471 et
1722 1428 1839 1478 vide,
1868 1433 1911 1470 et

1080 1487 1209 1529 visita
1227 1489 1399 1529 vineam
1417 1487 1558 1528 istam.
1591 1486 1642 1537 R'·
1666 1485 1724 1527 Et
1747 1485 1911 1538 perfice

1081 1555 1188 1584 eam.

1113 1621 1267 1663 Sermo
1290 1620 1429 1662 sancti
1447 1619 1661 1662 Bernardi
1681 1618 1880 1661 Abbatis.

1235 1686 1404 1721 Homilia
1420 1686 1450 1719 2.
1470 1694 1588 1727 super
1604 1684 1759 1719 Missus.

1383 1746 1536 1787 Lectio
1556 1744 1609 1783 iv.

1086 1811 1098 1841 ἰ
1116 1811 1194 1859 VJ}
1215 1809 1454 1860 esponsata
1479 1810 1546 1847 est
1569 1805 1708 1846 Maria
1732 1806 1757 1847 J
1760 1805 1912 1859 oseph,

1121 1855 1186 1910 551³}
1232 1863 1302 1904 vel
1318 1863 1465 1916 petius
1486 1862 1614 1913 (sicut
1633 1862 1758 1914 ponit
1773 1862 1911 1902 Evan-

1232 1919 1401 1970 gelista)
1421 1919 1533 1968 viro,
1553 1918 1623 1960 cui
1639 1931 1800 1959 nomen
1819 1923 1913 1960 erat

1081 1975 1107 2015 J
1109 1975 1262 2028 oseph:
1290 1976 1430 2017 virum
1457 1975 1667 2024 nominat,
1695 1987 1783 2016 non
1812 1975 1914 2026 quia

1082 2034 1279 2082 maritus,
1313 2031 1392 2073 sed
1426 2030 1547 2084 quod
1577 2030 1711 2072 homo
1740 2030 1913 2072 virtutis

1083 2093 1192 2129 erat:
1223 2088 1294 2129 vel
1325 2087 1474 2140 petius
1504 2087 1605 2139 quia
1633 2087 1753 2138 juxta
1781 2085 1913 2128 alium

1082 2144 1422 2195 Evangelistam,
1446 2156 1535 2185 non
1558 2143 1624 2184 vir
1647 2142 1912 2195 simpliciter,

1082 2200 1161 2241 sed
1184 2200 1250 2242 vir
1274 2201 1365 2252 ejus
1388 2199 1530 2241 dictus
1555 2203 1636 2248 est,
1659 2198 1816 2240 merito
1839 2211 1912 2250 ap-

1082 2256 1286 2309 pellatur,
1312 2255 1432 2308 quod
1452 2254 1703 2297 necessario
1723 2256 1914 2307 putatur.

1083 2312 1247 2354 Debuit
1263 2325 1368 2363 ergo
1383 2312 1449 2353 vir
1465 2312 1555 2363 ejus
1571 2310 1795 2364 appellari,
1812 2310 1914 2362 quia

1082 2370 1262 2409 necesse
1277 2368 1356 2409 fuit
1372 2373 1415 2410 et
1427 2367 1587 2420 putari:
1603 2367 1715 2407 sicut
1730 2371 1773 2407 et
1786 2371 1914 2419 pater

1083 2424 1322 2466 Salvateris
1352 2437 1440 2465 non
1473 2423 1652 2475 quidem
1685 2435 1801 2472 esse,
1834 2421 1913 2463 sed

1085 2480 1170 2522 dici
1192 2481 1365 2530 meruit,
1392 2485 1439 2522 ut
1462 2481 1690 2532 putaretur
1713 2491 1826 2528 esse,
1852 2477 1913 2520 di-

1084 2539 1208 2578 cente
1249 2536 1335 2578 hoc
1375 2537 1473 2589 ipso
1513 2534 1812 2585 Evangelista:
1835 2534 1914 2588 ‘Et

1083 2593 1178 2644 ipse
1197 2593 1222 2633 J
1225 2605 1324 2634 esus
1349 2598 1443 2634 erat
1465 2591 1677 2644 incipiens
1698 2591 1822 2642 quasi
1841 2603 1912 2631 an-

1082 2651 1238 2689 nerum
1257 2649 1445 2700 triginta,
1464 2653 1512 2690 ut
1530 2647 1780 2700 putabatur,
1799 2646 1914 2687 filius

1082 2705 1106 2744 J
1110 2704 1260 2757 oseph.

1094 1848 1203 1934 {L
