2040 2976
668 236 739 270 Die
768 236 814 271 17.
839 236 944 270 Julii.
992 236 1027 270 S.
1052 237 1182 270 Alexii
1207 237 1314 271 Conf.

136 332 481 387 amplitudinem,
502 333 654 374 mundi
672 332 901 375 illecebras
921 337 965 374 et

135 391 387 443 voluptates
404 389 600 442 ejasdem
611 389 843 430 imitatic'mi
852 393 966 442 post-

135 450 312 500 ponere.
367 448 512 497 Quare
543 447 686 498 prima
712 446 966 499 nuptiarum

136 509 267 546 nocte
292 503 469 546 ductam
489 504 721 556 parentum
738 508 844 544 voto
865 505 965 544 con-

136 562 280 613 jugem
306 560 519 613 peculiari
545 559 630 600 Dei
661 559 831 601 monitu
858 559 965 600 inta-

138 622 252 660 ctam
272 617 459 669 reliquit.

189 674 240 726 Rz.
265 674 514 715 Honestum
541 673 643 714 fecit
671 672 795 713 illum
819 672 966 714 Domi-

137 744 230 782 nus,
254 736 298 772 et
317 729 556 772 custodivit
578 741 677 771 eum
698 728 752 770 ab
773 729 967 778 inimicis,

138 792 182 830 et
208 800 233 828 a
260 785 570 828 seductoribus
598 785 759 827 tutavit
783 785 919 825 illum:
942 785 965 809 *

138 844 195 886 Et
226 842 348 885 dedit
378 843 441 883 illi
473 842 717 884 claritatem
750 843 967 882 aeternam.

138 895 188 947 V.
221 901 395 942 Justum
428 898 612 941 deduxit
640 898 855 940 Dominus
889 911 968 951 per

139 958 233 998 vias
253 962 410 1006 rectas,
435 961 478 998 et
497 954 690 997 ostendit
706 954 768 995 illi
786 967 967 1006 regnum

139 1014 234 1056 Dei.
262 1014 318 1056 Et
337 1012 469 1055 dedit.

448 1066 600 1107 Lectio
622 1079 657 1105 v.

213 1126 301 1167 lam
327 1129 477 1178 itaque
506 1138 529 1167 e
556 1124 690 1167 domo
715 1124 969 1176 abscedens,

229 1183 465 1225 illustrium
484 1182 604 1225 orbis
622 1187 753 1224 terrae
770 1182 970 1224 ecclesia-

141 1253 238 1281 rum
259 1239 659 1294 peregrinatic'mem
682 1239 886 1291 suscepit.
921 1239 972 1279 In

144 1310 231 1350 quo
250 1297 452 1339 instituto
472 1309 571 1338 cum
590 1296 765 1347 ignetus
784 1297 971 1347 septem-

143 1354 286 1396 decim
305 1366 443 1395 annos
461 1355 758 1404 transegisset,
778 1352 971 1404 aliquan-

144 1411 201 1453 do
242 1410 361 1464 apud
392 1410 608 1452 Edessam
641 1410 779 1462 Syriae
817 1408 972 1451 urbem

141 1481 222 1522 per
246 1468 481 1518 imaginem
506 1466 795 1509 sanctissimae
820 1466 971 1507 Mariae

142 1524 337 1577 Virginis
357 1525 447 1577 ejus
465 1524 642 1565 nomine
662 1522 904 1574 divulgato,
923 1527 972 1564 ut

142 1582 315 1623 inanem
338 1580 489 1623 mundi
512 1581 700 1632 gloriam
719 1579 971 1629 declinaret,

142 1638 244 1681 inde
271 1638 373 1679 navi
401 1638 617 1680 discessit:
649 1650 754 1679 mox
782 1637 838 1678 ad
866 1637 970 1677 Por-

142 1700 237 1736 tum
255 1695 505 1737 Romanum
524 1694 751 1748 appulsus,
776 1706 828 1735 ac
846 1693 971 1746 patri,

142 1752 240 1794 Deo
258 1752 319 1793 ita
335 1750 608 1804 disponente,
630 1751 806 1793 obviam
821 1752 971 1800 factus,

143 1809 199 1851 ab
231 1808 390 1851 eedem
419 1809 463 1849 in
491 1808 674 1862 prepria
702 1807 835 1850 domo
864 1812 972 1848 tam-

144 1878 276 1918 quam
301 1865 468 1907 alienus
492 1878 662 1918 pauper
686 1864 880 1917 hospitio
907 1876 971 1904 re·
1032 1869 1039 1902 ἰν

144 1925 299 1976 ceptus
319 1927 397 1964 est.

194 1981 246 2033 R.
287 1979 467 2021 Amavit
512 1992 611 2021 eum
651 1978 883 2027 Dominus,
930 1982 974 2019 et

145 2036 317 2078 ornavit
336 2049 450 2078 eum:
473 2036 633 2078 stolam
657 2035 809 2087 gloriae
833 2033 974 2087 induit

146 2105 260 2143 eum,
291 2096 315 2122 *
339 2093 398 2135 Et
425 2093 482 2135 ad
542 2098 661 2134 ortas
690 2091 883 2145 paradisi
904 2103 973 2131 co·

144 2150 318 2191 tonavit
345 2162 455 2192 eum.
538 2181 545 2189 .
579 2149 726 2190 Induit
757 2161 856 2189 eum
879 2147 973 2188 Dfis

145 2205 327 2248 loricam
351 2205 470 2256 fidei,
496 2211 540 2248 et
565 2205 737 2248 ornavit
761 2217 871 2246 eum.
907 2204 973 2244 Et.

446 2265 598 2306 Lectio
620 2265 671 2305 vi.

145 2316 296 2422 Hoc
322 2320 366 2361 in
392 2320 512 2369 loco,
542 2324 592 2361 ut
622 2331 737 2361 nova
765 2316 975 2359 mundum

254 2381 348 2418 arte
376 2375 623 2427 deluderet,
653 2375 809 2418 durum
838 2375 974 2415 certa-

146 2445 247 2475 men
266 2435 514 2485 aggressus,
537 2433 651 2474 inter
669 2431 820 2473 uxoris
839 2435 883 2472 et
901 2442 973 2482 pa-

147 2491 319 2532 rentum
338 2489 532 2532 diutinos
560 2494 759 2542 questus,
785 2488 898 2528 inter
917 2486 974 2526 fa-

147 2546 366 2587 mulorum
386 2549 703 2599 contemptum,
722 2557 801 2597 per
821 2543 975 2584 decem

149 2607 192 2644 et
220 2607 391 2655 septem
423 2616 562 2644 annos
595 2599 866 2643 admirandae
894 2599 974 2639 vir-

147 2659 255 2700 tutis
292 2664 336 2700 et
365 2660 541 2701 invictae
575 2658 798 2712 patientiae
832 2657 974 2697 exem-

148 2715 270 2768 plum
293 2728 340 2757 se
365 2717 572 2770 praebuit,
602 2715 685 2756 soli
709 2714 806 2755 Deo
833 2717 974 2753 notus.

148 2773 257 2815 Post
282 2779 470 2815 mortem
495 2773 661 2824 scripto
687 2783 767 2812 suo
792 2769 976 2821 agnitus,

1750 234 1844 279 [339]

1015 333 1059 374 in
1075 347 1161 385 quo
1176 346 1346 383 nomen,
1366 346 1512 384 genUS,
1534 338 1577 375 et
1590 336 1726 375 totius
1741 334 1844 375 vitae

1017 403 1170 431 cursus
1203 389 1553 440 continebantur,
1585 391 1843 432 Innocentio

1016 447 1158 499 primo
1177 446 1390 488 Pontifice
1407 447 1613 496 Maximo,
1633 446 1690 489 ad
1709 447 1844 489 eccle-

1018 503 1127 543 siam
1155 503 1294 544 sancti
1321 503 1556 553 Bonifacii,
1587 516 1685 555 quae
1715 503 1847 545 etiam

1006 560 1159 611 ‚sancti
1194 559 1338 600 Alexii
1374 560 1550 601 nomine
1588 560 1846 612 appellatur,

1019 628 1190 657 summo
1208 615 1376 658 honore
1396 615 1568 658 delatus
1588 621 1671 664 est,
1694 616 1770 657 ubi
1790 616 1847 657 ad

1018 672 1132 714 hanc
1156 685 1296 724 usque
1324 673 1440 714 diem
1463 674 1535 726 pia
1558 672 1754 714 fidelium
1776 685 1846 714 ve-

1018 729 1245 771 neratione
1280 729 1448 771 colitur.
1499 730 1602 781 Ejus
1641 729 1757 770 diem
1789 729 1846 770 fe-

1020 791 1136 828 stum
1168 788 1346 828 senatus
1374 786 1616 835 Romanus,
1650 791 1697 827 ut
1729 784 1847 827 debi-

1020 848 1110 885 tam
1137 856 1239 894 erga
1263 848 1355 884 tam
1382 843 1596 892 insignem
1621 844 1849 884 concivem

1021 914 1148 941 suum
1167 900 1379 952 pietatem
1400 899 1664 949 ostenderet,
1684 912 1709 940 a
1727 898 1848 940 Sum-

1021 969 1094 998 mo
1115 956 1329 998 Pontifice
1351 956 1574 998 Clemente
1595 955 1765 997 decimo
1786 967 1849 996 se-

1022 1013 1167 1055 cundo
1185 1014 1271 1055 ritu
1293 1013 1547 1055 solemniori
1567 1013 1723 1053 Romae
1744 1017 1788 1053 et
1807 1012 1851 1052 in

1023 1072 1115 1123 ejus
1143 1069 1346 1112 districtu
1376 1067 1690 1111 celebrandum
1717 1068 1850 1120 impe-

1021 1127 1165 1170 travit.
1218 1129 1269 1179 R.
1296 1127 1387 1167 Iste
1408 1126 1553 1168 homo.
1573 1124 1651 1177 [72]

1248 1207 1297 1246 In
1316 1206 1386 1245 ΙΙΙ.
1407 1205 1629 1245 Nocturno.

1025 1267 1176 1309 Lectio
1201 1265 1339 1307 sancti
1362 1264 1587 1316 Evangelii
1610 1263 1851 1306 secundum

1300 1321 1567 1364 Matthaeum.

1102 1385 1254 1426 Lectio
1274 1384 1342 1425 vii.
1540 1383 1644 1434 Cap.
1660 1383 1717 1422 19.
1735 1381 1773 1422 d.

1072 1439 1197 1486 n‘illo
1223 1447 1439 1497 tempore:
1468 1442 1592 1484 Dixit
1613 1442 1771 1483 Petrus
1796 1439 1853 1482 ad

1089 1502 1114 1543 J
1117 1515 1253 1543 esum:
1282 1502 1398 1543 Ecce
1422 1513 1503 1541 nos
1528 1498 1783 1550 reliquimus
1810 1499 1852 1538 ό-

1022 1560 1156 1609 mnia,
1183 1563 1226 1600 et
1253 1558 1392 1600 secuti
1412 1568 1562 1598 sumus
1580 1561 1639 1597 te:
1664 1553 1770 1606 quid
1790 1566 1852 1595 er-

1023 1629 1080 1668 go
1101 1616 1182 1657 erit
1201 1613 1352 1657 nobis?
1378 1615 1435 1655 Et
1454 1613 1632 1665 reliqua.

1027 1689 1217 1733 Homilia
1245 1688 1384 1730 sancti
1411 1683 1627 1728 Bernardi
1654 1683 1853 1726 Abbatis.

1106 1753 1275 1787 Declam.
1299 1752 1338 1785 in
1362 1751 1507 1793 Evang.
1534 1749 1646 1792 hujus
1671 1747 1774 1782 verb.

1033 1810 1101 1855 52:13
1115 1815 1161 1834 r
1178 1803 1339 1845 rbitror
1355 1800 1490 1843 verba
1509 1797 1709 1840 lectionis
1729 1796 1854 1846 hujus

1033 1849 1165 1890 '⁷‘
1197 1873 1248 1902 ea
1276 1871 1389 1908 esse,
1423 1857 1478 1899 de
1508 1854 1665 1908 quibus
1694 1852 1751 1894 ad
1778 1853 1852 1892 im-

1048 1910 1169 1943 ἕξ*
1197 1915 1428 1958 mortalem
1460 1924 1672 1966 sponsum
1704 1922 1728 1950 a
1761 1908 1853 1949 fini-

1025 1976 1108 2017 bus
1140 1980 1270 2015 terrae
1308 1971 1467 2013 clamat
1499 1966 1711 2010 Ecclesia:
1748 1965 1853 2006 Pro-

1026 2037 1125 2085 pter
1153 2030 1288 2072 verba
1319 2027 1535 2069 labiorum
1566 2026 1743 2065 tuorum
1771 2034 1853 2073 ego

1028 2087 1246 2130 custodivi
1267 2085 1360 2127 vias
1384 2084 1526 2125 duras.
1562 2082 1672 2122 Haec
1696 2087 1854 2132 nempe

1028 2150 1129 2187 sunt
1182 2142 1334 2188 verba,
1400 2151 1498 2192 quae
1554 2137 1855 2188 contemptum

1027 2200 1179 2243 mundi
1202 2200 1247 2240 in
1270 2198 1475 2239 universo
1501 2192 1682 2243 mundo,
1712 2196 1755 2234 et
1781 2203 1854 2232 vo-

1026 2258 1259 2300 luntariam
1303 2255 1564 2308 persuasere
1606 2247 1854 2292 hominibus

1027 2315 1344 2368 paupertatem.
1379 2311 1490 2351 Haee
1509 2312 1625 2357 sunt,
1646 2318 1744 2363 quae
1763 2306 1852 2345 mo-

1027 2371 1178 2413 nachis
1220 2369 1411 2411 claustra
1446 2365 1634 2418 replent,
1679 2362 1854 2403 deserta

1028 2426 1316 2470 anachoretis.
1368 2423 1495 2472 Haec,
1527 2422 1720 2473 inquam,
1754 2421 1855 2458 sunt

1027 2485 1176 2534 verba,
1204 2495 1302 2535 quae
1321 2481 1564 2533 AEgyptum
1584 2475 1789 2529 speliant‚
1810 2478 1854 2515 et

1030 2541 1196 2594 optima
1212 2550 1399 2592 quaeque
1415 2537 1505 2589 ejus
1516 2545 1621 2576 vasa
1634 2530 1852 2583 diripiunt.

1028 2598 1113 2638 Hic
1141 2608 1286 2638 sermo
1314 2595 1441 2636 vivus
1470 2596 1513 2633 et
1542 2589 1716 2637 efficaX,
1753 2599 1852 2628 con-

1028 2656 1203 2695 vertens
1240 2653 1406 2694 animas
1433 2647 1548 2690 felici
1574 2643 1852 2707 aemulatione

1029 2710 1285 2759 sanctitatis,
1302 2714 1345 2750 et
1354 2705 1551 2749 veritatis
1561 2701 1853 2757 promissmne

1027 2767 1158 2809 fideli.
