2040 2976
514 234 586 268 Die
610 235 639 268 7.
664 235 768 268 Julii.
815 234 850 269 S.
875 234 1071 268 Laurentii
1097 246 1118 268 a
1143 236 1364 270 Brundusio
1390 236 1498 269 Conf.

1767 231 1860 275 [325]

155 325 348 368 cundum
371 325 649 368 essentialem
673 331 718 368 et
737 327 983 368 naturalem

154 382 440 425 identitatem.
468 383 530 423 At
549 395 648 424 cum
667 382 813 424 divina
826 387 983 425 natura

154 444 278 481 tanto
305 452 331 480 a
353 443 556 481 creatura
581 438 716 481 distet
739 440 983 490 intervallo,

155 501 204 538 ut
242 494 484 538 secundum
523 496 758 538 essentiam
796 509 896 538 eum
933 509 984 538 ea

156 554 274 594 coire
310 554 591 604 nequaquam
626 551 787 602 valeat,
832 565 984 605 ecquo,

155 608 317 661 inquis,
350 608 485 650 modo
515 607 756 650 secundum
785 612 985 650 naturam

155 678 290 706 unum
306 664 380 706 ille
399 664 541 706 factus
562 669 630 706 est
648 664 889 715 nobiscum,
911 665 985 718 qui

157 734 334 763 omnem
362 722 541 763 omnino
570 724 816 763 creaturam
846 722 985 763 excel—

155 775 229 819 lit?
265 777 465 820 Verbum
492 777 634 819 factus
663 782 731 819 est
757 777 906 827 homo,
938 782 987 819 ut

158 834 533 887 quemadmodum
568 834 612 875 in
643 834 820 876 Deitate
852 848 987 875 unum

158 896 201 932 et
226 890 343 933 idem
369 896 437 933 est
461 904 561 933 cum
580 891 729 940 Patre,
756 891 817 932 ita
836 894 986 932 secun-

159 947 265 990 dum
283 951 452 990 naturae
469 948 671 989 humanae
686 947 987 990 habitudinem

159 1005 216 1046 sit
235 1018 371 1046 unum
391 1017 568 1057 quoque
587 1004 826 1046 nobiscum.

217 1063 278 1103 Te
297 1062 439 1104 Deum
456 1059 696 1103 laudamus.
714 1063 772 1103 13.

431 1148 600 1191 Eadem
618 1149 715 1190 Die.

161 1212 204 1253 S.
222 1212 483 1254 Laurentii
506 1223 537 1254 a
555 1212 841 1254 Brundusio
866 1212 987 1253 Conf.

214 1326 352 1362 Omnia
381 1326 428 1361 de
458 1271 741 1364 cffmuffielbbnf.
771 1339 847 1363 non
878 1328 986 1363 Pont.

158 1373 228 1418 [67]
254 1378 397 1418 praeter
420 1385 525 1419 sequ.
548 1374 607 1416 (m.
632 1379 656 1408 t.
680 1376 728 1415 v.)

495 1432 660 1474 Oratio.

159 1490 341 1597 Deus,
367 1496 442 1549 qui
461 1495 518 1538 ad
537 1495 675 1538 ardua
697 1509 885 1550 quaeque
905 1510 987 1550 pro

263 1553 452 1594 nominis
481 1553 545 1595 tui
571 1552 728 1604 gleria,
758 1558 801 1596 et
829 1554 988 1595 anima-

159 1623 256 1651 rum
283 1610 424 1652 salute
450 1610 584 1652 beato
613 1609 850 1652 Laurentio
879 1611 988 1652 Con-

159 1666 317 1708 fesseri
335 1671 413 1709 tuo
432 1667 634 1720 spiritum
654 1668 824 1710 consilii
844 1673 887 1710 et
903 1668 987 1710 for-

159 1722 359 1765 titudinis
402 1724 639 1767 contulisti:
686 1725 742 1767 da
781 1725 910 1767 nobis
946 1725 989 1765 in

161 1778 320 1822 eedem
356 1781 514 1834 spiritu
551 1787 594 1824 et
626 1780 797 1833 agenda
829 1784 988 1833 cogne-

160 1849 295 1887 scere,
314 1841 359 1879 et
377 1838 554 1889 cegnita
568 1839 660 1890 ejus
675 1839 989 1881 intercessiene

159 1893 386 1946 perficere.
412 1894 498 1936 Per
515 1895 763 1937 Deminum.

213 1949 257 1983 In
288 1949 315 1983 I.
345 1948 545 1983 Nocturno
579 1948 782 1983 Lectiones
815 1948 861 1982 de
891 1947 988 1982 Seri-

162 2000 275 2040 ptura
302 2000 535 2031 occurrente.

394 2059 444 2098 In
463 2059 513 2097 II.
533 2058 755 2098 Nocturno.

463 2119 617 2161 Lectio
636 2119 690 2159 iv.

175 2220 177 2238 :
266 2185 487 2240 rundusii,
514 2187 624 2230 urbe
643 2188 766 2238 regni
784 2188 990 2240 Neapoli-

174 2249 178 2276 ἒ
201 2242 267 2272 ¹
289 2243 380 2284 tani
404 2243 707 2294 celeberrima,
735 2244 820 2297 piis
848 2249 891 2286 et
914 2244 989 2285 ho-

263 2299 426 2341 nestis
466 2300 723 2353 parentibus
760 2306 888 2342 natus
923 2306 990 2342 est

162 2354 433 2397 Laurentius.
486 2357 512 2398 J
514 2370 585 2398 am
616 2356 718 2399 inde
752 2370 777 2398 a
803 2358 991 2410 pueritia

164 2412 408 2453 certissima
443 2412 602 2455 futurae
641 2414 901 2462 sanctitatiS,
947 2418 990 2455 et

164 2468 412 2520 apostelici,
442 2482 530 2521 quo
555 2466 747 2511 'maxime
775 2469 991 2522 praestitit,

164 2523 248 2564 zeli
273 2523 536 2568 documenta
562 2525 710 2568 edidit.
750 2526 791 2566 A
817 2526 990 2578 puerili-

165 2578 247 2620 bus
265 2581 392 2632 nugis
417 2582 599 2632 alienus,
622 2582 698 2623 uni
716 2582 814 2623 Deo
834 2584 990 2623 vacare

166 2636 317 2688 coepit,
346 2643 390 2679 et
408 2638 545 2680 verba
567 2638 711 2680 facere
735 2637 792 2679 ad
811 2638 990 2679 circum-

166 2691 308 2733 fusam
337 2694 675 2744 multitudinem,
709 2694 876 2735 cunctis
908 2694 992 2735 Dei

165 2749 424 2800 potentiam,
459 2751 533 2803 qui
563 2750 732 2802 linguas
763 2750 992 2792 infantium

325 2888 390 2913 Pars
405 2889 514 2913 AEstivn.

1034 327 1138 369 facit
1167 328 1370 378 disertas,
1399 327 1726 370 admirantibus.
1768 328 1859 371 Sub

1034 383 1152 425 idem
1169 389 1342 437 tempus
1363 397 1410 426 se
1428 389 1570 426 totum
1585 384 1860 427 abstinentiae

1036 444 1079 481 et
1104 441 1303 492 corporis
1329 441 1601 482 afflictationi
1620 441 1752 484 dedit.
1789 443 1860 484 Se-

1036 496 1264 549 raphicum
1288 497 1638 549 Capuccinerum
1663 498 1862 540 ordinem

1036 553 1276 603 ingressus,
1323 559 1367 595 et
1401 554 1586 595 Venetae
1622 555 1862 607 provinciae

1037 608 1303 661 adscriptus,
1330 609 1468 651 multo
1497 610 1634 662 magis
1660 611 1704 651 in
1730 611 1862 653 domo

1036 665 1121 706 Dei
1158 666 1389 707 sanctitate
1425 667 1623 719 profecit.
1681 668 1861 708 Humili-

1036 724 1143 772 tate,
1173 721 1438 772 obedientia,
1468 724 1677 765 orationis
1705 724 1864 775 studio,

1037 778 1227 829 regulari
1247 778 1544 829 observantia,
1571 780 1772 822 emnibus
1793 794 1863 822 an-

1038 834 1243 876 tecelluit.
1279 835 1448 877 Exacto
1467 837 1702 887 tyrocinio,
1729 837 1864 878 sacris

1037 891 1195 932 litteris
1222 893 1403 944 eperam
1430 891 1566 942 dedit,
1596 906 1682 944 quo
1708 893 1863 935 instru-

1039 947 1150 989 ctior
1179 947 1235 989 ad
1263 948 1556 1000 apostolicum
1583 962 1739 990 munus
1767 953 1864 991 eva-

1040 1003 1174 1046 deret.
1204 1004 1334 1055 Quod
1353 1010 1446 1046 erat
1466 1005 1674 1055 singulari
1692 1006 1865 1056 ingenio

1039 1065 1084 1101 et
1119 1061 1331 1102 memoria
1366 1060 1579 1112 praeditus
1611 1074 1699 1102 non
1731 1063 1865 1104 modo

1038 1115 1367 1169 philosaphicas‘
1387 1122 1430 1159 et
1448 1117 1721 1169 theolegicas
1737 1119 1866 1160 facul-

1039 1175 1171 1223 tates,
1200 1173 1279 1215 sed
1302 1174 1471 1225 linguas
1498 1175 1628 1216 etiam
1653 1175 1866 1226 Graecam,

1039 1229 1314 1280 Hebraicam,
1336 1229 1627 1282 Chaldaicam,
1644 1232 1866 1273 Germani-

1040 1299 1150 1334 cam,
1185 1286 1415 1337 Gallicam,
1448 1288 1734 1340 Hispanicam
1759 1287 1866 1330 didi-

1041 1343 1113 1393 cit;
1132 1347 1176 1384 et
1197 1343 1374 1395 quidem
1388 1344 1459 1394 ita,
1478 1349 1536 1394 ut,
1556 1358 1655 1386 cum
1670 1358 1718 1386 se
1735 1345 1868 1387 dabat

1041 1400 1228 1449 occasio,
1248 1399 1314 1440 his
1329 1399 1486 1452 linguis
1502 1402 1753 1442 concionari
1767 1414 1866 1455 pos-

1041 1461 1117 1498 set.
1155 1456 1376 1497 Hebraica
1399 1469 1504 1498 vero
1531 1457 1677 1508 lingua
1701 1457 1757 1500 ad
1780 1459 1865 1500 He-

1040 1513 1185 1554 braeos
1210 1513 1331 1565 ipsos
1358 1514 1642 1555 concionatus
1663 1520 1728 1556 est
1747 1520 1868 1557 tanta

1042 1570 1131 1620 ejus
1156 1569 1315 1620 linguae
1341 1570 1513 1622 peritia,
1549 1576 1755 1622 quantam
1780 1584 1867 1613 non

1040 1625 1202 1667 habere
1235 1638 1281 1666 se
1313 1626 1397 1678 ipsi
1428 1627 1651 1668 auditeres
1680 1627 1869 1669 confessi

1041 1687 1152 1723 sunt.
1217 1682 1325 1731 Quae
1367 1695 1438 1724 res
1475 1682 1677 1735 prodigio
1716 1683 1868 1725 similis

1042 1751 1173 1779 causa
1205 1738 1301 1788 fuit,
1338 1751 1414 1780 cur
1447 1740 1595 1792 opinio
1628 1740 1868 1790 invaluerit,

1043 1808 1067 1835 a
1081 1795 1190 1844 Deo,
1211 1794 1331 1847 quod
1352 1794 1407 1837 de
1423 1795 1652 1848 Apostolis
1672 1795 1868 1846 traditur,

1042 1851 1287 1901 linguarum
1323 1851 1363 1893 ei
1399 1851 1562 1893 donum
1598 1852 1731 1894 fuisse
1769 1865 1868 1894 con-

1042 1909 1225 1949 cessum.
1279 1908 1435 1960 Neque
1463 1921 1569 1950 vero
1598 1909 1683 1950 hoc
1710 1909 1867 1959 solum,

1042 1962 1123 2005 sed
1154 1963 1322 2015 reliqua
1355 1964 1484 2005 etiam
1512 1964 1789 2016 charismata,
1821 1970 1869 2007 ut

1043 2021 1225 2061 eventus
1246 2020 1410 2069 decuit,
1438 2033 1535 2072 quae
1555 2020 1653 2071 illis,
1681 2034 1791 2073 quos
1813 2021 1869 2063 ad

1041 2088 1199 2126 magna
1224 2075 1501 2129 suscipienda
1527 2082 1571 2118 et
1594 2077 1763 2127 agenda
1786 2091 1868 2131 pro

1041 2132 1228 2172 neminis
1247 2133 1313 2173 sui
1332 2132 1472 2183 gleria
1491 2133 1637 2184 elegit,
1656 2133 1868 2186 impertiri

1041 2187 1165 2229 solet.

1099 2245 1150 2296 Rz.
1170 2245 1417 2286 Honestum
1444 2245 1548 2286 fecit
1574 2245 1697 2287 illum
1719 2245 1866 2286 Demi-

1042 2312 1138 2349 nuS,
1163 2305 1206 2342 et
1226 2300 1462 2342 custodivit
1482 2314 1581 2343 eum
1599 2301 1654 2343 ab
1674 2301 1855 2342 inimicis

1043 2361 1086 2397 et
1114 2369 1139 2396 a
1166 2356 1471 2398 seductoribus
1501 2357 1665 2399 tutavit
1688 2357 1824 2398 inum:
1845 2333 1868 2377 ’ἆ

1042 2412 1099 2452 Et
1133 2412 1255 2454 dedit
1286 2413 1348 2453 illi
1381 2413 1623 2456 claritatem
1651 2415 1867 2455 aeternam.

1046 2462 1098 2514 V.
1125 2469 1296 2510 Justum
1329 2468 1511 2512 deduxit
1539 2470 1752 2511 Deminus
1788 2482 1867 2521 per

1043 2525 1134 2566 vias
1157 2531 1311 2575 rectas,
1332 2531 1375 2567 et
1397 2527 1588 2568 ostendit
1608 2526 1670 2566 issi
1686 2539 1867 2577 regnum

1043 2581 1136 2622 Dei.
1163 2582 1220 2624 Et
1239 2581 1371 2624 dedit.

1354 2633 1503 2675 Lectio
1523 2645 1560 2671 v.

1116 2694 1299 2736 acerdos
1325 2696 1620 2742 consecratus,
1647 2698 1739 2734 tum
1761 2705 1866 2734 vero

1127 2752 1316 2792 maxime
1345 2751 1434 2802 ejus
1461 2750 1607 2791 fervor
1633 2748 1791 2801 erupit,
1824 2754 1868 2790 et

1610 2878 1662 2909 V*
