<?xml version="1.0" encoding="UTF-8"?>
<!DOCTYPE html PUBLIC "-//W3C//DTD XHTML 1.0 Transitional//EN"
    "http://www.w3.org/TR/xhtml1/DTD/xhtml1-transitional.dtd">
<html xmlns="http://www.w3.org/1999/xhtml" xml:lang="en" lang="en">
 <head>
  <title>
</title>
<meta http-equiv="Content-Type" content="text/html;charset=utf-8" />
  <meta name='ocr-system' content='tesseract 3.04.00' />
  <meta name='ocr-capabilities' content='ocr_page ocr_carea ocr_par ocr_line ocrx_word'/>
</head>
<body>
  <div class='ocr_page' id='page_1' title='image "./p3breviariumroma00cathuoft_0080.png"; bbox 0 0 2040 2976; ppageno 0'>
   <div class='ocr_carea' id='block_1_1' title="bbox 402 252 1883 373">
    <p class='ocr_par' dir='ltr' id='par_1_1' title="bbox 402 252 1883 373">
     <span class='ocr_line' id='line_1_1' title="bbox 402 252 1883 373; baseline 0 -105"><span class='ocrx_word' id='word_1_1' title='bbox 402 252 1883 373; x_wconf 95' lang='lat' dir='ltr'><strong>   </strong></span> <span class='ocrx_word' id='word_1_2' title='bbox 1750 268 1883 277; x_wconf 95' lang='lat' dir='ltr'><strong> </strong></span> 
     </span>
    </p>
   </div>
   <div class='ocr_carea' id='block_1_2' title="bbox 175 302 997 352">
    <p class='ocr_par' dir='ltr' id='par_1_2' title="bbox 175 302 997 352">
     <span class='ocr_line' id='line_1_2' title="bbox 175 302 997 352; baseline -0.012 0"><span class='ocrx_word' id='word_1_3' title='bbox 175 313 218 352; x_wconf 93' lang='lat' dir='ltr'><strong>in</strong></span> <span class='ocrx_word' id='word_1_4' title='bbox 255 310 324 352; x_wconf 92' lang='lat' dir='ltr'><strong>die</strong></span> <span class='ocrx_word' id='word_1_5' title='bbox 358 308 445 349; x_wconf 83' lang='lat' dir='ltr'><strong>illa:</strong></span> <span class='ocrx_word' id='word_1_6' title='bbox 488 305 763 348; x_wconf 88' lang='lat' dir='ltr'><strong>Confitemini</strong></span> <span class='ocrx_word' id='word_1_7' title='bbox 796 302 997 350; x_wconf 74' lang='lat' dir='ltr'><strong>DeminQ</strong></span> 
     </span>
    </p>
   </div>
   <div class='ocr_carea' id='block_1_3' title="bbox 177 362 767 412">
    <p class='ocr_par' dir='ltr' id='par_1_3' title="bbox 177 362 767 412">
     <span class='ocr_line' id='line_1_3' title="bbox 177 362 767 412; baseline -0.015 -3"><span class='ocrx_word' id='word_1_8' title='bbox 177 373 220 409; x_wconf 89' lang='lat' dir='ltr'><strong>et</strong></span> <span class='ocrx_word' id='word_1_9' title='bbox 247 366 445 407; x_wconf 68' lang='lat' dir='ltr'><strong>invocate</strong></span> <span class='ocrx_word' id='word_1_10' title='bbox 472 375 631 404; x_wconf 90' lang='lat' dir='ltr'><strong>nomen</strong></span> <span class='ocrx_word' id='word_1_11' title='bbox 661 362 767 412; x_wconf 89' lang='lat' dir='ltr'><strong>ejus:</strong></span> 
     </span>
    </p>
   </div>
   <div class='ocr_carea' id='block_1_4' title="bbox 176 418 999 531">
    <p class='ocr_par' dir='ltr' id='par_1_4' title="bbox 176 418 999 531">
     <span class='ocr_line' id='line_1_4' title="bbox 227 418 998 474; baseline -0.014 -7"><span class='ocrx_word' id='word_1_12' title='bbox 227 427 365 467; x_wconf 85' lang='lat' dir='ltr'><strong>Notas</strong></span> <span class='ocrx_word' id='word_1_13' title='bbox 389 423 517 465; x_wconf 68' lang='lat' dir='ltr'><strong>facite</strong></span> <span class='ocrx_word' id='word_1_14' title='bbox 540 423 583 463; x_wconf 93' lang='lat' dir='ltr'><strong>in</strong></span> <span class='ocrx_word' id='word_1_15' title='bbox 602 420 776 474; x_wconf 74' lang='lat' dir='ltr'><strong>pepulis</strong></span> <span class='ocrx_word' id='word_1_16' title='bbox 796 418 998 460; x_wconf 84' lang='lat' dir='ltr'><strong>adinven-</strong></span> 
     </span>
     <span class='ocr_line' id='line_1_5' title="bbox 176 473 999 531; baseline -0.015 -7"><span class='ocrx_word' id='word_1_17' title='bbox 176 483 315 524; x_wconf 82' lang='lat' dir='ltr'><strong>tiones</strong></span> <span class='ocrx_word' id='word_1_18' title='bbox 335 481 440 531; x_wconf 78' lang='lat' dir='ltr'><strong>eJus:</strong></span> <span class='ocrx_word' id='word_1_19' title='bbox 459 480 482 504; x_wconf 87' lang='lat'>*</span> <span class='ocrx_word' id='word_1_20' title='bbox 500 479 765 519; x_wconf 82' lang='lat' dir='ltr'><strong>mement6te</strong></span> <span class='ocrx_word' id='word_1_21' title='bbox 795 473 999 527; x_wconf 72' lang='lat' dir='ltr'><strong>queniam</strong></span> 
     </span>
    </p>
   </div>
   <div class='ocr_carea' id='block_1_5' title="bbox 177 533 1003 1048">
    <p class='ocr_par' dir='ltr' id='par_1_5' title="bbox 178 533 806 584">
     <span class='ocr_line' id='line_1_6' title="bbox 178 533 806 584; baseline -0.013 -5"><span class='ocrx_word' id='word_1_22' title='bbox 178 537 396 579; x_wconf 81' lang='lat' dir='ltr'><strong>excelsum</strong></span> <span class='ocrx_word' id='word_1_23' title='bbox 425 540 491 576; x_wconf 90' lang='lat' dir='ltr'><strong>est</strong></span> <span class='ocrx_word' id='word_1_24' title='bbox 518 546 676 575; x_wconf 91' lang='lat' dir='ltr'><strong>nomen</strong></span> <span class='ocrx_word' id='word_1_25' title='bbox 705 533 806 584; x_wconf 91' lang='lat' dir='ltr'><strong>ejus.</strong></span> 
     </span>
    </p>

    <p class='ocr_par' dir='ltr' id='par_1_6' title="bbox 177 592 1000 749">
     <span class='ocr_line' id='line_1_7' title="bbox 231 592 999 644; baseline -0.013 -6"><span class='ocrx_word' id='word_1_26' title='bbox 231 598 412 638; x_wconf 62' lang='lat' dir='ltr'><strong>Cantete</strong></span> <span class='ocrx_word' id='word_1_27' title='bbox 446 594 635 636; x_wconf 83' lang='lat' dir='ltr'><strong>Domino</strong></span> <span class='ocrx_word' id='word_1_28' title='bbox 674 592 877 644; x_wconf 84' lang='lat' dir='ltr'><strong>quoniam</strong></span> <span class='ocrx_word' id='word_1_29' title='bbox 913 602 999 629; x_wconf 82' lang='lat' dir='ltr'><strong>ma-</strong></span> 
     </span>
     <span class='ocr_line' id='line_1_8' title="bbox 177 645 1000 703; baseline -0.011 -9"><span class='ocrx_word' id='word_1_30' title='bbox 177 653 333 703; x_wconf 88' lang='lat' dir='ltr'><strong>gnifice</strong></span> <span class='ocrx_word' id='word_1_31' title='bbox 362 651 478 692; x_wconf 90' lang='lat' dir='ltr'><strong>fecit:</strong></span> <span class='ocrx_word' id='word_1_32' title='bbox 506 651 528 675; x_wconf 83' lang='lat'>*</span> <span class='ocrx_word' id='word_1_33' title='bbox 557 648 807 690; x_wconf 66' lang='lat' dir='ltr'><strong>annuntiate</strong></span> <span class='ocrx_word' id='word_1_34' title='bbox 839 646 924 687; x_wconf 91' lang='lat' dir='ltr'><strong>hoc</strong></span> <span class='ocrx_word' id='word_1_35' title='bbox 957 645 1000 685; x_wconf 94' lang='lat' dir='ltr'><strong>in</strong></span> 
     </span>
     <span class='ocr_line' id='line_1_9' title="bbox 179 709 536 749; baseline -0.008 0"><span class='ocrx_word' id='word_1_36' title='bbox 179 709 378 749; x_wconf 85' lang='lat' dir='ltr'><strong>universa</strong></span> <span class='ocrx_word' id='word_1_37' title='bbox 409 712 536 748; x_wconf 86' lang='lat' dir='ltr'><strong>terra.</strong></span> 
     </span>
    </p>

    <p class='ocr_par' dir='ltr' id='par_1_7' title="bbox 180 762 1001 922">
     <span class='ocr_line' id='line_1_10' title="bbox 230 762 1001 816; baseline -0.012 -7"><span class='ocrx_word' id='word_1_38' title='bbox 230 767 423 816; x_wconf 81' lang='lat' dir='ltr'><strong>Exsulta,</strong></span> <span class='ocrx_word' id='word_1_39' title='bbox 446 772 489 808; x_wconf 92' lang='lat' dir='ltr'><strong>et</strong></span> <span class='ocrx_word' id='word_1_40' title='bbox 507 765 636 807; x_wconf 85' lang='lat' dir='ltr'><strong>lauda</strong></span> <span class='ocrx_word' id='word_1_41' title='bbox 654 763 864 805; x_wconf 61' lang='lat' dir='ltr'><strong>habitetio</strong></span> <span class='ocrx_word' id='word_1_42' title='bbox 884 762 1001 802; x_wconf 89' lang='lat' dir='ltr'>Sion:</span> 
     </span>
     <span class='ocr_line' id='line_1_11' title="bbox 180 818 1000 876; baseline -0.011 -11"><span class='ocrx_word' id='word_1_43' title='bbox 180 827 202 850; x_wconf 86' lang='lat'>*</span> <span class='ocrx_word' id='word_1_44' title='bbox 232 824 332 876; x_wconf 89' lang='lat' dir='ltr'><strong>quia</strong></span> <span class='ocrx_word' id='word_1_45' title='bbox 358 835 540 873; x_wconf 84' lang='lat' dir='ltr'><strong>magnus</strong></span> <span class='ocrx_word' id='word_1_46' title='bbox 567 822 610 862; x_wconf 94' lang='lat' dir='ltr'><strong>in</strong></span> <span class='ocrx_word' id='word_1_47' title='bbox 637 819 782 861; x_wconf 81' lang='lat' dir='ltr'><strong>medio</strong></span> <span class='ocrx_word' id='word_1_48' title='bbox 814 818 876 860; x_wconf 91' lang='lat' dir='ltr'><strong>tui</strong></span> <span class='ocrx_word' id='word_1_49' title='bbox 908 830 1000 857; x_wconf 86' lang='lat' dir='ltr'><strong>san-</strong></span> 
     </span>
     <span class='ocr_line' id='line_1_12' title="bbox 182 878 450 922; baseline -0.015 0"><span class='ocrx_word' id='word_1_50' title='bbox 182 886 276 922; x_wconf 88' lang='lat' dir='ltr'><strong>ctus</strong></span> <span class='ocrx_word' id='word_1_51' title='bbox 304 878 450 920; x_wconf 75' lang='lat' dir='ltr'><strong>Israel.</strong></span> 
     </span>
    </p>

    <p class='ocr_par' dir='ltr' id='par_1_8' title="bbox 182 939 1003 1048">
     <span class='ocr_line' id='line_1_13' title="bbox 237 939 1003 986; baseline -0.013 0"><span class='ocrx_word' id='word_1_52' title='bbox 237 948 331 986; x_wconf 67' lang='lat' dir='ltr'><strong>Ant.</strong></span> <span class='ocrx_word' id='word_1_53' title='bbox 369 944 614 984; x_wconf 62' lang='lat' dir='ltr'><strong>Conversus</strong></span> <span class='ocrx_word' id='word_1_54' title='bbox 650 945 716 981; x_wconf 91' lang='lat' dir='ltr'><strong>est</strong></span> <span class='ocrx_word' id='word_1_55' title='bbox 750 939 869 979; x_wconf 91' lang='lat' dir='ltr'><strong>furor</strong></span> <span class='ocrx_word' id='word_1_56' title='bbox 902 942 1003 978; x_wconf 88' lang='lat' dir='ltr'><strong>tuus</strong></span> 
     </span>
     <span class='ocr_line' id='line_1_14' title="bbox 182 993 910 1048; baseline -0.012 -6"><span class='ocrx_word' id='word_1_57' title='bbox 182 1001 378 1048; x_wconf 84' lang='lat' dir='ltr'><strong>Domine,</strong></span> <span class='ocrx_word' id='word_1_58' title='bbox 407 1004 450 1040; x_wconf 89' lang='lat' dir='ltr'><strong>et</strong></span> <span class='ocrx_word' id='word_1_59' title='bbox 477 993 727 1039; x_wconf 63' lang='lat' dir='ltr'><strong>consolatus</strong></span> <span class='ocrx_word' id='word_1_60' title='bbox 756 1007 802 1036; x_wconf 93' lang='lat' dir='ltr'><strong>es</strong></span> <span class='ocrx_word' id='word_1_61' title='bbox 829 1006 910 1034; x_wconf 90' lang='lat' dir='ltr'><strong>me.</strong></span> 
     </span>
    </p>
   </div>
   <div class='ocr_carea' id='block_1_6' title="bbox 184 1057 1006 1375">
    <p class='ocr_par' dir='ltr' id='par_1_9' title="bbox 184 1057 1004 1162">
     <span class='ocr_line' id='line_1_15' title="bbox 237 1057 1004 1106; baseline -0.01 -1"><span class='ocrx_word' id='word_1_62' title='bbox 237 1068 331 1106; x_wconf 70' lang='lat' dir='ltr'><strong>Ant.</strong></span> <span class='ocrx_word' id='word_1_63' title='bbox 375 1062 569 1104; x_wconf 65' lang='lat' dir='ltr'><strong>Laudate</strong></span> <span class='ocrx_word' id='word_1_64' title='bbox 609 1063 632 1086; x_wconf 88' lang='lat'>*</span> <span class='ocrx_word' id='word_1_65' title='bbox 673 1059 907 1101; x_wconf 70' lang='lat' dir='ltr'><strong>Deminum</strong></span> <span class='ocrx_word' id='word_1_66' title='bbox 950 1057 1004 1098; x_wconf 88' lang='lat' dir='ltr'><strong>de</strong></span> 
     </span>
     <span class='ocr_line' id='line_1_16' title="bbox 184 1120 317 1162; baseline -0.008 0"><span class='ocrx_word' id='word_1_67' title='bbox 184 1120 317 1162; x_wconf 89' lang='lat' dir='ltr'><strong>coelis.</strong></span> 
     </span>
    </p>

    <p class='ocr_par' dir='ltr' id='par_1_10' title="bbox 239 1182 746 1231">
     <span class='ocr_line' id='line_1_17' title="bbox 239 1182 746 1231; baseline -0.008 -12"><span class='ocrx_word' id='word_1_68' title='bbox 239 1187 296 1219; x_wconf 78' lang='lat' dir='ltr'><strong>l&#39;s.</strong></span> <span class='ocrx_word' id='word_1_69' title='bbox 324 1186 431 1220; x_wconf 78' lang='lat' dir='ltr'><strong>idem,</strong></span> <span class='ocrx_word' id='word_1_70' title='bbox 458 1191 497 1219; x_wconf 84' lang='lat' dir='ltr'><strong>ut</strong></span> <span class='ocrx_word' id='word_1_71' title='bbox 523 1194 636 1227; x_wconf 74' lang='lat' dir='ltr'><strong>supra</strong></span> <span class='ocrx_word' id='word_1_72' title='bbox 663 1182 712 1215; x_wconf 77' lang='lat'><strong>16.</strong></span> <span class='ocrx_word' id='word_1_73' title='bbox 739 1225 746 1231; x_wconf 38' lang='lat'>¹</span> 
     </span>
    </p>

    <p class='ocr_par' dir='ltr' id='par_1_11' title="bbox 185 1243 1006 1375">
     <span class='ocr_line' id='line_1_18' title="bbox 238 1243 1005 1289; baseline -0.007 -9"><span class='ocrx_word' id='word_1_74' title='bbox 238 1247 541 1289; x_wconf 61' lang='lat' dir='ltr'><strong>‹Iapit.scqi1e1is</strong></span> <span class='ocrx_word' id='word_1_75' title='bbox 557 1244 696 1278; x_wconf 74' lang='lat' dir='ltr'><strong>dicitur</strong></span> <span class='ocrx_word' id='word_1_76' title='bbox 712 1244 746 1277; x_wconf 89' lang='lat' dir='ltr'><strong>in</strong></span> <span class='ocrx_word' id='word_1_77' title='bbox 764 1243 884 1277; x_wconf 74' lang='lat' dir='ltr'><strong>feriali</strong></span> <span class='ocrx_word' id='word_1_78' title='bbox 901 1243 1005 1276; x_wconf 75' lang='lat' dir='ltr'><strong>Offic.</strong></span> 
     </span>
     <span class='ocr_line' id='line_1_19' title="bbox 186 1291 1006 1335; baseline -0.007 -7"><span class='ocrx_word' id='word_1_79' title='bbox 186 1296 232 1328; x_wconf 75' lang='lat' dir='ltr'><strong>nb</strong></span> <span class='ocrx_word' id='word_1_80' title='bbox 259 1295 337 1327; x_wconf 71' lang='lat' dir='ltr'><strong>Oct.</strong></span> <span class='ocrx_word' id='word_1_81' title='bbox 373 1294 614 1327; x_wconf 51' lang='lat' dir='ltr'><strong>Pente-costes</strong></span> <span class='ocrx_word' id='word_1_82' title='bbox 646 1303 766 1335; x_wconf 81' lang='lat' dir='ltr'><strong>usque</strong></span> <span class='ocrx_word' id='word_1_83' title='bbox 798 1291 845 1324; x_wconf 76' lang='lat' dir='ltr'><strong>ad</strong></span> <span class='ocrx_word' id='word_1_84' title='bbox 879 1291 1006 1323; x_wconf 83' lang='lat' dir='ltr'><strong>Domi-</strong></span> 
     </span>
     <span class='ocr_line' id='line_1_20' title="bbox 185 1342 595 1375; baseline -0.005 0"><span class='ocrx_word' id='word_1_85' title='bbox 185 1343 306 1375; x_wconf 74' lang='lat' dir='ltr'><strong>nicam</strong></span> <span class='ocrx_word' id='word_1_86' title='bbox 337 1342 359 1374; x_wconf 81' lang='grc' dir='ltr'><strong>Ι.</strong></span> <span class='ocrx_word' id='word_1_87' title='bbox 387 1342 595 1374; x_wconf 68' lang='lat' dir='ltr'><strong>Adventus.</strong></span> 
     </span>
    </p>
   </div>
   <div class='ocr_carea' id='block_1_7' title="bbox 239 1397 954 1451">
    <p class='ocr_par' dir='ltr' id='par_1_12' title="bbox 239 1397 954 1451">
     <span class='ocr_line' id='line_1_21' title="bbox 239 1397 954 1451; baseline -0.006 -10"><span class='ocrx_word' id='word_1_88' title='bbox 239 1401 492 1451; x_wconf 69' lang='lat' dir='ltr'><strong>Capitulum.</strong></span> <span class='ocrx_word' id='word_1_89' title='bbox 695 1400 819 1439; x_wconf 86' lang='lat' dir='ltr'><strong>Rom.</strong></span> <span class='ocrx_word' id='word_1_90' title='bbox 840 1399 895 1437; x_wconf 73' lang='lat'><strong>13.</strong></span> <span class='ocrx_word' id='word_1_91' title='bbox 917 1397 954 1437; x_wconf 90' lang='lat' dir='ltr'><strong>d.</strong></span> 
     </span>
    </p>
   </div>
   <div class='ocr_carea' id='block_1_8' title="bbox 185 1464 1010 1732">
    <p class='ocr_par' dir='ltr' id='par_1_13' title="bbox 185 1464 1010 1732">
     <span class='ocr_line' id='line_1_22' title="bbox 185 1464 1007 1570; baseline -0.007 -61"><span class='ocrx_word' id='word_1_92' title='bbox 185 1464 338 1570; x_wconf 85' lang='lat' dir='ltr'><strong>Nox</strong></span> <span class='ocrx_word' id='word_1_93' title='bbox 364 1467 604 1520; x_wconf 65' lang='lat' dir='ltr'><strong>praecessit,</strong></span> <span class='ocrx_word' id='word_1_94' title='bbox 637 1465 729 1507; x_wconf 92' lang='lat' dir='ltr'><strong>dies</strong></span> <span class='ocrx_word' id='word_1_95' title='bbox 762 1470 906 1506; x_wconf 86' lang='lat' dir='ltr'><strong>autem</strong></span> <span class='ocrx_word' id='word_1_96' title='bbox 935 1477 1007 1516; x_wconf 84' lang='lat' dir='ltr'><strong>ap-</strong></span> 
     </span>
     <span class='ocr_line' id='line_1_23' title="bbox 298 1521 1008 1576; baseline -0.007 -11"><span class='ocrx_word' id='word_1_97' title='bbox 298 1523 618 1576; x_wconf 66' lang='lat' dir='ltr'>propinquavit.</span> <span class='ocrx_word' id='word_1_98' title='bbox 628 1521 894 1573; x_wconf 71' lang='lat' dir='ltr'><strong>Abjiciamus</strong></span> <span class='ocrx_word' id='word_1_99' title='bbox 903 1532 1008 1570; x_wconf 87' lang='lat' dir='ltr'><strong>ergo</strong></span> 
     </span>
     <span class='ocr_line' id='line_1_24' title="bbox 189 1575 1010 1632; baseline -0.007 -11"><span class='ocrx_word' id='word_1_100' title='bbox 189 1583 323 1632; x_wconf 73' lang='lat' dir='ltr'><strong>Opera</strong></span> <span class='ocrx_word' id='word_1_101' title='bbox 362 1579 656 1626; x_wconf 72' lang='lat' dir='ltr'><strong>tenebrarum,</strong></span> <span class='ocrx_word' id='word_1_102' title='bbox 698 1583 741 1619; x_wconf 94' lang='lat' dir='ltr'><strong>et</strong></span> <span class='ocrx_word' id='word_1_103' title='bbox 780 1575 1010 1617; x_wconf 68' lang='lat' dir='ltr'><strong>induemur</strong></span> 
     </span>
     <span class='ocr_line' id='line_1_25' title="bbox 189 1632 1010 1677; baseline -0.006 0"><span class='ocrx_word' id='word_1_104' title='bbox 189 1649 308 1677; x_wconf 87' lang='lat' dir='ltr'><strong>arma</strong></span> <span class='ocrx_word' id='word_1_105' title='bbox 341 1635 459 1676; x_wconf 89' lang='lat' dir='ltr'><strong>lueis.</strong></span> <span class='ocrx_word' id='word_1_106' title='bbox 513 1634 631 1675; x_wconf 84' lang='lat' dir='ltr'><strong>Sicut</strong></span> <span class='ocrx_word' id='word_1_107' title='bbox 660 1634 703 1673; x_wconf 93' lang='lat' dir='ltr'><strong>in</strong></span> <span class='ocrx_word' id='word_1_108' title='bbox 732 1632 801 1674; x_wconf 91' lang='lat' dir='ltr'><strong>die</strong></span> <span class='ocrx_word' id='word_1_109' title='bbox 828 1632 1010 1673; x_wconf 88' lang='lat' dir='ltr'><strong>honeste</strong></span> 
     </span>
     <span class='ocr_line' id='line_1_26' title="bbox 190 1690 469 1732; baseline -0.007 0"><span class='ocrx_word' id='word_1_110' title='bbox 190 1690 469 1732; x_wconf 86' lang='lat' dir='ltr'><strong>ambulemus.</strong></span> 
     </span>
    </p>
   </div>
   <div class='ocr_carea' id='block_1_9' title="bbox 191 1760 935 2266">
    <p class='ocr_par' dir='ltr' id='par_1_14' title="bbox 287 1760 883 1871">
     <span class='ocr_line' id='line_1_27' title="bbox 499 1760 703 1810; baseline -0.005 -12"><span class='ocrx_word' id='word_1_111' title='bbox 499 1760 703 1810; x_wconf 68' lang='lat' dir='ltr'><strong>Hymnus</strong></span> 
     </span>
     <span class='ocr_line' id='line_1_28' title="bbox 287 1817 883 1871; baseline -0.003 -11"><span class='ocrx_word' id='word_1_112' title='bbox 287 1818 471 1871; x_wconf 91' lang='lat' dir='ltr'><strong>plendor</strong></span> <span class='ocrx_word' id='word_1_113' title='bbox 499 1820 692 1870; x_wconf 86' lang='lat' dir='ltr'><strong>paternae</strong></span> <span class='ocrx_word' id='word_1_114' title='bbox 720 1817 883 1868; x_wconf 76' lang='lat' dir='ltr'><strong>gloriae,</strong></span> 
     </span>
    </p>

    <p class='ocr_par' dir='ltr' id='par_1_15' title="bbox 191 1873 935 2027">
     <span class='ocr_line' id='line_1_29' title="bbox 191 1873 935 1925; baseline 0 -12"><span class='ocrx_word' id='word_1_115' title='bbox 191 1911 193 1913; x_wconf 87' lang='lat'>.</span> <span class='ocrx_word' id='word_1_116' title='bbox 310 1875 378 1915; x_wconf 89' lang='lat' dir='ltr'><strong>De</strong></span> <span class='ocrx_word' id='word_1_117' title='bbox 405 1873 501 1915; x_wconf 88' lang='lat' dir='ltr'><strong>luce</strong></span> <span class='ocrx_word' id='word_1_118' title='bbox 528 1873 670 1914; x_wconf 90' lang='lat' dir='ltr'><strong>lucem</strong></span> <span class='ocrx_word' id='word_1_119' title='bbox 697 1873 935 1925; x_wconf 72' lang='lat' dir='ltr'><strong>preferens,</strong></span> 
     </span>
     <span class='ocr_line' id='line_1_30' title="bbox 269 1929 915 1978; baseline -0.003 -7"><span class='ocrx_word' id='word_1_120' title='bbox 269 1930 365 1971; x_wconf 83' lang='lat' dir='ltr'><strong>Lux</strong></span> <span class='ocrx_word' id='word_1_121' title='bbox 392 1930 510 1978; x_wconf 83' lang='lat' dir='ltr'><strong>lucis,</strong></span> <span class='ocrx_word' id='word_1_122' title='bbox 539 1934 582 1970; x_wconf 88' lang='lat' dir='ltr'><strong>et</strong></span> <span class='ocrx_word' id='word_1_123' title='bbox 610 1929 705 1970; x_wconf 89' lang='lat' dir='ltr'><strong>fons</strong></span> <span class='ocrx_word' id='word_1_124' title='bbox 731 1929 915 1978; x_wconf 78' lang='lat' dir='ltr'><strong>luminis,</strong></span> 
     </span>
     <span class='ocr_line' id='line_1_31' title="bbox 270 1984 806 2027; baseline -0.002 -1"><span class='ocrx_word' id='word_1_125' title='bbox 270 1986 396 2027; x_wconf 90' lang='lat' dir='ltr'><strong>Diem</strong></span> <span class='ocrx_word' id='word_1_126' title='bbox 426 1985 517 2027; x_wconf 89' lang='lat' dir='ltr'><strong>dies</strong></span> <span class='ocrx_word' id='word_1_127' title='bbox 545 1984 806 2026; x_wconf 81' lang='lat' dir='ltr'><strong>illuminans:</strong></span> 
     </span>
    </p>

    <p class='ocr_par' dir='ltr' id='par_1_16' title="bbox 229 2057 880 2266">
     <span class='ocr_line' id='line_1_32' title="bbox 229 2057 762 2110; baseline -0.004 -11"><span class='ocrx_word' id='word_1_128' title='bbox 229 2060 451 2110; x_wconf 79' lang='lat' dir='ltr'><strong>Verusque</strong></span> <span class='ocrx_word' id='word_1_129' title='bbox 479 2057 545 2098; x_wconf 93' lang='lat' dir='ltr'><strong>sol</strong></span> <span class='ocrx_word' id='word_1_130' title='bbox 572 2057 762 2106; x_wconf 70' lang='lat' dir='ltr'><strong>illabere,</strong></span> 
     </span>
     <span class='ocr_line' id='line_1_33' title="bbox 272 2114 817 2165; baseline -0.002 -11"><span class='ocrx_word' id='word_1_131' title='bbox 272 2114 436 2154; x_wconf 86' lang='lat' dir='ltr'><strong>Micans</strong></span> <span class='ocrx_word' id='word_1_132' title='bbox 463 2114 603 2154; x_wconf 74' lang='lat' dir='ltr'><strong>nitere</strong></span> <span class='ocrx_word' id='word_1_133' title='bbox 631 2114 817 2165; x_wconf 85' lang='lat' dir='ltr'><strong>perpeti:</strong></span> 
     </span>
     <span class='ocr_line' id='line_1_34' title="bbox 272 2169 869 2221; baseline -0.003 -10"><span class='ocrx_word' id='word_1_134' title='bbox 272 2169 493 2221; x_wconf 70' lang='lat' dir='ltr'><strong>Jubarque</strong></span> <span class='ocrx_word' id='word_1_135' title='bbox 521 2169 658 2210; x_wconf 89' lang='lat' dir='ltr'><strong>sancti</strong></span> <span class='ocrx_word' id='word_1_136' title='bbox 685 2169 869 2221; x_wconf 82' lang='lat' dir='ltr'>Spiritus</span> 
     </span>
     <span class='ocr_line' id='line_1_35' title="bbox 274 2224 880 2266; baseline -0.002 0"><span class='ocrx_word' id='word_1_137' title='bbox 274 2224 457 2266; x_wconf 77' lang='lat' dir='ltr'><strong>Infunde</strong></span> <span class='ocrx_word' id='word_1_138' title='bbox 485 2225 644 2266; x_wconf 90' lang='lat' dir='ltr'><strong>nostris</strong></span> <span class='ocrx_word' id='word_1_139' title='bbox 672 2224 880 2266; x_wconf 90' lang='lat' dir='ltr'><strong>sensibus.</strong></span> 
     </span>
    </p>
   </div>
   <div class='ocr_carea' id='block_1_10' title="bbox 225 2298 900 2634">
    <p class='ocr_par' dir='ltr' id='par_1_17' title="bbox 233 2298 900 2517">
     <span class='ocr_line' id='line_1_36' title="bbox 233 2298 868 2346; baseline 0 -8"><span class='ocrx_word' id='word_1_140' title='bbox 233 2298 351 2339; x_wconf 76' lang='lat' dir='ltr'><strong>Votis</strong></span> <span class='ocrx_word' id='word_1_141' title='bbox 380 2299 585 2339; x_wconf 87' lang='lat' dir='ltr'><strong>vocemus</strong></span> <span class='ocrx_word' id='word_1_142' title='bbox 613 2303 656 2339; x_wconf 91' lang='lat' dir='ltr'><strong>et</strong></span> <span class='ocrx_word' id='word_1_143' title='bbox 682 2298 868 2346; x_wconf 85' lang='lat' dir='ltr'><strong>Patrem,</strong></span> 
     </span>
     <span class='ocr_line' id='line_1_37' title="bbox 275 2354 857 2405; baseline 0.002 -11"><span class='ocrx_word' id='word_1_144' title='bbox 275 2354 448 2395; x_wconf 89' lang='lat' dir='ltr'><strong>Patrem</strong></span> <span class='ocrx_word' id='word_1_145' title='bbox 476 2354 666 2405; x_wconf 90' lang='lat' dir='ltr'><strong>potentis</strong></span> <span class='ocrx_word' id='word_1_146' title='bbox 694 2354 857 2403; x_wconf 67' lang='lat' dir='ltr'><strong>gratiae,</strong></span> 
     </span>
     <span class='ocr_line' id='line_1_38' title="bbox 276 2408 874 2461; baseline -0.002 -11"><span class='ocrx_word' id='word_1_147' title='bbox 276 2410 449 2450; x_wconf 88' lang='lat' dir='ltr'><strong>Patrem</strong></span> <span class='ocrx_word' id='word_1_148' title='bbox 478 2409 679 2461; x_wconf 89' lang='lat' dir='ltr'><strong>perennis</strong></span> <span class='ocrx_word' id='word_1_149' title='bbox 707 2408 874 2459; x_wconf 73' lang='lat' dir='ltr'><strong>gldriae:</strong></span> 
     </span>
     <span class='ocr_line' id='line_1_39' title="bbox 279 2463 900 2517; baseline -0.002 -11"><span class='ocrx_word' id='word_1_150' title='bbox 279 2464 460 2517; x_wconf 87' lang='lat' dir='ltr'>Culpam</span> <span class='ocrx_word' id='word_1_151' title='bbox 489 2463 651 2514; x_wconf 89' lang='lat' dir='ltr'><strong>releget</strong></span> <span class='ocrx_word' id='word_1_152' title='bbox 678 2464 900 2506; x_wconf 82' lang='lat' dir='ltr'><strong>lubricam.</strong></span> 
     </span>
    </p>

    <p class='ocr_par' dir='ltr' id='par_1_18' title="bbox 225 2537 858 2634">
     <span class='ocr_line' id='line_1_40' title="bbox 225 2537 858 2579; baseline 0.002 -2"><span class='ocrx_word' id='word_1_153' title='bbox 225 2537 464 2579; x_wconf 79' lang='lat' dir='ltr'><strong>Confirmet</strong></span> <span class='ocrx_word' id='word_1_154' title='bbox 491 2543 614 2578; x_wconf 84' lang='lat' dir='ltr'><strong>aetus</strong></span> <span class='ocrx_word' id='word_1_155' title='bbox 641 2539 858 2578; x_wconf 83' lang='lat' dir='ltr'><strong>strenuos:</strong></span> 
     </span>
     <span class='ocr_line' id='line_1_41' title="bbox 278 2592 850 2634; baseline -0.002 0"><span class='ocrx_word' id='word_1_156' title='bbox 278 2593 442 2634; x_wconf 85' lang='lat' dir='ltr'><strong>Dentes</strong></span> <span class='ocrx_word' id='word_1_157' title='bbox 471 2592 673 2633; x_wconf 80' lang='lat' dir='ltr'><strong>retundat</strong></span> <span class='ocrx_word' id='word_1_158' title='bbox 701 2592 850 2634; x_wconf 90' lang='lat' dir='ltr'><strong>invidi:</strong></span> 
     </span>
    </p>
   </div>
   <div class='ocr_carea' id='block_1_11' title="bbox 278 2647 878 2757">
    <p class='ocr_par' dir='ltr' id='par_1_19' title="bbox 278 2647 878 2757">
     <span class='ocr_line' id='line_1_42' title="bbox 278 2647 878 2700; baseline -0.002 -10"><span class='ocrx_word' id='word_1_159' title='bbox 278 2650 414 2690; x_wconf 85' lang='lat' dir='ltr'><strong>Casus</strong></span> <span class='ocrx_word' id='word_1_160' title='bbox 442 2647 652 2689; x_wconf 80' lang='lat' dir='ltr'><strong>secundet</strong></span> <span class='ocrx_word' id='word_1_161' title='bbox 680 2650 878 2700; x_wconf 63' lang='lat' dir='ltr'><strong>asperos:</strong></span> 
     </span>
     <span class='ocr_line' id='line_1_43' title="bbox 278 2703 803 2757; baseline 0 -12"><span class='ocrx_word' id='word_1_162' title='bbox 278 2703 461 2757; x_wconf 79' lang='lat' dir='ltr'><strong>Agenda</strong></span> <span class='ocrx_word' id='word_1_163' title='bbox 490 2709 608 2747; x_wconf 85' lang='lat' dir='ltr'><strong>recte</strong></span> <span class='ocrx_word' id='word_1_164' title='bbox 637 2703 803 2754; x_wconf 74' lang='lat' dir='ltr'><strong>dirigat,</strong></span> 
     </span>
    </p>
   </div>
   <div class='ocr_carea' id='block_1_12' title="bbox 746 204 1314 245">
    <p class='ocr_par' dir='ltr' id='par_1_20' title="bbox 746 204 1314 245">
     <span class='ocr_line' id='line_1_44' title="bbox 746 204 1314 245; baseline -0.016 0"><span class='ocrx_word' id='word_1_165' title='bbox 746 212 852 245; x_wconf 64' lang='lat' dir='ltr'><strong>Furia</strong></span> <span class='ocrx_word' id='word_1_166' title='bbox 882 208 1048 242; x_wconf 72' lang='lat' dir='ltr'><strong>secunda</strong></span> <span class='ocrx_word' id='word_1_167' title='bbox 1076 207 1123 240; x_wconf 67' lang='lat' dir='ltr'><strong>ad</strong></span> <span class='ocrx_word' id='word_1_168' title='bbox 1153 204 1314 238; x_wconf 71' lang='lat' dir='ltr'><strong>Laudes.</strong></span> 
     </span>
    </p>
   </div>
   <div class='ocr_carea' id='block_1_13' title="bbox 1083 294 1750 507">
    <p class='ocr_par' dir='ltr' id='par_1_21' title="bbox 1083 294 1750 507">
     <span class='ocr_line' id='line_1_45' title="bbox 1083 294 1750 347; baseline -0.015 -6"><span class='ocrx_word' id='word_1_169' title='bbox 1083 301 1269 340; x_wconf 88' lang='lat' dir='ltr'><strong>Mentem</strong></span> <span class='ocrx_word' id='word_1_170' title='bbox 1296 294 1511 347; x_wconf 77' lang='lat' dir='ltr'><strong>gubernet</strong></span> <span class='ocrx_word' id='word_1_171' title='bbox 1539 297 1583 334; x_wconf 91' lang='lat' dir='ltr'><strong>et</strong></span> <span class='ocrx_word' id='word_1_172' title='bbox 1609 295 1750 342; x_wconf 83' lang='lat' dir='ltr'><strong>regat:</strong></span> 
     </span>
     <span class='ocr_line' id='line_1_46' title="bbox 1127 348 1707 406; baseline -0.017 -10"><span class='ocrx_word' id='word_1_173' title='bbox 1127 355 1191 396; x_wconf 93' lang='lat' dir='ltr'><strong>Sit</strong></span> <span class='ocrx_word' id='word_1_174' title='bbox 1217 365 1328 406; x_wconf 84' lang='lat' dir='ltr'><strong>pura</strong></span> <span class='ocrx_word' id='word_1_175' title='bbox 1355 349 1483 392; x_wconf 91' lang='lat' dir='ltr'><strong>nobis</strong></span> <span class='ocrx_word' id='word_1_176' title='bbox 1512 348 1707 390; x_wconf 69' lang='lat' dir='ltr'><strong>castitas:</strong></span> 
     </span>
     <span class='ocr_line' id='line_1_47' title="bbox 1128 406 1642 453; baseline -0.012 -2"><span class='ocrx_word' id='word_1_177' title='bbox 1128 409 1259 451; x_wconf 87' lang='lat' dir='ltr'><strong>Fides</strong></span> <span class='ocrx_word' id='word_1_178' title='bbox 1289 407 1435 449; x_wconf 84' lang='lat' dir='ltr'><strong>calore</strong></span> <span class='ocrx_word' id='word_1_179' title='bbox 1464 406 1642 453; x_wconf 84' lang='lat' dir='ltr'><strong>ferveat,</strong></span> 
     </span>
     <span class='ocr_line' id='line_1_48' title="bbox 1129 460 1713 507; baseline -0.012 0"><span class='ocrx_word' id='word_1_180' title='bbox 1129 464 1313 507; x_wconf 83' lang='lat' dir='ltr'>Fraudis</span> <span class='ocrx_word' id='word_1_181' title='bbox 1341 464 1509 504; x_wconf 86' lang='lat' dir='ltr'><strong>venena</strong></span> <span class='ocrx_word' id='word_1_182' title='bbox 1536 460 1713 502; x_wconf 85' lang='lat' dir='ltr'><strong>nesciat.</strong></span> 
     </span>
    </p>
   </div>
   <div class='ocr_carea' id='block_1_14' title="bbox 1079 536 1772 896">
    <p class='ocr_par' dir='ltr' id='par_1_22' title="bbox 1079 536 1772 761">
     <span class='ocr_line' id='line_1_49' title="bbox 1079 536 1767 595; baseline -0.013 -9"><span class='ocrx_word' id='word_1_183' title='bbox 1079 545 1365 595; x_wconf 76' lang='lat' dir='ltr'><strong>Christusque</strong></span> <span class='ocrx_word' id='word_1_184' title='bbox 1393 539 1520 582; x_wconf 92' lang='lat' dir='ltr'><strong>nobis</strong></span> <span class='ocrx_word' id='word_1_185' title='bbox 1548 539 1604 580; x_wconf 91' lang='lat' dir='ltr'><strong>sit</strong></span> <span class='ocrx_word' id='word_1_186' title='bbox 1633 536 1767 586; x_wconf 89' lang='lat' dir='ltr'><strong>cibus,</strong></span> 
     </span>
     <span class='ocr_line' id='line_1_50' title="bbox 1129 592 1772 651; baseline -0.014 -9"><span class='ocrx_word' id='word_1_187' title='bbox 1129 601 1354 651; x_wconf 81' lang='lat' dir='ltr'><strong>Potusque</strong></span> <span class='ocrx_word' id='word_1_188' title='bbox 1382 601 1532 638; x_wconf 90' lang='lat' dir='ltr'><strong>noster</strong></span> <span class='ocrx_word' id='word_1_189' title='bbox 1560 595 1617 636; x_wconf 91' lang='lat' dir='ltr'><strong>sit</strong></span> <span class='ocrx_word' id='word_1_190' title='bbox 1644 592 1772 635; x_wconf 89' lang='lat' dir='ltr'><strong>fides:</strong></span> 
     </span>
     <span class='ocr_line' id='line_1_51' title="bbox 1130 651 1694 698; baseline -0.014 0"><span class='ocrx_word' id='word_1_191' title='bbox 1130 656 1242 698; x_wconf 87' lang='lat' dir='ltr'><strong>Laeti</strong></span> <span class='ocrx_word' id='word_1_192' title='bbox 1268 654 1470 696; x_wconf 67' lang='lat' dir='ltr'><strong>bibamus</strong></span> <span class='ocrx_word' id='word_1_193' title='bbox 1499 651 1694 692; x_wconf 85' lang='lat' dir='ltr'><strong>sobriam</strong></span> 
     </span>
     <span class='ocr_line' id='line_1_52' title="bbox 1130 708 1662 761; baseline -0.013 -7"><span class='ocrx_word' id='word_1_194' title='bbox 1130 711 1436 754; x_wconf 82' lang='lat' dir='ltr'><strong>Profusionem</strong></span> <span class='ocrx_word' id='word_1_195' title='bbox 1463 708 1662 761; x_wconf 78' lang='lat' dir='ltr'><strong>Spiritus.</strong></span> 
     </span>
    </p>

    <p class='ocr_par' dir='ltr' id='par_1_23' title="bbox 1080 787 1725 896">
     <span class='ocr_line' id='line_1_53' title="bbox 1080 787 1688 832; baseline -0.013 0"><span class='ocrx_word' id='word_1_196' title='bbox 1080 792 1229 832; x_wconf 81' lang='lat' dir='ltr'><strong>Laetus</strong></span> <span class='ocrx_word' id='word_1_197' title='bbox 1257 789 1351 830; x_wconf 91' lang='lat' dir='ltr'><strong>dies</strong></span> <span class='ocrx_word' id='word_1_198' title='bbox 1378 787 1449 828; x_wconf 91' lang='lat' dir='ltr'><strong>hic</strong></span> <span class='ocrx_word' id='word_1_199' title='bbox 1476 787 1688 827; x_wconf 68' lang='lat' dir='ltr'><strong>transeat:</strong></span> 
     </span>
     <span class='ocr_line' id='line_1_54' title="bbox 1127 839 1725 896; baseline -0.015 -8"><span class='ocrx_word' id='word_1_200' title='bbox 1127 846 1280 896; x_wconf 67' lang='lat' dir='ltr'><strong>⁴Pudor</strong></span> <span class='ocrx_word' id='word_1_201' title='bbox 1309 845 1364 886; x_wconf 93' lang='lat' dir='ltr'><strong>sit</strong></span> <span class='ocrx_word' id='word_1_202' title='bbox 1391 848 1440 884; x_wconf 90' lang='lat' dir='ltr'><strong>ut</strong></span> <span class='ocrx_word' id='word_1_203' title='bbox 1468 839 1725 883; x_wconf 82' lang='lat' dir='ltr'><strong>diluculum:</strong></span> 
     </span>
    </p>
   </div>
   <div class='ocr_carea' id='block_1_15' title="bbox 1133 896 1809 1011">
    <p class='ocr_par' dir='ltr' id='par_1_24' title="bbox 1133 896 1809 1011">
     <span class='ocr_line' id='line_1_55' title="bbox 1133 896 1662 944; baseline -0.015 0"><span class='ocrx_word' id='word_1_204' title='bbox 1133 902 1264 944; x_wconf 90' lang='lat' dir='ltr'><strong>Fides</strong></span> <span class='ocrx_word' id='word_1_205' title='bbox 1293 900 1412 942; x_wconf 92' lang='lat' dir='ltr'><strong>velut</strong></span> <span class='ocrx_word' id='word_1_206' title='bbox 1439 896 1662 939; x_wconf 88' lang='lat' dir='ltr'><strong>meridies:</strong></span> 
     </span>
     <span class='ocr_line' id='line_1_56' title="bbox 1135 953 1809 1011; baseline -0.012 -10"><span class='ocrx_word' id='word_1_207' title='bbox 1135 956 1452 1011; x_wconf 80' lang='lat' dir='ltr'><strong>Crepusculum</strong></span> <span class='ocrx_word' id='word_1_208' title='bbox 1479 966 1604 995; x_wconf 89' lang='lat' dir='ltr'><strong>mens</strong></span> <span class='ocrx_word' id='word_1_209' title='bbox 1631 953 1809 994; x_wconf 88' lang='lat' dir='ltr'><strong>neseiat.</strong></span> 
     </span>
    </p>
   </div>
   <div class='ocr_carea' id='block_1_16' title="bbox 1091 1031 1761 1247">
    <p class='ocr_par' dir='ltr' id='par_1_25' title="bbox 1091 1031 1742 1192">
     <span class='ocr_line' id='line_1_57' title="bbox 1091 1031 1670 1085; baseline -0.012 -7"><span class='ocrx_word' id='word_1_210' title='bbox 1091 1038 1257 1078; x_wconf 78' lang='lat' dir='ltr'><strong>Aurora</strong></span> <span class='ocrx_word' id='word_1_211' title='bbox 1284 1034 1427 1076; x_wconf 87' lang='lat' dir='ltr'><strong>lucem</strong></span> <span class='ocrx_word' id='word_1_212' title='bbox 1454 1031 1670 1085; x_wconf 83' lang='lat' dir='ltr'><strong>provehit,</strong></span> 
     </span>
     <span class='ocr_line' id='line_1_58' title="bbox 1136 1086 1742 1140; baseline -0.012 -6"><span class='ocrx_word' id='word_1_213' title='bbox 1136 1094 1245 1134; x_wconf 91' lang='lat' dir='ltr'><strong>Cum</strong></span> <span class='ocrx_word' id='word_1_214' title='bbox 1272 1091 1370 1132; x_wconf 90' lang='lat' dir='ltr'><strong>luce</strong></span> <span class='ocrx_word' id='word_1_215' title='bbox 1397 1088 1525 1130; x_wconf 89' lang='lat' dir='ltr'><strong>nobis</strong></span> <span class='ocrx_word' id='word_1_216' title='bbox 1552 1086 1742 1140; x_wconf 85' lang='lat' dir='ltr'><strong>prodeat</strong></span> 
     </span>
     <span class='ocr_line' id='line_1_59' title="bbox 1134 1143 1667 1192; baseline -0.013 -2"><span class='ocrx_word' id='word_1_217' title='bbox 1134 1150 1185 1190; x_wconf 89' lang='lat' dir='ltr'><strong>In</strong></span> <span class='ocrx_word' id='word_1_218' title='bbox 1212 1149 1343 1189; x_wconf 87' lang='lat' dir='ltr'><strong>Patre</strong></span> <span class='ocrx_word' id='word_1_219' title='bbox 1370 1150 1490 1187; x_wconf 89' lang='lat' dir='ltr'><strong>totus</strong></span> <span class='ocrx_word' id='word_1_220' title='bbox 1518 1143 1667 1192; x_wconf 87' lang='lat' dir='ltr'><strong>Filius,</strong></span> 
     </span>
    </p>

    <p class='ocr_par' dir='ltr' id='par_1_26' title="bbox 1135 1199 1761 1247">
     <span class='ocr_line' id='line_1_60' title="bbox 1135 1199 1761 1247; baseline -0.013 0"><span class='ocrx_word' id='word_1_221' title='bbox 1135 1206 1192 1247; x_wconf 90' lang='lat' dir='ltr'><strong>Et</strong></span> <span class='ocrx_word' id='word_1_222' title='bbox 1219 1209 1338 1246; x_wconf 91' lang='lat' dir='ltr'><strong>totus</strong></span> <span class='ocrx_word' id='word_1_223' title='bbox 1365 1203 1410 1243; x_wconf 92' lang='lat' dir='ltr'><strong>in</strong></span> <span class='ocrx_word' id='word_1_224' title='bbox 1436 1200 1590 1243; x_wconf 89' lang='lat' dir='ltr'><strong>Verbo</strong></span> <span class='ocrx_word' id='word_1_225' title='bbox 1618 1199 1761 1241; x_wconf 84' lang='lat' dir='ltr'><strong>Pater.</strong></span> 
     </span>
    </p>
   </div>
   <div class='ocr_carea' id='block_1_17' title="bbox 1090 1278 1851 1545">
    <p class='ocr_par' dir='ltr' id='par_1_27' title="bbox 1090 1278 1851 1545">
     <span class='ocr_line' id='line_1_61' title="bbox 1090 1278 1591 1330; baseline -0.016 -4"><span class='ocrx_word' id='word_1_226' title='bbox 1090 1287 1182 1326; x_wconf 87' lang='lat' dir='ltr'><strong>Deo</strong></span> <span class='ocrx_word' id='word_1_227' title='bbox 1209 1281 1330 1323; x_wconf 86' lang='lat' dir='ltr'><strong>Patri</strong></span> <span class='ocrx_word' id='word_1_228' title='bbox 1357 1280 1413 1321; x_wconf 90' lang='lat' dir='ltr'><strong>sit</strong></span> <span class='ocrx_word' id='word_1_229' title='bbox 1440 1278 1591 1330; x_wconf 81' lang='lat' dir='ltr'><strong>gloria,</strong></span> 
     </span>
     <span class='ocr_line' id='line_1_62' title="bbox 1136 1334 1590 1390; baseline -0.009 -11"><span class='ocrx_word' id='word_1_230' title='bbox 1136 1339 1329 1390; x_wconf 84' lang='lat' dir='ltr'><strong>Ejusque</strong></span> <span class='ocrx_word' id='word_1_231' title='bbox 1357 1335 1441 1377; x_wconf 91' lang='lat' dir='ltr'><strong>soli</strong></span> <span class='ocrx_word' id='word_1_232' title='bbox 1466 1334 1590 1384; x_wconf 85' lang='lat' dir='ltr'><strong>Fflio,</strong></span> 
     </span>
     <span class='ocr_line' id='line_1_63' title="bbox 1139 1389 1700 1446; baseline -0.011 -10"><span class='ocrx_word' id='word_1_233' title='bbox 1139 1395 1248 1436; x_wconf 91' lang='lat' dir='ltr'><strong>Cum</strong></span> <span class='ocrx_word' id='word_1_234' title='bbox 1275 1393 1441 1446; x_wconf 88' lang='lat' dir='ltr'><strong>Spiritu</strong></span> <span class='ocrx_word' id='word_1_235' title='bbox 1467 1389 1700 1439; x_wconf 67' lang='lat' dir='ltr'><strong>ParaclitQ</strong></span> 
     </span>
     <span class='ocr_line' id='line_1_64' title="bbox 1136 1444 1851 1501; baseline -0.011 -9"><span class='ocrx_word' id='word_1_236' title='bbox 1136 1451 1265 1492; x_wconf 89' lang='lat' dir='ltr'><strong>Nunc</strong></span> <span class='ocrx_word' id='word_1_237' title='bbox 1293 1454 1337 1491; x_wconf 90' lang='lat' dir='ltr'><strong>et</strong></span> <span class='ocrx_word' id='word_1_238' title='bbox 1364 1461 1444 1501; x_wconf 90' lang='lat' dir='ltr'><strong>per</strong></span> <span class='ocrx_word' id='word_1_239' title='bbox 1473 1459 1602 1489; x_wconf 91' lang='lat' dir='ltr'><strong>omne</strong></span> <span class='ocrx_word' id='word_1_240' title='bbox 1631 1444 1851 1486; x_wconf 75' lang='lat' dir='ltr'><strong>saeculum.</strong></span> 
     </span>
     <span class='ocr_line' id='line_1_65' title="bbox 1373 1504 1526 1545; baseline -0.013 0"><span class='ocrx_word' id='word_1_241' title='bbox 1373 1504 1526 1545; x_wconf 84' lang='lat' dir='ltr'><strong>Amen.</strong></span> 
     </span>
    </p>
   </div>
   <div class='ocr_carea' id='block_1_18' title="bbox 1061 1565 1894 1733">
    <p class='ocr_par' dir='ltr' id='par_1_28' title="bbox 1061 1565 1894 1733">
     <span class='ocr_line' id='line_1_66' title="bbox 1116 1565 1894 1620; baseline -0.012 -6"><span class='ocrx_word' id='word_1_242' title='bbox 1116 1576 1198 1614; x_wconf 77' lang='lat' dir='ltr'><strong>Per</strong></span> <span class='ocrx_word' id='word_1_243' title='bbox 1230 1575 1414 1613; x_wconf 78' lang='lat' dir='ltr'><strong>Annum.</strong></span> <span class='ocrx_word' id='word_1_244' title='bbox 1460 1565 1511 1616; x_wconf 64' lang='lat' dir='ltr'><strong>V.</strong></span> <span class='ocrx_word' id='word_1_245' title='bbox 1538 1566 1717 1620; x_wconf 75' lang='lat' dir='ltr'><strong>Repleti</strong></span> <span class='ocrx_word' id='word_1_246' title='bbox 1743 1577 1894 1606; x_wconf 85' lang='lat' dir='ltr'><strong>sumus</strong></span> 
     </span>
     <span class='ocr_line' id='line_1_67' title="bbox 1061 1619 1894 1679; baseline -0.011 -9"><span class='ocrx_word' id='word_1_247' title='bbox 1061 1641 1188 1670; x_wconf 85' lang='lat' dir='ltr'><strong>mane</strong></span> <span class='ocrx_word' id='word_1_248' title='bbox 1215 1624 1517 1668; x_wconf 80' lang='lat' dir='ltr'><strong>misericordia</strong></span> <span class='ocrx_word' id='word_1_249' title='bbox 1544 1629 1630 1666; x_wconf 87' lang='lat' dir='ltr'><strong>tua.</strong></span> <span class='ocrx_word' id='word_1_250' title='bbox 1668 1627 1719 1679; x_wconf 72' lang='lat' dir='ltr'><strong>R.</strong></span> <span class='ocrx_word' id='word_1_251' title='bbox 1740 1619 1894 1662; x_wconf 81' lang='lat' dir='ltr'><strong>Exsul-</strong></span> 
     </span>
     <span class='ocr_line' id='line_1_68' title="bbox 1062 1680 1759 1733; baseline -0.011 -7"><span class='ocrx_word' id='word_1_252' title='bbox 1062 1685 1262 1733; x_wconf 50' lang='lat' dir='ltr'><strong>&amp;ivimus</strong></span> <span class='ocrx_word' id='word_1_253' title='bbox 1290 1688 1334 1724; x_wconf 89' lang='lat' dir='ltr'><strong>et</strong></span> <span class='ocrx_word' id='word_1_254' title='bbox 1362 1680 1571 1723; x_wconf 63' lang='lat' dir='ltr'><strong>delectati</strong></span> <span class='ocrx_word' id='word_1_255' title='bbox 1597 1691 1759 1720; x_wconf 90' lang='lat' dir='ltr'><strong>sumus.</strong></span> 
     </span>
    </p>
   </div>
   <div class='ocr_carea' id='block_1_19' title="bbox 1064 1741 1902 2059">
    <p class='ocr_par' dir='ltr' id='par_1_29' title="bbox 1064 1741 1896 1846">
     <span class='ocr_line' id='line_1_69' title="bbox 1119 1741 1896 1789; baseline -0.006 -1"><span class='ocrx_word' id='word_1_256' title='bbox 1119 1748 1188 1789; x_wconf 84' lang='lat' dir='ltr'><strong>Ad</strong></span> <span class='ocrx_word' id='word_1_257' title='bbox 1226 1747 1386 1789; x_wconf 80' lang='lat' dir='ltr'><strong>Bened.</strong></span> <span class='ocrx_word' id='word_1_258' title='bbox 1421 1747 1520 1787; x_wconf 87' lang='lat' dir='ltr'><strong>Ant.</strong></span> <span class='ocrx_word' id='word_1_259' title='bbox 1577 1741 1845 1785; x_wconf 86' lang='lat' dir='ltr'><strong>Benedictus</strong></span> <span class='ocrx_word' id='word_1_260' title='bbox 1871 1741 1896 1767; x_wconf 85' lang='grc'>*</span> 
     </span>
     <span class='ocr_line' id='line_1_70' title="bbox 1064 1800 1604 1846; baseline -0.009 0"><span class='ocrx_word' id='word_1_261' title='bbox 1064 1804 1278 1846; x_wconf 75' lang='lat' dir='ltr'><strong>Deminus</strong></span> <span class='ocrx_word' id='word_1_262' title='bbox 1304 1803 1427 1844; x_wconf 92' lang='lat' dir='ltr'><strong>Deus</strong></span> <span class='ocrx_word' id='word_1_263' title='bbox 1454 1800 1604 1842; x_wconf 79' lang='lat' dir='ltr'><strong>Israel.</strong></span> 
     </span>
    </p>

    <p class='ocr_par' dir='ltr' id='par_1_30' title="bbox 1067 1868 1902 2059">
     <span class='ocr_line' id='line_1_71' title="bbox 1119 1868 1902 1912; baseline -0.008 -6"><span class='ocrx_word' id='word_1_264' title='bbox 1119 1873 1162 1907; x_wconf 89' lang='lat' dir='ltr'><strong>In</strong></span> <span class='ocrx_word' id='word_1_265' title='bbox 1199 1873 1321 1906; x_wconf 76' lang='lat' dir='ltr'><strong>Feriis</strong></span> <span class='ocrx_word' id='word_1_266' title='bbox 1358 1872 1532 1912; x_wconf 83' lang='lat' dir='ltr'><strong>Quatuor</strong></span> <span class='ocrx_word' id='word_1_267' title='bbox 1567 1870 1820 1912; x_wconf 85' lang='lat' dir='ltr'><strong>Temporum,</strong></span> <span class='ocrx_word' id='word_1_268' title='bbox 1865 1868 1902 1900; x_wconf 88' lang='lat' dir='ltr'><strong>et</strong></span> 
     </span>
     <span class='ocr_line' id='line_1_72' title="bbox 1067 1914 1900 1963; baseline -0.008 -9"><span class='ocrx_word' id='word_1_269' title='bbox 1067 1921 1298 1963; x_wconf 72' lang='lat' dir='ltr'><strong>Vigiliarum</strong></span> <span class='ocrx_word' id='word_1_270' title='bbox 1326 1930 1413 1963; x_wconf 84' lang='lat' dir='ltr'><strong>quae</strong></span> <span class='ocrx_word' id='word_1_271' title='bbox 1444 1919 1662 1961; x_wconf 84' lang='lat' dir='ltr'><strong>jejunantur</strong></span> <span class='ocrx_word' id='word_1_272' title='bbox 1693 1919 1785 1960; x_wconf 86' lang='lat' dir='ltr'><strong>post</strong></span> <span class='ocrx_word' id='word_1_273' title='bbox 1811 1914 1900 1948; x_wconf 90' lang='lat' dir='ltr'><strong>Ant.</strong></span> 
     </span>
     <span class='ocr_line' id='line_1_73' title="bbox 1070 1961 1901 2009; baseline -0.008 -7"><span class='ocrx_word' id='word_1_274' title='bbox 1070 1969 1117 2002; x_wconf 74' lang='lat' dir='ltr'><strong>ad</strong></span> <span class='ocrx_word' id='word_1_275' title='bbox 1140 1968 1280 2002; x_wconf 80' lang='lat' dir='ltr'><strong>Bened.</strong></span> <span class='ocrx_word' id='word_1_276' title='bbox 1305 1967 1484 2002; x_wconf 86' lang='lat' dir='ltr'><strong>dicuntur</strong></span> <span class='ocrx_word' id='word_1_277' title='bbox 1504 1975 1611 2009; x_wconf 88' lang='lat' dir='ltr'><strong>sequ.</strong></span> <span class='ocrx_word' id='word_1_278' title='bbox 1628 1965 1770 1999; x_wconf 87' lang='lat' dir='ltr'><strong>Preces</strong></span> <span class='ocrx_word' id='word_1_279' title='bbox 1788 1961 1901 1996; x_wconf 86' lang='lat' dir='ltr'><strong>flexis</strong></span> 
     </span>
     <span class='ocr_line' id='line_1_74' title="bbox 1070 2011 1901 2059; baseline -0.008 -9"><span class='ocrx_word' id='word_1_280' title='bbox 1070 2016 1248 2059; x_wconf 70' lang='lat' dir='ltr'><strong>genibus:</strong></span> <span class='ocrx_word' id='word_1_281' title='bbox 1265 2015 1351 2048; x_wconf 71' lang='lat' dir='ltr'><strong>aliis</strong></span> <span class='ocrx_word' id='word_1_282' title='bbox 1370 2014 1609 2057; x_wconf 83' lang='lat' dir='ltr'><strong>temporibus</strong></span> <span class='ocrx_word' id='word_1_283' title='bbox 1620 2022 1698 2046; x_wconf 93' lang='lat' dir='ltr'><strong>non</strong></span> <span class='ocrx_word' id='word_1_284' title='bbox 1711 2011 1901 2046; x_wconf 89' lang='lat' dir='ltr'><strong>dicuntur.</strong></span> 
     </span>
    </p>
   </div>
   <div class='ocr_carea' id='block_1_20' title="bbox 1070 2075 1903 2747">
    <p class='ocr_par' dir='ltr' id='par_1_31' title="bbox 1070 2075 1903 2747">
     <span class='ocr_line' id='line_1_75' title="bbox 1166 2075 1898 2134; baseline -0.011 -12"><span class='ocrx_word' id='word_1_285' title='bbox 1166 2081 1258 2134; x_wconf 71' lang='lat' dir='ltr'><strong>yrie</strong></span> <span class='ocrx_word' id='word_1_286' title='bbox 1287 2080 1462 2122; x_wconf 87' lang='lat' dir='ltr'><strong>eleison.</strong></span> <span class='ocrx_word' id='word_1_287' title='bbox 1512 2078 1689 2121; x_wconf 89' lang='lat' dir='ltr'><strong>Christe</strong></span> <span class='ocrx_word' id='word_1_288' title='bbox 1722 2075 1898 2118; x_wconf 86' lang='lat' dir='ltr'><strong>eleison.</strong></span> 
     </span>
     <span class='ocr_line' id='line_1_76' title="bbox 1199 2136 1534 2189; baseline 0 -13"><span class='ocrx_word' id='word_1_289' title='bbox 1199 2137 1330 2189; x_wconf 73' lang='lat' dir='ltr'><strong>Kyrie</strong></span> <span class='ocrx_word' id='word_1_290' title='bbox 1359 2136 1534 2178; x_wconf 87' lang='lat' dir='ltr'><strong>eleison.</strong></span> 
     </span>
     <span class='ocr_line' id='line_1_77' title="bbox 1127 2190 1903 2235; baseline -0.008 0"><span class='ocrx_word' id='word_1_291' title='bbox 1127 2196 1250 2235; x_wconf 82' lang='lat' dir='ltr'><strong>Pater</strong></span> <span class='ocrx_word' id='word_1_292' title='bbox 1269 2198 1430 2234; x_wconf 88' lang='lat' dir='ltr'><strong>noster.</strong></span> <span class='ocrx_word' id='word_1_293' title='bbox 1454 2200 1596 2234; x_wconf 89' lang='lat' dir='ltr'><strong>totum</strong></span> <span class='ocrx_word' id='word_1_294' title='bbox 1612 2191 1769 2232; x_wconf 89' lang='lat' dir='ltr'><strong>dicitur</strong></span> <span class='ocrx_word' id='word_1_295' title='bbox 1786 2190 1903 2231; x_wconf 82' lang='lat' dir='ltr'><strong>clara</strong></span> 
     </span>
     <span class='ocr_line' id='line_1_78' title="bbox 1073 2248 1663 2301; baseline -0.005 -11"><span class='ocrx_word' id='word_1_296' title='bbox 1073 2264 1179 2291; x_wconf 80' lang='lat' dir='ltr'><strong>voce</strong></span> <span class='ocrx_word' id='word_1_297' title='bbox 1210 2252 1339 2291; x_wconf 75' lang='lat' dir='ltr'><strong>ctiam</strong></span> <span class='ocrx_word' id='word_1_298' title='bbox 1368 2251 1408 2289; x_wconf 92' lang='lat' dir='ltr'><strong>in</strong></span> <span class='ocrx_word' id='word_1_299' title='bbox 1441 2248 1663 2301; x_wconf 88' lang='lat' dir='ltr'><strong>Vesperis.</strong></span> 
     </span>
     <span class='ocr_line' id='line_1_79' title="bbox 1128 2305 1899 2356; baseline -0.009 -5"><span class='ocrx_word' id='word_1_300' title='bbox 1128 2305 1173 2356; x_wconf 56' lang='grc' dir='ltr'><strong>Υ.</strong></span> <span class='ocrx_word' id='word_1_301' title='bbox 1200 2311 1255 2351; x_wconf 89' lang='lat' dir='ltr'><strong>Et</strong></span> <span class='ocrx_word' id='word_1_302' title='bbox 1283 2322 1337 2351; x_wconf 92' lang='lat' dir='ltr'><strong>ne</strong></span> <span class='ocrx_word' id='word_1_303' title='bbox 1365 2322 1445 2350; x_wconf 91' lang='lat' dir='ltr'><strong>nos</strong></span> <span class='ocrx_word' id='word_1_304' title='bbox 1474 2307 1656 2349; x_wconf 77' lang='lat' dir='ltr'><strong>inducas</strong></span> <span class='ocrx_word' id='word_1_305' title='bbox 1688 2305 1732 2346; x_wconf 91' lang='lat' dir='ltr'><strong>in</strong></span> <span class='ocrx_word' id='word_1_306' title='bbox 1762 2308 1899 2346; x_wconf 87' lang='lat' dir='ltr'><strong>tenta-</strong></span> 
     </span>
     <span class='ocr_line' id='line_1_80' title="bbox 1070 2358 1900 2419; baseline -0.008 -13"><span class='ocrx_word' id='word_1_307' title='bbox 1070 2366 1244 2407; x_wconf 79' lang='lat' dir='ltr'><strong>tionem.</strong></span> <span class='ocrx_word' id='word_1_308' title='bbox 1275 2369 1324 2419; x_wconf 57' lang='lat' dir='ltr'><strong>Rg.</strong></span> <span class='ocrx_word' id='word_1_309' title='bbox 1350 2365 1438 2406; x_wconf 87' lang='lat' dir='ltr'><strong>Sed</strong></span> <span class='ocrx_word' id='word_1_310' title='bbox 1460 2363 1599 2405; x_wconf 84' lang='lat' dir='ltr'><strong>libera</strong></span> <span class='ocrx_word' id='word_1_311' title='bbox 1623 2374 1704 2403; x_wconf 91' lang='lat' dir='ltr'><strong>nos</strong></span> <span class='ocrx_word' id='word_1_312' title='bbox 1729 2373 1754 2402; x_wconf 88' lang='lat' dir='ltr'>a</span> <span class='ocrx_word' id='word_1_313' title='bbox 1772 2358 1900 2400; x_wconf 83' lang='lat' dir='ltr'><strong>malo.</strong></span> 
     </span>
     <span class='ocr_line' id='line_1_81' title="bbox 1127 2417 1902 2472; baseline -0.012 -8"><span class='ocrx_word' id='word_1_314' title='bbox 1127 2420 1176 2470; x_wconf 60' lang='lat' dir='ltr'><strong>Y.</strong></span> <span class='ocrx_word' id='word_1_315' title='bbox 1200 2423 1295 2472; x_wconf 83' lang='lat' dir='ltr'><strong>Ego</strong></span> <span class='ocrx_word' id='word_1_316' title='bbox 1329 2421 1435 2463; x_wconf 82' lang='lat' dir='ltr'><strong>dixi:</strong></span> <span class='ocrx_word' id='word_1_317' title='bbox 1469 2420 1658 2461; x_wconf 84' lang='lat' dir='ltr'><strong>Domine</strong></span> <span class='ocrx_word' id='word_1_318' title='bbox 1691 2417 1902 2458; x_wconf 83' lang='lat' dir='ltr'><strong>miserere</strong></span> 
     </span>
     <span class='ocr_line' id='line_1_82' title="bbox 1071 2471 1902 2532; baseline -0.007 -14"><span class='ocrx_word' id='word_1_319' title='bbox 1071 2478 1167 2518; x_wconf 90' lang='lat' dir='ltr'><strong>mei.</strong></span> <span class='ocrx_word' id='word_1_320' title='bbox 1199 2483 1247 2532; x_wconf 66' lang='lat' dir='ltr'><strong>R.</strong></span> <span class='ocrx_word' id='word_1_321' title='bbox 1273 2478 1387 2519; x_wconf 86' lang='lat' dir='ltr'><strong>Sana</strong></span> <span class='ocrx_word' id='word_1_322' title='bbox 1411 2477 1599 2517; x_wconf 67' lang='lat' dir='ltr'><strong>animam</strong></span> <span class='ocrx_word' id='word_1_323' title='bbox 1617 2486 1771 2522; x_wconf 88' lang='lat' dir='ltr'><strong>meam,</strong></span> <span class='ocrx_word' id='word_1_324' title='bbox 1801 2471 1902 2524; x_wconf 76' lang='lat' dir='ltr'><strong>quia</strong></span> 
     </span>
     <span class='ocr_line' id='line_1_83' title="bbox 1073 2533 1371 2585; baseline -0.003 -11"><span class='ocrx_word' id='word_1_325' title='bbox 1073 2534 1253 2585; x_wconf 59' lang='lat' dir='ltr'><strong>peccavi</strong></span> <span class='ocrx_word' id='word_1_326' title='bbox 1280 2533 1371 2575; x_wconf 91' lang='lat' dir='ltr'><strong>tibi.</strong></span> 
     </span>
     <span class='ocr_line' id='line_1_84' title="bbox 1131 2591 1901 2642; baseline -0.009 -8"><span class='ocrx_word' id='word_1_327' title='bbox 1131 2592 1175 2642; x_wconf 52' lang='grc' dir='ltr'><strong>δ”.</strong></span> <span class='ocrx_word' id='word_1_328' title='bbox 1216 2594 1483 2635; x_wconf 81' lang='lat' dir='ltr'><strong>Convertere</strong></span> <span class='ocrx_word' id='word_1_329' title='bbox 1519 2591 1708 2633; x_wconf 72' lang='lat' dir='ltr'><strong>Demine</strong></span> <span class='ocrx_word' id='word_1_330' title='bbox 1745 2592 1901 2640; x_wconf 83' lang='lat' dir='ltr'><strong>usque-</strong></span> 
     </span>
     <span class='ocr_line' id='line_1_85' title="bbox 1076 2647 1903 2704; baseline -0.008 -14"><span class='ocrx_word' id='word_1_331' title='bbox 1076 2662 1173 2700; x_wconf 91' lang='lat' dir='ltr'><strong>quo.</strong></span> <span class='ocrx_word' id='word_1_332' title='bbox 1200 2655 1248 2704; x_wconf 47' lang='grc' dir='ltr'><strong>Κ).</strong></span> <span class='ocrx_word' id='word_1_333' title='bbox 1268 2650 1324 2691; x_wconf 91' lang='lat' dir='ltr'><strong>Et</strong></span> <span class='ocrx_word' id='word_1_334' title='bbox 1343 2647 1635 2701; x_wconf 69' lang='lat' dir='ltr'><strong>deprecabilis</strong></span> <span class='ocrx_word' id='word_1_335' title='bbox 1655 2651 1751 2688; x_wconf 91' lang='lat' dir='ltr'><strong>esto</strong></span> <span class='ocrx_word' id='word_1_336' title='bbox 1771 2656 1903 2697; x_wconf 89' lang='lat' dir='ltr'><strong>super</strong></span> 
     </span>
     <span class='ocr_line' id='line_1_86' title="bbox 1074 2711 1363 2747; baseline -0.003 0"><span class='ocrx_word' id='word_1_337' title='bbox 1074 2717 1226 2747; x_wconf 85' lang='lat' dir='ltr'><strong>servos</strong></span> <span class='ocrx_word' id='word_1_338' title='bbox 1253 2711 1363 2747; x_wconf 86' lang='lat' dir='ltr'><strong>tuos.</strong></span> 
     </span>
    </p>
   </div>
   <div class='ocr_carea' id='block_1_21' title="bbox 1890 141 1999 2824">
    <p class='ocr_par' dir='ltr' id='par_1_32' title="bbox 1890 141 1999 2824">
     <span class='ocr_line' id='line_1_87' title="bbox 1890 141 1999 2824; baseline 0 0"><span class='ocrx_word' id='word_1_339' title='bbox 1890 141 1999 2824; x_wconf 95' lang='lat' dir='ltr'><strong> </strong></span> 
     </span>
    </p>
   </div>
  </div>
 </body>
</html>
