2040 2976
835 218 1004 250 Sabbato
1030 216 1078 250 ad
1104 215 1263 249 Laudes

259 313 483 366 Numquid
522 326 610 354 non
655 313 750 365 ipse
793 317 860 353 est
900 315 1026 364 pater

208 378 319 421 tuuS,
337 372 360 397 *
381 370 455 423 qui
471 369 669 423 possedit
691 374 751 418 te,
782 373 825 410 et
842 368 958 417 fecit,
984 371 1027 408 et

208 427 370 470 creavit
388 426 459 468 te?

258 484 476 525 Memento
501 483 669 524 dierum
689 481 984 532 antiquorum,
1003 480 1026 505 *

208 540 352 592 cogita
370 539 674 591 generationes
692 537 898 588 singulas:

259 597 487 647 Interroga
513 600 683 648 patrem
711 599 850 643 tuum,
886 597 929 634 et
956 605 1027 633 an-

208 652 424 694 nuntiabit
451 651 548 693 tibi:
576 652 599 677 *
627 651 812 702 majores
839 654 956 699 tuos,
985 653 1028 690 et

208 709 355 751 dicent
373 708 465 750 tibi.

264 764 448 816 Quando
502 763 727 806 dividebat
777 761 1027 803 Altissimus

210 822 393 864 Gentes:
414 822 437 846 *
460 820 635 873 quando
660 818 893 872 separabat
912 817 1027 858 filios

208 878 362 927 Adam,

260 933 498 976 Constituit
524 931 735 973 terminos
763 930 1029 983 populorum

209 992 232 1017 *
260 992 378 1042 juxta
408 993 634 1031 numerum
665 987 854 1028 filiorum
881 986 1029 1027 Israel.

259 1048 367 1088 Pars
412 1051 557 1087 autem
599 1043 793 1094 Domini,
839 1042 1028 1095 populus

210 1105 314 1155 ejus:
333 1104 356 1129 *
371 1102 506 1144 Jacob
526 1100 739 1142 funiculus
758 1099 1028 1141 haereditatis

210 1173 310 1211 ejus.

261 1215 432 1256 Invenit
461 1227 559 1256 eum
586 1214 628 1254 in
657 1218 773 1255 terra
803 1213 986 1261 deserta,
1005 1212 1028 1238 *

209 1273 252 1312 in
287 1273 387 1313 loco
424 1271 635 1320 horroris,
677 1275 721 1311 et
755 1274 891 1311 vastae
929 1268 1028 1310 soli-

208 1327 390 1370 tudinis:

260 1383 558 1426 Circumduxit
587 1395 701 1432 eum,
735 1387 779 1424 et
812 1382 978 1424 docuit:
1005 1382 1029 1407 *

210 1446 253 1482 et
272 1440 507 1483 custodivit
533 1439 657 1491 quasi
683 1438 894 1491 pupillam
914 1438 1030 1480 oculi

212 1511 288 1538 sui.

262 1554 382 1595 Sicut
415 1552 560 1604 aquila
589 1553 835 1604 provocans
868 1551 924 1592 ad
957 1564 1028 1592 vo-

210 1610 388 1651 landum
405 1609 550 1662 pullos
570 1620 684 1658 suos,
700 1608 724 1634 *
740 1613 783 1650 et
801 1620 932 1660 super
953 1620 1029 1649 eos

211 1666 411 1715 velitaris,

262 1721 483 1775 Expandit
498 1721 588 1762 alas
604 1734 714 1771 suas,
736 1725 779 1762 et
794 1721 1029 1773 assumpsit

213 1792 328 1828 eum,
347 1779 370 1803 *
390 1783 521 1830 atque
547 1778 741 1830 portavit
767 1778 812 1818 in
838 1777 1029 1819 humeris

215 1848 316 1876 sms.

264 1891 477 1932 Dominus
506 1891 625 1932 solus
653 1890 741 1932 dux
769 1891 858 1942 ejus
886 1890 979 1931 fuit:
1006 1890 1030 1916 *

215 1952 258 1989 et
276 1960 363 1989 non
383 1953 475 1989 erat
495 1960 593 1988 cum
611 1959 664 1989 eo
685 1946 792 1988 deus
811 1947 987 1988 alienus.

267 2004 502 2045 Constituit
529 2016 627 2045 eum
657 2016 787 2056 super
815 2003 1031 2045 excelsam

214 2065 391 2102 terram:
424 2060 447 2085 *
481 2064 528 2101 ut
572 2059 821 2101 comederet
865 2059 1030 2101 fructus

215 2118 427 2167 agrorum,

265 2173 324 2214 Ut
339 2176 512 2223 sugeret
527 2172 613 2214 mel
627 2172 682 2214 de
692 2176 827 2224 petra,
837 2172 860 2198 *
872 2172 1032 2214 oleum-

216 2241 301 2280 que
320 2228 374 2270 de
394 2241 500 2270 saxo
520 2228 762 2270 durissimo.

267 2285 478 2337 Butyrum
501 2285 556 2326 de
581 2287 792 2334 armento,
820 2289 863 2326 et
891 2284 958 2326 lac
978 2285 1033 2327 de

217 2341 372 2382 ovibus
399 2342 422 2366 *
451 2354 549 2382 cum
577 2341 706 2393 adipe
733 2343 961 2392 agnorum,
989 2347 1033 2383 et

217 2399 400 2439 arietum
419 2397 607 2438 filiorum
623 2398 782 2438 Basan:

267 2454 323 2495 Et
342 2453 488 2495 hircos
513 2466 611 2495 cum
632 2453 823 2495 medulla
841 2455 990 2504 tritici,
1009 2455 1032 2481 *

218 2514 261 2551 et
289 2510 542 2561 sanguinem
575 2522 671 2550 uvae
699 2509 870 2552 biberet
897 2524 1032 2552 mera-

217 2579 447 2607 c1ssimum.

268 2623 542 2663 Incrassatus
571 2626 638 2663 est
667 2621 870 2671 dilectus,
899 2627 942 2664 et
971 2635 1033 2664 re-

217 2679 473 2720 calcitravit:
507 2678 530 2703 *
563 2678 844 2729 incrassatus,
881 2679 1033 2731 impin-

217 2737 383 2787 guatus,
412 2734 629 2785 dilatatus,

1128 307 1374 360 Dereliquit
1408 307 1551 348 Deum
1585 306 1798 348 factorem
1833 319 1900 348 su-

1079 379 1163 414 um⁷
1173 366 1197 390 *
1209 369 1252 406 et
1267 363 1450 406 recessit
1465 363 1597 404 aDeo
1615 363 1795 404 salutari
1811 375 1903 404 suo.

1130 422 1487 463 Provocaverunt
1513 432 1612 461 eum
1630 419 1675 460 in
1697 419 1781 462 diis
1802 419 1902 461 alie-

1078 479 1156 528 nis,
1171 478 1194 503 *
1210 482 1253 519 et
1272 477 1315 518 in
1335 475 1736 519 abominationibus
1751 475 1809 518 ad
1822 475 1903 517 ira-

1079 534 1283 576 cundiam
1307 533 1647 575 concitaverunt.

1130 590 1474 632 Immolaverunt
1494 588 1734 639 daemoniis,
1755 593 1799 630 et
1816 590 1903 630 non

1079 648 1188 698 Deo,
1206 648 1230 673 *
1251 646 1345 696 diis,
1366 659 1478 698 quos
1497 645 1777 698 ignorabant:

1130 704 1246 745 Novi
1287 704 1576 755 recentesque
1612 703 1841 754 venerunt,
1880 701 1904 728 *

1081 773 1192 813 quos
1214 773 1302 802 non
1323 759 1554 801 coluerunt
1570 764 1720 812 patres
1742 760 1904 801 eorum.

1131 818 1274 859 Deum
1294 817 1369 869 qui
1387 821 1432 858 te
1453 815 1603 868 genuit
1620 815 1905 867 dereliquisti,

1080 874 1103 899 *
1119 878 1162 915 et
1177 873 1340 915 oblitus
1353 885 1399 914 es
1410 872 1589 914 Domini
1607 872 1820 914 creatoris
1830 871 1904 913 tui.

1131 930 1257 972 Vidit
1267 929 1494 979 Dominus,
1510 934 1554 970 et
1568 928 1626 970 ad
1635 928 1906 970 iracundiam

1081 987 1327 1028 concitatus
1356 990 1438 1028 est:
1461 986 1485 1012 *
1510 985 1612 1038 quia
1638 986 1905 1038 provocave-

1081 1048 1181 1085 runt
1202 1056 1302 1085 eum
1321 1043 1400 1084 filii
1420 1042 1487 1084 sui
1509 1047 1552 1084 et
1570 1042 1686 1083 fssiae.

1131 1101 1189 1142 Et
1204 1100 1279 1141 ait:
1297 1098 1583 1141 AbscOndam
1597 1098 1754 1140 faciem
1763 1111 1906 1140 meam

1081 1157 1136 1198 ab
1156 1157 1230 1207 eis,
1249 1157 1272 1182 *
1293 1161 1336 1198 et
1357 1155 1647 1198 considerabo
1667 1155 1908 1196 novissima

1082 1215 1248 1255 eorum:

1133 1269 1372 1311 Generatio
1402 1269 1517 1311 enim
1543 1270 1753 1322 perversa
1781 1272 1864 1319 est,
1882 1268 1906 1294 *

1082 1331 1126 1368 et
1144 1326 1345 1368 infideles
1364 1325 1454 1366 filii.

1132 1383 1225 1436 Ipsi
1259 1396 1330 1424 me
1365 1383 1720 1435 provocaverunt
1755 1381 1801 1422 in
1837 1393 1908 1432 eo,

1083 1440 1158 1492 qui
1174 1453 1264 1481 non
1282 1444 1375 1481 erat
1389 1439 1522 1489 Deus,
1532 1439 1556 1465 *
1568 1443 1611 1480 et
1626 1438 1907 1480 irritaverunt

1082 1497 1126 1537 in
1145 1496 1412 1539 vanitatibus
1432 1496 1540 1537 suis:

1133 1553 1190 1595 Et
1210 1565 1291 1605 ego
1311 1552 1568 1606 provocabo
1589 1564 1667 1594 eos
1685 1551 1730 1592 in
1748 1564 1813 1603 eo,
1833 1550 1909 1603 qui

1082 1622 1170 1651 non
1186 1614 1254 1651 est
1267 1609 1469 1662 populus,
1479 1609 1503 1635 *
1515 1609 1613 1651 etin
1627 1612 1758 1661 gente
1773 1607 1909 1650 stulta

1082 1666 1265 1708 irritabo
1285 1665 1396 1707 illos.

1132 1723 1253 1775 Ignis
1293 1723 1528 1764 succensus
1569 1726 1637 1764 est
1678 1721 1724 1763 in
1762 1721 1909 1763 furere

1081 1792 1193 1830 meo,
1211 1780 1236 1806 *
1258 1784 1302 1821 et
1322 1778 1495 1821 ardebit
1515 1791 1655 1831 usque
1677 1777 1734 1820 ad
1752 1777 1909 1819 inferni

1082 1836 1334 1878 novissima:

1134 1892 1466 1944 Devorabitque
1492 1896 1657 1934 terram
1689 1903 1791 1933 cum
1815 1891 1908 1943 ger-

1083 1949 1199 1991 mine
1234 1961 1335 1999 suo,
1368 1949 1392 1975 *
1428 1954 1472 1990 et
1507 1948 1723 1990 montium
1757 1946 1907 1989 funda-

1083 2007 1231 2047 menta
1257 2005 1497 2047 comburet.

1135 2061 1425 2118 Congregabo
1455 2073 1588 2114 super
1616 2073 1693 2102 eos
1726 2059 1858 2109 mala,
1885 2059 1908 2085 *

1085 2123 1129 2160 et
1156 2121 1340 2170 sagittas
1366 2131 1488 2169 meas
1513 2115 1746 2169 complebo
1768 2115 1813 2156 in
1835 2115 1909 2157 eis.

1137 2175 1458 2216 Consumentur
1477 2174 1601 2224 fame,
1620 2173 1644 2199 *
1664 2177 1708 2214 et
1730 2172 1909 2214 devora-

1083 2233 1194 2273 bunt
1220 2243 1297 2273 eos
1325 2243 1429 2272 aves
1449 2242 1599 2272 morsu
1621 2229 1908 2270 amarissimo:

1136 2288 1303 2329 Dentes
1331 2287 1572 2329 bestiarum
1606 2285 1838 2327 immittam
1864 2285 1909 2325 in

1086 2356 1179 2394 eos,
1203 2344 1226 2370 *
1248 2356 1348 2385 cum
1374 2343 1522 2384 furore
1549 2342 1815 2384 trahentium
1842 2354 1909 2383 su-

1085 2413 1164 2452 per
1190 2404 1364 2450 terram,
1392 2404 1525 2452 atque
1554 2398 1832 2452 serpentium.

1136 2456 1262 2498 Foris
1281 2456 1472 2498 vastabit
1492 2467 1569 2497 eos
1588 2454 1771 2507 gladius,
1791 2457 1835 2496 et
1849 2453 1909 2494 in-

1085 2517 1156 2553 tus
1177 2525 1332 2565 pavor,
1349 2513 1373 2539 *
1392 2514 1592 2565 juvenem
1611 2510 1741 2552 simul
1758 2523 1810 2552 ac
1828 2512 1909 2552 vir-

1086 2568 1241 2619 ginem,
1251 2569 1488 2611 lactentem
1498 2581 1598 2610 cum
1607 2567 1785 2608 homine
1795 2578 1909 2608 sene.

1138 2625 1255 2666 Dixi:
1289 2625 1479 2667 Ubinam
1511 2621 1637 2666 sunt?
1672 2623 1696 2649 *
1734 2625 1908 2665 cessare

1087 2680 1242 2722 faciam
1279 2694 1333 2723 ex
1368 2680 1618 2724 hominibus
1652 2679 1910 2721 memoriam

1088 2748 1249 2778 eorum.
