2040 2976
464 238 788 275 Commemoratio
815 236 992 271 Omnium
1017 235 1073 270 Ss.
1098 238 1283 270 Summos.
1310 236 1546 270 Pontificum.

150 338 217 390 jus
246 337 378 379 etiam
405 334 594 386 dignitas
619 335 663 375 in
688 333 869 385 indigno
893 334 978 375 hae-

150 393 257 436 rede
275 406 363 435 non
384 392 542 434 deficit.

203 455 255 506 R.
279 449 361 491 Isti
385 454 486 490 sunt
509 449 584 501 qui
608 453 710 490 ante
728 448 872 490 Deum
890 461 978 489 ma-

150 519 258 558 gnas
268 507 454 548 virtutes
470 505 640 558 operati
654 510 765 554 sunt,
781 509 824 546 et
839 504 979 546 omnis

151 568 270 605 terra
299 562 500 604 doctrina
530 564 683 603 eorum
706 561 875 614 repleta
899 566 980 603 est:

151 623 175 647 *
201 620 293 672 Ipsi
315 618 589 661 intercedant
613 631 696 671 pro
718 618 913 670 peccatis
937 620 979 659 ό-

150 676 315 717 mnium
345 675 624 729 populorum.
682 672 733 722 V.
766 674 847 715 Isti
880 679 980 715 sunt

153 733 227 785 qui
259 734 619 785 contempserunt
652 731 786 773 vitam
818 730 979 780 mundi,

152 794 196 831 et
218 791 514 842 pervenerunt
538 788 595 830 ad
619 787 816 830 coelestia
835 800 978 839 regna.

150 846 255 899 Ipsi.
283 846 436 888 Gloria
452 845 582 887 Patri.
609 845 712 898 Ipsi.

205 907 337 942 Lectio
377 906 426 939 ix.
469 905 515 939 de
554 904 725 939 Homilia
764 904 978 938 Dominicae

154 955 404 997 occurrentis:
430 954 527 987 alias

454 1005 606 1047 Lectio
626 1005 679 1045 ix.

154 1058 303 1167 Cum
327 1076 432 1114 ergo
455 1062 784 1104 cohortationes
804 1067 979 1104 nostras

243 1119 422 1162 auribus
447 1124 607 1161 vestrae
636 1119 881 1160 sanctitatis
906 1118 978 1161 ad-

151 1176 368 1226 hibemus,
396 1176 543 1229 ipsum
566 1175 709 1226 vobiS‚
739 1176 859 1228 cujus
883 1177 979 1218 vice

151 1233 388 1285 fungimur,
406 1233 530 1285 loqui
549 1231 729 1274 credite:
750 1233 851 1285 quia
871 1238 914 1274 et
932 1233 978 1274 il-

151 1290 235 1331 lius
260 1303 341 1332 vos
366 1289 526 1331 affectu
548 1290 793 1339 monemus,
824 1294 867 1331 et
890 1303 979 1331 non

152 1345 271 1389 aliud
301 1346 446 1396 vobis,
489 1358 619 1398 quam
659 1346 779 1398 quod
814 1346 979 1396 docuit,

151 1403 462 1457 praedicamus:
496 1403 781 1445 obsecrantes
809 1408 857 1444 ut
886 1417 979 1445 suc-

153 1460 284 1502 cincti
310 1460 486 1502 lumbos
514 1461 671 1502 mentis
699 1464 875 1510 vestrae,
913 1473 979 1501 ca-

154 1522 268 1558 stam
296 1522 340 1559 et
368 1517 561 1559 sobriam
587 1517 722 1559 vitam
748 1517 791 1557 in
818 1517 903 1559 Dei
930 1518 979 1559 ti-

152 1576 275 1616 more
300 1573 483 1616 ducatis.
525 1574 698 1615 Cor6na
724 1587 840 1624 mea,
870 1575 981 1616 sicut

153 1631 399 1684 Apostolus
441 1630 520 1680 ait,
566 1636 609 1673 et
650 1631 859 1683 gaudium
900 1645 980 1673 vos

154 1688 273 1738 estis,
295 1688 331 1729 si
350 1687 462 1729 fides
478 1692 637 1738 vestra,
661 1701 760 1741 quae
781 1688 836 1730 ab
856 1689 980 1730 initio

153 1744 380 1797 Evangelii
397 1744 441 1785 in
460 1745 665 1786 universo
684 1744 851 1787 mundo
870 1758 980 1798 prae-

154 1801 300 1843 dicata
324 1806 406 1850 est,
434 1801 479 1842 in
503 1801 739 1844 dilectione
763 1807 807 1844 et
826 1803 981 1844 sancti-

153 1860 244 1900 tate
253 1858 555 1911 permanserit.
571 1858 685 1899 Nam
694 1858 798 1900 licet
808 1872 982 1900 omnem

154 1914 412 1965 Ecclesiam,
450 1928 549 1968 quae
582 1915 627 1956 in
654 1920 750 1958 toto
780 1921 847 1958 est
875 1915 982 1957 orbe

155 1974 388 2021 terrarum,
409 1972 577 2013 cunctis
597 1974 803 2025 oporteat
823 1972 982 2014 florere

156 2027 409 2077 virtutibuS‚
453 2040 533 2069 vos
572 2033 719 2070 tamen
756 2030 982 2082 praecipue

155 2083 267 2125 inter
295 2086 467 2126 ceteros
491 2086 683 2138 populos
708 2086 836 2127 decet
858 2085 982 2126 meri-

155 2139 212 2181 tis
230 2140 409 2194 pietatis
429 2142 661 2193 excellere,
691 2155 803 2195 quos
823 2142 866 2193 in
886 2143 983 2194 ipsa

157 2197 415 2249 apostolicae
449 2203 589 2251 petrae
628 2212 728 2241 arce
764 2199 981 2247 fundatos,

158 2258 201 2295 et
223 2254 438 2296 Deminus
461 2261 611 2298 noster
630 2257 655 2297 J
658 2269 758 2298 esus
783 2256 981 2297 Christus

157 2322 257 2351 cum
283 2310 485 2353 omnibus
513 2312 714 2363 redemit,
749 2317 792 2354 et
824 2312 981 2354 beatus

156 2365 401 2419 Apostolus
439 2369 597 2410 Petrus
642 2382 736 2422 prae
782 2367 983 2409 omnibus

158 2422 355 2464 erudivit.
413 2425 473 2466 Te
492 2425 647 2467 Deum.
667 2426 725 2466 13.

415 2491 494 2532 Ad
519 2492 719 2534 Laudes

363 2555 383 2580 e
401 2550 415 2580 t
455 2556 477 2589 p
497 2556 515 2580 e
533 2556 551 2579 r
588 2545 623 2579 H
643 2555 664 2579 o
682 2555 700 2578 r
717 2555 737 2577 a
757 2554 783 2577 s.

210 2595 310 2637 Ant.
334 2598 363 2637 1.
390 2598 540 2639 Sancti
559 2598 623 2640 tui
646 2598 669 2623 *
694 2596 882 2638 Domine
907 2596 983 2636 flo-

158 2651 316 2693 rebunt
342 2652 454 2694 sicut
481 2654 635 2703 lilium,
664 2658 707 2694 et
735 2653 848 2694 sicut
872 2651 983 2693 odor

158 2707 342 2749 balsami
362 2715 488 2752 erunt
507 2715 608 2751 ante
628 2714 684 2751 te.

213 2765 281 2805 Ps.
310 2766 524 2807 Dominus
543 2765 754 2818 regnavit.
772 2765 831 2805 14.

1086 337 1121 375 2.
1140 336 1189 375 ln
1209 335 1463 377 coelestibus
1482 335 1627 387 regnis
1645 335 1668 360 *
1689 335 1858 376 sancto-

1032 402 1128 430 rum
1152 390 1366 432 habitatio
1397 395 1477 441 est,
1507 396 1550 433 et
1575 391 1619 432 in
1648 393 1860 432 aeternum

1032 446 1205 498 requies
1226 449 1388 488 eorum.

1086 506 1122 544 3.
1150 505 1347 556 Corpora
1370 506 1622 546 sanctorum
1641 504 1664 529 *
1683 504 1727 544 in
1749 516 1859 556 pace

1033 560 1207 612 sepulta
1227 565 1341 610 sunt,
1368 566 1411 602 et
1430 561 1606 602 nomina
1630 562 1782 602 eo'rum
1799 559 1858 601 vi-

1032 621 1137 658 vent
1155 617 1198 657 in
1219 619 1439 658 aeternum.

1086 675 1123 713 4.
1151 673 1336 726 Spiritus
1361 678 1404 715 et
1428 674 1584 715 animae
1603 675 1815 726 justorum
1835 673 1859 698 *

1032 729 1243 826 {iymnum
1272 729 1404 772 dicite
1434 730 1531 772 Deo
1558 736 1728 781 nostro,
1759 729 1858 771 alle-

1049 800 1128 838 uJa.

1085 845 1121 884 5.
1159 843 1402 896 Fulgebunt
1425 844 1525 895 justi
1543 844 1566 869 *
1587 844 1700 885 sicut
1724 842 1792 884 sol
1815 843 1859 883 in

1033 902 1275 953 conspectu
1294 900 1387 942 Dei.

1089 966 1347 1018 Capitulum.
1548 964 1680 1004 Hebr.
1697 964 1752 1002 13.
1768 962 1807 1003 b.

1031 1020 1267 1127 Fratres:
1301 1027 1568 1069 Mementote
1601 1026 1858 1079 praeposito-

1128 1095 1224 1124 rum
1247 1086 1511 1133 vestrorum,
1547 1084 1620 1136 qui
1645 1082 1771 1124 vobis
1798 1082 1859 1123 lo-

1033 1139 1122 1180 cuti
1147 1145 1247 1181 sunt
1265 1140 1448 1182 verbum
1467 1141 1566 1182 Dei:
1592 1152 1778 1192 quorum
1800 1139 1860 1179 in—

1032 1198 1204 1238 tuentes
1220 1197 1383 1239 exitum
1396 1197 1754 1246 conversati6nis,
1770 1196 1860 1236 imi-

1032 1253 1183 1295 tamini
1202 1253 1347 1295 fidem.

1345 1315 1555 1366 Hymnus.

1197 1395 1251 1423 ex
1270 1382 1459 1433 gloriose
1479 1380 1732 1429 Praesulum‚

1114 1442 1119 1445 “
1215 1438 1389 1480 Corona
1409 1438 1720 1486 confitentium,

1164 1495 1248 1545 Qui
1265 1497 1521 1547 respuentes
1539 1497 1683 1536 terrea

1163 1551 1374 1593 Perducis
1394 1551 1450 1592 ad
1470 1551 1676 1593 coelestia.

1118 1617 1278 1658 Aurem
1296 1617 1528 1668 benignam
1548 1616 1749 1669 pretinus

1164 1674 1354 1726 Appene
1374 1674 1536 1716 nostris
1555 1672 1753 1714 vecibus:

1164 1730 1386 1783 Tropha'ea
1405 1743 1530 1772 sacra
1549 1729 1794 1782 pangimus:

1164 1787 1351 1837 Ignesce
1372 1787 1492 1839 quod
1511 1785 1785 1837 deliquimus.

1118 1851 1184 1891 Tu
1203 1851 1339 1893 vincis
1358 1852 1401 1892 in
1419 1850 1695 1903 Martyribus,

1163 1907 1392 1950 Parcendo
1413 1906 1765 1949 Confessoribus:

1168 1964 1237 2005 Tu
1255 1965 1379 2006 vince
1399 1970 1550 2006 nostra
1570 1963 1759 2011 crimina,

1163 2021 1383 2063 Donando
1403 2020 1727 2073 indulgentiam.

1117 2086 1213 2127 Deo
1233 2086 1354 2128 Patri
1374 2087 1431 2127 sit
1450 2086 1600 2137 gloria,

1164 2143 1357 2195 Eiusque
1377 2142 1460 2184 soli
1479 2142 1603 2193 Filio,

1165 2199 1273 2240 Cum
1295 2199 1459 2252 Spiritu
1476 2198 1707 2248 Paraclito‚

1164 2256 1221 2298 Et
1238 2269 1363 2307 nunc,
1384 2261 1427 2298 et
1445 2255 1489 2296 in
1507 2256 1778 2308 perpetuum.

1344 2313 1497 2354 Amen.
1653 2356 1663 2365 ,

1091 2365 1142 2416 V.
1165 2369 1314 2410 Justos
1341 2368 1522 2410 dednxit
1544 2367 1757 2409 Dominus
1781 2378 1861 2418 per

1038 2425 1129 2466 vias
1154 2430 1307 2467 rectas.
1335 2424 1386 2476 Rz.
1404 2425 1462 2466 Et
1481 2424 1672 2467 ostendit
1691 2423 1776 2464 illis
1796 2435 1859 2463 re-

1035 2495 1167 2533 gnum
1185 2482 1280 2523 Dei.

1092 2538 1163 2579 Ad
1191 2539 1350 2580 Bened.
1395 2539 1493 2578 Ant.
1535 2537 1624 2578 Vos
1653 2535 1757 2576 estis
1785 2534 1860 2576 lux

1035 2593 1198 2635 mundi:
1215 2607 1303 2635 non
1316 2599 1467 2647 potest
1481 2593 1633 2635 civitas
1648 2590 1860 2632 abscendi

1037 2663 1171 2703 supra
1202 2656 1396 2692 montem
1427 2649 1586 2703 posita3
1617 2659 1758 2699 neque
1790 2659 1857 2688 ac-

1036 2706 1227 2749 cendunt
1248 2707 1484 2755 lucernam,
1510 2710 1553 2746 et
1573 2708 1742 2757 ponunt
1763 2716 1859 2744 eam

1037 2764 1118 2805 sub
1128 2763 1290 2813 modio,
1305 2762 1383 2805 sed
1393 2774 1526 2814 super
1536 2759 1858 2809 candelabrum,
