2040 2976
202 212 249 248 78

257 308 312 347 Et
349 304 509 347 occidit
546 304 589 344 in
624 302 833 354 grandine
874 303 1021 341 vineas

206 365 365 411 eorum,
382 364 405 388 *
417 366 460 402 et
470 373 619 401 moros
637 361 787 400 eorum
801 358 844 398 in
857 359 1021 410 pruina.

256 419 312 459 Et
330 416 512 459 tradidit
530 415 727 468 grandini
746 415 934 466 jumenta
951 414 1021 453 eo-

205 488 313 516 rum:
324 476 346 501 *
359 479 401 515 et
416 472 741 526 possessionem
758 472 907 511 eorum
923 468 1021 520 igni.

256 531 374 571 Misit
402 530 446 570 in
475 542 551 571 eos
581 529 689 569 iram
712 524 1021 577 indignationis

207 600 314 628 suae:
333 589 356 614 *
378 585 732 637 indignationem,
761 588 803 624 et
831 582 949 630 iram,
979 585 1021 622 et

205 643 547 684 tribulationem:
561 640 849 682 immissiones
860 637 938 690 per
950 639 1020 678 an-

206 699 328 751 gelos
356 699 507 739 malos.

256 756 386 797 Viam
405 755 507 796 fecit
526 754 692 795 semitae
712 753 788 793 irae
808 763 911 800 suae,
934 762 1022 790 non

206 812 403 864 pepercit
423 824 447 852 a
462 815 604 852 morte
620 808 844 850 animabus
861 809 1022 855 eorum,

207 870 231 894 *
251 873 293 909 et
313 869 501 919 jumenta
527 868 676 908 eorum
699 866 743 906 in
763 869 904 905 morte
923 875 1021 904 con-

209 924 348 965 clusit.

260 981 315 1021 Et
350 979 565 1032 permissit
601 991 728 1020 omne
763 976 1023 1030 primogeni-

208 1042 300 1078 tum
328 1036 371 1076 in
398 1042 513 1077 terra
540 1035 735 1087 AEgypti:
760 1036 783 1061 *
810 1033 1022 1086 primitias

209 1093 348 1134 omnis
363 1092 524 1134 laboris
542 1094 691 1134 eorum
710 1091 753 1131 in
771 1090 1022 1131 tabernacu-

209 1149 262 1190 lis
291 1148 436 1190 Cham.

260 1206 316 1246 Et
344 1205 523 1246 abstulit
548 1204 659 1245 sicut
687 1216 791 1245 oves
811 1202 1023 1255 populum

210 1275 349 1302 suum:
365 1263 388 1289 *
404 1266 447 1303 et
473 1260 678 1313 perduxit
707 1272 782 1301 eos
800 1265 1023 1311 tamquam

208 1330 382 1369 gregem
409 1318 453 1358 in
481 1317 668 1358 deserto.

260 1375 315 1415 Et
344 1373 524 1415 deduxit
557 1386 631 1414 eos
660 1373 702 1414 in
735 1385 828 1425 spe,
861 1377 904 1414 et
935 1384 1022 1413 non

209 1430 460 1471 timuerunt:
495 1432 517 1457 *
552 1434 594 1471 et
635 1429 831 1470 inimicos
873 1430 1024 1470 eorum

210 1487 380 1538 operuit
407 1499 535 1527 mare.

262 1544 317 1583 Et
333 1542 502 1584 induxit
513 1555 589 1584 eos
606 1542 649 1583 in
663 1547 855 1583 montem
870 1542 1023 1583 sancti-

212 1599 426 1640 ficationis
465 1612 569 1649 suae,
598 1601 620 1626 *
653 1604 860 1649 montem,
895 1611 1024 1651 quem

212 1655 442 1706 acquisivit
469 1655 648 1696 dextera
676 1656 776 1707 ejus.

263 1712 319 1752 Et
334 1712 458 1763 ejecit
473 1724 497 1752 a
513 1711 621 1753 facie
643 1713 793 1753 eorum
812 1712 991 1753 Gentes:
1002 1713 1025 1739 *

213 1772 257 1808 et
285 1773 404 1809 sorte
432 1767 580 1809 divisit
609 1768 671 1809 eis
697 1773 858 1809 terram
889 1769 932 1808 in
964 1768 1026 1809 fu-

212 1824 356 1865 niculo
385 1823 715 1865 distributionis.

265 1881 321 1921 Et
341 1879 536 1922 habitare
555 1880 657 1922 fecit
676 1881 719 1921 in
737 1881 1027 1922 tabernaculis

215 1938 365 1977 eorum
393 1938 415 1963 *
443 1936 582 1978 tribus
609 1937 755 1978 Israel.

266 1993 321 2034 Et
348 1995 641 2043 tentaverunt,
673 1999 715 2035 et
743 1994 1027 2035 exacerbave-

215 2054 315 2089 runt
346 2049 487 2090 Deum
517 2050 750 2091 excelsum:
783 2052 806 2077 *
835 2055 877 2092 et
910 2052 1026 2093 testi-

214 2105 358 2146 monia
387 2106 476 2157 ejus
503 2119 590 2147 non
618 2106 928 2149 custodierunt.

268 2161 322 2202 Et
349 2164 596 2204 averterunt
623 2176 681 2212 se,
710 2168 752 2205 et
771 2176 858 2205 non
887 2177 1028 2206 serva-

216 2218 370 2259 verunt
396 2224 572 2270 pactum
615 2220 638 2245 *
663 2220 1031 2272 quemadmodum

216 2278 364 2326 patres
385 2277 545 2325 eorum,
567 2277 766 2318 conversi
787 2282 886 2318 sunt
905 2277 949 2318 in
968 2291 1031 2318 ar-

218 2342 316 2371 cum
343 2344 534 2382 pravum.

268 2386 318 2426 In
353 2387 459 2428 iram
495 2388 823 2430 concitaverunt
855 2402 953 2430 eum
989 2389 1032 2430 in

219 2441 402 2484 collibus
430 2444 535 2484 suis:
563 2446 585 2471 *
615 2450 658 2486 et
687 2445 730 2485 in
759 2445 1033 2498 sculptilibus

219 2498 309 2538 suis
332 2498 387 2540 ad
412 2500 732 2542 {emulationem
754 2515 853 2543 eum
875 2515 1032 2555 provo-

219 2556 435 2596 caverunt.

270 2610 450 2653 Audivit
481 2613 619 2661 Deus,
655 2618 698 2654 et
732 2614 912 2665 sprevit:
940 2617 963 2641 *
992 2619 1035 2656 et

221 2665 277 2707 ad
304 2666 484 2708 nihilum
511 2668 679 2720 redegit
706 2670 833 2711 valde
860 2671 1006 2711 Israel.

272 2722 327 2763 Et
355 2723 513 2775 repulit
540 2724 867 2767 tabernaculum
894 2727 995 2772 Silo,
1013 2730 1035 2754 *

750 208 856 241 Fcria
883 207 1012 249 quinta
1040 205 1087 238 ad
1114 203 1348 237 Matutinum.

1072 297 1402 340 tabernaculum
1421 308 1558 344 suum,
1580 293 1656 335 ubi
1679 293 1894 335 habitavit

1072 355 1115 395 in
1144 353 1404 395 hominibus.
1481 354 1488 361 '

1124 411 1179 451 Et
1208 408 1390 451 tradidit
1417 409 1461 449 in
1486 407 1784 460 captivitatem
1812 405 1893 448 vir-

1072 471 1212 508 tutem
1239 466 1496 507 eorum:*et
1523 463 1895 516 pulchritudinem

1074 526 1224 565 eorum
1251 522 1294 562 in
1321 534 1474 562 manus
1502 520 1677 562 inimici.

1125 580 1181 620 Et
1201 578 1416 620 conclusit
1443 578 1487 618 in
1511 576 1658 628 gladio
1681 576 1895 629 populum

1074 642 1168 678 suu:
1179 636 1202 661 *
1214 640 1257 677 et
1268 633 1571 676 haereditatem
1582 646 1706 675 suam
1719 633 1896 685 sprevit.

1124 693 1312 733 ,Iuvenes
1340 693 1492 732 eorum
1515 690 1708 732 comedit
1734 689 1896 740 ignis2*

1075 754 1117 790 et
1153 748 1342 799 virgines
1384 749 1536 789 eorum
1570 760 1659 789 non
1698 751 1799 788 sunt
1837 745 1896 787 la-

1074 807 1291 847 mentatae.

1125 861 1387 903 Sacerdotes
1411 862 1563 902 eorum
1590 860 1635 901 in
1661 858 1808 911 gladio
1829 871 1895 900 ce-

1075 918 1287 960 ciderunt:
1315 920 1338 945 *
1367 922 1410 959 et
1443 917 1587 959 viduae
1623 918 1776 958 eorum
1809 928 1897 957 non

1074 975 1372 1028 plorabantur.

1126 1032 1182 1073 Et
1210 1032 1426 1073 excitatus
1455 1035 1522 1072 est
1548 1034 1773 1082 tamquam
1799 1028 1897 1071 dor-

1074 1089 1212 1130 miens
1247 1088 1477 1137 Dominus,
1511 1087 1534 1113 *
1568 1092 1793 1139 tamquam
1822 1097 1898 1139 poÎ‡

1074 1150 1171 1187 tens
1200 1145 1452 1198 crapulatus
1480 1157 1505 1185 a
1534 1144 1648 1185 vino.

1127 1203 1183 1244 Et
1218 1201 1436 1255 percussit
1471 1201 1672 1242 inimicos
1711 1213 1815 1242 suos
1855 1199 1900 1241 in

1077 1259 1339 1311 posteriora:
1367 1260 1391 1286 *
1422 1257 1711 1311 opprobrium
1743 1256 1899 1309 sempi-

1075 1318 1248 1358 ternum
1267 1315 1400 1357 dedit
1427 1314 1524 1355 illis.

1127 1373 1183 1413 Et
1197 1371 1359 1424 repulit
1373 1370 1706 1413 tabernaculum
1719 1370 1743 1411 J
1745 1369 1900 1423 oseph:

1076 1431 1099 1456 *
1120 1434 1163 1470 et
1181 1428 1344 1470 tribum
1363 1428 1575 1481 Ephraim
1592 1439 1680 1468 non
1700 1426 1850 1478 elegit:

1126 1485 1214 1527 Sed
1242 1485 1373 1537 elegit
1399 1484 1564 1526 tribum
1595 1482 1718 1533 Juda,
1737 1484 1760 1511 *
1780 1495 1900 1525 mon-

1076 1547 1167 1584 tem
1193 1542 1298 1583 Sion
1327 1554 1459 1593 quem
1486 1540 1651 1583 dilexit.

1128 1600 1184 1640 Et
1211 1598 1448 1640 aedificavit
1481 1598 1595 1639 sicut
1622 1597 1899 1639 unicornium

1078 1655 1367 1697 sanctificium
1387 1667 1513 1696 suum
1533 1654 1578 1695 in
1595 1655 1758 1704 terra,*
1770 1666 1902 1706 quam

1078 1712 1276 1754 fundavit
1303 1712 1347 1753 in
1378 1710 1549 1753 saecula.

1129 1770 1186 1810 Et
1202 1769 1332 1820 elegit
1348 1767 1494 1809 David
1512 1780 1687 1809 servum
1706 1779 1844 1817 suum,
1859 1770 1902 1808 et

1079 1825 1256 1867 sustulit
1275 1838 1375 1867 eum
1395 1824 1450 1866 de
1468 1823 1674 1876 gregibus
1693 1823 1858 1865 ovium:
1878 1824 1902 1851 *

1080 1882 1135 1924 de
1154 1887 1257 1935 post
1276 1882 1482 1923 foetantes
1501 1881 1672 1934 accepit
1693 1893 1802 1930 eum,

1130 1939 1318 1980 Pascere
1345 1937 1483 1980 Jacob
1512 1950 1688 1979 servum
1715 1949 1852 1987 suum,
1879 1937 1904 1964 *

1082 2000 1125 2037 et
1152 1995 1289 2036 Israel
1317 1993 1624 2036 haereditatem
1652 2006 1792 2035 suam:

1132 2053 1189 2093 Et
1216 2051 1339 2104 pavit
1362 2063 1437 2093 eos
1465 2051 1509 2091 in
1536 2049 1788 2091 innocentia
1811 2061 1904 2090 cor-

1083 2109 1150 2151 dis
1179 2109 1262 2150 sui:
1290 2110 1314 2135 *
1346 2113 1389 2150 et
1415 2108 1460 2148 in
1492 2105 1786 2148 intellectibus
1818 2107 1906 2146 ma-

1082 2179 1215 2214 nuum
1244 2166 1420 2206 suarum
1449 2163 1632 2205 deduxit
1663 2175 1752 2204 eos.

1142 2224 1240 2263 Ant.
1269 2222 1333 2262 Tu
1360 2234 1406 2262 es
1434 2221 1565 2271 Deus,
1594 2220 1670 2271 qui
1697 2218 1803 2260 facis
1831 2217 1907 2259 miÎ‡

1084 2277 1248 2319 rabilia.

1143 2337 1241 2377 Ant.
1269 2333 1489 2387 Propitius
1518 2337 1625 2374 esto.

1356 2392 1555 2432 Psalmus
1585 2392 1648 2431 78.

1183 2461 1258 2489 eus
1279 2448 1490 2489 venerunt
1513 2445 1680 2487 Gentes
1708 2444 1751 2484 in
1774 2442 1909 2486 haere-

1198 2504 1381 2546 ditatem
1397 2508 1529 2552 tuam,
1543 2501 1794 2555 polluerunt
1805 2504 1910 2540 tem-

1088 2559 1208 2611 plum
1236 2565 1434 2602 sanctum
1462 2564 1602 2600 tuum:
1625 2560 1648 2584 Â²â¸Â¹
1668 2557 1909 2609 posuerunt

1087 2616 1328 2658 Jerusalem
1344 2617 1387 2657 in
1402 2617 1636 2669 pomorum
1653 2611 1910 2654 custodiam.

1139 2673 1386 2715 Posuerunt
1419 2671 1656 2714 morticina
1683 2670 1912 2711 servorum

1088 2730 1277 2779 tuorum,
1307 2742 1430 2771 escas
1458 2725 1711 2769 volatilibus
1738 2724 1858 2766 coeli:
1888 2725 1912 2751 *
