2040 2976
498 185 568 219 Die
595 185 643 218 12.

479 282 642 322 Oratio.

141 333 304 438 Deus
324 343 478 380 auctor
496 338 630 391 pacis,
652 343 695 380 et
714 340 885 380 amator
904 349 972 378 ca-

242 395 404 445 ritatis,
439 395 513 447 qui
545 394 725 436 beatum
756 394 781 435 J
783 396 972 435 oannem

141 451 451 493 Confessorem
478 456 603 493 tuum
636 450 821 492 mirifica
849 449 971 491 dissi-

139 506 293 549 dentes
317 505 613 560 componendi
635 507 775 558 gratia
793 506 971 548 decora-

139 563 210 605 sti:
242 565 334 616 eius
365 564 546 614 meritis,
580 568 623 605 et
656 562 971 604 intercessione

141 619 350 670 concede;
373 624 422 661 ut
439 620 484 660 in
502 625 578 661 tua
599 619 781 661 caritate
800 618 971 668 firmati,

138 675 268 716 nullis
305 689 331 717 a
365 681 409 717 te
445 675 762 718 tentationibus
799 677 970 727 separe-

139 744 248 772 mur.
286 732 372 773 Per
389 732 636 774 Dominum.

191 795 239 829 Et
254 795 295 828 fit
313 804 509 828 commem.
527 792 584 827 Ss.
602 792 805 833 Basilidis,
825 791 970 835 Cyrini,

138 842 173 875 N
178 842 308 876 aboris
334 847 370 876 et
394 842 553 876 Nazarii
577 841 684 875 Mart.

191 895 291 935 Ant.
328 895 520 934 Istorum
549 897 616 933 est
643 892 760 934 enim
787 905 970 944 regnum

138 947 363 998 coelorum,
375 949 450 1000 qui
461 951 821 1001 contempserunt
834 949 970 990 vitam

138 1004 299 1054 mundi,
326 1010 370 1046 et
390 1007 687 1058 pervenerunt
712 1005 769 1046 ad
788 1006 970 1058 praemia

137 1061 277 1111 regni,
310 1067 354 1102 et
385 1061 586 1103 laverunt
618 1061 757 1103 stolas
790 1075 892 1103 suas
924 1063 969 1103 in

137 1117 348 1168 sanguine
367 1117 495 1168 Agni

190 1169 242 1221 V.
266 1173 498 1216 Laetamini
525 1175 569 1215 in
598 1175 801 1225 Domino,
828 1181 871 1217 et
898 1189 968 1217 ex-

137 1230 297 1272 sultate
323 1231 436 1282 justi.
478 1232 529 1283 R.
561 1232 619 1272 Et
649 1231 897 1282 gloriamini
924 1245 967 1274 o-

135 1299 260 1328 mnes
278 1287 388 1329 recti
407 1287 552 1329 corde.

471 1341 636 1383 Oratio

137 1393 437 1501 Sanctorum
446 1401 689 1452 Martyrum
700 1403 876 1442 tuorum
887 1402 968 1443 Ba-

230 1455 384 1506 silidis,
418 1457 580 1509 Cyrini,
611 1456 803 1498 Naboris
836 1462 968 1510 atque

135 1510 328 1562 Nazarii,
350 1515 603 1564 quaesumus
621 1513 828 1563 Domine,
849 1519 968 1556 nata-

135 1567 228 1610 litia
251 1568 380 1610 nobis
399 1571 550 1610 votiva
573 1568 898 1621 resplendeant:
926 1576 969 1612 et

137 1623 258 1675 quod
276 1624 361 1665 illis
381 1625 564 1667 contulit
584 1625 843 1667 excellentia
858 1639 967 1668 sem-

134 1681 319 1733 piterna,
344 1681 561 1723 fructibus
586 1687 750 1724 nostrae
771 1682 968 1725 devotio-

135 1737 202 1778 nis
220 1739 454 1779 accrescat.
481 1738 567 1780 Per
587 1739 836 1780 Dominum.

188 1794 234 1829 In
264 1794 291 1829 I.
320 1795 522 1829 Nocturno
552 1794 758 1829 Lectiones
791 1795 838 1829 de
870 1794 967 1829 Scri-

136 1846 250 1885 ptura
274 1847 508 1877 occurrente.

360 1903 410 1942 In
437 1904 487 1942 II.
517 1902 742 1943 Nocturno.

363 2010 373 2014 ,
438 1972 622 2013 Lectio·
612 1987 667 2012 1v

150 2038 206 2078 «ς
220 2028 407 2068 oannem
433 2026 653 2077 Sahaguni
683 2027 727 2067 in
751 2027 967 2080 Hispania

141 2075 210 2120 ἒ)
235 2082 372 2124 nobili
390 2084 549 2134 genere
567 2088 732 2133 natum,
760 2085 967 2151 parentes

137 2151 236 2180 cum
253 2138 328 2180 diu
346 2139 473 2192 prole
492 2142 745 2189 caruissent,
763 2140 848 2204 piis
865 2142 967 2192 ope-

78 2243 79 2246 ,
118 2194 275 2244 ribus,
301 2200 345 2236 et
371 2195 643 2237 orationibus
667 2208 692 2236 a
710 2196 808 2237 Deo
832 2196 966 2248 impe-

136 2253 318 2292 trarunt.
371 2251 442 2292 Ab
473 2251 650 2293 ineunte
683 2254 814 2293 aetate
847 2253 965 2302 egre-

135 2307 255 2358 gium
282 2306 441 2347 futurae
470 2307 713 2349 sanctitatis
742 2307 967 2359 specimen

136 2361 272 2404 dedit:
297 2375 398 2403 nam
422 2375 445 2404 e
466 2362 567 2404 loco
589 2363 805 2415 superiori
823 2362 879 2404 ad
900 2365 965 2404 ce-

135 2423 256 2460 teros
287 2421 451 2471 pueros
483 2418 640 2460 crebro
671 2419 807 2460 verba
838 2419 964 2460 facie-

135 2473 222 2524 bat,
242 2474 400 2526 quibus
419 2487 496 2516 eos
512 2474 569 2515 ad
583 2475 802 2525 virtutem,
822 2478 866 2517 et
880 2475 966 2516 Dei

135 2530 301 2572 cultum
319 2531 594 2580 hortabatur,
620 2534 861 2583 eorumque
882 2531 965 2573 dis-

136 2586 247 2628 sidia
275 2587 581 2639 componebat.
621 2587 673 2627 In
703 2587 847 2639 patria
866 2589 964 2629 ‘mo-

134 2642 285 2684 nachis
305 2643 445 2684 sancti
463 2641 662 2684 Facundi
686 2642 851 2684 ordinis
871 2655 964 2684 san—

136 2698 195 2738 cti
211 2697 441 2740 Benedicti
462 2698 614 2751 primis
633 2698 877 2739 litterarum
897 2711 965 2740 ru-

669 185 786 218 Junii.
833 184 867 218 S.
892 184 1057 217 Joannis
1084 195 1105 217 a
1131 184 1165 217 S.
1192 184 1375 218 Facundo
1402 186 1510 219 (lons.

1794 184 1860 219 333

1025 279 1229 322 dimentis
1246 279 1507 322 imbuendus
1521 281 1720 323 traditur.
1740 281 1859 322 Dum

1023 336 1077 377 iis
1097 338 1280 389 operam
1300 336 1441 386 daret,
1463 337 1631 379 curavit
1649 343 1791 389 pater,
1811 342 1860 378 ut

1023 393 1245 445 parochus
1268 392 1498 434 ecclesiam
1518 392 1859 435 administraret:

1026 449 1147 502 quod
1165 462 1323 490 munus
1344 450 1512 501 juvenis
1533 449 1662 490 nullis
1682 450 1858 491 rationi-

1023 505 1106 548 bus
1126 505 1288 547 adduci
1306 506 1461 557 potuit,
1480 511 1530 546 ut
1548 506 1766 547 retineret.
1791 506 1858 546 In-

1023 567 1091 604 ter
1118 561 1354 603 familiares
1393 562 1592 614 episcopi
1620 562 1859 613 Burgensis

1024 618 1292 671 adscrithS,
1339 619 1396 660 ob
1435 621 1682 671 spectatam
1718 619 1858 671 ipsius

1023 675 1293 728 probitatem
1316 675 1495 716 intimus
1521 675 1560 716 ei
1585 675 1682 725 fuit,
1711 675 1765 717 ab
1786 677 1857 716 eo-

1026 745 1111 784 que
1130 731 1374 784 presbyter,
1398 736 1442 773 et
1461 732 1697 773 canonicus
1717 732 1858 773 factus

1023 788 1172 830 multis
1203 787 1431 830 beneficiis
1464 793 1619 829 auctus
1652 793 1729 829 est.
1770 786 1858 829 Sed

1024 844 1177 885 relicta
1203 844 1303 885 aula
1329 845 1547 897 episcopi,
1574 850 1623 886 ut
1641 844 1739 885 Deo
1767 844 1858 896 qui-

1025 901 1136 942 etius
1175 903 1376 950 serviret,
1416 900 1618 942 omnibus
1658 900 1858 941 ecclesiae

1024 956 1313 1009 proventibus
1352 956 1567 999 abdicatis
1601 969 1648 998 se
1684 955 1858 997 cuidam

1024 1013 1187 1055 sacello
1208 1013 1395 1063 addixit,
1419 1013 1495 1055 ubi
1513 1013 1696 1054 Sacrum
1716 1015 1858 1064 quoti-

1024 1069 1094 1111 die
1122 1070 1327 1119 faciebat,
1363 1083 1414 1111 ac
1449 1070 1504 1111 de
1537 1069 1670 1111 rebus
1700 1069 1858 1111 divinis

1026 1137 1184 1177 magna
1207 1139 1307 1168 cum
1330 1126 1581 1168 auditorum
1605 1126 1858 1167 aedificatio-

1026 1195 1080 1224 ne
1129 1183 1381 1235 frequenter
1430 1182 1784 1223 concionabatur.

1079 1244 1130 1294 R.
1156 1240 1406 1280 Honestum
1432 1239 1535 1280 fecit
1562 1238 1684 1279 illum
1708 1239 1857 1279 Domi-

1021 1309 1115 1345 nus,
1138 1300 1181 1337 et
1201 1295 1440 1337 custodivit
1460 1307 1562 1336 eum
1581 1294 1635 1336 ab
1658 1295 1856 1343 inimicis,

1023 1356 1067 1393 et
1094 1365 1119 1393 a
1148 1351 1455 1393 seductoribus
1482 1351 1642 1393 tutavit
1668 1350 1805 1392 illum:
1835 1354 1858 1377 *

1022 1408 1079 1449 Et
1111 1407 1233 1449 dedit
1269 1407 1331 1448 illi
1364 1407 1610 1449 claritatem
1636 1409 1856 1449 aetemam.

1025 1461 1077 1513 V.
1107 1464 1281 1505 Justum
1313 1463 1497 1505 deduxit
1528 1463 1745 1504 Dominus
1776 1476 1857 1515 per

1022 1520 1116 1561 vias
1135 1525 1290 1569 rectas,
1317 1525 1361 1561 et
1381 1519 1575 1561 ostendit
1593 1519 1655 1560 illi
1673 1532 1857 1570 regnum

1021 1577 1117 1618 Dei.
1144 1577 1203 1618 Et
1222 1575 1356 1618 dedit.

1333 1635 1487 1677 Lectio
1508 1649 1546 1675 v.

1107 1691 1232 1731 ostea
1245 1688 1493 1730 studiorum
1513 1701 1645 1730 causa
1663 1689 1855 1731 Salman-

1117 1746 1249 1787 ticam
1265 1745 1502 1797 profectus,
1515 1745 1558 1785 in
1575 1745 1748 1787 celebre
1769 1746 1856 1787 col-

1021 1801 1184 1852 legium
1213 1801 1303 1843 divi
1330 1801 1648 1842 Bartholomaei
1675 1805 1855 1854 coopta-

1021 1863 1103 1908 tus„
1128 1856 1372 1899 sacerdotis
1391 1870 1549 1898 munus
1568 1857 1628 1898 ita
1649 1858 1855 1908 exercuit,

1021 1919 1070 1955 ut
1101 1914 1231 1955 simul
1255 1914 1420 1966 optatis
1449 1913 1606 1955 studiis
1634 1914 1854 1956 incumbe-

1021 1975 1099 2020 ret,
1120 1976 1164 2012 et
1186 1971 1231 2011 in
1254 1970 1391 2011 sacris
1417 1970 1550 2011 etiam
1570 1970 1855 2012 concionibus

1021 2027 1197 2068 assidue
1225 2028 1486 2068 versaretur.
1533 2027 1643 2068 Cum
1675 2040 1782 2068 vero
1811 2028 1855 2068 in

1019 2083 1328 2134 gravissimum
1371 2083 1575 2124 morbum
1616 2083 1855 2133 incidisset,

1021 2140 1222 2181 arctioris
1264 2139 1508 2192 disciplinae
1545 2145 1652 2182 voto
1694 2152 1742 2181 se
1780 2139 1854 2182 ob-

1021 2196 1212 2246 strinxit,
1251 2194 1373 2248 quod
1409 2201 1458 2238 ut
1493 2195 1717 2246 redderet,
1754 2209 1854 2237 cum

1019 2252 1142 2305 prius
1171 2251 1347 2293 cuidam
1374 2253 1562 2304 pauperi
1588 2265 1702 2304 pene
1734 2251 1853 2293 nudo

1020 2321 1075 2349 ex
1103 2308 1291 2359 duabus,
1327 2321 1437 2360 quas
1464 2313 1634 2350 tantum
1660 2308 1854 2349 habebat

1019 2370 1180 2414 vestes,
1204 2363 1434 2406 meliorem
1455 2363 1665 2413 dedisset,
1690 2363 1747 2405 ad
1767 2376 1853 2404 coe-

1019 2420 1200 2462 nobium
1220 2420 1359 2461 sancti
1378 2419 1614 2471 Augustini
1639 2419 1852 2461 severiori

1019 2476 1250 2529 disciplina
1274 2481 1369 2518 tum
1397 2477 1587 2518 maxime
1617 2473 1779 2517 florens
1805 2487 1852 2515 se

1020 2533 1218 2574 contulit:
1237 2532 1281 2573 in
1297 2545 1384 2584 quo
1401 2531 1630 2581 admissus,
1647 2529 1850 2572 obedien-

1018 2588 1094 2638 tia,
1127 2589 1258 2630 animi
1290 2588 1575 2637 demissione,
1608 2586 1765 2638 vigiliis
1799 2598 1851 2626 ac

1019 2645 1219 2686 oratione
1282 2644 1587 2697 provectiores
1645 2641 1851 2683 anteibat.

1018 2700 1217 2742 Triclinii
1236 2713 1341 2741 cura
1359 2712 1459 2741 cum
1482 2699 1567 2751 ipsi
1586 2695 1851 2739 demandata

1576 2825 1641 2858 22⁸
