2040 2976
762 232 937 267 Officium
960 231 1242 266 Defunctorum.

1756 229 1846 272 [167]

212 327 264 379 R.
276 323 495 366 Memento
510 326 595 367 mei
609 326 740 376 Deus,
761 325 861 378 quia
876 337 976 366 1700-

157 384 228 422 108
260 385 326 421 081
356 381 446 421 17113
476 394 583 431 0103,
616 387 638 411 *
670 382 764 423 Nec
795 381 977 433 aspiciat

158 449 228 478 me
253 436 370 477 visus
399 436 596 478 heminis.
630 435 679 487 V.
709 438 776 479 De
802 437 976 490 profun-

161 492 227 534 dis
247 492 430 534 clamavi
445 493 501 535 ad
515 498 558 535 te
573 494 772 535 Demine:
790 493 977 535 Demine

160 549 318 591 exaudi
336 562 491 592 vocem
509 563 660 592 meam.
687 550 792 592 Nec.

263 610 412 650 Lectio
434 624 468 648 v.
714 610 732 649 J
741 608 797 649 ob
818 610 874 648 14.

162 662 350 767 Homo
381 666 508 703 natus
541 662 596 704 de
626 662 822 713 muliere,
855 661 977 703 brevi

261 717 412 759 vivens
428 719 642 771 tempore,
660 718 853 770 repletur
870 718 976 759 mul-

158 774 215 815 tis
233 774 427 815 miseriis.
459 775 543 825 Qui
567 774 690 827 quasi
709 774 791 815 flos
811 773 974 825 egredi-

159 834 229 871 tur
265 835 308 871 et
343 831 599 880 conteritur,
636 836 680 872 et
714 830 823 882 fugit
858 830 977 872 velut

159 885 323 936 umbra,
342 891 385 928 et
402 900 638 939 numquam
655 887 698 927 in
719 886 874 928 eedem
894 892 976 928 813-

159 946 207 983 10
224 944 461 994 permanet.
492 943 549 984 Et
572 943 749 994 dignum
767 943 889 984 ducis
909 956 975 984 su-

159 1011 238 1051 per
277 998 576 1050 hujuscemodi
615 1001 784 1052 aperire
825 999 976 1041 000108

159 1059 276 1104 1008,
309 1060 352 1096 01
383 1054 601 1097 adducere
633 1068 731 1097 eum
761 1060 907 1097 tecum
932 1056 975 1096 in

160 1110 385 1162 judicium?
411 1112 516 1162 Quis
533 1116 681 1164 potest
699 1112 842 1154 facere
860 1126 977 1153 mun-

161 1166 264 1209 dum
293 1167 347 1209 de
373 1168 596 1210 immundo
626 1171 887 1221 conceptum
916 1171 977 1210 se-

159 1223 295 1264 mine?
315 1224 471 1266 Nonne
489 1229 537 1266 tu
556 1225 630 1277 qui
649 1225 768 1266 solus
788 1224 856 1266 es?
875 1225 977 1267 Bre-

160 1292 237 1321 ves
271 1279 364 1321 dies
395 1280 583 1322 heminis
617 1286 732 1332 sunt,
772 1285 978 1323 numerus

160 1336 373 1377 mensium
397 1337 486 1387 ejus
510 1337 627 1389 apud
648 1342 692 1379 te
716 1342 795 1379 est:
823 1338 978 1379 consti-

160 1392 282 1433 tuisti
304 1392 513 1434 terminos
539 1394 644 1444 ejus,
671 1394 744 1446 qui
767 1394 979 1446 praeteriri

159 1461 248 1490 non
277 1451 494 1501 peterunt.
546 1449 722 1491 Recede
756 1450 978 1502 paululum

161 1504 216 1546 ab
244 1517 314 1554 eo,
345 1510 393 1546 ut
419 1505 629 1557 quiescat,
663 1506 803 1548 donec
828 1508 979 1559 optata

160 1561 321 1610 veniat,
347 1561 459 1603 sicut
481 1562 738 1603 mercenarii
761 1562 855 1604 dies
881 1564 980 1614 ejus.

214 1622 264 1673 Rs,
293 1617 378 1658 Hei
400 1617 505 1658 mihi
527 1618 731 1668 Demine,
756 1619 856 1670 quia
881 1631 979 1671 pec-

162 1673 258 1715 031νί
283 1674 409 1714 010118
441 1674 485 1714 in
516 1674 607 1715 vita
637 1687 748 1716 mea:
780 1674 894 1724 Quid
920 1675 979 1716 fa-

162 1730 284 1780 ciam,
302 1729 453 1771 miser?
472 1730 547 1772 ubi
566 1730 741 1781 fugiam,
760 1731 843 1772 nisi
861 1731 918 1772 ad
936 1736 980 1773 te

161 1786 282 1828 Deus
305 1785 448 1828 meus?
474 1792 495 1815 *
517 1787 726 1829 Miserere
747 1787 850 1838 mei,
878 1786 980 1830 dum

162 1844 331 1885 veneris
354 1843 398 1883 in
424 1843 662 1885 novissimo
686 1843 767 1886 die.
803 1841 854 1893 V.
877 1844 979 1885 Ani-

162 1912 234 1941 ma
255 1912 354 1941 mea
375 1899 551 1942 turbata
574 1905 641 1942 est
658 1900 803 1951 valde,
831 1900 910 1943 sed
932 1906 981 1943 tu

163 1955 351 1998 Demine
369 1959 573 1998 succurre
593 1956 642 1998 ei.
668 1956 885 1999 Miserere.

267 2014 416 2055 Lectio
435 2014 488 2054 vi.
665 2014 689 2054 J
693 2013 749 2054 ob
770 2015 826 2053 14.
847 2027 879 2055 0.

246 2067 312 2109 018
340 2067 446 2109 mihi
468 2067 553 2109 hoc
576 2068 755 2119 tribuat,
782 2073 831 2111 ut
854 2070 898 2110 in
922 2070 980 2110 in-

257 2125 381 2166 ferno
400 2126 607 2176 protegas
631 2138 716 2175 me,
741 2130 784 2167 et
803 2125 984 2168 absc6n³

165 2180 244 2223 das
269 2194 354 2230 me,
387 2181 527 2222 donec
559 2184 831 2233 pertranseat
861 2182 982 2224 furor

101 2255 103 2257 ·
163 2243 278 2287 tuus,
305 2242 348 2279 et
366 2239 605 2279 constituas
624 2238 728 2279 mihi
745 2243 917 2291 tempus
936 2239 980 2279 in

165 2306 252 2346 quo
271 2292 515 2335 recorderis
534 2292 641 2336 mei?
664 2295 853 2336 Putasne
871 2297 982 2336 11101·-

163 2355 263 2392 1008
285 2350 418 2391 homo
442 2363 612 2391 rursum
634 2349 773 2392 vivat?
807 2351 982 2393 Cunctis

165 2406 318 2448 diebus
344 2405 500 2458 quibus
522 2419 637 2448 nunc
654 2407 808 2457 milito,
833 2409 982 2460 exspe-

166 2467 237 2504 cto
268 2462 408 2504 donec
431 2463 575 2504 veniat
602 2463 845 2504 immutatio
876 2476 983 2505 mea.

166 2517 359 2560 Vocabis
390 2530 478 2568 me,
519 2524 562 2560 01
594 2531 676 2569 ego
708 2519 983 2572 respondebo

165 2573 260 2616 tibi:
286 2574 409 2626 Operi
431 2576 636 2616 manuum
658 2577 830 2616 10310111
848 2576 983 2627 11ό111-

166 2643 242 2681 ges
263 2629 498 2671 dexteram.
527 2631 595 2672 Tu
616 2631 791 2683 quidem
809 2644 983 2682 gressus

166 2699 288 2728 meos
310 2685 606 2737 dinumerasti,
631 2687 710 2730 sed
731 2700 862 2739 parce
885 2701 983 2740 pec-

169 2743 276 2785 catis
294 2742 412 2784 meis.

1082 328 1133 380 R.
1163 324 1231 366 Ne
1264 323 1505 366 recorderis
1535 327 1718 377 11000313
1749 337 1847 366 1003

1027 380 1229 430 Ι)0111100,
1261 392 1283 412 *
1308 381 1424 422 Dum
1455 381 1624 423 veneris
1656 381 1847 433 judicare

1029 436 1235 478 saeculum
1253 450 1332 489 per
1351 438 1504 488 ignem.
1531 438 1578 489 V,
1596 438 1745 489 Dirige
1759 438 1847 478 De-

1028 493 1142 534 mine
1160 493 1280 534 Deus
1302 507 1423 535 meus
1448 495 1491 535 in
1514 495 1753 546 conspectu
1769 499 1846 535 1110

1028 550 1143 591 171310
1159 562 1312 590 1110310.
1339 551 1466 591 Dum.
1496 551 1545 602 Y,
1564 551 1779 603 Requiem
1793 563 1847 590 30-

1029 608 1208 647 ternam.
1234 606 1360 647 Dum.

1082 670 1221 703 Postea
1258 671 1307 704 ad
1341 672 1509 707 Laudes.
1547 677 1587 705 ut
1628 671 1723 704 infru
1750 666 1847 710 [170]

1032 717 1186 760 quando
1210 718 1350 753 dicitur
1378 730 1493 754 unum
1521 724 1666 754 tantum
1689 718 1849 751 Noctur-

1032 775 1131 799 num.

1245 814 1294 853 In
1317 815 1387 854 ΙΙΙ.
1416 816 1636 855 Νο0101110.

1128 877 1211 912 Pro
1236 878 1364 914 Feria
1388 880 1454 915 IV.
1479 884 1519 915 et
1543 879 1748 915 sabbato.

1086 932 1183 973 Ant.
1206 929 1489 981 Complaceat
1508 929 1532 954 *
1551 928 1631 970 tibi
1653 929 1849 979 Domine,

1031 990 1079 1026 ut
1093 985 1251 1038 eripias
1265 998 1349 1026 me:
1368 985 1554 1026 Demine
1574 985 1631 1026 ad
1650 985 1849 1038 adjuvan-

1032 1042 1135 1084 dum
1152 1055 1222 1083 me
1240 1042 1419 1094 respice.

1303 1109 1498 1149 Psalmus
1518 1109 1581 1148 39.

1039 1171 1379 1232 1'3-3fJ3xspectans
1416 1168 1669 1220 exspectavi
1704 1168 1850 1209 Demi-

1041 1234 1047 1275 j¹
1075 1236 1137 1254 ν
1162 1238 1276 1274 0001,
1294 1225 1318 1250 *
1338 1229 1381 1266 01
1400 1224 1583 1265 intendit
1601 1224 1715 1265 mihi.

1215 1281 1271 1322 Et
1295 1279 1516 1322 exaudivit
1540 1293 1694 1333 preces
1717 1293 1852 1322 meas:

1032 1339 1056 1364 *
1075 1341 1118 1378 01
1138 1337 1287 1378 eduxit
1304 1350 1374 1378 me
1394 1337 1449 1379 de
1467 1337 1565 1378 lacu
1584 1337 1784 1387 miseriae,
1810 1341 1853 1378 et

1032 1393 1087 1435 de
1104 1393 1197 1441 luto
1216 1394 1346 1435 faecis.

1082 1451 1139 1492 Et
1169 1450 1323 1491 statuit
1355 1463 1486 1503 super
1517 1455 1687 1503 petram
1715 1449 1851 1502 pedes

1031 1520 1168 1548 meos:
1187 1507 1211 1533 *
1231 1511 1274 1548 01
1296 1506 1453 1548 direxit
1474 1520 1650 1559 gressus
1668 1519 1801 1548 meos.

1083 1564 1139 1605 Et
1156 1563 1332 1604 immisit
1351 1563 1394 1603 in
1412 1576 1462 1604 os
1477 1576 1622 1605 meum
1637 1563 1852 1604 canticum

1031 1633 1204 1669 novum,
1223 1620 1246 1646 *
1266 1632 1440 1661 carmen
1457 1620 1554 1661 Deo
1573 1624 1737 1661 nostro.
1849 1639 1852 1642 ⁴

1082 1676 1307 1718 Videbunt
1333 1676 1471 1726 multi,
1504 1681 1548 1717 et
1575 1675 1803 1718 timebunt:
1829 1676 1852 1702 *

1034 1737 1077 1775 et
1095 1732 1334 1785 sperabunt
1350 1732 1395 1772 in
1413 1732 1614 1774 Demino.

1083 1789 1247 1830 Beatus
1265 1790 1343 1838 1711,
1367 1789 1485 1840 cujus
1506 1793 1571 1830 est
1589 1801 1748 1830 nomen
1766 1788 1852 1829 De-

1033 1845 1138 1886 mini
1169 1858 1269 1897 spes
1302 1846 1407 1897 ejus:
1426 1845 1449 1871 *
1469 1850 1513 1887 et
1542 1857 1630 1886 non
1660 1845 1852 1897 respexit

1033 1902 1076 1942 in
1095 1902 1310 1943 vanitates
1329 1906 1372 1943 01
1389 1901 1578 1942 insanias
1597 1901 1738 1942 falsas.

1084 1957 1223 1998 Multa
1258 1957 1400 1999 fecisti
1435 1962 1484 1999 tu
1514 1957 1702 1998 Demine
1733 1956 1853 1998 Deus

1033 2026 1156 2054 meus
1178 2013 1393 2055 mirabilia
1411 2018 1499 2055 tua:
1517 2013 1541 2039 *
1560 2018 1604 2055 01
1631 2013 1854 2064 cogitatie-

1034 2069 1159 2111 nibus
1191 2069 1277 2112 tuis
1307 2081 1395 2111 non
1423 2073 1490 2112 est
1518 2069 1591 2121 qui
1619 2069 1770 2111 similis
1798 2069 1855 2111 sit

1034 2125 1124 2167 tibi.

1086 2182 1353 2224 Annuntiavi
1394 2186 1437 2223 et
1473 2182 1647 2223 1000108
1685 2194 1796 2223 sum:
1830 2181 1855 2207 *

1035 2238 1311 2290 multiplicati
1337 2243 1438 2280 sunt
1463 2251 1595 2291 super
1617 2241 1854 2279 numerum.

1087 2294 1355 2336 Sacrificium
1378 2299 1422 2337 et
1446 2294 1711 2337 oblatienem
1734 2294 1854 2335 nolu-

1036 2351 1121 2393 isti:
1139 2351 1163 2377 *
1182 2364 1308 2393 aures
1332 2356 1479 2394 autem
1501 2352 1724 2405 persedisti
1740 2350 1855 2392 mihi.

1087 2407 1405 2449 Holocaustum
1451 2413 1495 2450 et
1540 2420 1622 2461 pro
1669 2408 1854 2460 peccato

1037 2477 1126 2505 non
1153 2464 1402 2517 postulasti:
1426 2465 1449 2491 *
1473 2469 1576 2507 tunc
1606 2463 1708 2506 dixi:
1739 2463 1854 2504 Ecce

1036 2533 1174 2562 vemo.

1087 2577 1138 2617 In
1170 2577 1311 2629 capite
1341 2577 1442 2619 libri
1468 2577 1679 2629 scriptum
1707 2579 1773 2617 est
1800 2574 1855 2615 de

1035 2646 1106 2674 me
1135 2638 1183 2674 ut
1213 2633 1402 2676 facerem
1427 2633 1696 2675 voluntatem
1722 2635 1854 2672 tuam:

1036 2690 1060 2715 *
1077 2690 1197 2731 1)008
1215 2702 1337 2732 meus
1355 2689 1486 2739 170101,
1511 2694 1555 2730 01
1577 2688 1718 2738 legem
1735 2691 1855 2730 tuam

1035 2746 1079 2786 in
1098 2744 1242 2788 medio
1262 2745 1408 2788 cordis
1425 2745 1522 2787 mei.
