2040 2976
400 190 471 225 Die
496 192 525 225 2.
551 192 649 236 Aug.
697 193 732 227 S.
757 194 953 237 Alphonsi
976 194 1022 228 de
1046 194 1203 237 Ligorio
1228 196 1296 238 Ep.
1323 196 1431 230 Conf.
1457 203 1492 230 et
1516 197 1624 231 Doet.

206 287 398 328 Homilia
416 288 556 329 sancti
575 288 778 339 Gregorii
795 288 942 341 Papae.

305 356 477 391 Homilia
496 357 545 392 17.
563 357 603 392 in
618 358 843 402 Evangelia.

169 433 254 473 μὴ),
287 419 456 460 ominus
503 424 547 461 et
582 419 785 461 Salvator
826 423 988 468 noster,

168 468 258 522 ΝΞΟ]
302 474 461 517 fratres
489 476 720 525 carissimi,
749 473 988 526 aliquando

168 526 214 555 'j
267 536 274 546 ’“
300 543 381 572 nos
419 532 713 582 sermonibus,
750 530 987 583 aliquando

156 599 262 628 vero
293 587 501 640 operibus
534 588 752 630 admonet.
791 588 896 640 Ipsa
929 589 987 628 et-

156 643 272 684 enim
282 644 399 685 facta
413 645 504 696 ejus
516 646 743 697 praecepta
758 648 871 685 sunt:
888 643 988 695 quia

156 698 261 740 dum
276 698 445 752 aliquid
458 700 618 742 tacitus
633 700 747 749 facit,
769 698 875 751 quid
891 701 988 750 age-

155 768 202 797 re
219 755 460 798 debeamus
475 756 721 798 innotescit.
742 757 858 798 Ecce
874 756 989 797 enim

154 810 284 853 binos
302 812 347 852 in
364 811 729 865 praedicationem
746 812 988 865 discipulos

154 867 303 910 mittit:
324 869 426 920 quia
445 868 534 911 duo
554 874 657 911 sunt
675 870 902 922 praecepta
921 882 987 910 ca-

155 924 307 974 ritatis,
327 925 411 966 Dei
434 925 640 967 videlicet
659 938 794 975 amor,
820 930 863 967 et
887 928 986 978 pro-

154 980 277 1021 ximi:
317 985 361 1022 et
391 981 533 1022 minus
567 994 699 1034 quam
728 982 842 1023 inter
876 981 989 1023 duos

155 1037 316 1078 caritas
343 1037 497 1080 haberi
523 1050 611 1079 non
638 1043 800 1090 potest,
844 1038 987 1079 Nemo

155 1093 270 1135 enim
297 1093 478 1146 preprie
510 1093 567 1135 ad
600 1097 888 1147 semetipsum
916 1094 988 1135 ha-

89 1159 91 1163 ‘
153 1149 258 1191 bere
278 1150 505 1192 caritatem
521 1150 693 1192 dicitur:
713 1151 793 1192 sed
809 1150 987 1193 dilectio

89 1238 91 1266 s
151 1206 195 1246 in
224 1206 410 1304 altterum
437 1206 595 1258 tendit,
624 1212 672 1249 ut
701 1208 862 1249 caritas
890 1221 988 1249 esse

88 1302 90 1308 ,
151 1275 275 1315 possl
297 1294 305 1303 .

203 1329 255 1381 Ra,
283 1327 462 1370 Amavit
481 1340 581 1369 eum
599 1328 831 1380 Deminus‚
857 1335 900 1371 et
921 1343 986 1371 or-

152 1383 273 1426 navit
305 1396 418 1425 eum:
466 1384 625 1426 stolam
663 1385 815 1436 gloriae
846 1385 987 1428 induit

154 1452 269 1490 eum,
290 1442 313 1467 *
342 1440 400 1482 Et
427 1441 484 1482 ad
511 1446 664 1493 portas
693 1442 887 1494 paradisi
916 1455 986 1484 co-

152 1497 325 1538 ronavit
344 1509 455 1538 eum.
481 1493 531 1546 V.
553 1497 702 1540 Induit
721 1511 820 1539 eum
835 1499 985 1540 Domi-

151 1565 233 1593 nus
260 1552 444 1594 loricam
471 1553 586 1604 fidei,
616 1559 659 1596 et
683 1555 856 1596 ornavit
875 1568 985 1596 eum.

150 1608 208 1650 Et
227 1608 284 1651 ad
302 1614 467 1662 portas.

437 1682 591 1724 Lectio
612 1684 696 1724 viii.

232 1752 310 1781 cce
342 1740 458 1781 enim
487 1739 616 1782 binos
651 1741 708 1782 ad
739 1741 981 1793 praedican-

255 1795 361 1838 dum
385 1795 629 1849 discipulos
648 1797 864 1838 Deminus
888 1798 982 1840 mit-

151 1852 218 1894 tit:
243 1854 458 1904 quatenus
482 1852 568 1894 hoc
590 1853 720 1894 nobis
743 1854 904 1896 tacitus
924 1857 983 1895 in-

150 1913 266 1959 nuat,
287 1908 389 1960 quia
410 1909 484 1960 qui
506 1909 734 1951 caritatem
754 1922 859 1961 erga
879 1911 983 1952 alte—

150 1977 248 2006 rum
265 1977 354 2006 non
373 1965 517 2014 habet,
541 1965 870 2018 praedicationis
891 1967 982 2008 offi-

86 2039 89 2054 1
151 2020 267 2062 cium
300 2023 525 2073 suscipere
556 2021 805 2063 nullatenus
839 2021 983 2065 debet.

150 2077 271 2119 Bene
290 2082 436 2119 autem
455 2076 624 2128 dicitur,
647 2078 748 2130 quia
767 2079 886 2120 misit
906 2092 983 2121 eos

151 2137 252 2174 ante
281 2132 436 2174 faciem
462 2147 585 2175 suam
611 2134 655 2174 in
681 2147 856 2176 omnem
881 2136 981 2177 civi-

148 2191 287 2230 tatem
307 2194 350 2230 et
368 2189 527 2240 locum,
548 2203 636 2242 quo
658 2196 752 2232 erat
771 2191 867 2244 ipse
882 2205 982 2233 ven-

149 2248 285 2285 turus.
304 2245 629 2288 Praedicatores
645 2247 760 2288 enim
773 2260 878 2288 suos
893 2248 980 2289 Do—

149 2300 291 2342 minus
329 2302 541 2352 sequitur:
583 2303 685 2354 quia
721 2303 981 2355 praedicatio

84 2394 86 2398 .
149 2357 376 2409 praevenit,
394 2362 437 2398 et
452 2363 556 2399 tunc
572 2359 630 2400 ad
643 2360 802 2400 mentis
817 2365 982 2401 nostrae

151 2412 450 2454 habitaculum
466 2414 681 2456 Dominus
701 2416 829 2465 venit,
850 2428 981 2467 quan-

84 2469 86 2518 ζ
153 2467 211 2510 do
256 2469 392 2510 verba
437 2469 755 2512 exhortatic'mis
790 2475 981 2524 praecur-

84 2519 86 2530 ¹
150 2529 267 2566 runt:
313 2530 446 2577 atque
484 2538 565 2578 per
601 2526 687 2568 hoc
731 2527 892 2569 veritas
937 2528 981 2568 in

148 2586 295 2622 mente
323 2581 571 2634 suscipitur.

84 2685 86 2697 ‚
202 2650 254 2702 Rz.
270 2651 321 2691 In
339 2650 486 2692 medio
506 2651 719 2692 Ecclesiae
739 2653 911 2703 aperuit
930 2665 981 2694 os

84 2712 87 2764 ζ
149 2706 250 2758 ejus,
276 2706 298 2730 *
326 2707 383 2748 Et
410 2707 608 2760 implevit
636 2720 736 2749 eum
764 2709 980 2751 Deminus

1810 193 1877 229 463

1043 288 1201 340 spiritu
1253 289 1482 341 sapientiae
1528 295 1573 332 et
1617 290 1876 332 intellectus.

1042 339 1092 391 V.
1147 344 1172 385 J
1174 344 1476 387 ucunditatem
1529 351 1572 388 et
1622 347 1873 388 exsultatio-

1041 413 1142 442 nem
1167 401 1482 443 thesaurizavit
1508 415 1639 455 super
1664 416 1774 444 eum.
1817 403 1875 444 Et

1041 456 1250 509 implevit.
1272 457 1423 498 Cleria
1436 458 1568 499 Patri.
1593 459 1650 500 Et
1664 459 1874 511 implevit.

1095 518 1171 551 Pro
1188 519 1223 551 S.
1240 517 1437 560 Stephano
1456 520 1562 563 Papa
1582 526 1617 555 et
1634 521 1811 565 Martyrc.

1344 571 1496 613 Lectio
1517 574 1571 613 ix.

1049 628 1337 681 &tephanus
1374 630 1600 671 Romanus
1646 630 1875 682 pontifica-

1049 669 1115 732 Q
1138 691 1231 727 tum
1264 686 1402 737 gessit
1429 686 1667 727 Valeriano
1702 692 1746 728 et
1775 687 1875 728 Gal-

1041 742 1157 783 lieno
1194 742 1545 794 imperatoribus.
1597 743 1791 785 Instituit
1826 748 1875 785 ut

1042 797 1298 839 sacerdotes
1319 803 1363 839 et
1382 798 1559 840 diaconi
1573 812 1790 851 nusquam
1810 812 1874 840 sa-

1042 855 1127 895 cris
1150 854 1364 903 vestibus,
1388 855 1471 895 nisi
1493 855 1537 895 in
1557 855 1759 905 eeclesia,
1784 861 1874 897 ute-

1041 913 1201 952 rentur.
1255 911 1515 963 Baptizatos
1551 911 1606 953 ab
1643 912 1874 961 haereticis,

1041 970 1199 1008 iterum
1218 967 1437 1020 baptizari
1456 969 1605 1017 vetuit,
1627 967 1873 1010 rescribens

1042 1029 1195 1065 sancto
1217 1024 1436 1076 Cypriano
1460 1023 1609 1065 verbis
1628 1024 1730 1065 illis:
1756 1024 1875 1065 Nihil

1040 1081 1282 1130 innovetur,
1308 1080 1392 1121 nisi
1420 1080 1540 1132 quod
1565 1081 1777 1122 traditum
1797 1086 1875 1122 est.

1040 1136 1202 1177 Multos
1224 1137 1356 1178 etiam
1375 1136 1431 1178 ad
1453 1136 1675 1178 Christum
1694 1139 1873 1178 conver-

1039 1193 1106 1234 tit:
1125 1193 1169 1233 in
1188 1193 1239 1233 iis
1257 1193 1511 1245 Olympium
1530 1193 1755 1234 tribunum
1775 1206 1874 1234 cum

1039 1251 1177 1290 11ΧοΓο
1192 1249 1448 1301 Exsuperia,
1464 1254 1508 1290 et
1522 1249 1614 1290 filio
1626 1249 1873 1299 Theodssso,

1038 1304 1143 1346 item
1153 1305 1409 1346 Nemesium
1424 1304 1649 1346 tribunum
1666 1318 1764 1346 cum
1778 1310 1873 1346 tota

1038 1361 1217 1411 familia,
1256 1361 1394 1402 oculis
1426 1361 1607 1402 Lucillae
1646 1362 1737 1413 ejus
1770 1361 1873 1402 filiae

1039 1418 1268 1459 restitutis:
1297 1418 1371 1469 qui
1400 1430 1552 1459 omnes
1577 1418 1683 1459 Jesu
1711 1417 1873 1458 Christi

1039 1474 1255 1526 Martyres
1289 1474 1474 1515 fuerunt.
1519 1474 1607 1515 Sed
1642 1474 1872 1516 vehemen-

1038 1530 1124 1571 tius
1143 1531 1228 1582 jam
1251 1531 1584 1581 ingravescente
1603 1531 1872 1583 persecutio-

1037 1599 1092 1627 ne
1116 1587 1450 1639 imperatorum,
1476 1586 1742 1639 Stephanus,
1772 1599 1871 1627 eon-

1037 1644 1198 1684 vocato
1228 1642 1364 1692 clero,
1397 1642 1454 1684 ad
1481 1643 1739 1695 martyrium
1768 1655 1872 1683 suos

1036 1697 1314 1749 hortabatur,
1347 1699 1391 1738 in
1423 1700 1677 1751 cryptisque
1710 1699 1871 1750 Marty-

1037 1767 1133 1796 rum
1153 1755 1329 1796 assidue
1349 1755 1508 1796 Missas
1533 1761 1578 1796 et
1600 1755 1785 1796 concilia
1805 1767 1870 1796 ce-

1036 1811 1249 1852 lebrabat.
1292 1812 1377 1861 Qui
1405 1824 1504 1852 cum
1537 1810 1776 1863 aliquando
1807 1823 1871 1852 ra-

1036 1872 1140 1920 ptus
1169 1873 1286 1909 esset
1315 1868 1369 1909 ab
1398 1867 1650 1909 infidelibus
1680 1867 1736 1908 ad
1763 1873 1870 1909 tem-

1036 1924 1158 1976 plum
1183 1924 1348 1974 Martis,
1377 1929 1425 1965 ut
1452 1924 1492 1965 ei
1518 1924 1798 1973 sacrificaret,
1824 1923 1870 1964 li-

1036 1979 1141 2021 bere
1167 1980 1361 2031 negavit,
1390 1993 1438 2021 se
1467 1979 1744 2022 daemonibus
1771 1993 1871 2022 eum

1037 2036 1250 2077 honorem
1286 2036 1398 2078 velle
1434 2036 1647 2087 tribuere,
1687 2037 1761 2089 qui
1796 2037 1871 2077 uni

1036 2092 1134 2133 Deo
1163 2092 1408 2134 deberetur.
1450 2093 1620 2142 Quibus
1647 2093 1691 2134 in
1723 2092 1870 2134 verbis

1035 2148 1190 2189 Martis
1217 2151 1362 2190 statua
1387 2151 1645 2191 terraem6tu
1665 2148 1869 2199 co'ncidit,

1034 2204 1337 2257 templumque
1357 2206 1631 2247 contremuit.
1660 2206 1805 2256 Quare
1826 2207 1868 2245 0-

1034 2260 1210 2301 mnibus
1236 2261 1561 2311 aufugientibus
1588 2262 1661 2314 qui
1687 2261 1868 2314 Stepha-

1034 2329 1137 2357 num
1170 2316 1394 2367 tenebant‚
1430 2317 1636 2361 Pentifex
1669 2317 1726 2359 ad
1762 2329 1867 2358 suos

1034 2373 1269 2414 revertitur
1292 2373 1336 2414 in
1354 2374 1655 2416 coemeterium
1673 2374 1867 2414 Lucinae:

991 2448 993 2468 3
1037 2441 1146 2481 quos
1181 2429 1338 2471 divinis
1366 2431 1604 2483 praeceptis
1636 2433 1866 2478 instruens,

1035 2487 1310 2526 sacramento
1337 2487 1539 2539 corporis
1563 2486 1725 2527 Christi
1750 2498 1863 2526 com-

1033 2541 1287 2583 municavit:
1319 2541 1468 2594 ibique
1502 2542 1606 2583 dum
1632 2542 1866 2582 Missarum

1034 2598 1247 2639 solemnia
1290 2598 1482 2651 perficit,
1530 2596 1864 2640 advenientibus

1033 2656 1191 2695 iterum
1207 2654 1523 2706 imperatorum
1537 2652 1807 2701 satellitibus,
1824 2651 1863 2692 ei

1032 2710 1077 2750 in
1093 2723 1172 2751 sua
1186 2709 1291 2752 sede
1306 2715 1439 2763 caput
1455 2709 1734 2762 abscinditur.
1758 2707 1862 2749 Cor-
