2040 2976
636 236 681 270 In
705 235 831 270 Festis
856 235 897 268 B.
922 233 1055 267 Mariae
1079 233 1123 267 V.
1149 243 1218 275 pcr
1241 242 1392 266 annum.

158 337 281 373 tanta
298 332 460 373 fiducia
479 331 729 379 confitetur,
748 333 797 370 ut
817 334 860 370 et
878 340 988 379 prae-

159 388 347 430 sentium
375 389 610 440 procerum
638 385 913 434 calumniam,
946 388 990 425 et

158 444 406 486 futurorum
425 443 665 485 confundat
679 442 990 483 haereticorum

158 500 402 553 perfidiam.
434 500 550 541 Nam
575 499 687 540 sicut
710 503 814 539 tunc
836 497 861 537 J
863 496 989 546 udaei,

159 557 300 598 sancti
318 557 505 609 Spiritus
529 558 666 608 opera
683 553 988 606 blaspheman-

160 612 238 662 do,
283 626 437 654 verum
482 610 989 660 consubstantialemque

158 669 280 710 Patri
293 669 378 710 Dei
392 668 551 709 Filium
570 666 803 718 negabant:
822 666 884 706 sic
902 665 988 706 hae-

159 724 284 765 retici
298 726 455 777 postea
468 723 671 774 negando
682 723 866 763 Mariam
879 734 988 762 sem-

158 793 238 833 per
257 781 499 831 Virginem,
524 779 664 820 sancti
681 778 867 831 Spiritus
887 789 987 829 ope-

159 838 285 878 rante
311 837 497 886 virtute,
528 836 752 877 nascituro
785 847 885 875 cum
912 833 987 874 hu-

158 893 299 934 manis
347 892 556 934 membris
605 891 840 942 Unigenito
890 890 989 939 Dei,

159 949 302 990 carnis
331 962 422 990 suae
450 948 679 990 materiam
705 946 990 995 ministrasse,

159 1017 312 1047 verum
331 1003 836 1055 consubstantialemque
861 1002 991 1043 matri

158 1061 319 1102 Filium
345 1060 534 1102 hominis
562 1059 689 1101 fateri
712 1071 801 1100 non
827 1058 990 1099 debere

160 1116 376 1158 dixerunt.

214 1186 265 1238 Rz.
279 1186 404 1228 Felix
422 1199 612 1239 namque
633 1199 691 1235 es,
711 1197 835 1226 sacra
850 1184 990 1234 Virgo

159 1242 308 1292 Maria,
329 1247 372 1283 et
391 1243 511 1284 omni
528 1241 659 1283 laude
678 1240 948 1292 dignissima:
967 1238 990 1263 *

161 1298 274 1348 Quia
305 1311 360 1339 ex
391 1303 435 1340 te
464 1303 587 1339 ortus
616 1302 683 1339 est
711 1296 777 1338 sol
804 1296 991 1348 justitiae,

161 1354 360 1395 Christus
379 1355 501 1396 Deus
520 1358 681 1395 noster.
720 1345 770 1397 Ys-
795 1352 885 1393 Ora
908 1364 991 1404 pro

159 1410 341 1463 populo,
366 1411 582 1452 interveni
599 1422 683 1462 pro
700 1410 834 1458 clero,
861 1409 991 1449 inter-

160 1466 268 1508 cede
311 1480 394 1520 pro
440 1466 603 1508 devoto
645 1466 832 1507 femineo
870 1477 992 1506 sexu:

160 1523 349 1565 sentiant
364 1536 517 1565 omnes
532 1527 657 1564 tuum
671 1523 884 1574 juvamen,
901 1521 990 1573 qui-

161 1582 348 1632 eamque
386 1578 610 1620 celebrant
641 1583 763 1620 tuam
794 1582 991 1618 sanctam

159 1635 453 1677 festivitatem.
487 1636 610 1686 Quia.

215 1704 376 1747 Bened.
421 1704 550 1756 Cujus
591 1703 751 1744 festum
791 1701 990 1752 colimus,

160 1761 258 1814 ipsa
274 1761 413 1811 Virgo
432 1760 659 1811 virginum.

448 1834 603 1875 Lectio
623 1833 708 1874 viii.

166 1895 289 2003 Sed
307 1902 344 1943 si
368 1914 471 1943 caro
490 1900 630 1943 Verbi
647 1900 731 1941 Dei
750 1899 993 1941 secundum

254 1970 431 1999 carnem
453 1957 673 1998 nascentis
697 1969 722 1996 a
745 1968 876 1996 carne
895 1955 993 1997 Vir-

163 2014 276 2065 ginis
290 2013 444 2054 matris
453 2012 763 2065 pronuntiatur
775 2013 993 2062 extranea,

164 2070 257 2111 sine
279 2082 413 2111 causa
434 2073 587 2111 venter
613 2068 687 2120 qui
711 2080 807 2108 eam
825 2069 994 2120 portas-

166 2130 248 2176 set,
270 2125 408 2167 ubera
428 2137 527 2177 quae
546 2124 801 2173 lactassent,
828 2123 994 2164 beatifi-

166 2184 330 2223 cantur.
383 2181 503 2222 Dicit
547 2184 694 2221 autem
734 2179 995 2231 Apostolus:

166 2238 278 2288 Quia
303 2238 421 2279 misit
447 2239 570 2278 Deus
595 2236 754 2278 Filium
782 2248 910 2276 suum
937 2235 995 2275 fa-

167 2298 286 2335 ctum
306 2306 360 2335 ex
378 2292 576 2342 muliere,
599 2292 764 2333 factum
788 2290 870 2332 sub
889 2291 996 2342 lege.

166 2349 322 2401 Neque
354 2348 561 2390 audiendi
592 2352 711 2398 sunt,
748 2347 822 2399 qui
853 2347 996 2397 legen-

168 2404 273 2446 dum
303 2409 474 2457 putant:
510 2404 675 2446 Natum
713 2416 768 2444 ex
804 2402 998 2452 muliere,

168 2462 332 2502 factum
358 2460 439 2502 sub
462 2460 576 2511 lege,
607 2459 704 2509 sed,
735 2459 920 2500 Factum
945 2471 999 2500 ex

167 2517 364 2558 muliere:
393 2516 495 2568 quia
523 2517 762 2568 conceptus
791 2527 846 2556 ex
869 2517 998 2555 utero

169 2572 388 2623 virginali,
426 2584 602 2613 carnem
638 2583 726 2612 non
763 2570 818 2612 de
853 2569 999 2619 nihilo,

169 2642 258 2670 non
277 2627 463 2677 aliunde,
482 2627 562 2668 sed
579 2628 777 2668 materna
795 2626 929 2666 traxit
946 2638 1001 2667 ex

172 2697 316 2726 carne:
339 2683 532 2735 alioquin
550 2695 631 2724 nec
650 2695 753 2723 vere
770 2681 906 2722 Filius
924 2681 999 2722 ho-

170 2740 298 2782 minis
318 2740 553 2788 diceretur,
581 2739 655 2791 qui
681 2738 893 2789 originem
911 2749 1000 2778 non

1040 329 1227 371 haberet
1251 343 1306 371 ex
1330 330 1518 371 homine.
1555 331 1612 371 Et
1636 343 1716 371 nos
1740 331 1874 381 igitur

1040 386 1108 426 his
1134 391 1289 427 contra
1311 386 1541 438 Eutychen
1567 386 1712 436 dictis,
1739 386 1874 428 extol-

1041 442 1181 482 lamus
1200 455 1356 483 vocem
1380 456 1480 483 cum
1499 442 1700 483 Ecclesia
1726 442 1874 483 catho-

1040 498 1139 547 lica,
1168 498 1289 549 cujus
1312 498 1408 539 haec
1430 498 1586 539 mulier
1606 503 1761 551 typum
1779 512 1874 550 ges-

1041 554 1113 603 sit,
1140 554 1403 595 extollamus
1428 559 1472 596 et
1495 559 1688 595 mentem
1712 555 1767 596 de
1787 557 1874 596 me-

1042 610 1115 651 dio
1141 610 1388 660 turbarum,
1417 610 1704 662 dicamusque
1728 611 1874 652 Salva-

1041 666 1142 707 tori:
1160 666 1326 707 Beatus
1345 671 1499 707 venter
1520 667 1594 718 qui
1610 671 1654 708 te
1669 667 1875 719 portavit,

1043 727 1087 764 et
1113 722 1250 764 ubera
1280 736 1378 774 quae
1408 723 1574 763 suxisti.
1614 723 1734 764 Vere
1761 723 1875 764 enim

1041 778 1173 820 beata
1199 791 1377 831 parens,
1407 791 1523 831 quae,
1554 779 1667 820 sicut
1696 779 1876 830 quidam

1042 835 1114 884 ait,
1130 835 1271 875 Enixa
1286 839 1354 876 est
1367 836 1587 887 puerpera
1602 835 1780 886 Regem,
1802 835 1877 887 qui

1043 890 1203 932 coelum
1215 893 1467 943 terramque
1479 896 1601 932 tenet
1612 903 1692 943 per
1703 891 1876 932 saecula.

1097 947 1148 997 R.
1164 947 1351 988 Beatam
1370 959 1441 988 me
1463 947 1611 988 dicent
1631 959 1784 988 omnes
1804 960 1874 997 ge-

1042 1003 1309 1044 nerationes:
1339 1003 1362 1027 *
1389 1003 1502 1053 Quia
1530 1003 1634 1044 fecit
1657 1003 1764 1043 mihi
1787 1003 1876 1044 Do-

1041 1059 1185 1099 minus
1221 1071 1380 1110 magna
1413 1059 1487 1110 qui
1519 1064 1678 1111 potens
1712 1063 1796 1109 est,
1834 1064 1878 1100 et

1043 1120 1244 1156 sanctum
1272 1128 1433 1156 nomen
1459 1116 1560 1167 ejus.
1596 1110 1646 1161 V.
1672 1115 1729 1156 Et
1750 1116 1876 1156 mise—

1042 1171 1234 1213 ricordia
1256 1173 1347 1223 ejus
1371 1184 1397 1212 a
1417 1172 1629 1224 progenie
1653 1171 1698 1211 in
1721 1173 1876 1224 proge-

1042 1228 1136 1268 nies
1155 1227 1408 1269 timentibus
1433 1241 1542 1269 eum.
1572 1228 1694 1278 Quia.
1724 1227 1878 1268 Gloria

1041 1284 1173 1324 Patri.
1213 1284 1335 1334 Quia.

1098 1340 1261 1382 Bened.
1289 1339 1360 1382 Ad
1379 1340 1646 1382 societatem.

1350 1414 1503 1454 Lectio
1524 1413 1579 1452 ix.

1126 1477 1291 1518 uinimo
1320 1477 1439 1518 beati
1470 1478 1545 1529 qui
1574 1478 1756 1520 audiunt
1784 1492 1878 1520 ver-

1136 1533 1242 1574 bum
1268 1534 1368 1583 Dei,
1401 1538 1445 1574 et
1478 1534 1740 1575 cust6diunt.
1780 1536 1877 1576 Pul-

1045 1589 1149 1630 chre
1167 1589 1371 1631 Salvator
1391 1591 1663 1631 attestationi
1683 1591 1878 1632 mulieris

1045 1646 1205 1695 annuit,
1222 1658 1310 1686 non
1331 1658 1428 1688 eam
1446 1647 1755 1688 tantummodo
1778 1661 1877 1699 quae

1043 1701 1242 1743 Verbum
1255 1702 1340 1743 Dei
1360 1703 1649 1754 corporaliter
1667 1706 1878 1754 generare

1042 1761 1281 1808 meruerat,
1310 1758 1390 1800 sed
1415 1763 1459 1800 et
1484 1771 1637 1800 omnes
1663 1759 1737 1811 qui
1760 1759 1879 1801 idem

1044 1813 1243 1855 Verbum
1289 1815 1542 1867 spiritaliter
1582 1814 1734 1856 auditu
1774 1815 1879 1856 fidei

1045 1872 1294 1922 concipere,
1322 1875 1366 1911 et
1383 1870 1490 1911 boni
1509 1871 1657 1923 Operis
1677 1871 1879 1912 custOdia

1045 1925 1116 1967 vel
1134 1926 1179 1966 in
1199 1938 1290 1975 suo,
1310 1926 1381 1967 vel
1399 1927 1443 1966 in
1461 1927 1765 1978 proximorum
1785 1939 1878 1968 cor-

1047 1981 1101 2022 de
1133 1983 1308 2033 parere,
1341 1987 1386 2023 et
1419 1983 1545 2033 quasi
1577 1982 1695 2024 alere
1731 1982 1880 2024 studu-

1047 2037 1169 2087 erint,
1188 2039 1445 2079 asseverans
1466 2051 1564 2079 esse
1582 2038 1754 2080 beatos:
1779 2039 1880 2090 quia

1048 2098 1098 2134 et.
1111 2092 1267 2134 eadem
1284 2094 1366 2135 Dei
1381 2093 1592 2143 Genitrix,
1613 2099 1657 2135 et
1671 2094 1774 2136 inde
1791 2095 1880 2147 qui-

1048 2148 1150 2190 dem
1167 2148 1314 2198 beata,
1342 2150 1445 2202 quia
1463 2149 1605 2191 Verbi
1623 2150 1882 2192 incarnandi

1047 2205 1245 2245 ministra
1268 2205 1384 2246 facta
1410 2210 1476 2247 est
1499 2206 1773 2258 temporalis3
1802 2206 1882 2247 sed

1048 2260 1151 2301 inde
1175 2260 1314 2302 multo
1337 2260 1526 2311 beatior,
1556 2262 1658 2314 quia
1686 2262 1882 2315 ejusdem

1050 2329 1224 2368 semper
1266 2317 1443 2358 amandi
1486 2322 1649 2362 custos,
1676 2318 1883 2359 manebat

1050 2373 1227 2413 aeterna.

1105 2430 1168 2470 Te
1186 2428 1332 2470 Deum
1350 2428 1590 2471 laudamus.
1609 2431 1669 2471 13.

1316 2510 1619 2552 AdLaudes

1222 2571 1283 2607 et
1327 2578 1442 2618 per
1486 2565 1713 2604 Horas.

1106 2631 1206 2671 Ant.
1230 2632 1260 2671 1.
1293 2630 1410 2670 Dum
1438 2631 1555 2668 esset
1573 2627 1672 2667 Rex
1695 2626 1718 2651 *
1743 2625 1787 2665 in
1816 2637 1883 2666 ac-

1053 2682 1204 2724 cubitu
1223 2695 1315 2732 suo,
1335 2682 1499 2724 nardus
1518 2695 1616 2723 mea
1635 2681 1758 2723 dedit
1778 2679 1883 2721 odo-

1052 2751 1146 2780 rem
1165 2739 1403 2780 suavitatis.
