2040 2976
202 207 300 251 [206]

646 204 822 237 Officium
848 204 1021 238 votivum
1047 205 1093 238 dc
1119 204 1269 238 Sanctis
1296 204 1468 245 Angelis.

258 302 303 352 le-.
340 301 397 340 br.
441 303 572 346 Stetit
607 303 802 354 Angelus
840 306 862 329 *
899 303 1031 344 Juxta

201 373 321 402 aram
357 360 520 412 templi.
565 360 705 402 Stetit.
765 355 813 407 Y.
849 359 1030 402 Habens

199 416 468 458 thuribulum
500 420 681 459 aureum
711 417 757 458 in
783 429 915 458 manu
941 429 1029 458 sua.

200 474 342 515 Juxta.
373 473 525 515 (iloria
543 474 673 516 Patri.
700 474 841 516 Stetit.

254 532 301 582 Y.
327 537 540 581 Ascendit
558 539 701 580 fumus
722 541 967 581 aromatum
986 538 1030 579 in

201 599 442 650 conspeetu
474 596 662 638 Domini.
716 597 766 647 R.
798 596 866 637 De
898 607 1030 636 manu

200 653 369 704 Angeli.

479 731 546 768 Ad
569 731 755 767 Sextam.

256 804 353 841 Ant.
386 801 540 852 Angeli
559 803 722 843 eorum.

304 872 564 923 Capitulum.
684 872 819 923 Apoe.
838 875 873 913 5.
894 888 925 913 c.

201 942 396 1049 Aidivi
415 959 570 988 vocem
585 945 857 996 Angelorum
874 944 1030 986 multo·

313 1017 408 1044 rum
425 1003 470 1044 in
490 1002 675 1044 circaitu
693 1001 859 1050 throni,
879 1006 923 1043 et
943 1001 1028 1042 ani-

201 1060 398 1109 malium,
426 1065 469 1102 et
494 1060 731 1104 seniorum:
767 1063 810 1100 et
836 1063 930 1100 erat
955 1061 1030 1099 nu-

200 1129 346 1158 merus
366 1119 518 1158 eorum
541 1115 676 1157 millia
693 1115 892 1164 millium,
920 1127 1030 1156 voce

200 1186 357 1224 magna
390 1173 641 1215 dicentium:
675 1172 801 1214 Salus
828 1172 927 1213 Deo
955 1183 1030 1212 no-

202 1235 305 1272 stro.

254 1303 304 1355 Rg.
338 1303 399 1343 br.
444 1303 659 1346 Ascendit
688 1303 832 1345 fumus
864 1305 1030 1345 aroma-

201 1366 294 1402 tum
307 1361 389 1419 *1¹¹
404 1362 646 1413 conspectu
655 1360 846 1401 Domini.
865 1360 1030 1402 Ascen-

202 1417 276 1460 dit.
315 1416 363 1462 δ’.
392 1419 458 1459 De
487 1431 619 1459 manu
645 1418 814 1469 Angeli.
851 1418 910 1459 In·
932 1430 1030 1459 con-

202 1476 368 1527 spectu.
396 1474 549 1516 Gloria
567 1475 698 1517 Patri.
727 1474 953 1516 Ascendit.

256 1539 305 1589 Y.
318 1544 370 1584 In
382 1546 623 1598 conspectu
634 1545 906 1597 Angelorum
918 1545 1031 1598 psal-

201 1601 288 1642 lam
315 1600 395 1643 tibi
419 1601 541 1643 Deus
566 1615 702 1643 meus.
740 1603 789 1654 R.
818 1601 1031 1644 Adorabo

202 1657 258 1699 ad
272 1657 484 1710 templum
499 1664 699 1700 sanctum
712 1664 848 1709 tuum,
870 1665 914 1701 et
931 1671 1031 1701 con-

201 1714 362 1756 fitebor
379 1715 545 1756 nomini
562 1720 651 1757 tuo.

483 1818 551 1856 Ad
574 1819 758 1856 Nonam.

258 1887 354 1927 Ant.
391 1887 553 1940 Angeli,
573 1888 849 1939 Archangeli.

283 1963 540 2015 Capitulum.
692 1964 826 2015 Apoe.
843 1965 898 2004 12.
918 1964 957 2005 b.

205 2024 429 2130 Factum
453 2039 520 2076 est
544 2035 746 2087 praelium
763 2048 969 2086 magnum
988 2035 1033 2076 in

301 2090 433 2132 coelo:
462 2091 651 2133 Michael
682 2097 726 2134 et
751 2092 911 2144 Angeli
942 2092 1033 2143 ejus

203 2146 518 2199 praeliabantur
537 2160 636 2189 cum
653 2148 858 2199 dracone,
878 2154 922 2191 et
937 2147 1032 2191 dra-

204 2216 257 2245 co
278 2203 512 2256 pugnabat,
533 2210 578 2247 et
596 2206 738 2257 angeli
759 2207 863 2258 ejus:
883 2211 927 2248 et
944 2218 1034 2247 non

203 2259 546 2313 praevaluerunt,
570 2275 713 2315 neque
739 2263 863 2305 locus
886 2263 1033 2304 inven-

203 2322 274 2359 tus
294 2321 362 2359 est
380 2319 531 2359 eorum
551 2319 737 2372 amplius
755 2320 799 2360 in
820 2319 946 2361 coelo.

257 2390 308 2441 Rg.
328 2388 390 2430 br.
421 2391 473 2432 In
497 2395 740 2445 conspectu
762 2393 1034 2445 Angelorum

206 2447 231 2507 *ζ
263 2447 456 2490 Psallam
495 2448 575 2491 tibi
610 2449 732 2491 Deus
773 2463 907 2492 meus.
970 2450 1034 2490 In.

209 2502 257 2549 Y·
280 2504 495 2547 Adorabo
521 2505 579 2547 ad
602 2506 815 2559 templum
834 2512 1034 2548 sanctum

203 2567 342 2612 tuum,
389 2566 433 2604 et
469 2562 712 2604 confitebor
747 2563 911 2605 nomini
944 2568 1033 2605 tuo.

203 2618 404 2660 Psallam.
433 2617 586 2661 Gloria
604 2619 735 2661 Patri.
766 2620 827 2660 In.

260 2678 309 2730 Y.
347 2684 544 2727 Adorate
580 2685 735 2727 Deum.
788 2686 838 2737 R.
871 2685 1034 2728 Omnes

205 2741 364 2793 Angeli
389 2742 491 2794 ejus.

1288 304 1351 345 In
1371 303 1430 345 11.
1453 302 1705 354 vesperis.

1138 371 1225 402 Ant.
1243 370 1289 403 dc
1307 369 1426 403 Laud.
1438 369 1537 414 [205]
1566 370 1625 404 l's.
1642 374 1681 404 ut
1699 371 1737 404 in
1753 371 1779 405 1.
1797 371 1914 416 Vcsp.

1087 418 1133 451 cle
1156 419 1299 452 (Iomm.
1318 419 1455 461 Apost.
1468 418 1516 462 [2]
1539 424 1575 453 ct
1592 420 1678 453 loco
1697 420 1819 454 ultimi

1353 479 1551 519 Psalmus
1572 480 1656 519 137.

1088 534 1380 643 Confitebor
1411 542 1492 584 tibi
1523 541 1786 583 Domine'in
1818 545 1914 583 toto

1177 598 1312 641 corde
1334 612 1450 641 meo:
1473 601 1497 627 *
1521 598 1729 651 quoniam
1753 597 1915 640 audisti

1082 656 1217 698 verba
1241 656 1329 697 oris
1348 656 1445 697 mei.

1133 714 1185 754 In
1220 714 1464 765 conspectu
1494 711 1767 764 Angelorum
1799 711 1914 765 psal-

1081 770 1169 812 lam
1202 769 1298 812 tibi:
1326 770 1350 795 *
1378 769 1578 811 adorabo
1612 768 1669 810 ad
1699 767 1914 821 templum

1082 832 1282 868 sanctum
1313 831 1451 876 tuum,
1484 831 1528 868 et
1559 824 1805 868 confitebor
1839 827 1914 866 no-

1081 884 1186 925 mini
1205 889 1294 925 tuo.
1936 884 1944 888 ’

1137 941 1279 994 Super
1301 939 1605 982 misericordia
1629 944 1718 990 tua,
1743 943 1788 981 et
1801 939 1914 980 veri-

1082 999 1174 1039 tate
1206 1003 1295 1039 tua:
1327 998 1351 1023 *
1387 997 1593 1050 quoniam
1625 995 1915 1048 magnificasti

1083 1067 1215 1107 super
1231 1067 1370 1104 omne,
1389 1066 1549 1096 nomen
1566 1058 1766 1095 sanctum
1779 1058 1914 1095 tuum.

1133 1111 1184 1151 In
1225 1114 1500 1164 quacumque
1538 1110 1610 1152 die
1646 1110 1913 1152 invocavero

1082 1174 1142 1217 te,
1174 1167 1336 1210 exaudi
1361 1180 1447 1209 me:
1474 1167 1498 1193 *
1525 1166 1839 1219 multiplicabis
1870 1166 1914 1207 in

1084 1225 1227 1266 anima
1244 1237 1344 1266 mea
1361 1225 1579 1266 virtutem.

1137 1282 1438 1324 Confiteantur
1455 1280 1538 1323 tibi
1553 1280 1742 1322 Domine
1762 1291 1915 1321 omnes

1082 1352 1210 1391 reges
1243 1344 1390 1381 terrae:
1417 1338 1441 1364 *
1470 1338 1572 1390 quia
1605 1336 1837 1379 audierunt
1871 1338 1914 1378 ό-

1082 1396 1200 1437 mnia
1219 1394 1355 1437 verba
1374 1394 1463 1437 oris
1482 1394 1562 1436 tui:

1135 1452 1193 1494 Et
1214 1456 1392 1494 cantent
1405 1451 1450 1492 in
1464 1451 1547 1492 viis
1561 1450 1754 1492 Domini:
1769 1450 1793 1477 *
1809 1452 1915 1503 quo-

1083 1509 1201 1551 niam
1219 1521 1378 1560 magna
1397 1513 1465 1550 est
1484 1507 1625 1559 gloria
1643 1507 1834 1549 Domini.
1910 1515 1913 1517 ’

1137 1566 1355 1617 Quoniam
1383 1565 1582 1606 excelsus
1609 1563 1841 1614 DominuS,
1873 1568 1918 1606 et

1084 1622 1264 1664 humilia
1289 1622 1482 1674 respicit:
1504 1622 1528 1647 *
1553 1625 1597 1663 et
1624 1620 1713 1663 alta
1738 1633 1764 1662 a
1785 1620 1917 1671 longe

1085 1679 1323 1730 cognoscit.

1135 1736 1181 1778 Si
1201 1735 1484 1778 ambulavero
1504 1734 1548 1775 in
1571 1733 1718 1776 medio
1737 1733 1916 1776 tribula-

1084 1794 1232 1843 tioniS‚
1264 1791 1511 1834 vivificabis
1542 1804 1628 1833 me:
1656 1791 1680 1816 *
1709 1795 1754 1833 et
1784 1803 1918 1843 super

1084 1851 1193 1892 iram
1210 1850 1487 1892 inimicorum
1504 1850 1704 1890 meorum
1723 1846 1917 1890 extendi-

1086 1908 1143 1949 sti
1161 1920 1338 1949 manum
1356 1910 1493 1955 tuam,
1519 1909 1564 1948 et
1582 1904 1752 1947 salvum
1769 1917 1840 1946 me
1858 1904 1916 1946 fe-

1086 1965 1145 2007 eit
1164 1963 1347 2007 dextera
1364 1968 1450 2005 tua.

1128 2021 1345 2063 Dominus
1359 2019 1572 2062 retribuet
1586 2031 1668 2072 pro
1682 2031 1767 2061 me:
1780 2018 1804 2044 *
1818 2018 1917 2060 Dfie

1085 2077 1388 2120 misericordia
1398 2083 1475 2119 tua
1489 2077 1533 2117 in
1546 2074 1770 2117 saeculum:
1782 2076 1918 2128 opera

1085 2138 1294 2177 manuum
1311 2136 1487 2176 tuarum
1505 2146 1560 2175 ne
1580 2131 1813 2186 despicias.

1145 2203 1268 2247 Capit.
1292 2207 1328 2237 et
1349 2202 1488 2246 Hymn.
1512 2207 1552 2237 ut
1573 2202 1611 2236 in
1634 2202 1660 2236 Ι.
1683 2202 1799 2246 Vcsp.
1822 2200 1918 2246 [197]

1144 2251 1194 2302 l.
1202 2258 1254 2298 In
1269 2258 1512 2310 conspectu
1522 2254 1795 2306 Angelorum
1805 2253 1918 2307 psal·
1949 2298 1954 2309 ¹

1086 2314 1174 2355 lam
1198 2313 1279 2355 tibi
1302 2313 1426 2355 Deus
1452 2325 1587 2355 meus.
1633 2312 1684 2364 Ru
1704 2309 1917 2353 Adorabo

1087 2370 1143 2412 ad
1158 2370 1373 2423 templum
1388 2374 1589 2412 sanctum
1604 2373 1739 2418 tuum,
1760 2372 1804 2410 et
1819 2380 1918 2409 con-

1086 2427 1246 2470 fitebor
1263 2427 1429 2469 nomini
1447 2431 1537 2469 tuo.

1148 2491 1216 2533 Ad
1240 2492 1413 2542 Magnis.
1450 2491 1548 2532 Ant.
1578 2491 1727 2534 Sancti
1750 2490 1919 2542 Angeli‚

1086 2552 1110 2577 *
1131 2550 1205 2603 qui
1222 2551 1320 2592 Deo
1344 2550 1389 2591 in
1415 2549 1537 2592 coelis
1562 2561 1735 2602 semper
1757 2547 1918 2594 assisti-

1086 2608 1154 2658 tis,
1174 2606 1394 2649 defendite
1413 2619 1494 2649 nos
1513 2607 1557 2647 in
1575 2605 1746 2659 praelio,
1765 2609 1814 2647 ut
1830 2616 1919 2645 non

1087 2667 1320 2717 pereamus
1338 2665 1383 2705 in
1401 2661 1630 2706 tremendo
1650 2661 1822 2714 judicio.

1451 2747 1671 2773 vesp-02*
1692 2758 1713 2760 ψ
