2040 2976
170 205 236 239 226

172 300 380 342 excubias
409 299 567 340 domus
590 299 767 340 Domini
795 301 910 342 circa
938 314 1002 343 re·
1024 277 1029 332 l

201 369 281 397 em.

171 370 199 407 g
223 421 273 471 Rs„
304 410 534 452 Exaudisti
554 411 753 452 Domine.
774 413 867 452 180.

476 475 628 514 Lectio
650 475 704 514 iii.

256 529 273 564 t
292 526 564 568 assumentes
585 524 742 574 singuli
754 524 872 565 viros
889 538 1004 574 suos,

271 580 345 630 qui
373 578 732 629 ingrediebantur
760 579 1004 630 sabbatum,

173 647 271 675 cum
286 635 354 675 his
370 635 443 686 qui
455 634 794 684 egrediebantur
805 635 1005 684 sabbato,

172 692 384 732 venerunt
409 690 466 731 ad
488 691 512 730 J
516 689 690 732 oiadam
716 690 1005 732 sacerdotem.

175 746 259 795 Qui
280 745 402 787 dedit
423 746 485 786 eis
505 746 665 795 hastas,
686 751 730 787 et
750 759 869 787 arma
890 747 1005 796 regis

173 802 329 850 David,
350 815 448 854 quae
469 807 591 842 erant
612 803 654 842 in
670 801 803 843 domo
819 803 1006 843 Domini.

174 857 230 898 Et
250 859 463 899 steterunt
482 858 639 908 singuli
657 857 870 899 habentes
887 871 1007 899 arma

174 913 217 952 in
231 926 363 953 manu
380 926 457 954 sua
473 926 498 954 a
512 918 638 965 parte
650 913 802 965 templi
814 914 1007 963 dextera,

174 981 314 1019 usque
340 968 396 1010 ad
415 974 587 1021 partem
607 969 827 1010 sinistram
847 969 1006 1019 altaris,

177 1029 220 1064 et
241 1024 367 1072 aedis,
394 1025 559 1065 circum
578 1036 738 1074 regem.
774 1024 1005 1066 Produxit-

176 1091 261 1130 que
290 1079 427 1119 filium
454 1079 587 1129 regis,
619 1085 663 1120 et
697 1080 847 1132 posuit
875 1093 1007 1132 super

178 1147 277 1175 eum
297 1134 517 1183 diadema,
545 1140 589 1176 et
607 1135 920 1176 testimenium:
948 1137 1005 1177 fe-

176 1193 417 1241 ceruntque
455 1203 554 1231 eum
587 1203 753 1241 regem,
795 1196 839 1232 et
874 1194 1005 1232 unxe-

175 1250 289 1286 runt:
329 1250 373 1286 et
409 1245 671 1297 plaudentes
708 1260 856 1296 manu,
890 1247 1006 1288 dixe—

175 1306 289 1341 runt:
308 1301 442 1342 Vivat
460 1314 548 1342 rex.

232 1362 278 1411 Ιᾷ.
307 1356 424 1397 Audi
443 1358 641 1399 Domine.
659 1360 752 1399 180.

371 1461 556 1497 Feria
584 1462 816 1499 Tertia.

290 1517 356 1555 De
383 1513 496 1554 libro
526 1520 683 1564 quarto
712 1515 895 1565 Regum.

228 1581 381 1621 Lectio
402 1581 425 1620 i.
779 1579 882 1630 Cap.
898 1578 955 1617 12.

188 1642 372 1726 (Nnno
419 1634 606 1686 septimo
652 1635 678 1675 J
680 1634 765 1676 ehu
810 1637 1009 1686 regnavit

185 1669 257 1724 sav..
310 1690 335 1729 J
338 1702 432 1730 oas:
479 1696 521 1731 et
559 1690 848 1742 quadraginta
885 1692 1008 1733 annis

177 1746 375 1795 regnavit
393 1746 437 1786 in
452 1746 705 1788 Jerusalem.
732 1747 906 1789 Nomen
920 1761 1008 1789 ma-

176 1802 256 1842 tris
276 1802 367 1852 ejus
384 1801 513 1843 sebia
533 1802 587 1843 de
607 1803 841 1845 Bersabee.
869 1805 1008 1846 Fecit-

179 1869 264 1909 que
296 1858 402 1898 Joas
435 1864 603 1900 rectum
636 1872 786 1900 coram
817 1860 1008 1902 Domino

179 1913 348 1953 cunctis
369 1913 539 1963 diebus,
561 1914 719 1966 quibus
740 1915 890 1957 docuit
910 1929 1009 1958 eum

178 1968 203 2008 J
205 1968 333 2009 oiada
353 1969 572 2011 sacerdos.
604 1971 919 2013 Verumtamen
939 1985 1009 2013 ex-

180 2024 297 2065 celsa
316 2037 403 2066 non
423 2025 616 2067 abstulit:
635 2025 779 2068 adhuc
799 2029 913 2068 enim
931 2031 1009 2080 po-

179 2080 309 2132 pulus
342 2081 615 2131 immolabat,
648 2088 692 2124 et
725 2083 933 2126 adolebat
966 2085 1009 2125 in

180 2136 365 2176 excelsis
383 2137 618 2178 incensum.

233 2196 283 2246 R.
310 2192 509 2233 Demine.
530 2194 623 2233 180.

486 2250 639 2289 Lectio
660 2250 698 2288 ii.

268 2303 436 2355 ixitque
479 2304 503 2344 J
506 2317 584 2345 oas
635 2305 691 2346 ad
742 2305 1011 2348 sacerdotes:

281 2359 466 2400 Omnem
490 2361 722 2412 pecuniam
748 2364 1010 2412 sanctorum,

181 2427 281 2466 quae
309 2415 430 2456 illata
458 2416 588 2457 fuerit
615 2417 658 2456 in
686 2417 899 2469 templum
922 2417 1010 2459 Do-

179 2470 284 2511 mini
303 2483 328 2511 a
351 2471 738 2522 praetereuntibus,
766 2485 865 2523 quae
885 2472 1010 2513 offer-

179 2531 251 2568 tur
290 2539 372 2577 pro
408 2527 552 2579 pretio
591 2528 764 2575 animae,
805 2533 849 2569 et
882 2541 1012 2579 quam

181 2587 340 2634 sponte
368 2588 411 2623 et
437 2583 617 2624 arbitrio
646 2583 793 2624 cordis
819 2583 885 2623 sui
909 2584 1011 2624 infe-

180 2643 281 2678 runt
298 2638 342 2678 in
356 2639 569 2691 templum
585 2639 777 2679 Domini:
794 2640 1013 2691 accipiant

179 2693 298 2734 illam
346 2694 600 2735 sacerdotes
650 2695 768 2745 juxta
814 2694 1013 2735 ordinem

533 214 632 247 Infra
660 214 955 247 llcbdomadam
981 225 1014 247 x.
1043 218 1130 255 post
1156 212 1235 246 Oct.
1262 212 1520 245 Pentecoste-s.

1055 315 1197 351 suum,
1221 306 1266 343 et
1290 301 1535 342 instaurent
1554 302 1790 342 sartatecta
1809 300 1885 342 do-

1054 371 1166 407 mus,
1193 358 1230 398 si
1257 356 1363 409 quid
1381 356 1679 398 necessarium
1696 355 1887 399 viderint

1055 413 1382 454 instauratione.

1108 474 1158 524 R.
1183 469 1368 510 Factum
1388 472 1466 509 est.
1485 468 1565 508 181.

1355 528 1509 568 Lectio
1528 529 1583 567 iii.

1057 581 1218 686 Igitur
1250 592 1390 632 usque
1423 579 1480 621 ad
1513 579 1772 630 vigesimum
1803 581 1886 620 ter-

1117 636 1227 677 tium
1253 648 1414 676 annum
1438 635 1554 685 regis
1572 635 1695 683 Joas,
1721 647 1810 675 non
1828 635 1887 675 in-

1058 693 1363 733 stauraverunt
1382 690 1637 732 sacerdotes
1652 692 1889 732 sartatecta

1057 747 1221 799 templi.
1254 748 1534 799 Vocavitque
1556 759 1634 787 rex
1651 746 1676 787 J
1679 759 1757 787 oas
1775 746 1800 787 J
1802 748 1888 787 oia-

1059 803 1160 844 dam
1184 803 1440 855 pontificem
1464 807 1508 843 et
1528 802 1798 852 sacerdoteS,
1828 801 1888 844 di-

1060 871 1162 908 cens
1183 859 1261 900 eis:
1292 859 1436 908 Quare
1461 859 1698 899 sartatecta
1719 870 1809 899 non
1829 857 1889 898 in-

1059 915 1267 955 stauratis
1294 912 1469 966 templi?
1502 913 1639 955 nolite
1667 925 1773 964 ergo
1802 915 1889 954 am-

1058 970 1174 1022 plius
1200 973 1401 1022 accipere
1425 970 1658 1022 pecuniam
1679 970 1799 1021 juxta
1824 971 1890 1010 or-

1059 1026 1207 1067 dinem
1235 1030 1449 1074 vestrum,
1482 1025 1561 1066 sed
1595 1023 1652 1066 ad
1679 1025 1890 1066 instaura·

1058 1082 1226 1122 tionem
1251 1081 1407 1133 templi
1435 1080 1609 1122 reddite
1637 1092 1744 1121 eam.
1785 1079 1890 1121 Pro-

1059 1137 1274 1188 hibitique
1293 1142 1394 1178 sunt
1412 1135 1668 1177 sacerdotes
1691 1135 1806 1176 ultra
1823 1148 1891 1176 ac-

1060 1195 1208 1245 cipere
1233 1192 1466 1245 pecuniam
1492 1204 1518 1232 a
1542 1191 1729 1244 populo,
1763 1196 1808 1233 et
1831 1191 1892 1232 in·

1060 1251 1260 1290 staurare
1279 1250 1518 1290 sartatecta
1536 1247 1706 1288 domus.

1114 1312 1165 1362 Rg.
1190 1305 1287 1355 Ego
1303 1309 1348 1346 te
1367 1303 1460 1344 tuli.
1482 1304 1562 1344 181.

1260 1407 1428 1443 Feria
1462 1407 1695 1454 Quarta.

1179 1463 1247 1501 De
1271 1459 1385 1500 libro
1412 1464 1569 1511 quarto
1594 1458 1781 1517 Regum.
1837 1488 1839 1490 .

1139 1522 1293 1563 Lectio
1318 1522 1341 1561 i.
1579 1521 1683 1573 Cap.
1702 1521 1760 1560 13.
1781 1533 1815 1561 c.

1070 1578 1282 1628 liseus
1316 1584 1464 1620 autem
1499 1578 1747 1630 aegrotabat
1776 1578 1892 1620 infir-

1173 1635 1344 1684 mitate,
1383 1647 1470 1687 qua
1502 1640 1547 1676 et
1577 1637 1778 1676 mortuus
1810 1639 1894 1676 est:

1061 1690 1381 1742 descenditque
1405 1689 1463 1732 ad
1487 1703 1587 1732 eum
1605 1690 1710 1732 Joas
1734 1702 1814 1732 rex
1831 1690 1893 1731 Is·

1060 1746 1169 1796 rael,
1196 1751 1241 1788 et
1267 1746 1403 1788 flebat
1427 1759 1578 1788 coram
1601 1759 1672 1796 eo,
1699 1745 1892 1788 dicebat-

1063 1816 1162 1856 que:
1200 1803 1333 1844 Pater
1362 1803 1439 1852 mi,
1471 1807 1598 1855 pater
1629 1804 1706 1852 mi,
1739 1815 1892 1844 currus

1060 1859 1199 1900 Israel
1218 1865 1261 1900 et
1281 1861 1433 1909 auriga
1451 1860 1554 1911 ejus.
1581 1859 1639 1900 Et
1658 1859 1719 1900 ait
1736 1858 1800 1899 illi
1815 1857 1895 1899 Eli-

1062 1917 1180 1956 seus:
1199 1914 1322 1956 Affer
1337 1927 1487 1956 arcum
1501 1920 1546 1956 et
1561 1917 1755 1965 sagittas.
1775 1914 1895 1956 Cum-

1064 1983 1148 2023 que
1186 1971 1406 2012 attulisset
1443 1970 1501 2012 ad
1536 1983 1637 2012 eum
1668 1983 1819 2012 arcum
1850 1975 1894 2011 et

1063 2029 1262 2077 sagittas,
1309 2026 1420 2068 dixit
1462 2025 1519 2068 ad
1555 2038 1705 2077 regem
1739 2025 1894 2067 Israel:

1062 2084 1183 2124 Pone
1211 2095 1390 2124 manum
1417 2088 1540 2124 tuam
1573 2094 1706 2135 super
1733 2094 1893 2123 arcum.

1061 2139 1119 2180 Et
1133 2151 1234 2179 cum
1248 2141 1472 2191 posuisset
1486 2138 1559 2180 ille
1570 2151 1748 2179 manum
1758 2150 1894 2187 suam,

1063 2195 1348 2246 superposuit
1383 2194 1556 2235 Eliseus
1595 2207 1750 2235 manus
1791 2206 1893 2235 suas

1062 2249 1265 2291 manibus
1289 2250 1423 2300 regis,
1449 2254 1494 2291 et
1515 2249 1590 2290 ait:
1617 2249 1756 2301 Aperi
1779 2249 1893 2290 fene-

1063 2312 1199 2348 stram
1236 2305 1504 2347 orientalem.
1560 2306 1758 2357 Cumque
1795 2317 1894 2357 ape-

1063 2364 1240 2410 ruisset,
1275 2360 1386 2402 dixit
1413 2361 1601 2402 Eliseus:
1632 2361 1738 2402 Jace
1767 2362 1894 2411 sagit·

1062 2423 1164 2459 tam.
1204 2417 1263 2459 Et
1288 2417 1400 2469 jecit.
1440 2418 1498 2459 Et
1522 2417 1582 2458 ait
1607 2416 1794 2458 Eliseus:
1820 2415 1893 2456 Sa-

1063 2476 1174 2523 gitta
1191 2473 1347 2515 salutis
1367 2473 1560 2522 Domini,
1587 2477 1631 2514 et
1649 2474 1813 2522 sagitta
1828 2484 1892 2512 sa-

1063 2529 1168 2570 lutis
1197 2534 1352 2571 contra
1370 2529 1554 2581 syriam:
1582 2527 1893 2581 percutiesque

1065 2585 1235 2636 syriam
1253 2586 1297 2626 in
1313 2585 1480 2637 Aphec‚
1500 2584 1642 2626 donec
1661 2586 1895 2624 consumas

1066 2653 1173 2681 eam.

1116 2698 1167 2748 R.
1195 2697 1393 2738 Peccavi.
1417 2696 1504 2736 179.
