2040 2976
458 226 781 261 Commemoratio
808 226 985 260 Omnium
1011 225 1066 259 ss.
1092 226 1276 260 Summor.
1304 227 1540 260 I’ontiiicum.

149 336 241 366 suae
260 323 445 375 gloriam
463 321 614 376 adepti
634 329 746 374 sunt,
767 329 811 365 et
828 324 872 364 in
891 322 979 364 die-

150 380 234 423 bus
254 380 343 422 suis
362 378 576 421 habentur
595 381 638 421 in
656 380 871 422 laudibus.
896 380 980 430 Qui

152 436 208 479 de
234 436 320 478 illis
347 436 438 478 nati
465 441 582 486 sunt,
609 437 881 489 reliquerunt
906 449 979 477 no-

149 506 248 535 men
285 491 493 535 narrandi
530 492 685 534 laudes
727 496 892 535 eorum:
937 499 981 536 et

150 554 251 592 sunt
292 562 480 601 quorum
519 562 608 591 non
649 555 716 592 est
753 551 980 592 memoria:

150 606 376 659 perierunt
397 606 522 658 quasi
542 606 617 658 qui
634 619 723 648 non
743 607 918 648 fuerint:
937 612 981 649 et

148 663 240 705 nati
268 668 383 713 sunt,
419 663 545 715 quasi
572 675 661 704 non
690 663 798 713 nati,
832 669 876 706 et
904 665 981 705 filii

148 720 347 773 ipsorum
368 732 468 761 cum
484 719 604 772 ipsis.

200 786 253 836 R.
292 780 454 822 Tollite
490 781 637 832 jugum
669 793 815 822 meum
847 793 980 833 super

150 849 240 887 vos,
261 836 368 879 dicit
381 837 608 887 Deminus,
624 842 668 879 et
683 836 838 879 discite
854 849 879 878 a
897 850 978 887 me,

152 894 254 945 quia
272 893 389 935 mitis
408 907 515 944 sum,
537 899 580 936 et
597 894 773 936 humilis
793 893 941 935 corde:
954 897 975 919 *

150 950 311 1001 Jugum
339 950 454 992 enim
481 963 627 992 meum
655 952 789 992 suave
818 955 903 1000 est,
938 956 981 992 et

151 1019 262 1048 onus
286 1019 431 1048 meum
453 1006 561 1049 leve.
594 1003 644 1055 V.
670 1008 728 1049 Et
751 1007 980 1049 invenietis

151 1063 347 1116 requiem
365 1063 594 1106 animabus
613 1064 782 1106 vestris.
809 1064 834 1105 J
836 1077 980 1115 ugum.

449 1128 600 1169 Lectio
621 1129 675 1168 iii.

151 1182 276 1290 Sed
306 1188 370 1231 illi
401 1190 483 1232 viri
515 1190 833 1234 misericordiae
868 1195 980 1241 sunt,

233 1258 421 1298 quorum
434 1248 623 1300 pietates
634 1261 723 1290 non
736 1248 981 1290 defuerunt:

151 1314 251 1343 cum
272 1303 436 1346 semine
455 1306 607 1346 eorum
628 1306 888 1357 permanent
906 1305 980 1348 bo-

150 1371 222 1408 na,
248 1357 487 1402 haereditas
515 1366 666 1404 sancta
694 1364 882 1415 nepotes
911 1364 998 1404 eon

150 1427 246 1456 rum
266 1416 372 1458 etin
391 1419 665 1461 testamentis
689 1419 812 1461 stetit
830 1432 982 1462 semen

153 1474 320 1514 eorum:
347 1478 391 1515 et
409 1474 486 1516 filii
505 1477 658 1517 cotum
677 1481 862 1530 propter
881 1476 981 1518 illos

151 1541 292 1580 usque
312 1529 356 1571 in
380 1533 592 1574 aeternum
615 1538 808 1575 manent:
832 1546 983 1575 semen

151 1587 305 1649 eorum
331 1592 375 1629 et
398 1588 540 1639 gleria
567 1591 720 1632 eorum
744 1603 834 1632 non
860 1590 981 1633 dere-

151 1641 383 1694 hnquetur.
408 1645 608 1699 Cerpora
626 1647 826 1700 ipserum
845 1648 889 1688 in
907 1661 982 1701 pa-

152 1709 202 1762 ce
228 1700 402 1753 sepulta
427 1707 544 1754 sunt,
573 1708 617 1745 et
639 1716 800 1745 nomen
830 1707 983 1746 eorum

151 1755 261 1798 v1vit
294 1757 338 1798 in
369 1760 699 1810 generatienem
732 1766 777 1803 et
804 1773 981 1812 genera-

155 1813 332 1855 tionem.
368 1814 637 1868 Sapientiam
663 1817 863 1871 ipserum
887 1831 981 1860 nar-

155 1875 252 1913 rent
265 1872 430 1925 p6puli,
450 1878 496 1915 et
514 1873 690 1916 laudem
710 1877 863 1917 earum
878 1879 983 1917 nun-

154 1928 234 1970 tiet
252 1928 462 1972 Ecclesia.

205 1987 257 2039 Rz.
283 1984 401 2027 Dum
421 1987 639 2030 steteritis.
656 1989 710 2042 [7]

385 2061 434 2100 In
455 2060 506 2099 11.
528 2060 750 2101 Nocturno.

187 2122 340 2163 Sermo
360 2123 498 2165 sancti
517 2123 732 2168 Bernardi
752 2126 952 2169 Abbatis.

263 2186 307 2220 In
324 2185 440 2220 Festo
457 2185 492 2220 S.
510 2185 724 2229 Malachiae,
740 2186 868 2230 Episc.

454 2243 608 2284 Lectio
630 2243 682 2283 iv.

159 2305 614 2365 22Jongratulemur,
659 2308 837 2358 fratres,
883 2321 982 2350 con-

159 2391 170 2415 4
188 2361 215 2406 ‘5'ss
227 2354 265 2397 1
287 2362 568 2414 gratulemur,
611 2369 659 2406 ut
691 2364 870 2416 dignum
904 2369 981 2414 est,

174 2424 181 2432 ⁷
203 2423 231 2441 ἴ
247 2432 257 2438 ”
287 2418 574 2462 Pontificibus
601 2421 781 2463 nostris:
809 2421 909 2472 quia
939 2426 982 2463 et

155 2475 277 2527 pium
309 2481 376 2518 est
409 2475 641 2520 defunctos
673 2478 900 2530 plangere,
940 2482 983 2518 et

158 2531 278 2584 pium
315 2534 456 2584 magis
492 2533 770 2585 congaudere
802 2534 982 2575 viventi-

156 2587 250 2630 bus.
306 2589 531 2643 Numquid
567 2603 655 2632 non
690 2589 864 2632 vivunt?
924 2590 981 2631 Et

156 2644 297 2686 beate.
349 2646 566 2688 Nimirum
598 2647 680 2689 visi
711 2651 811 2688 sunt
843 2646 982 2687 oculis

156 2702 453 2754 insipientium
469 2705 599 2754 mori,
626 2703 688 2744 illi
711 2708 857 2744 autem
881 2707 982 2743 sunt

155 2758 199 2798 in
234 2771 355 2812 pace.
415 2760 616 2812 Denique
652 2761 737 2811 jam
775 2760 980 2800 concives

1029 325 1283 365 sanctorum
1309 327 1352 364 et
1380 322 1610 364 domestici
1635 322 1719 363 Dei
1743 322 1857 375 psal-

1028 379 1123 421 lunt
1146 380 1329 431 pariter,
1359 386 1402 422 et
1427 379 1591 430 gratias
1617 384 1768 430 agunt,
1795 378 1855 420 di-

1030 437 1194 477 centes:
1218 436 1519 479 Transivimus
1543 449 1622 488 per
1644 436 1790 486 ignem
1815 440 1858 476 et

1030 505 1206 544 aquam,
1227 497 1271 534 et
1291 492 1501 534 induxisti
1520 505 1601 534 nos
1620 492 1664 533 in
1683 491 1857 542 refrige-

1029 549 1151 589 rium.
1192 548 1479 591 Transierunt
1508 548 1638 601 plane
1665 548 1858 597 viriliter,

1030 609 1074 646 et
1099 604 1284 646 feliciter
1306 605 1665 657 pertransierunt.
1699 605 1858 645 Trans-

1029 661 1175 703 ierunt
1198 674 1280 714 per
1303 661 1449 713 ignem
1476 666 1519 703 et
1543 674 1719 714 aquam,
1747 673 1859 713 quos

1029 730 1174 770 neque
1205 718 1347 759 tristia
1379 718 1597 769 frangere,
1637 730 1718 759 nec
1752 717 1858 760 deti-

1029 776 1134 816 nere
1152 774 1302 816 mollia
1319 776 1569 827 potuerunt.

1084 843 1134 895 R.
1156 840 1260 882 Vidi
1275 841 1531 892 conjunctos
1550 839 1679 889 viros,
1698 839 1858 881 haben-

1030 902 1097 938 tes
1124 896 1378 950 splendidas
1405 901 1569 945 vestes,
1597 900 1640 937 et
1665 896 1859 948 Angelus

1030 953 1208 995 Domini
1231 953 1405 995 locutus
1431 957 1497 994 est
1516 951 1573 994 ad
1596 965 1677 1002 me,
1696 952 1860 994 dicens:

1032 1012 1054 1035 *
1086 1011 1166 1052 Isti
1194 1015 1294 1052 sunt
1322 1009 1404 1051 viri
1433 1009 1572 1050 sancti
1605 1009 1707 1051 facti
1734 1009 1860 1050 amici

1030 1067 1126 1108 Dei.
1161 1061 1211 1114 V.
1232 1066 1338 1109 Vidi
1356 1066 1574 1117 Angelum
1589 1067 1672 1108 Dei
1691 1066 1860 1116 fortem,

1031 1124 1253 1166 volantem
1272 1136 1352 1176 per
1370 1123 1563 1165 medium
1583 1123 1760 1173 coelum,
1787 1135 1859 1164 vo-

1032 1193 1082 1222 ce
1101 1193 1260 1232 magna
1283 1180 1545 1221 clamantem
1569 1185 1613 1221 et
1634 1179 1860 1221 dicentem.

1032 1238 1112 1279 Isti
1131 1242 1232 1279 sunt
1250 1237 1332 1279 viri
1351 1237 1500 1279 sancti.

1345 1318 1494 1358 Lectio
1515 1332 1551 1357 v.

1102 1392 1285 1432 aetemur
1311 1390 1431 1442 quod
1456 1390 1695 1432 Pontifices
1721 1389 1861 1431 nostri

1117 1444 1418 1488 'ascenderunt
1439 1446 1496 1488 ad
1511 1447 1628 1488 cives
1644 1459 1758 1496 suos,
1778 1458 1860 1498 pro

1033 1504 1134 1545 filiis
1155 1503 1424 1557 captivitatis
1446 1503 1666 1552 legatione
1686 1503 1861 1553 fungen-

1033 1568 1116 1611 teS,
1144 1560 1279 1604 corda
1302 1560 1430 1601 nobis
1455 1559 1739 1601 conciliantes
1762 1558 1861 1600 bea-

1033 1623 1197 1670 terum,
1224 1622 1329 1659 vota
1354 1616 1438 1657 illis
1462 1616 1712 1658 intimantes
1738 1615 1862 1656 mise-

1034 1679 1194 1718 rorum.
1229 1675 1467 1723 Laetemur,
1495 1674 1691 1724 inquam,
1720 1677 1764 1714 et
1791 1684 1861 1712 ex-

1035 1734 1267 1782 sultemus,
1295 1731 1396 1783 quia
1424 1729 1618 1771 coelestis
1645 1729 1719 1770 illa
1745 1729 1863 1770 curia

1035 1803 1090 1832 ex
1122 1789 1250 1831 nobis
1278 1787 1427 1837 habet,
1473 1786 1631 1838 quibus
1669 1786 1726 1827 sit
1759 1798 1862 1826 cura

1034 1846 1189 1896 nostri,
1216 1846 1291 1897 qui
1311 1845 1401 1886 suis
1420 1856 1502 1885 nos
1521 1845 1757 1895 pretegant
1775 1843 1861 1882 me-

1035 1904 1139 1952 ritis,
1156 1915 1267 1955 quos
1279 1902 1625 1943 informaverunt
1640 1898 1862 1950 exemplis,

1034 1959 1256 2001 miraculis
1282 1957 1662 2000 confirmaverunt.
1715 1955 1862 1996 Sancti

1034 2015 1291 2064 Pontifices,
1320 2014 1394 2066 qui
1412 2014 1456 2054 in
1475 2012 1630 2065 spiritu
1647 2011 1861 2053 humilita-

1034 2073 1090 2115 tis
1108 2071 1277 2113 hostias
1295 2070 1503 2123 pacificas
1523 2068 1647 2110 coelis
1664 2068 1861 2120 frequen-

1034 2134 1102 2171 ter
1120 2129 1392 2176 invexerant,
1419 2138 1499 2179 per
1519 2126 1783 2177 semetipsos
1802 2124 1861 2164 in-

1035 2185 1281 2227 troiverunt
1305 2182 1362 2224 ad
1388 2182 1527 2224 altare
1551 2181 1653 2231 Dei,
1678 2181 1764 2234 ipsi
1787 2180 1861 2222 ho-

1036 2242 1131 2283 stiae
1151 2246 1194 2283 et
1214 2239 1479 2281 sacerdotes.

1086 2310 1137 2360 R.
1155 2306 1283 2347 Beati
1305 2305 1421 2355 estis,
1440 2318 1540 2347 cum
1558 2303 1862 2345 maledixerint

1036 2363 1162 2404 vobis
1194 2361 1410 2411 homines,
1448 2366 1492 2403 et
1525 2358 1748 2413 persecuti
1780 2372 1860 2401 vos

1034 2420 1210 2468 fuerint,
1248 2423 1292 2460 et
1326 2417 1516 2459 dixerint
1544 2430 1671 2459 omne
1698 2416 1861 2456 malum

1035 2475 1268 2517 adversum
1282 2487 1374 2524 VOS,
1388 2474 1658 2522 mentientes,
1677 2477 1860 2525 propter

1034 2545 1120 2574 me:
1147 2532 1170 2557 *
1196 2531 1398 2574 Gaudete
1425 2536 1469 2573 et
1494 2530 1725 2579 exsultate,
1755 2532 1859 2581 que-

1034 2590 1150 2630 niam
1169 2601 1338 2630 merces
1356 2592 1502 2630 vestra
1525 2587 1706 2638 copiosa
1730 2591 1797 2627 est
1815 2586 1858 2626 in

1035 2645 1169 2687 coelis.
1197 2639 1249 2691 V.
1281 2645 1390 2686 Cum
1416 2657 1496 2686 vos
1522 2642 1695 2684 oderint
1722 2642 1857 2683 homi-

1033 2714 1128 2752 nes,
1162 2707 1205 2743 et
1233 2714 1332 2743 cum
1360 2699 1659 2753 separaverint
1684 2711 1781 2748 vos,
1814 2704 1859 2740 et

1034 2758 1410 2811 exprobraverint,
1425 2762 1468 2799 et
1483 2756 1686 2808 ejecerint
1700 2768 1858 2797 nomen
