2040 2976
564 206 631 239 Dic
656 206 685 238 2.
712 207 813 248 Sept.
861 207 895 237 S.
922 203 1106 246 stephani
1137 202 1257 243 Ilung.
1286 201 1401 242 Regis
1428 199 1536 233 Conf⁴

413 304 462 342 In
481 303 551 342 111.
572 302 794 341 Nocturno.

200 370 348 412 Lectio
375 365 763 465 sanctiLEvangelii
782 363 1021 424 secandum

552 437 690 466 ucam.

272 486 422 527 Lectio
444 486 510 526 vii.
713 486 814 537 Cap.
831 486 888 524 19.
907 485 945 525 b.

195 544 270 650 In
290 548 364 589 illo
383 549 598 599 ternpore:
618 545 740 586 Dixit
754 544 778 585 J
782 555 882 585 esus
898 541 1022 583 disci-

270 604 385 657 pulis
409 603 498 645 suis
513 601 771 655 parabolam
790 599 915 640 hanc:
935 598 1023 639 Ho-

197 674 269 703 mo
297 659 475 713 quidam
501 658 660 700 nobilis
685 657 792 698 abiit
819 656 862 696 in
887 654 1024 705 regio-

198 731 297 759 nem
320 717 614 769 longinquam,
638 716 839 766 accipere
860 711 942 752 sibi
961 723 1024 752 re-

197 787 339 825 gnum,
359 779 402 815 et
422 772 592 814 reverti.
620 771 678 813 Et
697 769 874 821 reliqua.

312 850 502 892 Homilia
526 848 665 891 sancti
693 845 916 888 Ambrosii

500 905 724 960 Episcopi.

425 968 504 1001 Lib.
529 968 561 1000 S.
590 968 625 1000 in
651 967 801 1000 Lucam.

213 1042 220 1070 ς
242 1036 276 1072 5223
303 1033 422 1062 onus
443 1020 564 1068 ordo,
590 1023 637 1059 ut
655 1019 893 1059 vocaturus
914 1015 1025 1056 Gen-

213 1072 220 1133 ξ
239 1070 306 1131 -ῐζὲέἕ
330 1083 407 1126 tes,
428 1082 471 1118 et
486 1076 510 1117 J
513 1075 666 1117 udaeos
685 1075 880 1126 jussurus
898 1073 1026 1113 inter-

208 1132 305 1159 ¹-³³†2
329 1133 416 1182 fici,
462 1133 535 1184 qui
572 1131 805 1173 noluerunt
844 1131 1027 1180 regnare

202 1203 334 1244 supra
362 1203 409 1231 se
439 1189 669 1238 Christum,
697 1187 809 1228 hanc
836 1187 1026 1238 praemit-

201 1252 314 1289 teret
347 1245 738 1298 comparationem,
775 1255 830 1284 ne
865 1242 1028 1283 dicere-

200 1310 286 1346 tur:
312 1302 431 1343 Nihil
455 1301 637 1343 dederat
661 1299 829 1353 populo
854 1298 1027 1340 Judaeo-

200 1374 305 1406 rum,
332 1359 447 1400 unde
465 1360 642 1411 poterat
660 1356 815 1398 melior
835 1354 955 1397 fieri?
982 1361 1029 1397 ut

202 1415 307 1469 quid
326 1416 381 1457 ab
401 1428 455 1457 eo
477 1414 551 1467 qui
570 1413 677 1454 nihil
696 1412 873 1465 recepit,
898 1412 1028 1463 exigi-

201 1473 292 1515 tur?
330 1473 432 1514 Non
454 1469 690 1513 mediocris
716 1470 802 1510 ista
825 1474 892 1510 est
917 1481 1029 1517 mna,

204 1543 334 1582 quam
344 1542 476 1582 supra
491 1528 646 1569 maliet
662 1526 914 1577 evangelica
929 1526 1030 1578 quia

203 1599 290 1627 non
310 1586 482 1635 invenit,
501 1585 723 1626 lucernam
737 1582 948 1632 accendit,
967 1582 1028 1623 lu-

203 1643 317 1684 mine
355 1642 513 1693 quaerit
549 1640 745 1688 admoto,
786 1639 1029 1690 gratulatur

204 1700 433 1740 inventam.

255 1770 302 1819 R.
332 1769 421 1809 Iste
449 1772 516 1809 est
544 1767 618 1819 qui
645 1771 745 1808 ante
771 1766 915 1807 Deum
942 1779 1028 1808 ma-

203 1838 310 1875 gnas
338 1825 524 1867 virtutes
554 1825 762 1877 operatus
790 1828 873 1872 est,
903 1828 946 1864 et
974 1823 1029 1864 de

205 1881 321 1922 omni
333 1880 467 1923 corde
481 1893 561 1922 suo
572 1879 767 1921 laudavit
778 1879 1029 1921 Dominum:

203 1936 223 1955 *
251 1938 353 1990 Ipse
381 1936 624 1979 intercedat
651 1949 734 1989 pro
760 1937 956 1988 peccatis
986 1938 1029 1977 o-

203 1995 365 2034 mnium
384 1993 661 2046 populorum.
690 1987 738 2037 V-
761 1993 877 2034 Ecce
895 1992 1029 2034 homo

206 2050 298 2091 sine
318 2049 506 2101 querela,
522 2062 651 2091 verus
665 2049 749 2090 Dei
764 2049 916 2099 cultor,
933 2048 1028 2090 abs-

205 2106 347 2147 tinens
372 2119 419 2148 se
446 2106 500 2148 ab
526 2106 644 2147 omni
672 2108 807 2158 opere
832 2105 960 2156 malo,
987 2111 1030 2147 et

206 2164 464 2214 permanens
482 2163 526 2203 in
542 2162 791 2204 innocentia
810 2176 898 2204 sua.
927 2163 1030 2215 Ipse

206 2218 459 2260 intercedat.

1364 294 1517 335 Lectio
1540 294 1619 333 viii.

1165 360 1322 412 enique
1341 373 1396 401 ex
1415 372 1501 401 una
1517 359 1671 401 decem
1689 372 1813 400 mnas
1832 360 1905 400 ali-

1192 430 1243 458 us
1272 417 1388 467 fecit,
1417 416 1528 458 alius
1557 416 1762 469 quinque.
1802 416 1906 458 For-

1076 476 1196 516 tasse
1211 474 1293 515 iste
1308 473 1493 515 moralia
1507 472 1653 523 habet,
1667 473 1770 525 quia
1787 473 1907 525 quin-

1080 543 1163 583 que
1189 536 1290 572 sunt
1314 530 1515 582 corporis
1540 542 1709 571 sensus:
1733 529 1806 571 ille
1831 528 1906 571 du-

1078 588 1227 639 plicia,
1273 586 1319 629 id
1357 593 1442 636 est,
1478 586 1663 639 mystica
1699 585 1828 637 legis,
1865 589 1910 627 et

1079 644 1260 685 moralia
1288 643 1532 697 probitatis.
1574 641 1701 684 Unde
1730 647 1775 684 et
1801 642 1909 684 Mat-

1079 700 1219 742 thaeus
1247 701 1439 753 quinque
1462 699 1637 748 talenta,
1664 704 1708 740 et
1733 698 1822 740 duo
1848 703 1909 740 ta-

1079 757 1195 798 lenta
1214 757 1378 810 posuit:
1398 757 1441 797 in
1458 756 1649 809 quinque
1668 755 1843 797 talentis
1863 760 1910 796 ut

1081 814 1167 856 sint
1186 814 1380 864 moralia,
1404 814 1448 854 in
1468 812 1641 855 duobus
1663 814 1911 865 utrumque,

1080 870 1311 923 mysticum
1333 876 1466 922 atque
1491 869 1672 911 morale.
1703 869 1771 910 Ita
1792 866 1912 920 quod

1080 930 1262 969 numero
1281 927 1471 976 inferius,
1491 939 1538 968 re
1558 925 1747 968 uberius.

1130 998 1180 1050 R3.
1201 997 1296 1039 Sint
1310 996 1448 1038 lumbi
1463 996 1598 1038 vestri
1611 994 1850 1048 praecincti,
1869 999 1912 1036 et

1080 1053 1271 1095 lucernae
1299 1053 1504 1095 ardentes
1539 1052 1582 1093 in
1611 1051 1813 1093 manibus
1842 1063 1912 1092 ve-

1081 1110 1197 1151 stris:
1210 1106 1232 1130 *
1242 1111 1298 1151 Et
1312 1122 1393 1151 vos
1404 1109 1568 1151 similes
1578 1107 1828 1150 hominibus
1842 1120 1911 1149 ex-

1081 1166 1384 1219 spectantibus
1397 1166 1622 1208 dominum
1633 1178 1772 1214 suum,
1789 1176 1914 1216 quan-

1082 1223 1140 1264 do
1157 1225 1403 1265 revertatur
1419 1235 1444 1264 a
1460 1222 1635 1275 nuptiis.
1651 1213 1701 1265 Ψ.
1720 1220 1913 1272 Vigilate

1083 1292 1205 1331 ergo,
1234 1280 1336 1332 quia
1363 1279 1541 1321 nescitis
1571 1291 1658 1330 qua
1684 1277 1793 1318 hora
1819 1277 1913 1318 Dfis

1082 1341 1228 1378 vester
1243 1339 1453 1378 venturus
1471 1336 1536 1377 sit.
1564 1336 1630 1376 Et.
1658 1334 1820 1375 Gloria.
1844 1333 1910 1374 Et.

1381 1402 1532 1446 Lectio
1553 1405 1606 1446 ix.

1164 1477 1182 1514 t
1218 1472 1289 1514 hic
1325 1473 1561 1524 possumus
1599 1469 1754 1512 decem
1789 1481 1913 1510 mnas

1196 1529 1350 1571 decem
1387 1527 1524 1570 verba
1559 1526 1822 1578 intelligere,
1867 1525 1914 1568 id

1084 1591 1161 1635 est,
1188 1586 1299 1638 legis
1328 1585 1589 1626 doctrinam:
1621 1584 1815 1636 quinque
1842 1595 1914 1624 au-

1082 1647 1172 1684 tem
1204 1655 1345 1692 mnas,
1377 1640 1629 1691 magisteria
1657 1639 1914 1693 disciplinae.

1083 1699 1171 1741 Sed
1193 1699 1496 1751 legisperitum
1517 1697 1561 1738 in
1588 1696 1790 1739 omnibus
1810 1695 1912 1738 volo

1083 1768 1181 1798 esse
1205 1755 1460 1808 perfectum.
1492 1754 1595 1796 Non
1620 1754 1735 1796 enim
1757 1753 1801 1794 in
1826 1765 1912 1795 ser-

1083 1815 1229 1860 mone,
1263 1811 1342 1854 sed
1374 1812 1419 1852 in
1446 1811 1608 1852 virtute
1637 1815 1704 1852 est
1731 1822 1914 1861 regnum

1083 1869 1177 1910 Dei.
1214 1869 1335 1911 Bene
1359 1873 1515 1917 autem,
1542 1867 1644 1920 quia
1668 1866 1724 1908 de
1747 1865 1914 1908 Judaeis

1084 1924 1200 1975 dicit,
1221 1924 1309 1967 duo
1330 1924 1413 1966 soli
1431 1923 1767 1976 multiplicatam
1782 1925 1914 1976 pecu-

1084 1983 1200 2023 niam
1234 1982 1450 2030 deferunt‚
1487 1993 1575 2022 non
1611 1979 1764 2032 utique
1801 1979 1917 2029 aeris‚·

1083 2038 1163 2081 sed
1183 2037 1524 2091 dispensationis
1543 2037 1699 2078 usuris.
1727 2035 1828 2078 Alia
1847 2040 1915 2077 est

1085 2096 1200 2137 enim
1229 2095 1430 2148 pecuniae
1464 2092 1690 2143 fo'enebris,
1723 2092 1808 2134 alia
1839 2090 1913 2134 do-

1084 2155 1236 2194 ctrinae
1264 2151 1457 2193 coelestis
1486 2153 1627 2191 usura.

1139 2217 1199 2259 Te
1217 2217 1362 2259 Deum
1379 2215 1621 2258 laudamus.
1641 2216 1699 2256 13.
1739 2260 1743 2265 ¹
