2040 2976
696 200 796 233 Infra
825 200 1117 233 llcbdomadam
1143 211 1175 233 v.
1202 199 1379 241 Augusti.

174 308 279 357 lum,
317 305 499 348 recessit
535 316 611 346 cor
651 304 757 355 ejus:
800 302 1007 356 quoniam

174 364 344 405 initium
377 361 517 403 omnis
551 360 725 414 peccati
758 365 825 401 est
857 360 1006 412 super—

174 420 260 462 bia:
287 419 360 472 qui
379 418 571 461 tenuerit
589 417 723 466 illam,
749 415 1005 470 adimplebi-

172 482 243 518 tur
276 475 541 524 maledictis,
579 479 623 516 et
651 474 879 515 subvertet
907 485 1007 514 eum

172 534 216 575 in
243 533 386 575 finem.
440 533 682 584 Propterea
715 528 1007 572 exhonoravit

173 590 389 632 Dominus
423 590 666 631 conventus
698 587 930 635 malorum,
963 590 1007 627 et

173 646 394 688 destruxit
412 659 488 688 eos
505 657 646 697 usque
665 644 709 685 in
728 644 872 685 finem.

227 708 273 759 Rg.
301 708 501 750 Verbum
519 708 727 758 iniquum.
746 706 841 746 254.

408 831 554 868 Feria
579 830 773 878 Quarta.

319 894 384 936 De
412 894 525 936 libro
554 888 866 934 Ecclesiastici.

256 958 405 1001 Lectio
427 960 449 999 i.
684 1000 688 1003 ,
745 960 848 1011 Cap.
870 960 926 998 13.

196 1015 1006 1118 (³³¹¹ssussessi'2g22st23³⁶Z¹³¹220³1¹313¹3¹13¹1¹2³i¹3

210 1088 216 1100 ί
243 1083 255 1109 ΙΙ
516 1094 524 1117 ζ
678 1090 692 1116 1
994 1095 1007 1101 ,

174 1134 287 1176 verit
315 1133 524 1187 superbo,
558 1089 711 1174 indluet
744 1129 1007 1183 superbiam.

173 1190 355 1232 Pondus
379 1203 512 1243 super
536 1202 582 1230 se
606 1188 750 1238 tollet,
777 1186 851 1240 qui
874 1186 1006 1227 hone-

175 1248 300 1290 stiori
333 1260 379 1289 se
413 1246 720 1288 communicat.
768 1244 825 1285 Et
859 1242 1007 1285 ditiori

172 1310 216 1346 te
242 1318 295 1346 ne
322 1304 468 1346 so'cius
493 1303 638 1344 fueris.
679 1300 795 1352 Quid
815 1312 1007 1342 commu-

171 1361 335 1404 nicabit
354 1360 544 1403 cacabus
569 1358 627 1401 ad
646 1356 801 1400 ollam?
829 1356 1007 1410 quando

173 1419 289 1460 enim
322 1431 369 1460 se
403 1417 660 1466 colliserint,
698 1415 1008 1466 confringetur.

172 1476 308 1518 Dives
328 1476 488 1527 injuste
509 1474 614 1525 egit,
642 1477 685 1515 et
704 1472 876 1514 fremet:
903 1484 1007 1524 pau-

173 1545 252 1586 per
279 1538 425 1574 autem
450 1531 582 1572 laesus
607 1529 784 1572 tacebit.
818 1529 863 1570 Si
881 1528 1008 1579 largi-

173 1595 243 1632 tus
276 1589 427 1639 fueris,
460 1591 656 1630 assumet
688 1591 746 1628 te:
779 1591 822 1628 et
855 1585 893 1627 si
919 1597 1008 1626 non

174 1646 391 1697 habueris,
412 1645 689 1698 derelinquet
707 1649 762 1686 te.
797 1643 842 1685 Si
858 1642 1008 1691 habeS,

176 1706 381 1746 convivet
398 1710 555 1753 tecum,
576 1707 620 1744 et
640 1700 872 1744 evacuabit
890 1703 945 1749 te,
966 1703 1010 1740 et

175 1761 270 1814 ipse
289 1773 378 1802 non
398 1759 566 1802 dolebit
586 1771 719 1812 super
737 1763 793 1800 te.

228 1817 280 1868 R.
306 1817 496 1859 Domine
515 1821 653 1870 pater.
672 1815 764 1857 237.

484 1889 637 1930 Lectio
658 1890 697 1929 ii.

175 1949 468 2055 Humiliare
487 1957 601 2007 Deo,
626 1962 670 1999 et
692 1958 903 2009 exspecta
921 1968 1008 1997 ma-

281 2027 362 2055 nus
383 2015 483 2065 ejus.
512 2012 706 2056 Attende
726 2026 780 2055 ne
800 2012 1010 2055 sedactus

177 2072 221 2112 in
245 2070 475 2112 stultitiam
498 2070 748 2112 humilieris.
785 2069 890 2111 Noli
912 2082 1009 2111 esse

178 2127 352 2169 humilis
378 2127 422 2168 in
442 2127 656 2180 sapientia
674 2132 766 2176 tua,
793 2139 847 2168 ne
872 2126 1009 2167 humi-

178 2184 309 2226 liatus
333 2184 377 2224 in
400 2184 629 2226 stultitiam
648 2183 884 2225 seducaris.
921 2182 1009 2225 Ad-

178 2243 364 2283 vocatus
397 2254 422 2282 a
450 2240 700 2293 potentiore
730 2239 922 2282 discede:
956 2253 1011 2282 ex

177 2297 263 2339 hoc
289 2297 404 2338 enim
430 2297 568 2348 magis
592 2302 636 2338 te
659 2296 906 2339 advocabit.
942 2296 1011 2338 Ne

178 2353 408 2406 improbus
428 2354 498 2403 sis,
524 2366 579 2395 ne
599 2353 868 2406 impingaris:
893 2358 937 2395 et
955 2365 1011 2394 ne

177 2411 309 2462 longe
329 2411 389 2451 sis
408 2410 464 2451 ab
485 2422 555 2459 eo,
584 2423 638 2451 ne
666 2423 740 2452 eas
764 2410 808 2451 in
828 2409 1011 2451 oblivio-

178 2480 289 2509 nem.
330 2466 400 2508 Ne
428 2469 620 2508 retineas
649 2479 703 2508 ex
731 2478 860 2519 aequo
888 2465 1011 2518 loqui

179 2537 279 2566 cum
298 2523 390 2571 illo:
415 2536 497 2565 nec
524 2523 679 2564 credas
698 2523 846 2564 multis
865 2522 1011 2563 verbis

178 2581 305 2622 illius.
339 2580 407 2621 Ex
431 2579 570 2621 multa
591 2579 708 2621 enim
726 2578 903 2631 loquela
922 2584 1011 2620 ten-

179 2637 292 2679 tabit
311 2642 371 2686 te,
401 2642 444 2678 et
468 2634 700 2678 subridens
723 2634 1012 2685 interrogabit

156 2700 222 2738 „te
244 2692 298 2735 de
319 2691 591 2735 absconditis
605 2692 703 2734 tuis.
723 2692 910 2732 Immitis
926 2690 1012 2732 ani-

179 2763 281 2792 mus
305 2749 420 2791 illius
448 2748 731 2791 conservabit
758 2747 894 2789 verba
921 2751 1013 2788 tua:

1058 306 1102 343 et
1134 313 1223 342 non
1256 304 1411 353 parcet
1442 299 1498 342 de
1536 300 1718 351 malitia,
1758 307 1802 343 et
1833 301 1889 343 de

1058 356 1254 399 vinculis.

1114 415 1164 466 Ru
1188 413 1349 466 Magna
1368 412 1493 455 enim.
1512 413 1606 456 237.

1361 487 1516 527 Lectio
1538 487 1592 527 iii.

1062 541 1214 650 Cave
1247 549 1342 600 tibi,
1380 554 1424 591 et
1452 548 1630 591 attende
1659 548 1892 602 diligenter

1143 606 1312 649 auditui
1331 610 1424 647 tuo:
1445 606 1653 659 quoniam
1672 619 1772 648 cum
1792 606 1890 649 sub-

1059 665 1262 707 versione
1303 668 1379 705 tua
1415 662 1626 705 ambulas.
1691 663 1892 707 Audiens

1058 734 1164 764 vero
1194 720 1268 762 illa
1294 720 1418 773 quasi
1442 719 1487 761 in
1513 720 1678 762 somnis
1702 719 1820 771 vide,
1849 725 1893 763 et

1058 777 1272 830 vigilabis.
1327 776 1457 818 Omni
1502 777 1593 819 vita
1637 781 1715 819 tua
1760 776 1893 829 dilige

1058 835 1218 885 Deum,
1253 839 1297 876 et
1328 836 1487 875 invoca
1517 833 1641 875 illum
1670 833 1716 875 in
1749 834 1893 876 salute

1058 897 1144 934 tua.
1199 892 1341 934 Omne
1377 890 1538 932 animal
1574 889 1716 942 diligit
1752 890 1893 932 simile

1059 948 1159 991 sibi:
1180 949 1242 990 sic
1262 954 1307 990 et
1326 948 1469 990 omnis
1488 947 1624 990 homo
1644 947 1894 1001 proximum

1060 1005 1154 1047 sibi.
1196 1005 1349 1047 Omnis
1377 1017 1481 1047 caro
1510 1004 1567 1046 ad
1596 1003 1783 1046 similem
1811 1003 1895 1046 sibi

1061 1063 1364 1115 conjungetur,
1384 1066 1428 1104 et
1448 1061 1589 1103 omnis
1609 1061 1743 1103 homo
1764 1059 1896 1102 simili

1060 1119 1127 1161 sui
1163 1118 1415 1161 sociabitur.
1471 1119 1516 1160 Si
1553 1117 1896 1161 communicabit

1060 1175 1192 1229 lupus
1219 1188 1334 1227 agno
1361 1175 1617 1229 aliquando,
1651 1175 1714 1216 sic
1739 1175 1894 1228 pecca-

1060 1237 1132 1274 tor
1152 1233 1278 1284 justo.
1308 1233 1417 1283 Quae
1439 1231 1779 1274 communicatio
1799 1244 1894 1273 san-

1061 1294 1133 1331 cto
1163 1289 1331 1330 homini
1366 1288 1423 1331 ad
1456 1287 1632 1331 canem?
1681 1293 1757 1330 aut
1794 1301 1894 1341 quae

1059 1359 1164 1399 pars
1185 1345 1311 1388 diviti
1330 1346 1387 1388 ad
1406 1343 1673 1399 pauperem?

1115 1405 1167 1457 R.
1192 1403 1302 1453 Quae
1320 1407 1432 1445 sunt.
1451 1403 1543 1444 237.

1296 1516 1443 1553 Feria
1467 1515 1664 1564 Quinta.

1206 1579 1272 1620 De
1303 1577 1416 1620 libro
1445 1575 1758 1620 Ecclesiastici.

1139 1643 1293 1685 Lectio
1314 1643 1338 1683 i.
1633 1642 1735 1695 Cap.
1755 1641 1815 1682 14.

1062 1707 1270 1812 .eatus
1296 1705 1374 1756 vir,
1414 1704 1489 1758 qui
1522 1717 1611 1746 non
1643 1709 1712 1746 est
1742 1703 1895 1756 lapsus

1168 1761 1305 1805 verbo
1333 1775 1387 1804 ex
1415 1774 1492 1804 ore
1517 1774 1616 1811 suo,
1645 1766 1689 1803 et
1713 1773 1802 1802 non
1829 1764 1897 1802 est

1062 1820 1312 1862 stimulatus
1338 1819 1383 1860 in
1410 1817 1587 1861 tristitia
1616 1817 1775 1859 delicti.
1816 1817 1895 1858 Fe-

1061 1877 1139 1928 lix,
1159 1877 1340 1930 quinon
1358 1875 1513 1918 habuit
1529 1874 1662 1916 animi
1680 1874 1748 1915 sui
1764 1873 1895 1916 tristi-

1061 1935 1183 1983 tiam,
1222 1939 1266 1976 et
1302 1946 1391 1975 non
1428 1931 1592 1974 excidit
1628 1944 1655 1973 a
1690 1943 1771 1984 spe
1806 1943 1896 1972 sua.

1062 1991 1172 2033 Viro
1198 1989 1360 2044 cupido
1386 1994 1430 2032 et
1447 1988 1593 2031 tenaci
1612 1988 1705 2029 sine
1725 1987 1896 2029 ratione

1064 2053 1130 2090 est
1150 2047 1407 2096 substantia,
1431 2051 1475 2088 et
1494 2044 1660 2088 hemini
1682 2042 1819 2086 livido
1839 2041 1898 2085 ad

1064 2104 1171 2158 quid
1197 2102 1374 2147 aurum?
1413 2103 1498 2154 Qui
1522 2103 1702 2144 acervat
1729 2115 1784 2143 ex
1808 2101 1896 2143 ani-

1062 2175 1135 2204 mo
1156 2175 1237 2204 suo
1256 2162 1430 2214 injuste,
1455 2159 1553 2201 aliis
1572 2161 1827 2211 congregat,
1852 2162 1897 2200 et

1063 2219 1107 2260 in
1138 2219 1267 2261 bonis
1304 2218 1419 2259 illius
1451 2217 1562 2259 alius
1594 2215 1898 2258 luxuriabitur.

1063 2276 1148 2327 Qui
1167 2275 1251 2318 sibi
1269 2287 1458 2327 nequam
1478 2279 1556 2322 est,
1575 2273 1645 2315 cui
1665 2272 1737 2314 alii
1753 2272 1897 2315 bonus

1064 2332 1169 2374 erit?
1197 2337 1241 2374 et
1262 2345 1351 2374 non
1375 2330 1684 2383 jucundabitur
1707 2330 1752 2370 in
1768 2327 1897 2371 bonis

1065 2402 1167 2430 su1s.

1118 2445 1168 2496 R*-
1192 2446 1244 2487 In
1263 2444 1493 2498 principio.
1511 2444 1605 2485 252.

1372 2512 1525 2552 Lectio
1548 2512 1586 2551 ii.

1150 2577 1195 2618 ui
1215 2576 1299 2618 sibi
1317 2575 1500 2625 invidet,
1519 2573 1626 2616 nihil
1645 2576 1712 2615 est
1729 2571 1806 2613 illo
1826 2572 1897 2612 ne·

1166 2634 1308 2686 quius,
1334 2637 1378 2674 et
1395 2632 1491 2674 haec
1511 2628 1702 2672 redditio
1724 2633 1790 2670 est
1809 2639 1896 2668 ma-

1065 2690 1169 2731 litiae
1189 2689 1319 2730 illius:
1343 2694 1386 2730 et
1407 2688 1444 2729 si
1461 2687 1573 2730 bene
1593 2685 1758 2735 fecerit,
1777 2684 1897 2735 igno-

1065 2748 1227 2796 ranter,
1261 2751 1305 2787 et
1332 2758 1421 2786 non
1450 2743 1601 2786 volens
1630 2741 1749 2783 facit:
1782 2745 1827 2782 et
1853 2739 1898 2780 in
