2040 2976
674 201 784 234 Feria
809 201 940 244 quinta
966 201 1015 234 ad
1039 201 1274 235 Matutinum.
1766 201 1812 236 77

170 300 226 340 Et
254 301 554 351 apposuerunt
585 298 727 340 adhuc
754 300 940 351 peccare

120 356 174 397 ei:
201 357 225 382 *
253 356 297 396 in
324 355 433 396 iram
462 355 761 396 excitaverunt
788 354 939 396 Excel-

120 425 215 453 sum
242 412 287 452 in
314 412 541 463 inaqucso.

169 469 226 509 Et
253 470 532 510 tentaverunt
559 469 703 510 Deum
730 468 774 509 in
798 467 940 509 cerdi-

117 524 200 567 bus
228 525 328 574 suis,
352 526 376 552 *
397 530 446 566 ut
472 526 674 578 peterent
702 537 825 566 escas
853 524 939 565 ani-

117 581 271 623 me'tbus
301 581 402 622 suis.

169 639 226 679 Et
253 637 367 679 male
394 637 531 678 locuti
559 642 661 678 sunt
692 637 747 679 de
774 638 887 679 Deo:
915 638 939 664 *

119 694 338 736 dixerunt:
375 693 600 745 Numquid
627 694 792 746 peterit
818 695 939 735 Deus

117 753 273 803 parare
296 763 492 791 mensam
516 751 561 790 in
589 750 789 792 deserto?

170 807 386 857 Quoniam
419 807 638 859 percussit
671 812 859 860 petram,
896 812 939 848 et

117 863 337 904 fluxerunt
367 875 505 915 aquae,
525 865 549 891 *
569 869 612 905 et
639 866 858 905 torrentes
886 864 940 904 in-

116 920 405 961 undaverunt.

167 976 393 1028 Numquid
409 981 452 1018 et
466 989 624 1029 panem
638 977 804 1030 peterit
823 977 938 1027 dare,

116 1035 140 1062 *
164 1039 238 1075 aut
256 1036 412 1086 parare
432 1046 628 1075 mensam
646 1034 812 1086 pepulo
834 1032 937 1075 suo?

167 1090 275 1132 Ideo
301 1090 468 1131 audivit
486 1090 712 1140 Deminus,
741 1095 785 1132 et
805 1090 961 1132 distu-·

101 1147 181 1188 ‘litz
207 1149 231 1174 *
255 1151 298 1189 et
325 1147 438 1199 ignis
467 1149 676 1188 accensus
706 1152 773 1188 est
799 1147 843 1187 in
870 1147 938 1188 Ja-

117 1203 211 1253 cob,
240 1208 284 1245 et
310 1203 375 1244 ira
403 1203 602 1245 ascendit
629 1203 673 1244 in
700 1203 851 1244 Israel:

167 1260 279 1311 Quia
306 1273 394 1301 non
416 1259 697 1302 crediderunt
725 1260 769 1300 in
795 1261 938 1310 Deo‚*

115 1329 197 1358 nec
225 1318 512 1369 speraverunt
546 1317 590 1356 in
618 1316 798 1357 salutari
832 1318 937 1368 ejus:

165 1374 222 1414 Et
242 1372 466 1414 mandavit
488 1372 676 1414 nubibus
699 1372 898 1426 desuper,
914 1375 937 1400 *

117 1433 160 1471 et
188 1430 337 1481 januas
366 1429 468 1470 coeli
492 1429 674 1481 aperuit.

166 1486 223 1527 Et
250 1485 362 1538 pluit
389 1485 476 1526 illis
496 1498 654 1526 manna
683 1485 739 1526 ad
758 1484 936 1526 mandu—

113 1542 343 1592 candumss*
354 1546 397 1583 et
413 1554 572 1594 panem
592 1541 693 1583 coeli
713 1541 835 1583 dedit
863 1542 936 1583 eis.

163 1599 327 1640 Panem
358 1597 631 1649 Angelcrum
657 1597 936 1640 manducavit

112 1654 261 1696 homo:
293 1656 316 1682 *
349 1654 513 1696 cibaria
542 1655 662 1696 misit
695 1655 757 1696 eis
790 1655 835 1695 in
863 1654 935 1696 ab·

112 1711 332 1753 undantia.

164 1767 408 1809 Transtulit
436 1768 649 1809 Austrum
677 1767 732 1809 de
757 1767 886 1810 coelo:
912 1769 935 1794 *

113 1829 157 1866 et
182 1824 353 1866 induxit
377 1824 421 1865 in
439 1824 601 1866 virtute
623 1837 702 1865 sua
724 1825 932 1866 Africum.

163 1882 219 1923 Et
245 1881 358 1934 pluit
385 1894 517 1934 super
546 1893 622 1922 eos
651 1881 763 1922 sicut
785 1880 932 1934 pulve-

111 1950 204 1979 rem
214 1950 381 1979 carnes:
394 1939 418 1965 *
429 1942 472 1979 et
489 1937 602 1979 sicut
613 1939 788 1979 arenam
800 1938 933 1979 maris

111 1994 305 2035 volatilia
322 1996 521 2047 pennata.

162 2050 219 2092 Et
246 2049 498 2092 ceciderunt
524 2051 568 2091 in
595 2049 739 2091 medio
770 2051 932 2091 castre-

111 2119 207 2147 rum
239 2109 407 2148 ectum:
442 2108 465 2134 *
501 2107 618 2148 circa
651 2106 933 2147 tabernacula

112 2165 273 2204 eorum.

163 2220 219 2260 Et
251 2218 640 2269 manducaverunt,
677 2224 720 2261 et
748 2219 931 2261 saturati

112 2280 212 2317 sunt
238 2275 382 2324 nimis,
416 2280 459 2317 et
487 2275 753 2317 desiderium
781 2277 931 2317 e6rum

111 2332 257 2373 attulit
286 2332 367 2372 eis:
395 2333 419 2359 *
445 2344 533 2373 non
561 2337 662 2374 sunt
689 2332 879 2373 fraudati
906 2345 932 2373 a

111 2387 330 2430 desiderio
360 2401 451 2429 suo.

162 2444 320 2486 Adhuc
341 2457 454 2486 escae
473 2447 624 2486 e6rum
649 2450 772 2486 erant
790 2444 835 2484 in
854 2457 930 2486 ore

110 2500 324 2553 ipserum:
342 2503 364 2527 *
387 2505 430 2542 et
452 2500 517 2541 ira
535 2501 618 2542 Dei
640 2500 837 2542 ascendit
863 2514 929 2541 su-

110 2570 189 2610 per
217 2570 304 2598 eos.

161 2614 218 2655 Et
245 2613 407 2655 occidit
433 2613 617 2665 pingues
646 2615 806 2663 cerum,
833 2613 857 2638 *
886 2618 929 2654 et

112 2669 274 2711 electos
301 2669 439 2711 Isra'el
467 2669 705 2722 impedivit.

161 2727 212 2766 In
232 2725 433 2767 Omnibus
456 2726 524 2767 his
544 2727 836 2778 peccaverunt
855 2725 927 2767 ad-

261 2868 326 2892 Pars
343 2868 450 2893 AEstiva.

991 297 1093 339 huc:
1120 299 1143 325 *
1173 303 1216 339 et
1243 311 1331 339 non
1359 299 1640 340 crediderunt
1667 299 1711 339 in
1739 299 1814 339 mi-

992 354 1203 396 rabilibus
1233 355 1334 406 ejus.

1043 411 1099 452 Et
1128 411 1382 452 defecerunt
1417 411 1461 451 in
1493 412 1685 452 vanitate
1718 411 1812 452 dies

993 469 1159 511 ebrum:
1176 469 1199 494 *
1218 473 1261 509 et
1283 468 1383 508 anni
1407 469 1558 508 ectum
1581 480 1679 509 cum
1698 468 1813 509 festi-

990 524 1179 565 natic'me.

1044 581 1160 633 Cum!
1181 579 1403 621 occideret
1432 593 1529 630 eos,
1559 580 1813 632 quaere'bant

992 651 1106 679 eum:
1134 639 1158 664 *
1187 642 1230 678 et
1258 636 1605 686 revertebantur,
1635 642 1677 678 et
1706 637 1812 678 dilu-

992 694 1090 735 culo
1119 693 1353 735 veniebant
1381 693 1438 735 ad
1467 706 1576 734 eum.

1042 751 1099 791 Et
1130 750 1409 792 rememorati
1438 754 1538 791 sunt
1564 750 1665 801 quia
1692 750 1812 791 Deus

991 807 1164 859 adjutor
1190 811 1257 848 est
1286 808 1452 848 e6rum:
1480 808 1503 833 *
1524 810 1567 847 et
1594 807 1715 847 Deus
1744 820 1812 848 ex-

991 863 1134 905 celsus
1162 863 1416 916 redemptor
1446 865 1598 904 eorum
1627 867 1704 904 est.

1042 921 1098 961 Et
1124 920 1370 961 dilexerunt
1396 933 1494 961 eum
1519 920 1563 960 in
1590 932 1665 960 ore
1687 920 1813 969 suo‚*

992 981 1036 1017 et
1063 976 1211 1028 lingua
1239 989 1318 1017 sua
1344 976 1515 1018 mentiti
1543 981 1643 1017 sunt
1672 976 1726 1017 ei:

1043 1033 1129 1074 Cor
1158 1037 1305 1075 autem
1333 1035 1484 1074 eerum
1512 1045 1599 1074 non
1629 1037 1723 1074 erat
1750 1045 1812 1073 re-

991 1096 1110 1131 ctum
1138 1103 1237 1131 cum
1266 1102 1332 1131 eo:
1352 1092 1375 1117 *
1394 1102 1475 1131 nec
1498 1089 1652 1130 fideles
1673 1088 1811 1130 habiti

990 1151 1091 1187 sunt
1117 1146 1161 1187 in
1189 1148 1453 1188 testamento
1484 1147 1584 1198 ejus.

1042 1203 1143 1255 Ipse
1180 1208 1326 1244 autem
1367 1207 1434 1244 est
1469 1203 1733 1252 misericors,
1771 1207 1814 1243 et

990 1259 1209 1312 propitius
1228 1260 1304 1300 fiet
1323 1260 1517 1312 peccatis
1538 1262 1703 1301 e6rum:
1723 1260 1747 1286 *
1770 1263 1813 1300 et

990 1328 1078 1356 non
1107 1315 1333 1368 disperdet
1361 1328 1447 1357 eos.

1042 1373 1098 1413 Et
1126 1372 1365 1414 abundavit
1391 1377 1440 1413 ut
1462 1373 1679 1413 averteret
1702 1372 1812 1412 iram

990 1441 1127 1469 suam:
1155 1430 1179 1456 *
1213 1434 1256 1470 et
1288 1441 1377 1470 non
1405 1428 1605 1469 accendit
1638 1441 1812 1469 omnem

989 1485 1098 1525 iram
1126 1498 1265 1526 suam:

1040 1542 1096 1582 Et
1107 1541 1365 1582 recordatus
1382 1546 1448 1583 est
1463 1541 1564 1593 quia
1580 1553 1682 1582 caro
1696 1545 1810 1581 sunt:

989 1598 1012 1623 *
1031 1598 1211 1650 spiritus
1238 1597 1414 1648 vadens,
1443 1603 1486 1640 et
1514 1610 1603 1639 non
1624 1597 1810 1639 rediens.

1041 1654 1224 1704 Qucties
1249 1655 1621 1697 exacerbaverunt
1646 1667 1744 1695 eum
1766 1654 1810 1694 in

989 1709 1181 1761 deserto,
1213 1712 1237 1738 *
1265 1711 1308 1752 in
1335 1711 1446 1752 iram
1480 1711 1810 1752 concitaverunt

988 1779 1087 1808 eum
1110 1767 1154 1807 in
1181 1767 1423 1820 inaquoso?

1038 1824 1095 1865 Et
1114 1825 1315 1865 conversi
1335 1829 1446 1874 sunt,
1468 1829 1511 1866 et
1530 1825 1809 1865 tentaverunt

986 1880 1143 1921 Deum:
1157 1882 1181 1908 *
1199 1885 1243 1922 et
1262 1886 1460 1922 sanctum
1480 1880 1617 1922 Israel
1637 1893 1807 1922 exacer-

986 1936 1211 1979 baverunt.

1037 1993 1137 2034 Non
1149 1998 1250 2035 sunt
1264 1993 1486 2035 recordati
1501 2006 1655 2034 manus
1672 1994 1773 2045 ejus,
1784 1994 1808 2019 *

987 2049 1058 2091 die
1078 2062 1164 2101 qua
1189 2050 1375 2092 redemit
1402 2063 1478 2091 eos
1505 2049 1560 2091 de
1579 2063 1710 2090 manu
1733 2050 1806 2091 tri-

986 2105 1188 2156 bulantis‚

1035 2162 1156 2204 Sicut
1190 2163 1339 2216 pdsuit
1375 2163 1420 2203 in
1452 2163 1648 2215 AEgj'thp
1684 2163 1806 2214 signa

985 2232 1080 2269 sua,
1115 2221 1138 2247 *
1166 2224 1209 2261 et
1236 2219 1438 2272 prodigia
1466 2232 1545 2260 sua
1578 2219 1622 2259 in
1649 2231 1804 2271 campo

984 2275 1172 2317 Taneos.

1035 2333 1092 2373 Et
1120 2331 1337 2373 convertit
1370 2331 1414 2372 in
1442 2331 1696 2383 sanguinem
1728 2331 1803 2372 flu-

983 2388 1100 2429 mina
1128 2390 1294 2438 entum,
1329 2389 1353 2415 *
1382 2392 1425 2429 et
1451 2387 1613 2428 imbres
1642 2389 1803 2437 eorum,

983 2457 1036 2486 ne
1064 2444 1276 2486 biberent.

1034 2501 1153 2542 Misit
1194 2501 1238 2541 in
1284 2513 1360 2542 eos
1402 2502 1707 2552 coenomyiam,
1758 2503 1801 2539 et

981 2557 1172 2599 comedit
1201 2569 1294 2598 eos:
1320 2559 1343 2583 *
1373 2561 1416 2597 et
1447 2569 1611 2605 ranam,
1645 2560 1688 2596 et
1716 2554 1799 2595 dis-

980 2613 1173 2666 perdidit
1202 2626 1288 2654 eos.

1031 2671 1088 2711 Et
1108 2669 1230 2711 dedit
1251 2668 1434 2720 aerugini
1452 2668 1618 2708 fructus
1639 2667 1798 2714 e6rum,

980 2727 1004 2752 *
1031 2730 1075 2767 et
1102 2725 1275 2766 lab6res
1304 2727 1455 2766 ebrum
1479 2724 1673 2764 locustae.
