2040 2976
705 219 805 252 Infra
833 219 1127 252 Hebdomadam
1152 219 1200 252 iv.
1224 218 1401 260 Augusti.

248 320 298 359 R
327 314 526 356 Verbum
543 314 740 367 iniquum
760 320 804 357 et
823 314 1028 357 dolosum

199 371 327 421 longe
347 371 416 412 fac
436 384 461 412 a
484 384 555 413 me
574 371 778 413 Domine:
794 375 815 397 *
840 371 1027 413 Divitias

198 433 241 469 et
274 429 582 481 paupertatem
611 441 666 470 ne
698 427 874 470 dederis
907 428 1027 478 mihi,

196 483 276 525 sed
303 489 472 526 tantum
498 485 633 526 victui
661 498 761 527 meo
786 485 929 526 tribue
956 498 1026 526 ne-

197 542 400 583 cessaria.
428 536 478 587 Y.
502 542 603 583 Duo
624 542 777 593 rogavi
795 547 855 591 te,
880 555 935 583 ne
955 541 1025 583 de-

196 611 330 649 neges
355 598 462 639 mihi
486 601 723 651 antequam
745 599 917 640 moriar.
951 599 1024 639 Di-

196 655 334 696 vitias.
364 654 517 696 Gloria
535 655 666 697 Patri.
694 655 893 697 Divitias.

246 716 297 765 Ru
331 716 400 755 vii.
451 717 640 759 Domine
671 723 798 770 pater
831 723 874 759 et
904 717 1025 758 Deus

196 773 298 814 vitae
326 786 455 823 meae,
491 787 546 815 ne
575 773 855 827 derelinquas
883 787 952 815 me
981 773 1026 814 in

196 830 393 881 cogitatu
453 831 660 882 maligno:
726 830 1026 873 extollentiam

196 887 424 929 oculorum
449 890 648 929 meorum
673 900 728 929 ne
752 886 926 929 dederis
950 887 1026 928 mi—

194 942 254 993 hi,
275 949 319 985 et
338 943 603 986 desiderium
620 944 857 999 malignum
876 946 1026 985 averte

197 1013 223 1041 a
245 1013 315 1041 me
335 1001 538 1042 Domine:
567 1001 690 1042 aufer
717 1014 742 1042 a
768 1014 838 1042 me
867 1013 1024 1042 concu-

193 1057 467 1109 piscentiam,
484 1059 506 1082 *
530 1058 586 1099 Et
606 1058 751 1098 animo
770 1057 1026 1099 irreverenti

195 1119 238 1156 et
257 1114 464 1155 infrunito
488 1127 543 1155 ne
566 1114 716 1156 tradas
735 1127 806 1156 me
825 1114 1025 1156 Domine.

194 1164 243 1215 Y·
263 1171 332 1213 Ne
353 1171 633 1223 derelinquas
651 1184 721 1213 me
740 1171 945 1220 Domine,
970 1183 1024 1212 ne

195 1229 448 1270 accrescant
483 1228 744 1279 ignorantiae
779 1241 907 1278 meae,
943 1240 1026 1270 nec

193 1284 539 1337 multiplicentur
559 1284 719 1327 delicta
738 1298 847 1327 mea.
874 1285 942 1327 Et.

245 1346 294 1397 R.
333 1346 415 1385 viii.
463 1347 564 1388 Duo
601 1346 830 1399 Seraphim
867 1346 1024 1388 clama-

193 1402 298 1444 bant
326 1403 436 1445 alter
463 1402 520 1445 ad
550 1402 751 1445 alterum:
774 1406 796 1430 *
828 1403 1024 1454 Sanctus,

194 1465 387 1510 sanctus,
435 1465 612 1502 sanctus
649 1460 866 1501 Dominus
902 1461 1024 1502 Deus

193 1516 403 1558 Sabaoth:
429 1517 451 1541 *
476 1516 612 1558 Plena
641 1522 708 1558 est
736 1517 877 1559 omnis
905 1522 1024 1559 terra

193 1572 333 1624 gloria
353 1574 454 1625 ejus.
485 1566 535 1618 V.
559 1574 670 1615 Tres
691 1579 791 1615 sunt
812 1574 886 1626 qui
905 1574 1024 1616 testi-

194 1630 388 1671 monium
409 1630 514 1672 dant
533 1631 577 1671 in
598 1631 726 1680 coelo,
750 1631 897 1681 Pater,
916 1631 1024 1673 Ver-

192 1685 308 1736 bum,
329 1692 372 1728 et
390 1687 577 1739 Spiritus
598 1693 788 1730 sanctus:
809 1694 852 1730 et
870 1687 915 1729 hi
933 1693 1024 1730 tres

193 1755 327 1784 unum
346 1748 456 1784 sunt.
489 1744 684 1786 Sanctus.
723 1743 874 1786 Gloria
892 1745 1025 1786 Patri.

192 1799 338 1841 Plena.

400 1896 551 1933 Feria
575 1897 816 1934 Secunda.

336 1956 405 1995 De
432 1953 545 1996 libro
573 1955 885 1997 Ecclesiastici.

270 2016 422 2057 Lectio
444 2018 466 2056 i.
743 2017 846 2069 Cap.
864 2020 892 2057 1.
910 2032 943 2058 c.

206 2076 244 2111 ⁷05:
259 2076 417 2116 orona
433 2076 671 2129 sapientiae,
690 2077 822 2118 timor
836 2077 1024 2128 Domini,

217 2150 231 2171 x
260 2141 274 2157 ,·
297 2131 472 2183 replens
495 2146 665 2185 pacem,
695 2139 738 2176 et
761 2134 916 2176 salutis
939 2134 1023 2176 fru-

195 2193 329 2230 ctum:
349 2194 393 2230 et
408 2188 527 2239 vidit,
547 2195 591 2232 et
606 2190 898 2232 dinumeravit
914 2204 1024 2233 eam:

193 2248 380 2297 utraque
425 2250 571 2287 autem
621 2253 722 2289 sunt
768 2248 886 2291 dona
929 2251 1024 2292 Dei.

194 2302 448 2352 Scientiam,
477 2308 520 2344 et
544 2303 814 2347 intellectum
837 2306 1024 2359 pruden-

193 2359 267 2400 tiae
287 2359 502 2412 sapientia
522 2362 850 2414 compartietur:
871 2368 916 2405 et
933 2364 1023 2415 glo-

194 2415 302 2456 riam
322 2416 564 2457 tenentium
584 2430 649 2466 se,
669 2419 845 2460 exaltat.
879 2418 1025 2462 Radix

195 2472 423 2526 sapientiae
445 2478 512 2514 est
530 2472 684 2515 timere
703 2474 954 2518 Dominum:
981 2482 1025 2518 et

195 2530 303 2570 rami
330 2529 446 2570 illius
473 2529 674 2581 longaevi.
728 2532 779 2572 In
806 2532 1025 2574 thesauris

195 2586 423 2639 sapientiae
456 2586 722 2637 intellectuS,
755 2594 799 2630 et
830 2589 1025 2631 scientiae

194 2643 473 2694 religiositas:
494 2645 738 2686 exsecratio
761 2649 907 2687 autem
925 2659 1025 2698 pec-

195 2699 419 2741 catoribus
439 2700 665 2752 sapientia.
700 2725 716 2741 .

248 2756 296 2795 R
324 2755 393 2797 Ne
414 2755 705 2809 derelinquas.
726 2758 819 2799 237.

1390 313 1542 354 Lectio
1563 312 1602 352 ii.

1158 371 1272 413 imor
1311 371 1490 413 Domini
1531 371 1712 425 expellit
1755 375 1911 425 pecca-

1170 433 1280 470 tum:
1307 441 1410 470 nam
1435 429 1510 481 qui
1537 429 1629 471 sine
1652 429 1810 471 timore
1832 434 1912 480 est,

1079 497 1167 526 non
1202 485 1368 538 poterit
1403 485 1642 537 justificari:
1684 485 1912 528 iracundia

1080 541 1194 582 enim
1214 542 1504 584 animositatis
1522 542 1655 593 illius,
1681 542 1911 585 subversio

1079 597 1195 639 illius
1220 603 1298 640 est.
1335 599 1487 651 Usque
1511 599 1554 640 in
1581 604 1758 653 tempus
1784 599 1910 642 susti-

1078 654 1200 696 nebit
1231 656 1424 708 patienS,
1456 661 1501 697 et
1532 658 1691 710 postea
1718 655 1910 699 redditio

1078 712 1371 762 jucunditatis.
1413 713 1565 755 Bonus
1592 726 1747 755 sensus
1770 727 1911 767 usque

1078 768 1122 808 in
1149 774 1325 823 tempus
1354 769 1599 812 abscondet
1623 770 1759 812 verba
1785 770 1911 821 illius,

1080 829 1123 866 et
1141 825 1257 867 labia
1275 826 1512 868 multorum
1531 826 1798 869 enarrabunt
1817 840 1910 869 sen-

1079 894 1175 923 sum
1199 882 1326 924 illius.
1363 884 1414 924 In
1438 883 1658 926 thesauris
1683 883 1910 937 sapientiae

1079 939 1341 990 significatio
1371 941 1630 994 disciplinae:
1666 941 1911 983 exsecratio

1079 1002 1225 1038 autem
1243 998 1483 1050 peccatori,
1507 998 1679 1040 cultura
1697 997 1791 1039 Dei.
1828 997 1912 1039 Fili

1079 1055 1396 1106 concupiscens
1411 1055 1681 1107 sapientiam,
1697 1056 1910 1096 conserva

1077 1110 1304 1161 justitiam,
1335 1116 1378 1153 et
1401 1111 1524 1153 Deus
1547 1111 1767 1165 praebebit
1790 1111 1910 1153 illam

1077 1166 1168 1208 tibi.

1133 1226 1184 1277 Rv.
1206 1223 1367 1276 Magna
1386 1225 1512 1267 enim.
1530 1226 1623 1268 237.

1383 1286 1536 1327 Lectio
1556 1286 1612 1326 iii.

1146 1342 1339 1395 apientia
1372 1343 1489 1384 enim
1521 1347 1566 1385 et
1597 1343 1830 1396 disciplina
1859 1343 1909 1385 ti-

1160 1412 1258 1441 mor
1277 1399 1471 1441 Domini:
1500 1405 1544 1442 et
1565 1399 1686 1453 quod
1704 1399 1910 1454 benepla-

1078 1456 1212 1498 citum
1231 1461 1299 1498 est
1313 1456 1386 1506 illi,
1405 1456 1529 1507 fides,
1548 1462 1592 1499 et
1606 1456 1911 1508 mansuetudo,

1079 1519 1123 1555 et
1146 1513 1407 1566 adimplebit
1429 1513 1663 1556 thesauros
1681 1513 1807 1555 illius.
1841 1513 1910 1556 Ne

1078 1571 1139 1611 sis
1166 1569 1435 1612 incredibilis
1462 1571 1612 1612 timori
1639 1570 1831 1613 Domini:
1867 1575 1911 1612 et

1076 1640 1131 1669 ne
1151 1627 1392 1669 accesseris
1412 1626 1470 1669 ad
1488 1627 1611 1669 illum
1631 1626 1796 1681 duplici
1815 1640 1909 1670 cor-

1078 1683 1144 1727 de.
1171 1684 1240 1726 Ne
1259 1684 1393 1726 fueris
1410 1683 1645 1738 hypocrita
1662 1685 1707 1726 in
1727 1686 1909 1738 conspe-

1078 1747 1152 1784 ctu
1170 1742 1411 1792 hominum,
1430 1747 1474 1783 et
1493 1754 1582 1783 non
1602 1740 1911 1787 scandalizeris

1077 1799 1122 1840 in
1144 1798 1272 1840 labiis
1298 1799 1397 1840 tuis.
1437 1797 1632 1841 Attende
1656 1798 1701 1839 in
1725 1798 1826 1849 illis,
1855 1811 1911 1840 ne

1077 1855 1189 1897 forte
1210 1853 1354 1905 cadas,
1372 1860 1416 1897 et
1435 1854 1632 1897 adducas
1648 1855 1805 1896 animae
1820 1859 1910 1897 tuae

1077 1911 1478 1962 inhonorationem,
1513 1917 1558 1954 et
1590 1911 1757 1954 revelet
1787 1911 1910 1953 Deus

1078 1968 1295 2010 absconsa
1314 1973 1407 2019 tua,
1433 1973 1477 2010 et
1495 1968 1540 2009 in
1557 1967 1704 2010 medio
1725 1970 1909 2022 synago-

1076 2038 1145 2077 gae
1178 2025 1314 2067 elidat
1344 2030 1403 2067 te:
1444 2025 1651 2078 quoniam
1683 2025 1911 2067 accessisti

1076 2082 1265 2133 maligne
1285 2081 1342 2123 ad
1357 2082 1606 2132 Dominum,
1626 2086 1671 2124 et
1690 2095 1768 2124 cor
1786 2086 1911 2123 tuum

1077 2138 1258 2192 plenum
1277 2143 1344 2180 est
1363 2138 1467 2181 dolo
1487 2145 1532 2182 et
1550 2138 1734 2181 fallacia.

1132 2198 1183 2249 R'·
1208 2196 1317 2246 Quae
1337 2200 1446 2237 sunt.
1465 2196 1557 2238 237.

1311 2300 1457 2337 Feria
1481 2301 1674 2338 Tertia.

1222 2354 1287 2394 De
1314 2352 1428 2395 libro
1455 2353 1766 2396 Ecclesiastici.

1162 2414 1310 2455 Lectio
1332 2413 1354 2452 i.
1671 2411 1774 2463 Cap.
1793 2412 1829 2451 2.

1165 2476 1212 2517 ili
1231 2476 1446 2518 accedens
1466 2475 1523 2518 ad
1543 2475 1799 2518 servitutem
1812 2475 1907 2526 Dei,

1189 2538 1257 2575 sta
1289 2533 1333 2576 in
1366 2533 1544 2585 justitia,
1581 2537 1626 2574 et
1656 2532 1830 2582 timore,
1864 2539 1908 2575 et

1077 2592 1281 2643 praepara
1316 2590 1506 2631 animam
1536 2594 1657 2632 tuam
1685 2588 1742 2631 ad
1768 2595 1905 2632 tenta-

1078 2646 1254 2688 tionem.
1313 2646 1524 2699 Deprime
1565 2659 1642 2688 cor
1677 2651 1816 2696 tuum,
1862 2651 1907 2688 et

1079 2704 1261 2745 sustine:
1301 2703 1461 2745 inclina
1497 2715 1648 2744 aurem
1684 2708 1822 2752 tuam,
1863 2707 1907 2745 et

1078 2759 1255 2813 suscipe
1290 2759 1427 2803 verba
1461 2759 1723 2802 intellectus:
1765 2764 1810 2802 et
1851 2772 1907 2802 ne
