2040 2976
568 203 637 236 Dic
662 204 713 236 22.
739 203 844 236 Julii.
892 202 926 235 S.
952 202 1084 235 Mau-iau
1110 200 1352 242 Mugdulcnae
1378 199 1515 232 Pocnit.

185 299 305 340 tenui
342 311 456 340 eum:
498 311 580 339 nec
622 298 840 339 dimittam
876 297 1018 340 donec

184 355 464 397 introducam
495 355 616 396 illum
649 355 694 395 in
722 354 902 396 domum
929 368 1016 396 ma-

185 411 265 452 tris
284 423 413 461 meae,
442 416 486 452 et
510 411 554 450 in
577 410 826 452 cubiculum
845 411 1018 462 genitri-

186 469 248 509 cis
268 480 390 508 meae.

238 533 288 582 Rv.
323 529 462 569 Maria
494 527 773 579 Magdalene,
806 533 849 569 et
881 527 1019 568 altera

185 585 324 626 Maria
343 585 465 626 ibant
485 583 677 626 diluculo
694 584 751 625 ad
766 586 1020 625 monumen-

184 647 295 682 tum:
317 648 338 670 ¹·
357 641 381 681 J
384 653 502 690 esus,
535 653 666 692 quem
693 640 906 692 quaeritis,
930 652 1019 681 non

186 703 254 739 est
272 697 358 738 hic:
382 697 586 746 surrexit,
611 698 724 739 sicut
743 697 918 738 locutus
939 701 1020 737 est:

186 753 412 807 praecedet
429 766 510 795 vos
526 754 569 794 in
586 754 827 803 Galilateam,
843 753 905 794 ibi
922 766 1021 794 eum

186 810 404 852 videbitis.
447 808 497 857 V.
529 811 586 852 Et
618 810 748 852 valde
775 822 903 850 mane
935 821 1020 850 una

187 867 473 909 sabbatorum
492 867 672 908 veniunt
691 867 748 908 ad
767 868 1019 907 monumen-

187 929 281 965 tum
305 929 404 965 orto
430 925 514 975 jam
539 923 647 964 sole:
677 929 720 965 et
745 923 1020 964 introeuntes

186 980 393 1022 viderunt
441 981 642 1031 juvenem
700 978 928 1021 sedentem
978 979 1021 1019 in

292 1114 444 1155 Lcctio
463 1114 502 1152 ii.
701 1123 705 1127 ·
758 1114 860 1164 Cap.
881 1114 917 1151 8.

190 1149 340 1273 Quis
365 1172 471 1212 mihi
498 1170 574 1213 det
600 1176 645 1212 te
670 1171 851 1212 fratrem
875 1183 1023 1211 meum

291 1229 520 1279 sugentem
551 1227 689 1269 ubera
718 1227 871 1268 matris
899 1239 1022 1276 meae,

186 1290 236 1326 ut
260 1284 480 1325 inveniam
501 1289 545 1326 te
572 1283 694 1333 foris,
721 1289 765 1325 et
790 1282 1024 1325 deosculer

186 1347 241 1391 te,
263 1346 307 1382 et
326 1342 411 1393 jam
429 1353 499 1382 me
518 1353 647 1382 nemo
669 1339 907 1392 despiciat?
932 1341 1022 1392 Ap-

186 1397 458 1451 prehendam
474 1402 530 1446 te,
550 1402 594 1438 et
610 1396 768 1438 ducam
782 1396 827 1436 in
843 1395 1024 1438 domum

187 1454 339 1495 matris
359 1466 485 1495 meae:
506 1453 567 1495 ibi
585 1466 656 1495 me
677 1452 870 1502 docebiS,
891 1458 935 1494 et
951 1452 1023 1494 da-

187 1511 246 1553 bo
272 1511 354 1552 tibi
376 1510 588 1564 poculum
614 1523 669 1551 ex
695 1509 798 1550 vino
829 1509 1023 1559 condito,

1072 311 1150 340 cor
1181 303 1322 346 tuum,
1367 302 1417 339 ut
1458 297 1730 348 signaculum
1771 309 1905 350 super

1071 355 1301 397 brachium
1319 359 1460 395 tuum:
1488 354 1591 406 quia
1615 353 1742 395 fortis
1767 359 1836 395 est
1856 358 1905 397 ut

1071 425 1193 453 mors
1217 411 1414 460 dilectio,
1440 409 1551 451 dura
1576 410 1689 451 sicut
1711 410 1904 451 infernus

1073 467 1311 515 aemulatio,
1346 466 1576 519 lampades
1612 467 1704 518 eius
1739 467 1903 519 lampa÷

1073 524 1151 566 des
1171 523 1282 575 ignis
1302 528 1434 574 atque
1453 523 1738 565 flammarum.
1762 523 1905 574 Aquae

1072 580 1222 622 multae
1248 592 1337 620 non
1362 581 1602 631 potuerunt
1627 581 1906 630 exstinguere

1073 638 1318 685 caritatem,
1343 648 1425 677 nec
1449 635 1629 677 flamina
1651 635 1841 677 obruent
1859 634 1906 675 il-

1072 694 1170 734 lam.

1129 760 1178 811 Ην.
1220 757 1437 799 Tulerunt
1473 757 1711 798 Dominum
1749 769 1907 806 meum,

1074 820 1118 856 et
1142 814 1291 855 nescio
1318 813 1393 855 ubi
1420 815 1663 866 posuerunt
1687 825 1797 854 eum.
1833 813 1907 867 Di’.

1074 876 1177 912 cunt
1192 871 1231 912 ei
1247 870 1422 921 Angeli:
1440 869 1599 911 Mulier
1615 869 1721 922 quid
1734 867 1906 922 ploras?

1074 927 1280 976 surrexit,
1314 927 1427 968 sicut
1458 926 1584 968 dixit:
1620 925 1642 949 *
1678 926 1908 967 Praecedet

1074 996 1155 1027 vos
1180 984 1224 1023 in
1250 983 1498 1032 Galilaeam,
1531 982 1594 1024 ibi
1620 996 1720 1024 eum
1745 981 1908 1024 videbi-

1074 1040 1141 1082 tis.
1182 1033 1231 1085 V.
1251 1040 1369 1080 Dum
1388 1052 1494 1090 ergo
1515 1040 1657 1088 fleret,
1684 1038 1910 1080 inclinavit

1075 1109 1139 1146 se,
1167 1101 1211 1137 et
1237 1096 1470 1148 prospexit
1490 1096 1535 1136 in
1559 1096 1909 1144 monumentum,

1075 1158 1119 1194 et
1144 1151 1254 1194 vidit
1283 1152 1396 1193 duos
1415 1152 1613 1203 Angelos
1639 1153 1682 1192 in
1707 1151 1818 1193 albis
1845 1163 1908 1192 se-

1076 1209 1245 1257 dentes,
1279 1209 1355 1261 qui
1387 1208 1539 1250 dicunt
1571 1209 1622 1250 ei.
1669 1207 1910 1250 Praecedet.

1081 1266 1233 1306 Gloria
1250 1265 1382 1306 Patri.
1409 1265 1651 1306 Praecedet.

1313 1350 1363 1388 In
1383 1348 1435 1387 ΙΙ.
1454 1347 1680 1386 Nocturno.

1146 1420 1297 1460 Sermo
1318 1417 1458 1460 sancti
1478 1417 1682 1468 Gregorii
1698 1417 1846 1470 Papae.

1267 1477 1439 1512 Homilia
1454 1477 1506 1511 25.
1529 1477 1569 1510 in
1583 1476 1729 1520 Evang.

1383 1529 1538 1569 Lectio
1558 1528 1613 1568 iv.

189 1573 233 1609 et
263 1572 459 1608 mustum
489 1566 708 1607 malorum
739 1567 1024 1616 granatorum
1080 1595 1124 1618 ¹1„

188 1626 399 1664 meorum.
457 1623 592 1664 Laeva
628 1623 719 1674 ejus
755 1621 836 1663 sub
878 1622 1024 1674 capite

188 1693 306 1729 meo,
335 1685 379 1722 et
405 1679 588 1721 dextera
613 1679 730 1720 illius
756 1678 1023 1731 amplexabi-

188 1741 259 1778 tur
291 1749 372 1778 me.
414 1736 584 1788 Adjuro
613 1749 695 1777 vos
723 1735 825 1776 ffliae
851 1735 1023 1776 Jerusa-

188 1794 291 1842 lem,
315 1806 371 1834 ne
391 1793 627 1842 suscitetis,
650 1804 795 1844 neque
817 1791 1024 1842 evigilare

189 1850 360 1892 faciatis
386 1849 593 1891 dilectam
620 1849 762 1890 donec
787 1849 884 1900 ipsa
907 1848 1024 1889 velit.

247 1912 295 1961 Ιᾷ.
329 1910 704 1961 Congratulamini
733 1909 839 1950 mihi
869 1922 1023 1950 omnes

191 1968 265 2020 qui
289 1967 469 2018 diligitis
489 1967 741 2008 Dominum:
767 1966 869 2018 quia
894 1978 1025 2017 quem

190 2024 461 2076 quaerebam,
501 2023 708 2076 apparuit
748 2022 870 2063 mihi:
907 2023 929 2046 *
968 2022 1025 2063 Et

192 2080 296 2122 dum
317 2080 469 2121 flerem
488 2080 546 2122 ad
563 2081 912 2129 monumentum,
932 2079 1024 2120 vidi

189 2137 429 2178 Dominum
454 2149 615 2186 meum,
643 2136 827 2188 alleluia.
867 2127 918 2178 V·
940 2136 1023 2177 Re-

191 2193 450 2236 cedentibus
477 2193 706 2246 discipulis
731 2206 819 2234 non
848 2192 1024 2234 recede-

190 2251 308 2301 bam,
333 2255 378 2292 et
397 2250 559 2291 amoris
580 2251 672 2301 ejus
691 2250 791 2300 igne
812 2251 1025 2291 succensa

191 2307 404 2349 ardebam
423 2305 657 2348 desiderio.
684 2306 742 2347 Et
762 2305 877 2347 dum.

499 2381 650 2422 Lectio
672 2381 725 2420 iii.

278 2458 348 2487 uae
375 2450 444 2487 est
471 2445 571 2493 ista,
604 2458 703 2496 quae
737 2444 936 2486 ascendit
969 2444 1025 2486 de

288 2502 478 2550 deserto,
490 2501 660 2543 deliciis
671 2501 867 2550 affluens,
877 2501 1025 2541 innixa

193 2571 327 2612 super
347 2558 557 2599 dilectum
577 2557 726 2598 suum?
753 2556 843 2598 Sub
863 2556 1025 2598 arbore

191 2615 310 2657 malo
331 2614 540 2656 suscitavi
558 2619 617 2655 te:
640 2613 702 2654 ibi
727 2615 938 2664 corr1'1pta
958 2618 1026 2654 est

191 2677 335 2713 mater
358 2676 450 2721 tua,
477 2669 539 2711 ibi
557 2669 722 2711 violata
749 2674 816 2710 est
839 2669 1025 2720 genitrix

190 2735 276 2770 tua.
303 2729 426 2769 Pone
445 2739 515 2769 me
534 2731 583 2768 ut
602 2725 875 2777 signaculum
894 2738 1026 2777 super

1079 1612 1087 1649 ¹}
1103 1603 1198 1653 &tf-g
1223 1593 1329 1632 aria
1347 1589 1625 1641 Magdalene‚
1650 1602 1750 1642 quae
1769 1570 1913 1644 fuerat

1079 1636 1092 1724 1
1105 1651 1231 1723 ¹
1253 1648 1911 1744 mmm

1077 1759 1273 1801 maculas
1298 1759 1504 1801 criminis:
1528 1735 1574 1800 et
1590 1771 1679 1800 vox
1697 1757 1911 1800 Veritatis

1076 1816 1294 1869 impletur,
1311 1828 1398 1868 qua
1411 1814 1584 1857 d1'citur:
1602 1815 1797 1856 Dimissa
1811 1819 1913 1856 sunt

1078 1874 1118 1914 ei
1136 1875 1323 1926 peccata
1339 1871 1487 1922 multa,
1512 1871 1614 1924 quia
1633 1870 1788 1912 dilexit
1805 1871 1911 1913 mul-

1077 1935 1181 1971 tum.
1217 1930 1327 1979 Quae
1351 1929 1467 1970 enim
1491 1928 1613 1981 prius
1633 1927 1793 1979 frigida
1811 1941 1912 1982 pec-

1079 1986 1221 2028 cando
1276 1988 1564 2035 remanserat,
1623 1983 1913 2037 postmodum

1078 2042 1268 2084 amando
1300 2042 1473 2083 fortiter
1504 2040 1697 2083 ardebat
1746 2042 1855 2095 Quae
1888 2054 1914 2082 a

1077 2101 1364 2140 monumento
1391 2098 1587 2148 Domini,
1623 2098 1757 2139 etiam
1785 2097 1911 2139 disci-

1077 2155 1192 2208 pulis
1212 2154 1534 2204 recedentibus,
1553 2166 1643 2195 non
1661 2153 1912 2196 recedebat:

1078 2211 1356 2264 exquirebat,
1393 2223 1525 2263 quem
1552 2223 1641 2252 non
1668 2210 1913 2252 invenerat:

1079 2267 1215 2310 flebat
1250 2267 1529 2320 inquirendo,
1567 2271 1611 2308 et
1647 2266 1809 2307 amoris
1846 2266 1913 2307 sui

1078 2325 1178 2376 igne
1199 2326 1427 2374 succensa,
1454 2325 1545 2375 ejus
1567 2336 1698 2376 quem
1718 2322 1914 2365 ablatum

1079 2380 1284 2430 credidit,
1310 2380 1495 2422 ardebat
1516 2378 1750 2421 desiderio.
1785 2378 1913 2420 Unde

1080 2437 1281 2488 contigit,
1308 2442 1356 2478 ut
1374 2450 1474 2478 eum
1494 2436 1590 2477 sola
1608 2441 1714 2477 tunc
1731 2434 1913 2484 videret,

1081 2506 1180 2546 quae
1200 2496 1470 2535 remanserat
1488 2498 1537 2534 ut
1556 2494 1790 2544 quaereret:
1811 2492 1913 2543 quia

1080 2551 1283 2591 nimirum
1303 2551 1440 2591 virtus
1466 2549 1573 2591 boni
1597 2548 1746 2601 operis
1765 2559 1912 2600 perse-

1079 2607 1279 2648 verantia
1301 2611 1378 2648 est.

1138 2665 1188 2716 Rc.
1223 2668 1413 2720 Propter
1444 2667 1688 2714 veritatem,
1721 2670 1764 2706 et
1794 2677 1912 2705 man-

1081 2724 1374 2773 suetudinem,
1403 2728 1447 2764 et
1472 2721 1696 2774 justitiam,
1722 2717 1815 2762 *Et
1840 2720 1912 2762 de-
