2040 2976
656 218 697 251 In
724 218 849 252 Festis
875 219 915 252 Β.
942 219 1073 252 Maria:
1101 219 1142 252 V.
1169 229 1237 261 per
1262 229 1412 253 annum.

234 317 390 356 l'sahn.
433 317 644 358 Dominus
672 317 883 367 regnavit.
912 331 1008 358 cum

181 372 371 423 reliquis.
394 375 453 415 14.

231 430 267 468 2.
295 429 427 471 Laeva
456 430 548 481 ejus
568 430 591 454 *
617 429 698 470 sub
729 428 873 481 capite
900 440 1011 476 meo,

179 492 222 528 et
246 486 428 528 dextera
450 485 565 526 illius
590 484 912 537 amplexabitur
930 496 1011 524 me.

231 542 267 580 3.
296 541 432 593 Nigra
451 554 564 590 sum,
584 541 608 566 *
628 540 708 582 sed
727 540 936 587 formosa,
964 539 1011 579 fi-

178 599 249 640 liae
264 598 522 639 Jerusalem:
536 596 638 638 ideo
655 596 808 638 dilexit
821 609 892 637 me
902 596 1012 644 Rex,

179 660 223 696 et
268 653 513 695 introduxit
557 665 628 694 me
672 653 716 693 in
762 651 1012 693 cubiculum

179 724 317 751 suum.

233 767 269 804 4.
309 767 402 806 Jam
432 765 572 806 hiems
599 765 787 814 transiit,
814 764 838 790 *
870 762 1012 804 imber

179 822 296 871 abiit,
317 827 361 863 et
379 821 577 863 recessit:
597 833 726 872 surge
744 822 885 861 amica
903 831 1011 868 mea,

179 884 223 920 et
242 879 353 919 veni.
916 883 919 887 ’

232 935 269 973 5.
299 934 505 987 Speciosa
527 933 551 959 *
570 933 686 974 facta
715 945 762 974 es
791 936 835 973 et
863 931 1011 972 suavis

178 991 221 1031 in
255 990 422 1032 deliciis
454 990 557 1039 tuis,
590 994 743 1030 sancta
769 988 854 1030 Dei
881 987 1011 1028 Geni·

178 1047 275 1088 trix.
694 1098 698 1102 .

259 1109 519 1160 Capitulum.
668 1109 794 1149 Eccli.
810 1110 875 1147 24.
892 1108 931 1148 b.

254 1166 283 1208 b
308 1166 448 1215 initio,
478 1169 522 1206 et
549 1170 649 1207 ante
676 1164 838 1206 saecula
864 1165 1012 1205 creata

291 1235 398 1271 sum,
423 1226 467 1263 et
484 1235 624 1274 usque
644 1221 700 1262 ad
718 1221 914 1262 futurum
933 1222 1012 1260 sae-

179 1279 325 1320 culum
354 1291 443 1319 non
469 1278 682 1327 desinam,
710 1282 754 1318 et
777 1277 821 1317 in
846 1276 1011 1317 habita-

178 1335 299 1376 tione
314 1339 466 1375 sancta
481 1347 632 1376 coram
645 1334 744 1386 ipso
758 1333 1012 1374 ministravi.

490 1398 701 1448 Hymnus.

331 1455 525 1505 gloriosa
544 1455 772 1506 virginum,

359 1511 565 1552 Sublimis
584 1512 697 1552 inter
717 1511 873 1560 sidera,

285 1567 369 1616 Qui
387 1572 432 1608 te
451 1568 628 1617 creavit,
647 1567 882 1620 parvulum

283 1622 495 1664 Lactente
514 1624 654 1665 nutris
673 1623 821 1664 ubere.

234 1686 364 1733 Quod
382 1688 510 1729 Heva
527 1688 666 1729 tristis
687 1687 876 1736 abstulit,

283 1743 353 1784 Tu
371 1742 520 1784 reddis
540 1743 655 1785 almo
674 1744 884 1795 germine:

284 1799 456 1840 Intrent
474 1804 522 1840 ut
540 1805 660 1841 astra
679 1799 860 1848 flebiles,

285 1854 396 1896 Coeli
414 1855 607 1897 recludis
627 1855 838 1897 cardines.

233 1917 300 1959 Tu
319 1919 434 1970 regis
452 1920 529 1961 alti
547 1921 687 1972 janua,

284 1975 340 2015 Et
359 1975 458 2016 aula
476 1975 586 2017 lucis
605 1976 785 2027 fulgida:

283 2031 433 2072 Vitam
453 2031 602 2073 datam
620 2045 700 2084 per
719 2032 945 2083 Virginem

285 2087 451 2129 Gentes
471 2088 713 2140 redemptae
731 2088 940 2140 plaudite.

238 2150 349 2202 Jesu,
367 2151 446 2192 tibi
466 2152 520 2193 sit
538 2152 689 2203 gloria,

286 2208 370 2258 Qui
388 2214 516 2250 natus
537 2221 584 2249 es
605 2208 660 2250 de
678 2209 872 2259 Virgine,

286 2263 395 2304 Cum
413 2264 556 2313 Patre,
577 2269 620 2305 et
639 2264 755 2305 almo
775 2265 937 2316 Spiritu

283 2319 335 2359 In
354 2319 619 2371 sempiterna
638 2320 811 2361 saecula.
859 2321 1011 2362 Amen.

234 2365 284 2416 V·
323 2374 496 2415 Diffusa
531 2381 599 2416 est
633 2376 774 2426 gratia
809 2377 853 2416 in
884 2376 1011 2418 labiis

179 2431 276 2472 tuis.
334 2428 385 2478 Ru
430 2430 672 2482 Propterea
707 2431 933 2474 benedixit
967 2438 1012 2474 te

179 2486 301 2527 Deus
329 2485 373 2525 in
401 2487 626 2527 aeternum.

233 2544 301 2585 Ad
325 2546 485 2586 Bened.
513 2548 609 2587 Ant.
636 2549 774 2591 Beata
794 2564 841 2592 es
860 2551 1009 2602 Maria,

179 2606 203 2631 *
238 2618 337 2658 quae
371 2605 612 2648 credidisti:
648 2606 932 2658 perficientur
967 2608 1011 2648 in

179 2666 239 2711 te,
269 2674 368 2714 quae
393 2661 510 2703 dicta
533 2666 634 2703 sunt
658 2661 737 2703 tibi
761 2675 786 2703 a
808 2662 1010 2713 Domino,

179 2717 362 2769 alleluia.

1399 314 1564 354 Oratio.

1068 372 1309 480 Concede
1328 376 1410 423 nos
1429 382 1618 423 famulos
1637 387 1755 432 tuos,
1781 384 1897 434 quae-

1152 450 1301 478 sumus
1320 438 1510 479 Domine
1529 438 1663 488 Deus,
1681 439 1899 491 perpetua

1064 493 1223 534 mentis
1261 498 1305 534 et
1342 494 1542 546 corporis
1576 494 1764 536 sanitate
1795 507 1898 546 gau-

1065 548 1184 590 dere:
1204 554 1247 590 et
1261 549 1455 600 gloriosa
1469 549 1614 592 beatae
1629 550 1781 591 Mariae
1796 563 1910 592 sem:

1064 617 1144 656 per
1163 605 1357 656 Virginis
1381 606 1713 656 intercessione,
1738 619 1764 647 a
1786 619 1898 659 prae-

1066 661 1177 702 senti
1212 661 1390 702 liberari
1426 662 1618 712 tristitia,
1657 667 1701 704 et
1733 664 1898 704 aeterna

1064 717 1229 768 perfrui
1248 717 1413 759 laetitia.
1439 718 1525 759 Per
1543 718 1794 760 Dominum.

1338 796 1406 832 Ad
1429 795 1631 832 Primam.

1118 856 1167 894 In
1188 855 1238 906 R.
1258 854 1319 894 br.
1340 849 1390 902 V.
1414 856 1499 907 Qui
1518 862 1647 899 natus
1666 869 1714 898 es
1733 856 1789 899 de
1806 857 1896 898 Ma-

1064 913 1130 952 ria
1160 912 1353 963 Virgine.
1392 912 1523 951 etiam
1556 911 1598 951 in
1635 911 1756 952 festis
1788 910 1899 951 infra

1067 966 1217 1007 Octav.
1238 966 1284 1005 Β.
1306 966 1358 1005 Μ.
1378 967 1429 1006 V.

1331 1046 1400 1083 Ad
1423 1046 1626 1083 Tertiam.

1120 1105 1219 1144 Ant.
1247 1105 1379 1148 Laeva
1398 1108 1500 1159 ejus.

1118 1170 1379 1222 Capitulum.
1414 1171 1480 1213 Ab
1499 1172 1636 1213 initio.
1659 1176 1707 1211 ut
1727 1183 1872 1222 supra.

1118 1225 1169 1275 Rsv.
1189 1225 1250 1264 br.
1269 1227 1426 1280 Specie
1444 1232 1522 1269 tua
1542 1226 1565 1250 *
1582 1228 1641 1269 Et
1658 1227 1896 1280 pulchritu-
1955 1226 1959 1234 “

1065 1283 1166 1324 dine
1184 1287 1270 1324 tua.
1304 1284 1471 1335 Specie.
1506 1275 1557 1327 W.
1572 1283 1774 1333 Intende,
1796 1285 1898 1336 pro-

1066 1339 1506 1437 {ssssfizffizzoessffi
1523 1339 1897 1437 ἑὲῗέἋΕέοῑὲω·

1120 1453 1168 1504 >V-
1207 1427 1448 1512 Adjuvabit
1485 1473 1583 1502 eam
1614 1409 1743 1502 D'eug
1774 1427 1898 1502 vultu

1066 1529 1158 1558 suo.
1196 1515 1247 1566 Rg.
1271 1517 1393 1558 Deus
1421 1517 1466 1558 in
1493 1517 1640 1559 medio
1669 1517 1776 1569 ejus,
1808 1529 1898 1558 non

1065 1572 1425 1615 commovebitur.

1343 1654 1411 1691 Ad
1435 1654 1622 1692 Sextam.

1119 1714 1220 1752 Ant.
1249 1713 1381 1765 Nigra
1400 1728 1507 1756 sum.

1145 1775 1405 1827 Capitulum.
1553 1779 1685 1820 Eccli.
1699 1780 1764 1820 24.
1780 1779 1820 1820 b.

1145 1844 1163 1881 t
1187 1840 1250 1881 sic
1270 1840 1314 1880 in
1333 1840 1438 1881 Sion
1456 1839 1631 1880 firmata
1650 1852 1762 1890 sum,
1789 1844 1833 1881 et
1852 1839 1897 1880 in

1178 1896 1354 1937 civitate
1390 1895 1663 1937 sanctificata
1699 1895 1898 1938 similiter

1064 1952 1275 2004 requievi,
1301 1957 1345 1993 et
1368 1952 1412 1992 in
1431 1951 1676 1993 Jerusalem
1698 1953 1897 2004 potestas

1063 2021 1173 2049 mea.
1209 2008 1268 2049 Et
1290 2007 1485 2049 radicavi
1507 2009 1551 2049 in
1573 2008 1742 2061 populo
1762 2007 1896 2050 hono-

1063 2064 1253 2114 rificato,
1279 2069 1323 2105 et
1346 2064 1390 2105 in
1408 2069 1535 2117 parte
1554 2065 1639 2106 Dei
1656 2065 1743 2106 mei
1760 2063 1897 2106 haere-

1065 2119 1180 2161 ditas
1206 2120 1339 2170 illius,
1368 2125 1412 2162 et
1434 2121 1478 2161 in
1502 2120 1776 2173 plenitudine
1800 2133 1896 2161 san·

1065 2178 1237 2217 ctorum
1259 2175 1455 2218 detentio
1474 2189 1584 2218 mea.

1117 2239 1169 2289 R.
1196 2237 1259 2278 br.
1305 2240 1545 2293 Adjuvabit
1581 2254 1678 2283 eam
1717 2242 1740 2268 *
1772 2241 1896 2283 Deus

1063 2296 1187 2338 vultu
1214 2309 1305 2338 suo.
1342 2297 1592 2349 Adiuvabit.
1627 2293 1679 2345 V.
1704 2298 1826 2339 Deus
1851 2297 1896 2338 in

1063 2352 1210 2394 medio
1253 2353 1360 2404 ejus,
1404 2365 1494 2395 non
1536 2353 1896 2395 commovebitur.

1063 2409 1197 2450 Deus.
1226 2406 1377 2450 Gloria
1395 2410 1525 2451 Patri.
1554 2409 1806 2462 Adiuvabit.

1117 2465 1167 2516 V·
1194 2473 1338 2525 Elegit
1363 2487 1461 2515 eam
1484 2475 1622 2525 Deus,
1647 2479 1692 2516 et
1714 2474 1894 2527 praeele-

1062 2529 1126 2579 git
1141 2542 1248 2570 eam.
1279 2528 1328 2580 152.
1345 2531 1396 2570 In
1415 2530 1700 2572 tabernaculo
1720 2543 1801 2572 suo
1820 2530 1893 2571 ha-

1062 2584 1204 2627 bitare
1223 2585 1326 2627 facit
1345 2599 1452 2627 eam.
1814 2589 1822 2598 ¹

1339 2663 1407 2699 Ad
1431 2663 1616 2700 Nonam.

1115 2720 1214 2759 Ant.
1243 2720 1464 2774 Speciosa.
