2040 2976
642 192 845 228 Dominica
868 196 931 229 IV.
958 202 1047 238 post
1070 198 1334 234 Pentecosten.

132 292 244 333 inter
263 305 351 334 eos.
386 294 442 335 Et
466 297 668 345 egressus
689 301 756 338 est
775 297 841 338 vir
861 301 960 350 spu-

131 347 220 388 rius
245 348 300 389 de
325 350 479 390 castris
501 351 863 393 philisthinorum
886 355 961 394 no-

131 404 247 445 mine
267 405 462 455 Goliath‚
488 406 543 448 de
564 407 696 457 Geth,
722 408 963 450 altitudinis

132 472 210 500 sex
236 460 485 502 cubitorum
512 467 556 503 et
579 463 730 515 palmi:
756 469 800 505 61
826 465 963 506 635515

131 517 247 557 aerea
279 529 413 569 super
446 523 579 570 caput
611 520 716 570 ejuS,
751 525 794 561 et
825 520 963 561 lorica

131 574 362 622 squamata
381 573 656 615 induebatur.
683 575 830 616 'Porro
854 589 961 628 pon-

131 626 213 668 dus
237 628 388 669 loricae
415 630 505 680 ejus
532 630 724 682 quinque
749 631 886 672 millia
909 632 960 672 si-

131 682 300 724 clorum
319 685 419 725 aeris
439 690 547 726 erat:
573 690 617 727 et
643 688 797 727 ocreas
822 690 961 729 aereas

130 737 321 781 habebat
356 740 400 780 in
437 741 653 782 cruribus:
700 747 743 783 et
781 743 961 795 clypeus

130 796 271 836 aereus
296 796 473 847 tegebat
498 796 704 839 humeros
731 799 832 849 ejus.
873 800 960 840 Ha-

130 851 229 892 stile
260 856 407 892 autem
434 852 574 894 hastae
597 855 689 905 ejus
715 860 809 896 erat
836 856 960 907 quasi

129 906 394 948 liciatorium
419 909 671 951 texentium.
707 911 860 962 Ipsum
888 925 959 952 au-

129 967 219 1003 tem
249 963 412 1004 ferrum
441 964 580 1006 hastae
611 967 701 1016 ejus
726 969 960 1009 sexcentos

131 1018 262 1060 siclos
299 1019 491 1061 habebat
526 1020 642 1062 ferri:
686 1027 730 1063 et
773 1023 960 1073 armiger

130 1075 220 1125 ejus
240 1076 529 1123 antecedebat
548 1090 658 1118 eum.

176 1131 227 1181 R.
262 1132 516 1184 Praeparate
546 1133 681 1175 corda
703 1139 850 1176 vestra
872 1135 959 1176 Do-

129 1186 264 1236 mino,
290 1192 334 1229 et
357 1190 518 1230 servite
537 1189 600 1229 illi
619 1190 715 1231 soli:
731 1188 753 1211 *
778 1190 836 1231 Et
854 1190 958 1231 libe-

129 1242 245 1284 rabit
271 1252 350 1284 vos
378 1243 433 1284 de
458 1245 659 1286 manibus
684 1246 960 1287 inimicorum

127 1300 386 1339 vestrorum.
444 1294 494 1344 V.
544 1300 857 1342 Convertimini
902 1301 959 1343 ad

128 1366 228 1395 eum
254 1354 299 1394 in
325 1359 422 1396 toto
451 1356 585 1397 corde
613 1362 780 1407 vestro,
814 1363 858 1399 et
886 1370 957 1398 au-

127 1409 237 1451 ferte
258 1410 367 1452 deos
387 1410 554 1452 alienos
574 1411 628 1454 de
645 1412 792 1454 medio
813 1414 957 1455 vestri.

126 1465 184 1506 Et
199 1465 417 1508 liberabit.

433 1517 585 1558 Lectio
604 1518 645 1557 ii.

194 1581 380 1630 tansque
392 1578 610 1621 clamabat
618 1579 852 1621 adversum
859 1581 958 1633 pha-

213 1634 365 1686 langas
397 1635 552 1684 Israel,
594 1641 637 1677 et
670 1635 846 1677 dicebat
879 1638 956 1678 eis:

127 1690 271 1739 Quare
290 1691 470 1732 venistis
489 1691 634 1742 parati
657 1691 714 1732 ad
732 1691 955 1744 praelium?

125 1745 352 1797 Numquid
376 1750 459 1796 e'go
483 1759 573 1787 non
598 1759 694 1788 sum
712 1747 955 1789 Philistha'e-

126 1813 194 1850 us,
227 1806 270 1842 et
297 1814 378 1842 vos
407 1802 523 1843 servi
550 1802 677 1843 Saul?
713 1802 872 1853 Eligite
902 1816 956 1844 ex

126 1856 253 1898 vobis
272 1857 430 1906 virum,
458 1862 502 1898 61
526 1857 766 1900 descendat
792 1859 849 1900 ad
873 1860 954 1899 sin-

125 1911 276 1963 gulare
305 1915 539 1954 certamen.
579 1913 624 1954 Si
657 1914 845 1965 quiverit
877 1928 954 1966 pu—

124 1969 258 2018 gnare
286 1980 472 2015 mecum,
508 1973 551 2009 61
578 1969 847 2020 percusserit
873 1982 954 2019 me,

125 2023 285 2064 erimus
312 2023 441 2065 vobis
470 2025 603 2065 servi:
633 2025 670 2065 si
698 2030 844 2066 autem
871 2038 953 2075 ego

124 2079 417 2131 praevaluero,
464 2085 507 2121 61
542 2083 806 2131 percussero
844 2093 953 2130 eum,

123 2147 204 2175 vos
225 2135 342 2176 servi
361 2136 496 2185 eritis,
525 2140 569 2176 61
592 2136 792 2177 servietis
815 2136 953 2177 nobis.

123 2190 181 2231 Et
200 2190 343 2241 ajebat
360 2191 657 2232 Philisthaeus:
681 2192 777 2241 Ego
798 2204 952 2242 expro-

122 2245 247 2298 bravi
263 2246 506 2296 agminibus
521 2247 658 2287 Israel
673 2246 820 2288 hodie:
837 2247 952 2288 Date

123 2300 228 2341 mihi
247 2301 403 2351 virum,
423 2307 466 2343 et
483 2305 601 2343 ineat
618 2311 791 2343 mecum
810 2302 951 2352 singu-

122 2355 214 2396 lare
260 2359 493 2398 certamen.
556 2356 755 2398 Audiens
806 2362 952 2398 autem

124 2411 236 2458 Saul,
257 2417 301 2453 61
321 2425 474 2453 01111165
491 2413 704 2453 1513611136
725 2414 951 2453 sermones

122 2466 364 2508 Philisthaei
377 2467 689 2519 hujuscemodi,
705 2467 951 2519 stupebant,

124 2526 167 2562 et
185 2521 439 2564 metuebant
457 2523 595 2562 nimis.

170 2577 223 2627 Rz.
252 2578 372 2618 Deus
398 2578 590 2618 omnium
613 2576 843 2618 exauditor
866 2581 950 2617 est:

122 2632 217 2683 ipse
240 2633 357 2673 misit
376 2632 593 2682 Angelum
617 2645 758 2680 suum,
789 2636 832 2672 et
850 2631 951 2673 tulit

122 2699 192 2728 me
217 2687 272 2728 de
298 2687 453 2729 ovibus
478 2687 616 2739 patris
636 2687 736 2727 mei:
757 2682 779 2705 *
799 2687 856 2727 Et
874 2700 949 2727 un-

276 2827 340 2850 Pars
356 2827 465 2851 AEstiva.

1785 214 1853 249 185

1017 298 1081 339 xit
1099 312 1169 349 me
1189 302 1394 344 unctione
1412 305 1726 348 misericordiae
1746 320 1848 348 suae.

1016 352 1066 402 V.
1086 355 1312 406 Dominus,
1334 359 1408 410 qui
1428 362 1587 412 eripuit
1604 375 1675 403 me
1695 362 1750 404 de
1771 375 1848 403 ore

1017 409 1174 460 leonis,
1205 416 1248 452 et
1275 411 1331 454 de
1355 427 1486 456 manu
1510 416 1665 458 bestiae
1691 417 1848 458 libera-

1017 466 1081 506 vit
1099 479 1180 507 me.
1209 467 1276 508 Et.

1314 518 1466 559 Lectio
1489 521 1545 559 iii.

1108 573 1210 615 avid
1259 580 1406 616 autem
1454 582 1548 618 erat
1602 579 1717 621 filius
1767 582 1848 623 viri

1128 629 1398 681 Ephrathaei,
1428 632 1483 673 de
1513 646 1600 685 quo
1630 648 1762 688 supra
1785 638 1845 679 di-

1017 689 1135 726 ctum
1155 690 1235 735 est,
1265 686 1320 727 de
1341 687 1601 730 Bethlehem
1620 691 1645 730 J
1646 691 1748 741 uda,
1778 694 1847 734 cui

1015 753 1176 782 nomen
1196 747 1291 783 erat
1309 743 1411 792 Isai‚
1437 745 1511 795 qui
1531 744 1724 788 habebat
1744 754 1846 790 octo

1017 796 1150 847 filios,
1186 802 1228 838 et
1262 804 1356 840 erat
1387 800 1453 840 vir
1485 800 1529 840 in
1562 801 1716 843 diebus
1745 805 1847 845 Saul

1017 865 1167 902 senex,
1201 859 1246 895 et
1276 855 1538 904 grandaevus
1571 857 1683 898 inter
1714 860 1846 901 viros.

1015 907 1232 950 Abierunt
1258 914 1404 951 autem
1426 916 1517 952 tres
1541 912 1620 952 filii
1647 915 1738 964 ejus
1757 928 1844 956 ma-

1015 965 1129 1014 jores
1153 970 1256 1017 post
1274 966 1378 1007 Saul
1401 967 1445 1007 in
1464 968 1678 1019 praelium:
1709 975 1753 1011 et
1771 974 1845 1012 no-

1014 1021 1131 1061 mina
1153 1022 1286 1062 trium
1309 1022 1499 1064 filiorum
1522 1025 1627 1075 ejus,
1658 1026 1731 1077 qui
1749 1039 1844 1078 per-

1014 1078 1220 1118 rexerunt
1246 1077 1303 1118 ad
1324 1078 1504 1128 bellum,
1533 1080 1660 1121 Eliab
1683 1082 1844 1132 primo-

1012 1132 1203 1181 genitus,
1250 1138 1293 1174 61
1338 1134 1558 1175 secundus
1599 1135 1844 1187 Abinadab,

1012 1188 1258 1239 tertiusque
1291 1189 1477 1230 Samma.
1519 1191 1665 1232 David
1698 1198 1843 1234 autem

1014 1248 1108 1297 erat
1135 1244 1349 1285 minimus.
1388 1245 1549 1286 Tribus
1579 1259 1684 1297 ergo
1712 1250 1843 1300 majo-

1011 1298 1132 1339 ribus
1156 1300 1320 1340 56611115
1337 1301 1529 1350 Saulem,
1559 1302 1666 1343 abiit
1686 1304 1841 1353 David,

1013 1359 1056 1395 et
1073 1357 1276 1396 reversus
1296 1360 1363 1396 est
1383 1369 1408 1396 a
1426 1356 1544 1406 Saul⁷
1571 1363 1619 1398 ut
1638 1360 1841 1409 pasceret

1011 1422 1190 1460 gregem
1226 1411 1363 1462 patris
1398 1412 1466 1452 sui
1496 1412 1540 1452 in
1571 1413 1840 1455 Bethlehem.

1011 1465 1288 1507 Procedebat
1314 1479 1420 1508 vero
1445 1466 1724 1510 Philistha'eus
1753 1483 1840 1511 ma-

1011 1533 1065 1561 ne
1094 1527 1138 1563 et
1165 1524 1367 1574 vespere,
1401 1527 1445 1564 et
1477 1524 1622 1565 stabat
1656 1526 1838 1576 quadra-

1010 1579 1130 1627 ginta
1150 1576 1317 1618 diebus.

1058 1635 1109 1685 R.
1141 1633 1375 1682 Dominus,
1406 1635 1480 1686 qui
1505 1636 1663 1687 eripuit
1687 1649 1756 1676 me
1783 1636 1839 1678 de

1010 1701 1086 1729 ore
1102 1689 1252 1738 leonis,
1273 1693 1317 1730 et
1337 1689 1392 1731 de
1411 1704 1542 1731 manu
1561 1691 1715 1732 bestiae
1735 1692 1836 1733 libe-

1008 1745 1122 1785 ravit
1139 1757 1226 1792 me,
1243 1748 1266 1771 *
1289 1746 1391 1796 Ipse
1410 1758 1480 1786 me
1502 1747 1658 1798 eripiet
1676 1747 1731 1788 de
1750 1750 1838 1787 ma—

1008 1799 1135 1840 nibus
1154 1800 1429 1841 inimicorum
1448 1803 1657 1842 meorum.
1686 1799 1734 1849 V.
1758 1803 1836 1842 Mi-

1009 1855 1065 1896 sit
1092 1855 1214 1896 Deus
1247 1856 1596 1898 misericerdiam
1623 1870 1761 1907 suam,
1794 1863 1838 1899 et

1008 1911 1240 1951 veritatem
1280 1924 1420 1951 suam:
1467 1912 1655 1953 animam
1694 1925 1836 1954 meam

1008 1967 1168 2018 eripuit
1201 1965 1257 2007 de
1288 1966 1435 2007 medio
1471 1967 1717 2008 catulorum
1747 1968 1835 2009 166-

1007 2034 1120 2061 num.
1148 2023 1262 2073 Ipse.
1289 2021 1443 2062 Gloria
1461 2022 1590 2064 Patri.
1619 2024 1732 2075 Ipse.

1228 2091 1276 2128 In
1304 2091 1354 2129 ΙΙ.
1383 2091 1606 2131 Νο61111110.

1128 2145 1282 2186 Sermo
1311 2146 1450 2186 sancti
1478 2147 1712 2196 Augustini

1309 2201 1531 2254 Episcopi.
1636 2209 1646 2218 '

1069 2250 1185 2284 Serm.
1211 2252 1284 2286 197.
1310 2254 1357 2287 de
1381 2253 1513 2296 Tcmp.
1539 2254 1640 2287 61163
1663 2254 1761 2287 med.

1300 2301 1454 2341 Lectio
1475 2302 1527 2340 iv.

1009 2356 1257 2398 «13113111
1289 2357 1368 2397 filii
1398 2358 1534 2398 Israel
1573 2362 1724 2398 contra
1757 2357 1829 2399 ad-

1010 2393 1100 2469 {d
1123 2412 1341 2453 versarios
1361 2411 1649 2463 quadraginta
1665 2412 1829 2453 diebus.

1032 2457 1094 2477 “²
1125 2466 1423 2517 Quadraginta
1477 2467 1589 2517 dies,
1645 2473 1830 2519 propter

1004 2525 1193 2574 quatuor
1211 2525 1429 2574 tempora,
1458 2528 1502 2564 et
1526 2525 1714 2574 quatuor
1731 2535 1827 2573 par-

1002 2582 1069 2618 tes
1090 2577 1210 2618 orbis
1235 2582 1381 2627 terrae,
1410 2578 1543 2619 vitam
1565 2579 1827 2629 praesentem

1003 2633 1264 2683 significant,
1292 2633 1336 2673 in
1364 2646 1448 2684 qua
1475 2637 1627 2674 6011113
1649 2630 1826 2672 Goliath

1002 2687 1071 2728 vel
1095 2687 1335 2728 exercitum
1360 2689 1466 2738 ejus,
1493 2686 1539 2728 id
1564 2691 1645 2735 est,
1673 2690 1826 2726 contra

1579 2816 1619 2847 13
