2040 2976
793 233 937 268 Psalmi
959 232 1182 267 Graduales.

411 330 607 371 Psalmus
627 330 710 369 123.

243 385 296 426 isi
329 386 429 438 quia
456 385 667 427 Dominus
699 390 791 427 erat
824 384 868 424 in
894 396 967 425 no-

266 441 348 492 bis,
376 442 491 484 dicat
517 454 630 483 nunc
658 441 809 482 Israel:
836 441 860 468 *
887 440 968 481 nisi

153 497 253 550 quia
270 498 483 540 Dominus
502 502 595 540 erat
612 498 656 539 in
674 497 811 547 nobis,

203 554 312 596 Cum
326 557 608 606 exsurgerent
617 554 813 596 homines
823 553 867 594 in
875 565 967 602 nos,

151 610 175 636 *
194 610 307 653 forte
325 611 448 653 vivos
468 610 752 663 deglutissent
770 622 865 651 nos:

204 667 312 708 Cum
335 667 593 709 irasceretur
614 667 734 709 furor
756 668 908 708 eorum
925 665 968 706 in

152 736 250 773 nos,
273 723 297 750 *
324 724 504 766 forsitan
531 736 644 776 aqua
671 722 969 766 absorbuisset

152 792 243 821 nos.

1017 325 1261 368 resuscitati
1274 326 1499 377 respirent.
1520 323 1602 365 Per
1618 322 1835 364 Christum

1017 382 1251 425 Dominum
1271 386 1477 423 nostrum.

1072 443 1122 494 R.
1147 439 1297 479 Amen.

1074 512 1167 546 Post
1185 511 1403 545 Orationem
1428 509 1556 543 statim
1578 508 1754 542 dicuntur
1771 507 1837 540 alii

1020 560 1164 594 Psalmi
1181 559 1394 593 Gradualcs
1418 558 1482 600 qui
1500 561 1722 600 sequuntur;
1746 560 1782 589 et
1799 555 1837 588 in

1019 609 1093 643 fine
1126 607 1329 650 cujuslibet
1355 606 1499 640 Psalmi
1537 605 1676 639 dicitur
1705 602 1838 638 Gloria

1018 654 1133 690 Patri.

1275 697 1474 739 Psalmus
1494 698 1582 737 124.

1024 759 1190 817 [sfffl
1209 757 1433 800 confidunt
1451 757 1494 798 in
1508 755 1708 805 Domino,
1728 755 1839 796 sicut

1024 820 1025 823 ¹
1055 813 1120 848 'ts‘
1139 844 1142 854 .
1163 828 1288 857 mons
1307 815 1425 856 Sion:
1444 815 1467 841 *
1488 825 1573 854 non
1594 813 1837 853 commove-

203 836 459 878 Torrentem
506 836 783 889 pertransivit
827 835 969 876 anima
1024 829 1045 882 ὲ,

153 897 316 934 nostra:
338 894 362 919 *
386 892 567 935 forsitan
593 894 899 946 pertransisset
927 893 968 932 a·

153 949 268 990 nima
289 953 438 991 nostra
460 962 618 1002 aquam
640 948 969 991 intolerabilem.

204 1004 469 1048 Benedictus
492 1006 704 1048 Dominus
730 1006 753 1031 *
782 1005 856 1057 qui
883 1017 970 1046 non

155 1060 275 1104 dedit
301 1075 398 1111 nos,
426 1063 469 1104 in
496 1063 741 1116 captionem
769 1061 970 1103 dentibus

155 1120 314 1160 eorum.

205 1175 362 1217 Anima
387 1180 536 1217 nostra
567 1176 677 1218 sicut
703 1188 855 1229 passer
882 1175 970 1216 ere-

154 1235 231 1283 pta
249 1236 316 1273 est
333 1233 357 1258 *
376 1231 430 1274 de
450 1232 608 1284 laqueo
627 1232 890 1274 venantium:

204 1287 407 1340 Laqueus
435 1290 646 1330 contritus
673 1293 755 1338 est,
773 1289 797 1315 *
821 1292 865 1329 et
891 1299 971 1329 nos

125 1345 127 1347 ’
154 1342 327 1386 liberati
345 1356 502 1386 sumus.

205 1399 482 1452 Adiutorium
507 1405 702 1443 nostrum
728 1401 771 1442 in
798 1400 971 1442 nomine

153 1456 342 1507 Domini,
366 1458 390 1485 *
417 1457 490 1510 qui
514 1457 616 1500 fecit
640 1457 799 1500 coelum
822 1461 866 1499 et
889 1462 970 1499 ter-

153 1525 257 1554 ram.

206 1570 420 1622 Requiem
457 1572 663 1613 aeternam
699 1570 722 1597 *
759 1570 883 1612 dona.
911 1570 973 1611 eis

154 1626 351 1668 Domine.

205 1682 262 1725 Et
279 1682 354 1725 lux
371 1685 583 1736 perpetua
602 1685 625 1711 *
644 1683 788 1726 luceat
806 1684 879 1725 eis.

208 1741 357 1776 Deinde
381 1741 519 1776 dicitur
541 1739 651 1774 flexis
675 1738 851 1782 genibus:

213 1794 338 1841 Pater
357 1802 517 1840 noster.
535 1796 715 1833 secre‘tO·

209 1845 259 1897 V·
290 1854 347 1896 Et
375 1867 429 1896 ne
459 1867 540 1896 nos
565 1853 746 1895 inducas
770 1853 813 1894 in
839 1858 973 1895 tenta-

157 1910 330 1952 tionem.
363 1907 412 1959 Rz·
433 1910 521 1952 Sed
542 1910 680 1952 libera
700 1921 781 1950 nos
804 1922 830 1950 a
847 1909 973 1950 malo.

210 1957 260 2010 V·
292 1967 333 2007 A
356 1971 485 2018 porta
507 1966 641 2008 inferi.
674 1963 725 2015 Rz.
749 1965 865 2006 Erue
887 1965 974 2006 Do-

158 2021 273 2063 mine
291 2022 455 2063 animas
473 2024 636 2064 eorum.

211 2070 261 2123 V.
274 2078 567 2131 Requiescant
576 2078 619 2118 in
629 2090 749 2130 pace.
762 2074 813 2126 Ει.
823 2077 975 2118 Amen.

211 2129 261 2181 V.
302 2134 489 2176 Domine
533 2133 690 2176 exaudi
735 2133 976 2175 orationem

158 2203 310 2231 meam.
352 2188 402 2239 Rz.
426 2191 482 2233 Et
509 2190 673 2233 clamor
698 2202 821 2231 meus
848 2188 906 2231 ad
932 2193 975 2230 te

159 2247 312 2288 veniat.

213 2296 263 2348 V.
301 2303 514 2345 Dominus
547 2303 784 2346 vobiscum.
835 2299 886 2349 Βι-
919 2302 976 2343 Et

160 2371 259 2400 cum
282 2373 303 2401 s
335 2360 437 2402 iritu
454 2365 541 2402 tuo.

351 2418 483 2458 emus.
689 2410 851 2453 Oratio.

236 2471 400 2522 bsolve,
420 2475 667 2525 quaesumus
684 2472 880 2522 Domine,
899 2473 978 2513 ani-

263 2541 357 2569 mas
400 2528 659 2570 famulorum
703 2528 975 2570 famularum-

163 2597 247 2637 que
277 2586 464 2635 tuarum,
497 2589 541 2626 et
569 2585 760 2626 omnium
785 2583 978 2626 fidelium

163 2639 481 2690 defunctorum,
506 2640 559 2682 ab
580 2640 695 2681 omni
713 2640 886 2682 vinculo
906 2639 977 2682 de-

162 2696 375 2738 lictorum:
403 2701 451 2738 ut
472 2697 516 2737 in
538 2696 865 2738 resurrectionis
887 2696 976 2747 glo-

162 2753 227 2794 ria
255 2753 367 2795 inter
398 2758 574 2795 sanctos
603 2758 646 2795 et
684 2752 847 2795 electos
877 2757 977 2795 tuos

315 2894 378 2918 Pars
394 2894 501 2919 AEstiva.

1028 880 1065 894 Μ
1163 872 1282 914 bitur
1307 871 1350 912 in
1376 872 1600 918 aetemum‚
1629 868 1702 919 qui
1720 867 1838 909 habi-

1020 932 1084 970 tat
1102 928 1146 969 in
1164 927 1415 970 Jerusalem.

1071 984 1243 1026 Montes
1262 984 1305 1025 in
1324 984 1507 1026 circuitu
1527 982 1632 1034 ejus:
1650 982 1673 1007 *
1693 986 1738 1022 et
1754 980 1840 1021 Do-

1020 1041 1162 1082 minus
1195 1041 1238 1082 in
1272 1040 1454 1082 circuitu
1483 1037 1636 1091 populi
1668 1037 1750 1087 sui,
1787 1049 1841 1078 ex
1888 1056 1891 1057 ν

1021 1097 1106 1139 hoc
1123 1111 1237 1139 nunc
1256 1102 1299 1139 et
1316 1109 1455 1149 usque
1473 1095 1517 1136 in
1538 1094 1755 1136 saeculum.

1075 1154 1187 1204 Quia
1200 1166 1287 1195 non
1301 1153 1517 1205 relinquet
1531 1151 1744 1192 Dominus
1759 1150 1839 1190 vir-

1022 1223 1122 1262 gam
1144 1212 1424 1263 peccatorum
1447 1220 1579 1261 super
1602 1211 1765 1248 sortem
1783 1206 1840 1257 ju-

1023 1269 1204 1309 storum:
1233 1267 1255 1292 *
1283 1271 1331 1308 ut
1356 1278 1443 1307 non
1475 1262 1711 1307 extendant
1742 1262 1843 1314 justi

1023 1323 1079 1365 ad
1097 1323 1369 1375 iniquitatem
1386 1333 1538 1363 manus
1557 1332 1668 1361 suas.

1074 1379 1263 1421 Benefac
1290 1379 1476 1421 Domine
1503 1377 1646 1426 bonis,
1666 1378 1688 1402 *
1709 1379 1753 1417 et
1779 1386 1841 1416 re-

1023 1435 1268 1479 ctis‘corde.

1075 1492 1354 1534 Declinantes
1382 1496 1528 1533 autem
1554 1490 1597 1531 in
1619 1488 1842 1540 obligatio-

1023 1561 1101 1590 nes
1138 1548 1328 1591 adducet
1360 1548 1573 1590 Dominus
1610 1559 1709 1588 cum
1741 1558 1842 1598 ope-

1023 1604 1219 1647 rantibus
1245 1605 1530 1657 iniquitatem:
1552 1604 1575 1630 *
1598 1616 1685 1655 pax
1712 1614 1844 1655 super

1024 1662 1171 1703 Israel.

1077 1718 1230 1760 Gloria
1247 1717 1377 1760 Patri.

1289 1782 1485 1823 Psalmus
1506 1782 1589 1822 125.

1071 1866 1100 1894 n
1123 1850 1416 1894 convertendo
1435 1851 1648 1893 Dominus
1667 1850 1843 1902 captivi-

1090 1911 1226 1950 tatem
1250 1908 1370 1949 Sion:
1388 1910 1411 1934 *
1430 1907 1534 1949 facti
1559 1919 1707 1949 sumus
1733 1907 1845 1947 sicut

1027 1965 1256 2007 consolati:

1078 2021 1203 2062 Tunc
1221 2020 1435 2073 repletum
1451 2024 1517 2062 est
1531 2019 1690 2071 gaudio
1706 2031 1757 2060 os
1771 2021 1857 2060 no-“

1027 2083 1179 2120 strum:
1196 2078 1220 2103 *
1247 2082 1292 2119 et
1317 2077 1462 2128 lingua
1487 2081 1637 2118 nostra
1662 2074 1844 2117 exsulta-

1027 2134 1156 2175 tione.

1079 2190 1203 2231 Tunc
1223 2189 1368 2231 dicent
1387 2189 1498 2231 inter
1517 2189 1698 2231 Gentes:
1715 2189 1740 2214 *
1759 2188 1846 2229 Ma-

1027 2246 1249 2297 gnificavit
1292 2245 1505 2288 Dominus
1558 2245 1703 2287 facere
1749 2257 1847 2286 cum

1029 2315 1101 2343 eis.

1080 2359 1375 2410 Magnifieavit
1389 2358 1601 2401 Dominus
1615 2353 1759 2400 facere
1774 2369 1845 2398 no-

1028 2415 1212 2457 biscum:
1230 2416 1253 2441 *
1272 2415 1376 2457 facti
1394 2427 1542 2457 sumus
1560 2414 1770 2456 laetantes.

1082 2472 1296 2514 Converte
1328 2472 1516 2514 Domine
1550 2470 1846 2523 captivitatem

1029 2533 1232 2578 nostram,
1252 2529 1275 2554 *
1294 2529 1406 2570 sicut
1423 2533 1594 2570 torrens
1612 2527 1655 2567 in
1672 2526 1846 2567 Austro.

1081 2585 1163 2635 Qui
1179 2585 1391 2627 seminant
1406 2585 1449 2625 in
1467 2583 1666 2632 lacrimiS,
1679 2583 1703 2610 *
1718 2582 1761 2622 in
1776 2594 1846 2623 ex-

1030 2640 1261 2683 sultatione
1279 2646 1454 2683 metent.

1081 2697 1245 2739 Euntes
1261 2697 1382 2739 ibant
1396 2702 1440 2739 et
1453 2696 1624 2746 fiebant,
1639 2695 1663 2722 *
1676 2693 1845 2735 mitten-

1029 2758 1096 2796 tes
1115 2754 1279 2795 semina
1297 2766 1385 2794 sua.

1586 2881 1621 2912 M
