2040 2976
603 206 673 239 Die
702 206 749 239 15.
776 207 871 249 Aug.

183 313 276 341 mas
302 301 553 341 sanct6rum
578 302 774 348 suorum,
799 299 854 341 de
879 312 1009 340 manu

184 356 429 409 peccatoris
447 356 650 397 liberabit
670 368 758 397 eos

235 412 330 453 Lux
362 418 459 454 orta
493 417 560 454 est
591 413 716 464 justo,
747 413 770 438 *
803 418 847 454 et
878 412 1008 453 rectis

183 467 317 510 eorde
336 468 497 510 laeu‘tia.

238 524 467 566 Laetamini
492 525 591 576 justi
616 526 659 566 in
684 526 891 567 Damino:
915 526 938 551 *
965 529 1008 565 et

183 582 449 623 confitemini
495 583 718 623 memoriae
769 581 1008 623 sanctifica-

182 638 313 680 tionis
333 639 434 689 ejus.

238 698 336 738 Ant.
384 696 572 746 Dignare
618 708 687 736 me
728 694 907 736 laudare
950 699 1008 743 te,

183 751 321 802 Virgo
356 754 542 793 sacrata:
577 751 633 793 da
666 751 772 792 mihi
803 751 1008 792 virtatem

184 815 336 850 contra
355 808 506 850 hostes
525 814 636 850 tuos.

239 867 338 907 Ant.
380 867 482 906 Post
516 871 691 918 partum
723 866 744 888 *
778 863 916 914 Virgo
948 864 1007 904 in-

183 921 347 962 violata
375 922 670 974 permansisti,
698 921 781 962 Dei
810 920 1009 963 Genitrix

183 977 405 1019 intercede
424 991 505 1031 pro
524 978 663 1019 nobis.

456 1035 650 1077 Psalmus
679 1036 743 1075 97.

187 1087 409 1196 Caritate
441 1091 631 1133 Domino
675 1092 891 1133 canticum
931 1105 1006 1134 no·
1065 1113 1089 1132 n

278 1161 394 1189 vum:
422 1149 444 1174 *
475 1148 575 1200 quia
605 1148 821 1190 mirabilia
848 1149 961 1190 fecit.

235 1202 428 1246 Salv'avit
456 1204 538 1246 sibi
567 1204 748 1247 dextera
777 1206 883 1257 ejus:
913 1207 937 1232 *
966 1211 1009 1247 et

183 1261 410 1302 brachium
430 1267 627 1303 sanctum
648 1262 749 1314 eju's.

234 1318 400 1359 Notum
434 1318 535 1359 fecit
567 1318 782 1359 D6minus
819 1318 1009 1360 salutare

185 1387 326 1415 suum:
350 1376 373 1401 *
395 1375 439 1415 in
459 1377 700 1427 conspeetu
720 1375 927 1416 Gentium
946 1387 1008 1416 re-

184 1430 343 1472 velavit
362 1431 569 1482 justitiam
589 1444 723 1472 suam.

235 1487 511 1529 Recordatus
570 1493 637 1529 est
695 1487 1009 1530 misericordiae

185 1556 291 1593 suae,
318 1546 341 1570 *
370 1550 414 1585 et
437 1544 633 1593 veritatis
658 1557 749 1585 suae
775 1544 925 1586 domui
949 1545 1009 1585 Is-

185 1600 285 1641 rael.

237 1657 455 1699 Viderunt
475 1670 626 1699 omnes
646 1658 818 1699 termini
837 1663 967 1700 terrae
987 1658 1010 1683 *

185 1713 374 1755 salutare
393 1714 476 1756 Dei
495 1715 646 1756 nostri.

235 1770 259 1810 J
262 1769 425 1812 ubilate
444 1771 541 1812 Deo
562 1772 702 1813 omnis
721 1777 850 1813 terra:
870 1773 893 1798 *
913 1784 1009 1814 can-

185 1828 286 1876 tate,
307 1831 350 1868 et
368 1827 595 1877 exsultate,
615 1834 658 1870 et
678 1828 864 1881 psallite.

235 1882 415 1925 Psallite
442 1884 632 1927 Domino
667 1885 711 1926 in
748 1885 933 1935 eithara,
967 1885 1011 1926 in

186 1938 351 1980 cithara
376 1945 419 1981 et
443 1953 553 1982 voce
577 1941 749 1994 psalmi:
775 1943 798 1967 *
824 1943 868 1983 in
894 1942 1010 1984 tubis

187 1995 431 2046 ductilibus,
451 2002 495 2039 et
514 2010 622 2039 voce
641 1998 759 2040 tubae
780 2001 964 2040 corneae.

237 2051 427 2094 Jubilate
451 2053 495 2094 in
522 2057 761 2107 conspectu
787 2056 904 2106 regis
923 2055 1010 2097 Do-

186 2107 308 2148 mini:
335 2109 359 2134 *
384 2111 612 2151 moveatur
639 2124 777 2161 mare,
807 2117 851 2153 et
877 2112 1011 2164 pleni-

186 2162 295 2204 tudo
324 2166 429 2216 ejus:
461 2166 580 2208 orbis
608 2169 837 2218 terrarum,
867 2173 911 2210 et
938 2169 1010 2221 qui

186 2218 384 2262 habitant
403 2221 445 2262 in
466 2234 530 2263 eo.

238 2275 436 2318 Flamina
467 2279 676 2330 plaudent
704 2293 853 2330 manu,
884 2280 1012 2322 simul

187 2338 358 2375 montes
395 2335 675 2378 exsultabunt
709 2349 734 2377 a
770 2339 1012 2390 conspectu

187 2389 380 2430 Domini:
403 2392 426 2417 *
451 2392 656 2442 quaniam
679 2394 798 2435 venit
819 2394 1011 2444 judicare

187 2450 360 2487 terram.

239 2502 461 2545 Iudicabit
484 2504 635 2545 orbem
658 2508 872 2547 terrarum
892 2507 935 2547 in
954 2508 1011 2559 ju-

189 2559 316 2609 stitia,
335 2561 359 2587 *
379 2566 422 2601 et
440 2560 632 2613 populos
650 2562 693 2602 in
712 2563 931 2614 aequitate.

244 2615 341 2654 Ant.
381 2615 485 2658 Post
512 2622 687 2669 partum
712 2619 849 2670 Virgo
878 2619 1012 2661 invio-

188 2673 277 2715 lata
302 2674 597 2726 permansisti,
625 2675 707 2716 Dei
728 2676 928 2717 Genitrix
954 2677 1012 2716 in-

189 2729 366 2772 tercede
384 2742 466 2783 pro
487 2730 627 2772 nobis.

919 206 960 239 In
988 205 1264 248 Assumptione
1292 204 1332 237 B.
1358 204 1404 238 M.
1430 204 1474 238 V.

1118 297 1167 348 V.
1180 299 1319 340 Maria
1338 300 1477 351 Virgo
1498 304 1727 354 assumpta
1745 306 1813 343 est
1831 301 1888 343 ad
1906 346 1909 349 ,

1060 355 1300 397 aethereum
1326 355 1578 398 thalamum.
1642 359 1694 410 R.
1719 358 1771 398 In
1800 370 1887 410 quo

1060 411 1157 452 Rex
1176 424 1328 462 regum
1347 413 1523 454 stellato
1545 413 1670 455 sedet
1688 413 1813 455 solio.

1065 481 1219 523 Lectio
1242 482 1629 580 sanetifflvangelii
1648 467 1890 525 secandum

1424 552 1563 582 ucam.

1142 601 1295 642 Lectio
1317 601 1386 641 vii.
1579 601 1683 653 Cap.
1700 602 1764 640 10.
1779 613 1816 651 g.

1058 654 1134 761 In
1158 660 1234 701 illo
1254 662 1472 714 tempore:
1495 663 1681 704 Intravit
1700 662 1725 703 J
1727 675 1827 704 esus
1845 662 1888 703 in

1132 715 1357 769 quoddam
1387 718 1630 761 castellum:
1663 724 1707 761 et
1733 719 1890 760 mulier

1061 772 1264 825 quaedam
1292 774 1463 817 Martha
1490 778 1682 827 namine,
1717 776 1891 829 excepit

1058 829 1178 871 illum
1200 830 1243 871 in
1268 830 1447 873 domum
1468 845 1603 874 suam.
1636 833 1693 874 Et
1710 832 1891 885 reliqua.

1172 901 1358 942 Homilia
1386 903 1526 944 sancti
1553 903 1788 954 Augustini

1134 998 1138 1001 .
1362 959 1586 1012 Episcopi.

1145 1018 1262 1052 Scrm.
1285 1017 1337 1051 27.
1363 1018 1410 1051 de
1434 1018 1547 1051 Verb.
1572 1017 1682 1051 Dom.
1708 1022 1731 1051 t.
1757 1016 1815 1051 10.

1065 1072 1338 1130 anctum
1352 1071 1638 1124 Evangelium
1659 1085 1759 1114 cum
1777 1072 1891 1124 lege·

1178 1129 1892 1239 {13253222133225332531

1060 1255 1164 1284 num
1183 1243 1392 1295 hospitio,
1413 1245 1551 1296 eaque
1571 1243 1745 1285 Martha
1763 1256 1892 1286 voca-

1060 1299 1201 1341 batur.
1229 1299 1286 1341 Et
1305 1312 1404 1341 eum
1424 1305 1543 1342 esset
1561 1300 1657 1353 ipsa
1676 1302 1893 1354 occupata

1062 1356 1105 1397 in
1126 1369 1231 1398 cura
1250 1356 1535 1406 ministrandi,
1555 1369 1682 1398 soror
1697 1357 1788 1408 ejus
1803 1356 1892 1398 Ma-

1061 1415 1124 1454 ria
1153 1412 1337 1455 sedebat
1365 1412 1423 1455 ad
1449 1413 1588 1467 pedes
1616 1413 1812 1463 Damini‚
1850 1418 1893 1456 et

1062 1469 1269 1512 audiebat
1293 1470 1477 1512 verbum
1505 1471 1607 1523 ejus.
1639 1470 1894 1513 Laborabat

1061 1527 1154 1578 illa,
1187 1527 1374 1570 vacabat
1406 1528 1500 1570 ista.
1553 1527 1636 1569 Illa
1668 1527 1892 1578 erogabat,

1062 1583 1157 1625 haee
1171 1584 1446 1637 implebatur.
1465 1584 1782 1626 Verumtamen
1790 1584 1894 1626 Mar-

1061 1641 1138 1683 tha
1162 1641 1368 1697 laborans
1394 1641 1580 1683 multum
1603 1641 1649 1682 in
1670 1639 1747 1682 illa
1765 1653 1892 1683 oecu-

1063 1699 1242 1750 pati6ne
1262 1704 1306 1740 et
1325 1699 1504 1750 negotio
1524 1697 1811 1748 ministrandi,
1832 1697 1893 1739 in-

1063 1755 1314 1808 terpellavit
1330 1756 1582 1797 Dominum:
1603 1761 1646 1797 et
1666 1755 1721 1798 de
1740 1757 1893 1797 sordre

1063 1825 1142 1853 sua
1162 1813 1404 1865 conquesta
1423 1818 1501 1862 est,
1522 1811 1642 1865 quod
1660 1825 1758 1854 eam
1774 1811 1895 1854 labo-

1063 1871 1233 1910 rantem
1252 1881 1341 1910 non
1358 1869 1596 1922 adjuvaret.

1120 1933 1170 1984 R.
1206 1930 1379 1972 Diffusa
1416 1935 1485 1972 est
1516 1931 1658 1982 gratia
1688 1930 1733 1971 in
1764 1929 1894 1972 labiis

1064 1987 1165 2028 tuis:
1185 1990 1206 2013 *
1219 1987 1463 2040 Propterea
1476 1987 1703 2030 benedixit
1716 1992 1762 2029 te
1772 1986 1894 2028 Deus

1064 2044 1107 2085 in
1133 2046 1359 2086 aeternum.
1398 2039 1448 2092 W.
1469 2044 1663 2096 Myrrha,
1691 2048 1736 2086 et
1760 2048 1894 2095 gutta,

1065 2107 1108 2143 et
1129 2101 1248 2142 casia
1267 2114 1292 2142 a
1310 2101 1582 2150 vestimentis
1600 2101 1698 2150 tuis,
1717 2113 1743 2142 a
1758 2099 1894 2142 domi-

1064 2158 1147 2199 bus
1163 2157 1377 2207 eburneis,
1398 2171 1452 2199 ex
1472 2157 1630 2210 quibus
1650 2156 1893 2200 delectava-

1064 2220 1166 2257 runt
1189 2221 1233 2257 te
1257 2215 1359 2256 filiae
1383 2227 1536 2266 regum
1554 2215 1598 2256 in
1617 2214 1785 2256 honore
1804 2218 1894 2256 tuo.

1061 2273 1318 2326 Propterea.
1336 2321 1338 2323 ,

1121 2328 1284 2370 Bened.
1336 2328 1466 2381 Cujus
1503 2328 1663 2370 festum
1700 2327 1895 2377 colimus,

1064 2386 1161 2438 ipsa
1179 2385 1318 2436 Virgo
1339 2385 1566 2436 virginum.

1359 2452 1509 2493 Lectio
1530 2452 1613 2492 viii.

1161 2507 1331 2549 dminus
1361 2513 1507 2549 autem
1543 2519 1625 2560 pro
1656 2507 1795 2548 Maria
1830 2518 1893 2547 re-

1169 2563 1349 2618 sp6ndit
1376 2564 1577 2606 Marthae:
1609 2568 1654 2605 et
1679 2563 1775 2616 ipse
1803 2564 1894 2614 ejus

1066 2621 1206 2663 faetus
1226 2626 1294 2663 est
1313 2621 1566 2670 advocatuS,
1589 2620 1664 2672 qui
1682 2619 1814 2672 judex
1831 2619 1893 2660 fu—

1066 2683 1159 2719 erat
1176 2678 1492 2730 interpellatus.
1529 2676 1718 2726 Martha,
1742 2676 1895 2728 inquit,

1066 2734 1182 2776 eirea
1209 2734 1347 2776 multa
1375 2747 1423 2777 es
1451 2736 1687 2787 occupata,
1716 2732 1893 2785 quando
