2040 2976
608 236 616 243 ,
638 198 917 235 Pretiosissimi
943 197 1152 241 Sanguinis
1176 197 1220 231 D.
1244 197 1290 231 N.
1315 197 1348 231 J.
1374 197 1413 232 C.

164 293 318 337 Lectio
343 293 491 390 sanctiI
501 293 729 344 Evangelii
753 292 992 334 secundum

494 362 691 390 oannem.

241 414 394 455 Lectio
415 413 483 454 vii.
694 412 798 463 Cap.
814 412 872 451 19.
888 410 913 450 f.

211 486 239 513 n
266 470 342 512 illo
366 471 584 522 tempore:
614 470 724 511 Cum
749 471 993 522 accepisset

226 529 250 569 J
253 540 354 569 esus
369 528 552 576 acetum,
569 526 692 568 dixit:
713 526 992 567 Consumma-

164 589 256 625 tum
283 588 361 625 est.
402 583 458 623 Et
486 582 693 624 inclinato
720 583 880 634 capite,
908 584 993 623 tra-

166 640 277 682 didit
298 639 509 692 spiritum.
536 639 593 680 Et
612 638 791 690 reliqua.

268 722 461 766 Homilia
491 722 630 763 sancti
657 722 890 772 Augustini

470 778 691 831 Episcopi.

288 847 471 882 Tractatu
498 845 577 880 120.
602 845 641 879 in
665 845 865 881 Joannem.

182 916 273 964 με
304 901 489 955 igilanti
533 900 669 942 verbo
712 899 993 950 Evangelista

339 971 444 999 usus
482 962 564 1007 est,
600 961 649 998 ut
685 969 773 998 non
811 956 994 997 diceret:

184 1016 228 1033 ””
338 1014 474 1056 Latus
512 1014 603 1065 ejus
639 1013 875 1066 percussit,
920 1018 994 1054 aut

164 1070 426 1120 vulneravit,
447 1074 541 1111 'aut
582 1069 685 1122 quid
734 1068 868 1118 aliud,
915 1068 993 1110 sed

165 1127 351 1179 aperuit3
369 1131 418 1168 ut
436 1125 524 1167 illic
544 1124 875 1177 quodammodo
891 1125 993 1166 vitae

165 1183 326 1225 ostium
366 1182 649 1236 panderetur,
695 1181 811 1222 unde
854 1194 993 1222 saera-

163 1241 309 1281 menta
333 1239 546 1280 Ecclesiae
572 1240 875 1287 manaverunt,
902 1237 994 1278 sine

168 1295 326 1348 quibus
359 1295 416 1336 ad
450 1295 599 1344 vitam,
638 1307 736 1346 quae
770 1307 874 1335 vera
906 1294 994 1335 vita

166 1357 249 1402 est,
274 1364 364 1393 non
382 1352 580 1393 intratur.
616 1350 695 1392 Ille
723 1350 898 1401 sanguis
921 1350 994 1402 qui

165 1409 286 1450 fusus
306 1413 384 1459 est,
404 1409 448 1449 in
466 1407 768 1450 remissionem
786 1407 908 1448 fusus
929 1412 995 1448 est

165 1468 461 1518 peccaterum.
516 1465 645 1517 Aqua
689 1464 763 1506 illa
805 1464 995 1506 salutare

165 1523 384 1575 temperat
417 1522 640 1574 poculum:
682 1521 778 1563 haec
808 1526 852 1563 et
880 1521 994 1562 lava-

167 1591 290 1620 crum
308 1583 502 1631 praestat,
523 1583 567 1620 et
585 1582 750 1630 potum.
779 1579 878 1619 Hoc
892 1590 997 1630 prae-

165 1635 395 1677 nuntiabat
422 1635 542 1688 quod
569 1634 668 1676 Noe
694 1635 738 1675 in
765 1634 902 1676 latere
930 1647 994 1675 ar-

167 1705 231 1733 eae
261 1692 421 1734 ostium
447 1692 591 1734 facere
620 1693 761 1743 jussus
789 1696 871 1742 est,
907 1704 994 1743 quo

166 1749 379 1790 intrarent
399 1748 618 1798 animalia,
647 1761 745 1800 quae
764 1761 853 1789 non
873 1754 996 1789 erant

168 1804 334 1846 diluvio
361 1805 571 1858 peritura,
607 1804 765 1856 quibus
793 1804 994 1857 praefigu-

166 1861 347 1903 rabatur
391 1862 601 1903 Ecclesia.
671 1861 859 1913 Propter
910 1861 996 1902 hoc

167 1918 309 1971 prima
337 1918 493 1960 mulier
526 1918 642 1960 faeta
674 1922 742 1959 est
775 1917 830 1959 de
857 1918 995 1960 latere

167 1975 249 2018 viri
286 1975 557 2025 dormientis,
595 1979 640 2016 et
671 1975 894 2027 appellata
930 1981 997 2016 est

168 2031 270 2081 vita,
296 2033 524 2084 materque
549 2031 761 2072 vivorum.
789 2031 997 2082 Magnum

171 2088 333 2141 quippe
375 2088 634 2139 significavit
672 2087 855 2137 bonum,
896 2093 997 2129 ante

169 2157 375 2194 magnum
409 2144 784 2197 praevaricationis
824 2144 997 2185 malum.

168 2201 193 2251 ἓ
228 2202 313 2243 Hic
345 2201 564 2243 secundus
597 2200 757 2250 Adam,
789 2200 997 2241 inclinato

171 2258 330 2310 capite,
354 2257 398 2298 in
425 2269 554 2299 cruce
579 2256 803 2306 dormivit,
826 2261 874 2298 ut
896 2256 998 2297 inde

171 2314 430 2355 formaretur
459 2313 499 2354 ei
526 2314 699 2365 conjux,
729 2325 829 2365 quae
857 2313 912 2354 de
939 2313 997 2353 la-

172 2375 265 2411 tere
294 2369 548 2410 dormientis
576 2369 755 2411 effluxit.
802 2369 839 2410 O
867 2381 998 2419 mors,

170 2425 285 2467 unde
299 2426 462 2467 mortui
475 2425 758 2467 reviviscunt!
778 2424 894 2476 Quid
912 2426 997 2467 isto

171 2482 380 2532 sanguine
408 2481 637 2523 mundius?
676 2481 791 2532 Quid
818 2481 997 2523 vulnere

169 2539 254 2580 isto
281 2537 521 2579 salubrius?

221 2603 272 2655 R.
301 2604 386 2645 Hic
405 2608 483 2652 est,
508 2603 581 2655 qui
600 2603 719 2644 venit
738 2615 819 2655 per
839 2615 998 2655 aquam

172 2665 216 2701 et
251 2660 523 2710 sanguinem,
561 2659 688 2700 Jesus
728 2658 941 2700 Christus:
971 2655 994 2679 *

171 2716 273 2757 Non
291 2717 334 2756 in
354 2729 468 2768 aqua
485 2715 639 2765 solum,
659 2715 738 2757 sed
757 2715 801 2756 in
821 2728 935 2767 aqua
955 2722 998 2758 et

1804 190 1875 224 389

1045 289 1266 340 sanguine.
1310 287 1359 339 V.
1388 288 1439 328 In
1468 287 1538 329 die
1565 287 1639 328 illa
1668 287 1749 328 erit
1777 287 1875 327 fons

1044 351 1203 400 patens
1225 344 1374 386 demui
1393 343 1554 392 David,
1580 349 1623 385 et
1645 343 1875 385 habitanti-

1045 403 1128 445 bus
1147 401 1406 450 Jerusalem,
1424 401 1468 441 in
1487 400 1756 442 ablutiOnem
1775 412 1874 452 pec-

1047 460 1220 502 catoris.
1246 459 1359 500 Non.

1330 536 1483 577 Lectio
1505 536 1589 577 viii.

1125 598 1369 641 enebantur
1388 597 1588 638 hemines
1611 596 1774 649 captivi
1795 595 1875 636 sub

1139 654 1334 703 diabolO,
1360 658 1404 695 et
1425 653 1702 694 daemonibus·
1719 652 1876 693 servie-

1046 713 1169 762 bant,
1192 711 1272 753 sed
1295 709 1514 762 redempti
1534 715 1634 751 sunt
1653 722 1678 750 a
1698 703 1876 761 captiv'i-

1046 772 1148 811 tate.
1182 766 1389 810 Vendere
1417 766 1531 808 enim
1557 778 1604 806 se
1628 767 1876 818 potuerunt,

1047 825 1126 867 sed
1141 824 1357 866 redimere
1372 836 1460 864 non
1475 823 1724 875 potuerunt.
1751 826 1776 875 5-
1791 822 1876 862 Ve-

1046 883 1110 924 nit
1135 881 1426 932 Redemptor,
1456 884 1499 920 et
1525 877 1648 920 dedit
1673 878 1877 930 pretium:

1046 938 1159 980 fudit
1179 937 1436 988 sanguinem
1456 948 1597 983 suum,
1623 940 1666 976 et
1686 934 1791 975 emit
1810 946 1877 974 or-

1045 995 1148 1037 bem
1162 995 1388 1036 terrarum.
1412 991 1618 1042 Quaeritis
1639 990 1746 1042 quid
1766 992 1877 1031 eme-

1046 1050 1123 1093 rit?
1157 1049 1319 1092 Videte
1346 1049 1451 1100 quid
1478 1047 1665 1097 dederit,
1695 1051 1738 1088 et
1761 1047 1876 1087 inve-

1046 1107 1174 1148 nietis
1195 1105 1301 1159 quid
1321 1105 1484 1147 emerit.
1511 1104 1695 1154 Sanguis
1717 1102 1878 1144 Christi

1046 1163 1237 1216 pretium
1277 1167 1354 1203 est.
1415 1160 1545 1202 Tanti
1590 1158 1697 1211 quid
1738 1157 1877 1200 valet?

1048 1219 1180 1270 Quid,
1208 1219 1291 1259 nisi
1314 1223 1435 1260 totus
1457 1215 1598 1258 orbis?
1637 1215 1768 1266 Quid,
1795 1215 1878 1255 nisi

1048 1288 1201 1317 omnes
1225 1273 1401 1326 gentes?
1430 1272 1574 1315 Valde
1598 1272 1758 1324 ingrati
1779 1277 1878 1312 sunt

1047 1333 1191 1385 pretio
1230 1344 1328 1381 suo,
1366 1335 1440 1372 aut
1476 1330 1661 1371 multum
1699 1327 1878 1380 superbi

1048 1394 1165 1440 sunt,
1193 1389 1267 1441 qui
1287 1388 1452 1438 dicunt,
1476 1392 1550 1428 aut
1568 1385 1675 1427 illud
1694 1391 1785 1427 tam
1803 1398 1877 1437 pa-

1047 1461 1143 1489 rum
1177 1460 1291 1496 esse,
1324 1451 1372 1488 ut
1404 1446 1524 1487 solos
1553 1444 1686 1485 Afros
1715 1443 1878 1491 emerit,

1048 1510 1123 1546 aut
1148 1517 1195 1546 se
1219 1509 1310 1546 tam
1328 1515 1512 1554 magnos
1533 1513 1648 1550 esse,
1676 1512 1759 1553 pro
1787 1499 1877 1551 qui-

1048 1561 1131 1603 bus
1158 1561 1264 1602 solis
1288 1559 1397 1601 illud
1421 1560 1476 1600 sit
1501 1558 1662 1600 datum.
1693 1556 1795 1597 Non
1815 1568 1878 1597 er-

1047 1631 1105 1669 go
1126 1618 1360 1667 exsultent,
1383 1629 1470 1658 non
1491 1614 1757 1668 superbiant.
1791 1613 1877 1653 Pro

1047 1680 1145 1717 toto
1166 1674 1298 1724 dedit,
1320 1678 1528 1727 quantum
1548 1671 1681 1713 dedit.

1101 1739 1151 1790 Rz.
1189 1738 1527 1781 Praedestinavit
1563 1749 1645 1778 nos
1677 1736 1798 1777 Deus
1835 1736 1879 1775 in

1048 1796 1334 1849 adoptienem
1374 1795 1565 1835 filiorum
1606 1806 1687 1846 per
1728 1793 1751 1833 J
1756 1805 1878 1833 esum

1050 1853 1290 1902 Christum,
1308 1854 1331 1877 *
1356 1853 1407 1893 In
1435 1863 1521 1904 quo
1545 1850 1757 1891 habemus
1782 1848 1877 1889 red-

1049 1910 1317 1962 emptiOnem
1357 1921 1438 1961 per
1481 1906 1735 1957 sanguinem
1777 1906 1879 1956 ejus.

1050 1958 1102 2010 V.
1135 1965 1457 2007 Remissienem
1492 1964 1778 2016 peccatorum
1815 1974 1877 2002 se-

1050 2022 1242 2064 cundum
1263 2022 1436 2064 divitias
1460 2020 1615 2071 gratiae
1643 2019 1751 2071 ejus,
1780 2031 1879 2070 quae

1050 2078 1425 2131 superabundavit
1444 2078 1488 2118 in
1508 2076 1647 2118 nobis.
1680 2076 1741 2116 In.
1778 2074 1877 2115 Glo-

1049 2136 1113 2176 ria
1131 2135 1261 2177 Patri.
1288 2135 1350 2175 In,

1091 2193 1235 2229 ’Lectio
1257 2195 1307 2229 ix.
1331 2196 1378 2230 de
1397 2195 1539 2230 Homil.
1556 2196 1709 2231 Domin.
1733 2208 1877 2232 occurr.

1051 2242 1200 2283 Quodsi
1223 2243 1533 2278 transferendum
1558 2245 1622 2287 sit,
1652 2245 1879 2280 dividuntur

1050 2290 1254 2325 Lectiones
1279 2291 1385 2333 juxta
1410 2291 1564 2334 signum
1585 2293 1618 2336 3.

1103 2348 1166 2393 Te
1184 2352 1329 2393 Deum
1346 2350 1587 2392 laudamus.
1606 2346 1663 2390 13.

1315 2433 1395 2474 Ad
1415 2432 1614 2474 Laudes

1257 2488 1308 2518 et
1346 2494 1444 2528 per
1477 2485 1673 2520 Horas.

1102 2539 1203 2579 Ant.
1223 2540 1253 2579 1.
1281 2541 1340 2583 Hi
1365 2542 1439 2594 qui
1462 2542 1609 2583 amicti
1629 2546 1730 2582 sunt
1747 2540 1771 2566 *
1791 2544 1877 2580 sto-

1049 2598 1259 2697 lilsnalbis,
1288 2599 1363 2651 qui
1391 2603 1507 2648 sunt,
1537 2603 1580 2640 et
1607 2597 1724 2639 unde
1751 2597 1877 2637 vene-

1102 2713 1171 2754 Ps.
1189 2714 1406 2758 Deminus
1424 2716 1632 2766 regnavit.
1652 2716 1710 2755 14.
