2040 2976
598 170 670 204 Die
698 171 745 204 11.
769 170 885 204 Junii.
933 169 967 203 S.
992 169 1184 202 Barnabae
1208 169 1401 211 Apostoli.

142 267 438 318 Evangelium.
458 267 513 316 Is,
524 278 630 317 agro
641 265 831 314 vendito,
843 277 972 316 quem

141 323 342 373 habebat,
361 322 586 364 redactam
602 335 657 363 ex
672 334 724 363 eo
740 321 972 374 pecuniam

143 379 290 421 attulit
325 378 567 431 Apestolis.
629 378 790 418 Missus
827 381 973 418 autem

142 435 424 476 Antiochiam
465 433 793 487 praedicationis
829 445 972 482 causa,

143 504 243 533 cum
266 490 326 532 ibi
348 490 511 532 multos
535 490 591 531 ad
616 489 778 533 Christi
796 489 973 530 Demini

142 546 276 589 fidem
295 549 533 588 conversos
553 558 650 588 esse
673 547 972 598 comperisset,

142 603 456 644 incredibiliter
471 602 657 651 laetatus
677 614 754 643 eos
769 600 972 643 hortaba-

142 664 214 701 tur
232 664 279 701 ut
299 660 343 700 in
362 658 524 701 Christi
547 658 635 699 fide
654 659 972 710 permanerent.

144 717 240 766 Qua
280 715 585 757 cohortatione
620 714 804 755 multum
840 713 971 766 profi-

145 771 306 821 ciebat,
341 771 462 823 quod
489 770 544 812 ab
574 769 776 811 omnibus
804 769 869 810 vir
896 769 971 810 bo-

143 841 236 877 nus,
254 833 298 870 et
312 827 477 880 Spiritu
495 831 648 868 sancto
667 826 825 879 plenus
842 825 971 867 habe-

143 883 284 925 batur.

198 944 248 994 R.
269 940 373 981 Vidi
388 940 644 990 conjunctos
664 938 793 987 viros,
812 937 972 979 haben-

143 1001 211 1037 tes
236 994 490 1048 splendidas
517 998 681 1043 vesteS‚
709 998 752 1035 et
776 994 972 1045 Angelus

143 1051 321 1093 Demini
343 1051 517 1092 locutus
542 1054 609 1092 est
628 1048 685 1091 ad
707 1062 788 1100 me,
808 1050 973 1092 dicens:

144 1111 167 1135 *
197 1108 278 1149 Isti
305 1111 405 1148 sunt
432 1106 515 1147 viri
543 1106 682 1147 sancti
715 1106 817 1148 facti
846 1107 972 1147 amici

141 1164 236 1205 Dei.
274 1163 324 1213 W.
342 1162 448 1205 Vidi
466 1161 686 1212 Angelum
700 1163 784 1203 Dei
803 1163 972 1212 fortem,

141 1220 363 1261 volantem
376 1232 457 1271 per
470 1217 665 1259 medium
681 1219 851 1268 eoelum,
863 1231 972 1259 voce

141 1288 299 1326 magna
309 1276 570 1317 clamantem
583 1279 626 1315 et
637 1273 866 1316 dicentem.
883 1275 972 1316 Isti.

170 1358 173 1360 -
454 1333 605 1374 Lectio
626 1348 663 1373 v.

143 1385 420 1492 Profectus
446 1387 548 1428 inde
571 1387 759 1428 Tarsum
784 1392 833 1428 ut
856 1389 972 1439 quae-

242 1448 358 1485 reret
385 1443 586 1493 Paulum,
616 1456 715 1484 cum
742 1455 795 1484 eo
821 1443 972 1484 Antio-

142 1499 285 1541 chiam
300 1499 429 1541 venit.
457 1500 508 1539 In
528 1500 619 1550 ejus
638 1498 759 1540 urbis
774 1498 973 1540 Ecclesia

143 1568 304 1596 annum
337 1555 614 1604 commorati,
647 1554 896 1596 christianae
925 1555 972 1595 fi-

142 1611 214 1653 dei
238 1615 282 1653 et
300 1612 404 1652 vitae
429 1611 513 1651 illis
539 1610 789 1652 hominibus
808 1612 971 1663 praece-

141 1673 221 1720 pta
237 1666 467 1709 dederunt:
485 1666 561 1708 ubi
580 1667 712 1708 etiam
727 1667 752 1707 J
755 1679 833 1708 esu
853 1666 971 1708 Chri-

142 1724 199 1765 sti
217 1723 408 1765 cultores
422 1723 612 1776 primum
624 1723 858 1764 Christiani
873 1729 973 1764 sunt

142 1779 363 1832 appellati.
390 1779 608 1831 Discipuli
627 1784 775 1820 autem
789 1779 914 1820 Pauli
930 1785 972 1821 et

143 1835 376 1885 Barnabae,
414 1835 503 1876 suis
540 1835 820 1876 facultatibus
853 1835 971 1876 Chri-

143 1891 320 1941 stianos,
341 1891 416 1944 qui
430 1891 473 1931 in
487 1891 513 1931 J
514 1890 642 1932 udaea
657 1896 791 1941 erant,
806 1896 972 1933 susten-

142 1947 307 1998 tabant,
328 1960 381 1989 eo
400 1947 623 1989 mittentes
643 1947 875 1999 pecuniam
893 1960 973 1999 per

142 2003 326 2045 Paulum
346 2008 390 2045 et
409 2003 669 2044 Barnabam.
698 2004 782 2054 Qui
800 2004 972 2056 perfun-

144 2059 204 2100 cti
235 2059 311 2101 illo
344 2059 540 2101 caritatis
573 2058 738 2108 officio,
775 2059 973 2101 adhibito

142 2115 167 2155 J
169 2117 323 2165 oanne‚
339 2115 409 2156 cui
424 2117 668 2165 cognemen
684 2120 778 2156 erat
787 2115 973 2165 Marcus,

143 2170 366 2213 redierunt
383 2170 676 2212 Antiochiam.

194 2227 248 2279 Re,
265 2227 393 2268 Beati
412 2227 527 2276 estis,
551 2239 650 2268 cum
668 2226 974 2268 maledixerint

145 2282 272 2323 vobis
307 2282 523 2331 hemines,
562 2287 606 2324 et
641 2282 862 2335 persecuti
895 2295 974 2323 vos

145 2339 322 2388 fuerint,
357 2343 400 2380 et
432 2337 622 2384 dixerint
649 2351 779 2379 omne
811 2338 974 2378 malum

146 2394 381 2436 adversum
399 2406 491 2444 vos,
505 2394 775 2444 mentientes,
789 2398 975 2446 propter

146 2463 230 2491 me:
253 2451 275 2475 *
303 2449 515 2499 Gaudete,
539 2454 583 2491 et
613 2450 841 2499 exsultate,
869 2451 973 2500 quo-

146 2507 262 2547 niam
286 2518 456 2548 merces
473 2510 621 2546 vestra
641 2506 822 2558 copiosa
846 2510 912 2546 est
931 2505 974 2545 in

147 2563 281 2604 coelis.
318 2555 367 2606 V.
398 2562 507 2602 Cum
532 2574 611 2602 vos
641 2561 813 2603 ederint
839 2561 975 2602 hemi·

147 2631 235 2668 neS‚
251 2624 294 2660 et
309 2631 407 2659 cum
423 2618 724 2670 separaverint
738 2630 829 2666 VOS,
845 2621 889 2658 et
905 2630 974 2658 ex-

147 2674 456 2726 probraverint
499 2678 542 2714 et
579 2673 782 2725 ejecerint
818 2685 975 2714 nomen

1025 270 1218 306 vestrum
1243 269 1469 316 tamquam
1487 264 1649 305 malum
1673 268 1857 316 propter

1025 321 1184 362 Filium
1204 321 1405 362 heminis.
1435 321 1647 362 Gaudete.

1328 378 1480 419 Lectio
1502 380 1552 419 vi.

1028 434 1182 542 Cum
1206 442 1352 479 autem
1372 437 1620 479 Antiochiae
1642 438 1686 478 in
1709 437 1857 478 Eccle-

1129 494 1208 543 sia,
1241 507 1341 535 cum
1369 494 1526 535 ceteris
1551 493 1784 545 Prophetis
1815 498 1858 534 et

1025 549 1307 599 Doctdribus,
1325 550 1487 590 Paulus
1507 554 1550 590 et
1569 549 1795 590 Barnabas
1815 549 1858 589 in

1025 606 1182 657 jejunio
1207 611 1251 647 et
1276 606 1475 647 oratiene
1495 605 1687 646 Demino
1712 605 1857 646 deser-

1025 664 1183 711 virent,
1213 661 1323 703 dixit
1348 661 1536 713 Spiritus
1566 666 1757 702 sanctus:
1785 661 1856 702 Se-

1025 720 1204 769 gregate
1223 717 1330 758 mihi
1349 717 1528 759 Saulum
1548 722 1591 758 et
1610 717 1857 758 Barnabam

1025 775 1069 814 in
1106 787 1234 826 opus,
1271 773 1328 815 ad
1361 773 1482 825 quod
1519 774 1738 825 assumpsi
1770 785 1858 814 eos.

1025 830 1152 871 Tunc
1171 830 1411 881 jejunantes
1436 834 1479 871 et
1503 831 1697 878 orantes,
1722 829 1857 881 impo-

1026 888 1269 937 nentesque
1298 886 1360 927 eis
1388 898 1561 934 manus,
1599 884 1858 926 dimiserunt

1025 942 1135 984 illos.
1178 943 1334 994 Itaque
1362 942 1606 983 Seleuciam
1634 942 1856 990 venerunt,

1024 997 1127 1040 inde
1143 998 1187 1039 in
1204 999 1412 1051 Cyprum:
1432 1010 1483 1039 ac
1499 997 1659 1039 multas
1679 998 1857 1049 praeter-

1026 1067 1078 1096 ea
1108 1054 1241 1096 urbes
1274 1054 1581 1105 regionesque,
1613 1052 1857 1106 praedican-

1024 1115 1093 1152 tes
1124 1110 1414 1161 Evangelium
1454 1122 1623 1151 summa
1655 1122 1754 1150 cum
1787 1122 1858 1149 au—

1027 1165 1238 1208 dientium
1291 1166 1497 1215 utilitate,
1556 1167 1858 1218 peragrarunt.

1025 1223 1257 1263 Postremo
1295 1222 1523 1263 Barnabas
1566 1221 1789 1271 digressus
1834 1234 1859 1261 a

1025 1279 1174 1328 Paulo,
1193 1291 1279 1319 una
1294 1292 1393 1320 cum
1407 1279 1431 1319 J
1435 1280 1587 1327 oanne‚
1609 1278 1683 1329 qui
1699 1290 1858 1327 cogno-

1025 1334 1215 1376 minatus
1246 1339 1313 1376 est
1339 1335 1530 1383 Marcus,
1562 1333 1784 1384 navigavit
1816 1333 1858 1372 in

1027 1391 1234 1442 Cyprum:
1259 1390 1407 1442 ibique
1428 1390 1602 1431 circiter
1621 1389 1856 1441 septimum

1025 1446 1215 1487 Nerenis
1241 1459 1421 1495 annum,
1454 1446 1584 1487 tertio
1610 1444 1717 1486 Idus
1742 1445 1766 1485 J
1770 1445 1855 1485 unii

1026 1501 1082 1543 ad
1096 1502 1332 1557 apostelici
1346 1502 1538 1543 muneris
1556 1501 1742 1550 laudem,
1756 1513 1859 1540 mar-

1025 1558 1127 1610 tyrii
1151 1560 1362 1599 corenam
1389 1558 1598 1609 adjunxit.
1634 1557 1739 1608 Ejus
1766 1569 1858 1597 cor-

1024 1627 1108 1666 pus
1135 1615 1314 1656 Zenene
1340 1615 1606 1666 imperatore
1636 1615 1859 1665 repertum

1026 1676 1092 1711 est
1120 1671 1163 1710 in
1191 1670 1331 1711 insula
1357 1671 1518 1722 Cypro;
1552 1669 1608 1710 ad.
1637 1670 1757 1720 cujus
1784 1681 1856 1720 pe-

1025 1731 1121 1768 ctus
1137 1731 1230 1768 erat
1240 1726 1526 1777 Evangelium
1538 1725 1748 1774 Matthaei,
1765 1725 1859 1765 Bar-

1024 1782 1152 1824 nabae
1170 1796 1302 1823 manu
1323 1784 1634 1834 conscriptum.

1078 1840 1129 1890 R.
1153 1839 1233 1880 Isti
1253 1845 1362 1880 sunt.
1390 1838 1472 1890 [10]

1250 1912 1299 1949 In
1317 1911 1388 1948 ΙΙΙ.
1409 1910 1632 1948 Nocturno.

1028 1973 1182 2013 Lectio
1205 1972 1345 2013 sancti
1363 1972 1589 2023 Evangelii
1612 1972 1855 2014 secundum

1307 2028 1577 2070 Matthaeum.

1129 2093 1281 2135 Lectio
1301 2093 1369 2134 vii.
1515 2093 1618 2144 Cap.
1634 2094 1697 2132 10.
1712 2092 1751 2133 b.

1026 2152 1101 2257 In
1119 2157 1196 2198 illo
1215 2159 1428 2209 tempore:
1447 2158 1570 2200 Dixit
1585 2159 1609 2199 J
1612 2171 1712 2199 esus
1731 2157 1855 2200 disci-

1096 2213 1210 2266 pulis
1237 2214 1340 2254 suis:
1372 2215 1487 2256 Ecce
1514 2227 1597 2265 ego
1624 2215 1751 2256 mitto
1777 2227 1857 2255 vos

1027 2269 1139 2311 sicut
1166 2282 1272 2310 oves
1299 2270 1343 2310 in
1372 2270 1519 2312 medio
1548 2271 1760 2323 luperum.
1802 2270 1857 2310 Et

1026 2325 1203 2376 reliqua.

1154 2393 1346 2434 Homilia
1381 2395 1520 2436 sancti
1551 2395 1575 2435 J
1578 2394 1732 2435 oannis

1282 2449 1597 2502 Chrysestomi.
1624 2473 1634 2481 ι

1114 2508 1256 2543 Homil.
1280 2508 1332 2542 34.
1358 2507 1397 2541 in
1421 2507 1553 2542 Matth.
1578 2511 1669 2550 post
1692 2506 1771 2539 init.

1080 2567 1218 2616 uai-Jum
1244 2562 1460 2602 Deminus
1493 2574 1667 2603 omnem
1699 2560 1855 2601 sollici-

1031 2651 1034 2658 .
1061 2630 1077 2641 ⁴>
1102 2611 1138 2652 s!
1161 2617 1358 2659 tadinem
1382 2631 1407 2658 a
1427 2617 1743 2670 discipulerum
1762 2617 1855 2656 cor-

1066 2655 1114 2675 '‘x“-

1034 2673 1137 2699 ³³2³—
1163 2672 1292 2715 dibus
1319 2674 1509 2725 ejecerit,
1538 2678 1581 2714 et
1605 2671 1855 2713 ostensiene
