2040 2976
557 202 629 236 Die
656 202 682 236 1.
707 202 812 236 Julii.
861 202 1007 236 Octava
1032 201 1067 235 S.
1092 201 1258 236 Joannis
1283 201 1480 245 Baptistae.

158 293 276 335 omni
294 293 422 343 tribu,
443 298 487 335 et
502 294 659 346 lingua,
679 298 723 335 et
741 292 921 346 populo,
941 296 985 333 et

156 349 344 391 natione.
384 351 437 390 In
465 349 685 401 sanguine.
725 349 879 390 Gloria
906 349 984 389 Pa-

155 406 223 447 tri.
250 405 508 448 Redemisti.

208 463 258 514 Ys-
276 471 462 523 Sanguis
479 472 503 512 J
507 484 584 513 esu
600 470 762 512 Christi
776 470 876 511 Filii
890 469 985 511 Dei.

156 525 207 577 Rz.
256 527 478 570 Emendat
515 540 596 569 nos
638 527 693 569 ab
731 527 849 569 omni
884 539 985 579 pec-

155 586 267 626 cato.

435 670 501 707 Ad
526 670 712 707 Sextam.

208 738 310 778 Ant.
338 735 445 777 Ideo
465 740 576 777 sunt.

210 806 470 859 Capitulum.
743 806 877 847 Hebr.
894 806 930 845 9.

158 866 240 974 Si
277 871 453 923 sanguis
489 871 726 921 hircorum,
763 875 807 912 et
840 873 984 913 taure-

167 926 172 930 ”
250 940 361 977 rum,
393 932 438 969 et
465 927 573 969 einis
599 927 748 969 vitulae
778 929 985 980 aspersus

156 984 406 1035 inquinatos
430 984 675 1026 sanctificat
698 983 755 1025 ad
779 984 984 1026 emunda-

155 1040 323 1082 tienem
348 1041 506 1082 carnis:
534 1045 699 1093 quanto
725 1041 864 1092 magis
890 1054 983 1082 san-

154 1097 250 1147 guis
272 1096 443 1147 Christi,
467 1098 542 1149 qui
560 1110 640 1150 per
658 1097 870 1150 Spiritum
889 1111 983 1139 san-

155 1158 274 1195 ctum
293 1156 578 1207 semetipsum
598 1154 757 1196 ebtulit
778 1154 982 1195 immacu-

153 1209 291 1252 latum
323 1211 439 1261 Deo,
475 1210 732 1252 emundabit
761 1211 982 1252 conscien-

152 1266 259 1308 tiam
277 1272 473 1309 nostram
493 1266 548 1308 ab
565 1266 773 1320 operibus
787 1268 983 1317 mertuis‚

154 1322 211 1364 ad
230 1323 508 1365 serviendum
527 1324 624 1365 Deo
645 1321 830 1365 viventi?

207 1387 258 1439 Κ.
277 1387 341 1429 br.
367 1388 551 1439 Sanguis
571 1389 595 1429 J
599 1402 676 1431 esu
701 1388 864 1431 Christi
886 1388 984 1430 Filii

154 1444 238 1486 Dei
253 1445 276 1469 *
291 1444 511 1487 Emundat
525 1458 617 1487 nos.
636 1445 832 1497 Sanguis.
848 1440 900 1493 V.
911 1445 982 1487 Ab

154 1500 273 1541 omni
291 1503 488 1553 peccato.
516 1500 739 1543 Emundat
758 1514 851 1543 nos.
882 1501 983 1543 Gle-

153 1556 217 1598 ria
234 1557 364 1599 Patri.
393 1557 588 1609 Sanguis.

205 1617 257 1668 V.
301 1621 498 1664 Christus
531 1622 684 1665 dilexit
715 1635 806 1664 nos.
846 1622 897 1673 R.
926 1623 983 1665 Et

152 1677 258 1720 lavit
276 1691 358 1721 nos
377 1679 421 1720 in
440 1679 651 1731 sanguine
671 1692 762 1721 suo.

427 1771 495 1807 Ad
519 1771 692 1808 Nonam

202 1830 304 1873 Ant.
330 1832 468 1874 Beati.

205 1895 465 1949 Capitulum.
742 1898 875 1939 Hebr.
891 1899 928 1938 9.

231 1963 424 2016 ccipiens
442 1963 620 2015 Meyses
646 1961 902 2012 sanguinem
921 1962 980 2003 vi-

273 2019 481 2069 tulorum,
525 2025 570 2061 et
614 2018 836 2059 hircorum
882 2031 981 2059 cum

153 2088 277 2128 aqua,
297 2081 341 2117 et
359 2075 459 2117 lana
473 2077 690 2124 coccinea,
710 2079 754 2116 et
767 2073 980 2126 hyssopo:

151 2132 296 2184 ipsum
325 2144 501 2184 quoque
528 2131 706 2181 librum,
734 2135 778 2171 et
806 2142 981 2171 omnem

152 2188 365 2241 pepulum
379 2188 580 2241 aspersit,
600 2187 764 2229 dicens:
782 2186 867 2227 Hic
886 2199 980 2227 san-

152 2244 247 2295 guis
283 2245 550 2295 testamenti,
595 2243 716 2296 quod
755 2241 981 2284 mandavit

151 2300 209 2342 ad
227 2313 308 2342 vos
326 2301 458 2342 Deus

206 2371 256 2421 Rv.
284 2370 347 2412 br.
385 2369 586 2411 Christus
620 2368 773 2411 dilexit
802 2380 902 2417 nos,
937 2372 981 2408 et

153 2426 260 2468 lavit
285 2439 366 2467 nos
385 2428 408 2452 *
427 2426 479 2466 In
501 2425 712 2476 sanguine
736 2437 828 2466 suo.
862 2422 980 2465 Chri-

152 2488 256 2524 stus.
302 2477 352 2528 Ys.
379 2482 435 2523 Et
463 2481 566 2523 fecit
594 2494 675 2522 nos
703 2493 901 2531 regnum,
938 2484 981 2520 et

152 2536 406 2580 sacerdOtes
430 2537 546 2586 Deo,
576 2541 619 2578 et
641 2537 774 2578 Patri.
809 2536 861 2576 In
884 2537 979 2576 san-

151 2596 292 2646 guine.
323 2593 474 2636 Gloria
491 2593 621 2635 Patri.
651 2592 860 2634 Christus.

205 2651 256 2702 Ys-
271 2659 296 2701 J
299 2658 507 2700 ustificati
521 2657 564 2698 in
580 2657 790 2708 sanguine
806 2656 978 2698 Christi.

154 2711 205 2763 Βι-
228 2715 346 2757 Salvi
369 2714 530 2756 erimus
555 2713 610 2755 ab
635 2713 700 2754 ira
723 2725 803 2765 per
821 2713 978 2765 ipsum.

1800 204 1867 240 391

1245 299 1307 339 In
1328 298 1386 340 11.
1410 299 1659 351 vesperis.

1091 357 1266 401 Antiph.‚
1295 357 1367 400 Ps.‚
1393 358 1517 401 Capit.
1542 361 1579 392 et
1599 358 1738 401 Hymn.
1764 363 1805 392 ut
1829 359 1866 391 in

1040 406 1065 440 I.
1090 406 1206 449 Vesp.
1228 407 1309 451 379,
1340 411 1375 440 et
1396 407 1484 441 loco
1510 406 1632 440 ultimi
1658 406 1799 440 dicitur

1300 463 1500 504 Psalmus
1525 465 1609 504 147.

1115 523 1229 566 auda
1269 525 1513 568 Jerusalem
1548 527 1804 569 Deminum:
1843 528 1867 555 *

1151 580 1282 623 lauda
1300 582 1444 624 Deum
1461 588 1586 625 tuum
1604 584 1720 626 Sion.

1092 636 1309 686 Quoniam
1335 639 1602 682 confortavit
1623 653 1745 682 seras
1767 654 1865 693 por-

1037 693 1182 734 tarum
1216 697 1410 737 tuarum:
1446 696 1469 722 *
1506 696 1732 739 benedixit
1767 697 1867 738 filiis

1037 749 1123 790 tuis
1141 750 1185 791 in
1203 756 1259 793 te.

1090 806 1174 856 Qui
1201 808 1350 860 posuit
1377 809 1487 850 fines
1514 814 1616 851 tuos
1644 822 1816 862 pacem:
1843 812 1867 838 *

1038 866 1082 903 et
1102 863 1234 917 adipe
1254 865 1460 908 frumenti
1479 866 1611 908 satiat
1629 871 1684 908 te.

1090 921 1174 970 Qui
1199 922 1357 964 emittit
1383 922 1607 975 eloquium
1631 935 1759 964 suum
1783 928 1866 965 ter-

1037 976 1123 1018 rae?
1152 978 1175 1003 *
1195 978 1407 1021 veleciter
1432 980 1567 1022 currit
1593 992 1738 1021 sermo
1764 980 1866 1032 ejus.

1090 1034 1174 1084 Qui
1214 1034 1290 1077 dat
1325 1036 1471 1078 nivem
1503 1037 1617 1079 sicut
1647 1036 1811 1078 lanam:
1843 1038 1866 1063 *

1036 1090 1240 1133 nebulam
1260 1092 1373 1134 sicut
1394 1095 1586 1136 cinerem
1604 1094 1784 1147 spargit.

1087 1147 1222 1190 Mittit
1234 1149 1489 1201 crystallum
1500 1164 1623 1192 suam
1638 1150 1751 1192 sicut
1764 1150 1866 1192 buc-

1038 1204 1184 1246 cellas:
1212 1206 1235 1230 *
1263 1211 1364 1248 ante
1392 1207 1550 1249 faciem
1573 1207 1747 1258 frigoris
1776 1209 1867 1259 ejus

1038 1261 1135 1312 quis
1153 1262 1411 1305 sustinebit?

1086 1317 1271 1360 Emittet
1289 1319 1474 1361 verbum
1493 1333 1638 1370 suum,
1664 1325 1713 1362 et.
1732 1320 1866 1373 lique-

1036 1373 1167 1416 faciet
1192 1387 1261 1416 ea:
1285 1375 1309 1402 *
1334 1376 1458 1419 flabit
1483 1377 1663 1429 spiritus
1690 1377 1795 1427 ejus,
1824 1382 1867 1419 et

1036 1430 1173 1472 fluent
1192 1444 1332 1484 aquae.

1089 1488 1172 1538 Qui
1223 1489 1450 1531 anm'mtiat
1502 1489 1687 1531 verbum
1740 1502 1867 1531 suum

1034 1543 1192 1586 Jacob:
1223 1545 1247 1570 *
1278 1546 1482 1598 justitias,
1521 1550 1566 1588 et
1596 1545 1756 1598 judicia
1789 1559 1867 1588 sua

1034 1600 1183 1642 Israel.

1087 1657 1190 1699 Non
1209 1658 1313 1700 fecit
1331 1659 1476 1701 taliter
1496 1659 1615 1702 omni
1633 1660 1818 1702 nationi:
1843 1662 1866 1687 *

1035 1718 1078 1755 et
1094 1714 1254 1766 judicia
1273 1728 1353 1756 sua
1371 1729 1459 1757 non
1476 1716 1773 1759 manifestavit
1793 1718 1866 1758 eis.

1090 1770 1140 1822 V.
1170 1776 1235 1818 Te
1262 1789 1367 1827 ergo
1394 1779 1664 1830 quaesumuS‚
1693 1779 1779 1820 tuis
1805 1778 1863 1818 fa-

1033 1832 1162 1873 mulis
1191 1832 1387 1875 subveni.
1440 1834 1491 1885 R.
1515 1835 1638 1885 Quos
1666 1835 1864 1886 pretioso

1034 1889 1245 1940 sanguine
1263 1889 1502 1932 redemisti.

1090 1951 1161 1992 Ad
1186 1951 1360 2001 Magnis.
1396 1952 1496 1992 Ant.
1534 1950 1766 1992 Habebitis
1792 1963 1863 1991 au-

1033 2010 1123 2047 tem
1154 2005 1269 2047 hunc
1300 2005 1418 2048 diem
1445 2007 1489 2047 in
1516 2009 1863 2049 monumentum:

1034 2067 1077 2103 et
1096 2062 1376 2105 celebrabitis
1396 2076 1495 2104 eum
1515 2064 1757 2105 solemnem
1776 2064 1864 2105 De-

1032 2118 1152 2160 mino
1202 2119 1245 2159 in
1299 2120 1656 2170 generationibus
1706 2121 1864 2162 vestris

1033 2174 1153 2216 cultu
1180 2175 1459 2227 sempiterno.

1087 2242 1135 2276 Et
1157 2242 1199 2276 fit
1222 2252 1418 2277 commem.
1442 2242 1668 2278 Dominicae.

1310 2328 1394 2370 Die
1419 2329 1450 2369 1.
1473 2328 1587 2369 Julii.
1625 2347 1634 2356 ›

1288 2394 1339 2433 In
1359 2393 1429 2435 die
1450 2394 1617 2435 Octava

1102 2450 1273 2493 Sancti
1299 2452 1519 2558 «1οὲᾘῖ
1539 2453 1796 2504 Baptistae.

1088 2569 1225 2603 Omnia
1250 2575 1290 2605 ut
1316 2570 1356 2604 in
1385 2571 1447 2605 die
1471 2571 1586 2609 festo,
1606 2570 1689 2613 348,
1722 2574 1862 2613 praeter

1036 2618 1248 2661 sequentia.

1088 2675 1132 2708 In
1161 2675 1188 2709 Ι.
1218 2674 1419 2709 Nocturno
1449 2674 1654 2709 Lectiones
1684 2674 1730 2708 de
1762 2673 1859 2707 Scri-

1034 2726 1148 2766 ptura
1172 2727 1405 2757 occurrente.
