2040 2976
855 214 913 247 Ad
940 210 1254 254 completorium.

196 321 323 361 stium
349 317 518 359 sublata
544 313 791 359 formidine,
819 312 1020 361 tempora

196 377 279 417 sint
293 381 366 416 tua
382 372 656 426 protectione
672 365 917 418 tranquilla.
936 364 1020 404 Per

195 431 440 472 Deminum.
468 427 519 478 R.
542 428 694 467 Amen.

247 482 295 533 Y.
335 485 550 526 Deminus
588 481 826 523 vobiscum.
880 478 929 528 Ru
966 476 1021 515 Et

195 556 292 584 cum
321 541 477 594 spiritu
503 545 592 581 tuo.

245 594 295 644 Y.
311 596 630 639 Benedieamus
642 591 844 634 Domino.
863 590 913 639 R».
924 588 1020 628 Deo

194 654 368 705 gratias.

246 704 295 755 Y.
324 709 539 750 Fidenam
568 706 723 748 animae
752 715 832 756 per
859 700 1021 742 miseri-

197 765 392 807 cerdiam
416 765 499 806 Dei
527 762 803 814 requiescant
830 759 873 798 in
902 770 1022 810 pace.

196 824 245 874 R.
270 822 423 862 Amen.

251 881 397 915 Deinde
424 880 495 914 dic.
522 889 613 913 secr.
646 877 755 912 Pater
778 879 918 911 noster.

252 930 313 962 Sic
339 928 563 962 terminatur
587 926 710 963 Offic.,
744 924 807 957 ubi
840 923 914 956 alia
945 932 1022 955 non

198 982 381 1020 sequatur
406 976 526 1012 Hora,
558 979 597 1008 ut
629 973 768 1007 dicitur
794 972 829 1005 in
854 970 1023 1004 Rubrica

198 1025 243 1059 dc
269 1025 450 1058 ‹sn-atione
477 1022 689 1056 Dominica.

252 1073 374 1106 Dicta:
408 1073 612 1106 Commem.
647 1080 714 1103 seu
746 1067 935 1109 Suffragia
968 1065 1022 1099 di-

198 1127 332 1154 cuntur
369 1121 415 1154 ab
449 1120 593 1153 Octava
631 1118 780 1151 Pentcc.
815 1126 935 1158 usquc
974 1114 1021 1147 ad

198 1169 436 1203 Adventum.
481 1166 652 1209 exceptis
692 1164 942 1207 Duplicibus,
988 1166 1023 1195 et

198 1217 293 1249 infra
320 1216 496 1250 Octavus.

252 1264 414 1304 (Quando
440 1263 580 1297 dicitur
597 1262 702 1295 Offie.
720 1261 761 1294 B.
780 1260 922 1294 Muriae.
946 1268 1023 1291 non

197 1314 236 1346 fit
261 1313 334 1345 alia
362 1313 567 1345 Commem.
594 1310 640 1343 de
666 1320 719 1343 ea.

356 1458 434 1498 Ad.
462 1455 870 1507 Completorium.

250 1523 409 1563 Lector
438 1523 603 1574 incipit:
646 1516 694 1568 Y.
724 1521 836 1562 Jube
867 1520 1028 1561 domne

200 1581 472 1624 benedicere.

252 1638 517 1679 Benedictio.
552 1638 736 1680 Noctem
761 1639 964 1690 quietam,
987 1641 1030 1678 et

202 1698 334 1739 finem
370 1696 612 1749 perfectum
650 1694 864 1736 concedat
901 1693 1030 1735 nobis

202 1754 417 1795 Dominus
439 1754 727 1804 omnipotens.
752 1751 802 1802 Ru
824 1752 977 1792 Amen.

255 1815 402 1855 Lectio
425 1816 578 1856 brevis.
704 1817 732 1855 1.
752 1815 864 1856 Petr.
884 1816 922 1854 5.
942 1827 975 1855 c.

207 1904 215 1933 5
312 1882 475 1921 ratres:
503 1876 646 1918 sobrii
675 1878 830 1926 estete,
859 1881 903 1918 et
927 1876 1030 1926 vigi-

239 1946 243 1947 ’
265 1936 308 1991 5222*
341 1933 441 1975 late:
467 1933 568 1985 quia
588 1932 865 1974 adversarius
885 1937 1031 1973 vester

278 1992 314 2016 ‘³³³
341 1988 1032 2040 diabolustamquamleorugiens

207 2046 370 2094 circuit,
391 2058 590 2097 quaerens
607 2058 736 2097 quem
751 2044 948 2086 devoret:
964 2045 1034 2085 cui

206 2101 395 2142 resistite
423 2101 558 2142 fortes
586 2101 628 2140 in
658 2101 756 2142 fide.
793 2100 860 2141 Tu
887 2105 1033 2141 autem

207 2157 395 2198 Domine
414 2157 621 2198 miserere
640 2157 777 2198 nobis.

256 2214 306 2266 151.
329 2213 426 2254 Deo
445 2213 620 2264 gratias.

257 2269 306 2319 Y.
349 2273 626 2324 Adjuterium
659 2278 857 2314 nostrum
889 2273 931 2313 in
959 2274 1034 2313 ne-

209 2329 324 2371 mine
346 2329 532 2370 Demini.
568 2329 617 2380 R.
644 2329 728 2378 Qui
752 2329 853 2370 feeit
875 2328 1036 2370 eoelum

211 2390 254 2427 et
271 2390 445 2427 terram.

267 2445 379 2481 Pater
401 2450 543 2481 noster.
565 2447 703 2480 dicitur
726 2452 846 2481 totum
872 2454 1029 2482 secreto,

308 2506 454 2539 Deinde
483 2506 818 2541 Hebdomadarius
845 2509 933 2542 facit

470 2555 773 2588 Confessionem.

290 2609 478 2650 onfiteor
503 2609 600 2649 Deo
630 2608 934 2660 omnipotenti,
966 2608 1038 2649 be-

298 2667 383 2706 atae
403 2665 554 2705 Mariae
576 2677 750 2716 semper
771 2664 948 2714 Virgini,
967 2663 1038 2705 be-

213 2723 285 2762 ato
326 2720 527 2762 Michaeli
564 2719 863 2770 Archangelo,
907 2719 1038 2761 beato

1072 306 1095 345 J
1099 305 1230 346 oanni
1249 304 1475 355 Baptistae,
1497 299 1659 341 sanctis
1674 296 1905 351 Apestolis

1074 363 1204 402 Petro
1235 365 1278 401 et
1305 357 1460 406 Paulo,
1491 354 1694 397 Omnibus
1722 353 1905 402 Sanctis,

1074 422 1116 459 et
1131 416 1257 458 vobis
1272 415 1444 455 fratres:
1465 413 1567 464 quia
1581 411 1764 465 peceavi
1778 409 1906 450 nimis

1074 473 1357 524 cogitatione,
1386 469 1523 511 verbo
1551 473 1595 510 et
1625 470 1776 521 Opere:
1808 478 1907 507 mea

1074 530 1226 582 eulpa,
1267 540 1365 568 mea
1397 526 1548 579 eulpa,
1584 537 1684 566 mea
1716 523 1907 564 mexima

1075 586 1214 638 culpa.
1242 584 1352 625 Ideo
1366 595 1525 636 precor
1534 581 1713 623 beatam
1722 579 1908 620 Mariam

1076 654 1249 694 semper
1263 640 1504 691 Virginem,
1522 638 1702 679 beatum
1720 635 1908 677 Michae-

1075 698 1160 740 lem
1189 695 1533 747 Archangelum,
1569 694 1750 735 beatum
1779 691 1803 732 J
1806 693 1908 732 oan-

1075 768 1175 796 nem
1191 755 1449 806 Baptistam,
1470 756 1647 792 sanctos
1663 747 1910 802 Apestolos

1075 812 1254 852 Petrum
1273 814 1317 851 et
1331 808 1526 857 Paulum,
1546 819 1700 848 omnes
1713 805 1911 853 Sanetos,

1077 873 1129 909 et-
1149 880 1231 908 vos
1262 866 1440 914 fratres,
1473 866 1602 905 orare
1635 874 1719 916 pro
1750 873 1822 902 me
1853 859 1911 901 ad

1076 924 1315 965 Deminum
1333 923 1478 964 Deum
1497 924 1708 962 nostrum.

1294 991 1446 1025 Chorus
1470 989 1697 1034 respondet:

1078 1037 1400 1144 misereatur
1414 1039 1477 1080 tui
1488 1039 1769 1090 omnipotens
1778 1035 1912 1084 Deus,

1204 1102 1248 1139 et
1268 1096 1459 1138 dimissis
1478 1094 1675 1148 peccatis
1696 1093 1798 1141 tuis,
1815 1103 1912 1145 per-

1079 1155 1213 1197 ducat
1230 1159 1275 1195 te
1295 1152 1352 1194 ad
1371 1153 1507 1194 vitam
1526 1151 1748 1192 aeternam.

1131 1218 1181 1258 R.
1210 1215 1365 1256 Amen.

1134 1279 1284 1314 Deinde
1302 1278 1442 1322 repetit
1460 1276 1774 1313 Confessionem:
1792 1279 1830 1310 et
1845 1274 1914 1310 ubi

1080 1329 1222 1363 dicitur
1235 1326 1352 1362 vobis
1369 1326 1520 1369 fratres,
1540 1330 1578 1360 et
1591 1334 1665 1360 vos
1683 1323 1833 1366 fratres,
1859 1322 1914 1358 di-

1080 1381 1187 1411 catur
1205 1376 1278 1411 tibi
1293 1375 1419 1419 Pater,
1432 1379 1468 1408 et
1487 1378 1526 1409 te
1542 1373 1668 1408 Pater.

1189 1441 1307 1474 Facta
1332 1438 1592 1474 Confessione
1615 1447 1637 1471 a
1662 1437 1803 1476 Choro,

1259 1486 1602 1522 Hebdomadarius
1628 1484 1737 1519 dicit:

1189 1545 1404 1586 isereatur
1447 1541 1583 1584 vestri
1634 1542 1915 1593 omnipotens

1202 1602 1335 1649 Deus,
1355 1604 1399 1641 et
1418 1598 1610 1640 dimissis
1628 1597 1826 1650 peccetis
1845 1608 1916 1638 ve-

1084 1659 1200 1709 stris,
1220 1655 1439 1710 perducat
1456 1668 1538 1696 vos
1559 1653 1616 1696 ad
1634 1653 1769 1695 vitam
1792 1653 1916 1694 aeter-

1082 1728 1195 1756 nam.
1222 1714 1272 1766 Rz.
1292 1714 1447 1754 Amen.

1082 1774 1456 1880 Indulgentiam,
1505 1774 1829 1818 absolutienem
1874 1777 1919 1815 et

1154 1835 1459 1877 remissionem
1506 1833 1795 1886 peccaterum
1842 1842 1918 1872 no-

1085 1895 1277 1934 strorum
1299 1890 1465 1932 tribuat
1483 1889 1613 1931 nobis
1637 1889 1919 1941 omnipotens

1085 1954 1129 1991 et
1150 1948 1402 1990 misericors
1422 1947 1650 1988 Dominus.
1687 1945 1739 1998 Rv.
1764 1944 1919 1989 Amen.

1139 2015 1186 2048 Et
1210 2014 1311 2048 facta
1337 2012 1597 2047 Absolutione
1622 2011 1694 2046 dic.
1719 2005 1765 2052 Y.

1088 2068 1343 2178 Converte
1364 2085 1448 2114 nos
1471 2073 1593 2114 Deus
1617 2069 1821 2112 salutaris
1843 2080 1918 2109 no·
1982 2108 1985 2111 .

1146 2135 1278 2228 bster.
1308 2131 1359 2182 Rt·
1377 2130 1434 2171 Et
1453 2130 1603 2170 averte
1621 2128 1732 2168 iram
1752 2130 1874 2167 tuam
1894 2136 1921 2165 a

1086 2199 1144 2228 no
1178 2200 1226 2228 is.
1515 2196 1518 2199 ·

1139 2243 1190 2294 V.
1208 2248 1330 2289 Deus
1349 2247 1393 2288 in
1413 2245 1676 2298 adjuterium
1694 2255 1841 2284 meum
1860 2241 1920 2282 in-

1088 2303 1231 2345 tende.
1263 2303 1312 2355 R.
1339 2303 1529 2345 Demine
1549 2301 1607 2343 ad
1625 2297 1922 2352 adjuvandum

1088 2373 1158 2401 me
1176 2360 1344 2401 festina.

1143 2415 1294 2457 Gloria
1311 2416 1441 2457 Patri.
1469 2415 1590 2457 Sicut
1612 2417 1717 2455 erat.

1142 2481 1241 2520 Ant.
1269 2481 1492 2522 Miserere.

1375 2548 1574 2588 Psalmus
1594 2547 1631 2586 4.

1096 2614 1283 2670 Vs
1314 2609 1568 2650 invocarem
1599 2605 1823 2648 exaudivit
1852 2616 1923 2645 me

1096 2666 1143 2707 .‘
1159 2659 1204 2701 ..εἷ
1227 2665 1348 2707 Deus
1375 2666 1551 2718 justitiae
1576 2675 1704 2704 meae:
1728 2662 1752 2687 *
1779 2662 1823 2702 in
1850 2661 1923 2702 tri-

1123 2710 1126 2714 ,
1138 2707 1198 2728 Q).

1100 2716 1189 2746 ’Σὲ-Υ·
1227 2721 1451 2763 bulatione
1470 2719 1664 2762 dilatasti
1682 2718 1798 2759 mihi.
