2040 2976
461 180 532 214 Die
555 179 608 213 24.
633 179 751 214 Junii.
798 180 841 213 In
866 179 1082 213 Nativitate
1107 179 1142 212 S.
1167 170 1332 212 Jdannis
1358 179 1556 221 Baptistae.

204 281 484 332 Magnificate
498 280 738 321 Dominum
755 292 943 320 mecum:
960 280 984 304 *

157 343 201 380 et
237 337 480 380 exaltemus
515 348 677 378 nomen
715 336 806 387 ejus
842 336 887 376 in
922 334 984 376 id—

152 396 309 447 ipsum.

204 451 434 502 Exquisivi
443 450 691 498 Dominum,
706 453 750 490 et
761 447 985 489 exaudivit

153 520 240 548 me:
265 507 289 533 *
316 511 360 548 et
386 520 440 548 ex
469 505 669 548 omnibus
695 503 984 546 tribulationi-

153 562 237 604 bus
254 563 365 604 meis
382 563 542 616 eripuit
559 574 641 603 me.

205 618 420 661 Accedite
453 619 510 660 ad
543 631 663 667 eum,
697 621 741 658 et
773 617 984 658 illumina-

153 675 276 715 mini:
304 676 328 702 *
353 680 397 716 et
423 675 558 716 facies
577 678 739 715 vestrae
766 685 855 714 non
884 685 984 714 con-

154 729 400 772 fundentur.

204 787 297 828 Iste
306 799 476 840 pauper
487 786 703 835 clamavit,
714 785 982 827 etDominus

154 842 378 884 exaudivit
398 856 514 884 eum:
528 842 552 868 *
568 846 611 884 et
626 840 681 883 de
697 841 899 883 omnibus
914 841 984 882 tri-

154 898 451 941 bulati6nibus
472 899 562 950 ejus
582 898 768 939 salvavit
788 911 898 939 eum.

205 955 418 997 Immittet
432 954 629 1007 Angelus
647 955 826 995 Domini
843 955 888 995 in
907 955 985 995 cir-

155 1011 276 1053 cuitu
294 1012 542 1053 timentium
566 1024 684 1069 eum:
709 1012 733 1039 *
759 1016 803 1052 et
830 1011 986 1064 eripiet

155 1079 243 1108 eos.

208 1123 396 1166 Gustate
420 1129 463 1166 et
487 1122 635 1165 videte
659 1124 867 1176 queniam
891 1126 985 1165 sua-

154 1181 221 1222 vis
249 1185 317 1222 est
335 1180 568 1222 Deminus:
592 1180 616 1205 *
633 1179 791 1221 beatus
815 1179 891 1229 vir,
912 1180 987 1232 qui

156 1242 304 1289 sperat
330 1237 374 1277 in
403 1249 467 1278 eo.

206 1293 378 1335 Timete
400 1293 639 1334 Dominum
668 1305 820 1334 omnes
848 1293 987 1334 sancti

157 1350 266 1401 ejus:
301 1350 326 1375 *
367 1349 574 1401 queniam
609 1361 698 1389 non
735 1354 802 1390 est
837 1349 986 1401 inopia

155 1405 410 1447 timentibus
438 1418 548 1447 eum.

209 1462 380 1504 Divites
409 1464 619 1513 eguerunt
651 1466 694 1502 et
727 1461 986 1502 esurierunt:

155 1518 179 1544 *
197 1518 469 1570 inquirentes
484 1522 633 1559 autem
646 1517 884 1558 Dominum
898 1530 987 1558 non

155 1575 404 1616 minuentur
423 1575 542 1615 omni
558 1574 688 1616 bono.

206 1631 366 1673 Venite
381 1630 470 1680 filii,
485 1630 634 1672 audite
650 1643 735 1671 me:
750 1630 773 1655 *
783 1629 987 1671 timorem

155 1687 335 1728 Domini
354 1686 526 1728 docebo
546 1699 637 1728 vos.

208 1743 316 1794 Quis
336 1747 403 1784 est
425 1742 559 1784 homo
586 1742 660 1794 qui
683 1741 777 1783 vult
795 1742 944 1783 vitam:
963 1742 987 1766 *

157 1798 296 1850 diligit
315 1798 410 1840 dies
428 1798 578 1840 videre
596 1797 763 1839 bonos?

206 1853 399 1896 Prohibe
416 1854 610 1905 linguam
628 1859 750 1895 tuam
769 1866 795 1894 a
813 1853 944 1894 malo:
963 1853 986 1878 *

157 1915 201 1952 et
218 1910 335 1952 labia
352 1916 429 1953 tua
446 1923 500 1952 ne
520 1910 757 1963 loquantur
776 1910 937 1951 dolum.

208 1967 389 2009 Diverte
417 1980 443 2008 a
468 1967 602 2017 malo,
632 1972 676 2009 et
705 1967 774 2008 fac
804 1966 987 2008 bonum:

155 2022 180 2048 *
215 2023 386 2076 inquire
423 2036 601 2076 pacem,
645 2027 689 2064 et
721 2024 987 2075 persequere

158 2091 266 2120 eam.

211 2139 339 2181 Oculi
356 2140 535 2181 Demini
560 2153 694 2193 super
716 2141 869 2191 justos:
894 2140 918 2165 *
944 2144 987 2180 et
1048 2123 1141 2163 ³³³4·

158 2207 286 2237 aures
307 2196 398 2247 ejus
416 2196 461 2237 in
479 2208 635 2248 preces
656 2198 819 2237 eorum.

208 2251 371 2292 Vultus
398 2257 545 2294 autem
563 2252 742 2293 Demini
770 2263 902 2303 super
929 2251 987 2291 fa-

160 2307 323 2348 cientes
341 2307 471 2348 mala:
495 2309 519 2334 *
543 2313 592 2349 ut
617 2307 774 2360 perdat
794 2305 849 2347 de
873 2311 989 2347 terra

159 2363 415 2404 memeriam
443 2365 604 2404 eorum.

212 2418 520 2461 Clamaverunt
554 2418 670 2470 justi,
705 2422 748 2459 et
774 2417 989 2458 Dominus

161 2474 383 2516 exaudivit
402 2487 496 2516 eos:
515 2476 539 2500 ‘⁸‘
561 2478 605 2515 et
625 2486 679 2515 ex
697 2473 899 2514 omnibus
918 2473 989 2514 tri-

160 2529 458 2572 bulati6nibus
478 2532 630 2571 eorum
648 2528 850 2569 liberavit
869 2541 957 2570 eos.

213 2587 345 2627 Juxta
364 2591 431 2628 est
449 2586 664 2627 Deminus
682 2585 746 2633 iis,
766 2585 840 2635 qui
858 2584 989 2626 tribu-

161 2641 252 2683 lato
277 2648 378 2684 sunt
402 2642 552 2684 corde:
577 2641 600 2667 *
627 2645 671 2682 et
695 2640 882 2682 humiles
906 2643 990 2693 spi-

161 2698 247 2739 ritu
274 2698 473 2740 salvabit.

1089 279 1242 320 Multae
1263 279 1570 322 tribulatiOnes
1595 282 1826 333 justorum:
1845 282 1868 306 *

1038 340 1082 376 et
1115 334 1170 376 de
1208 335 1410 377 Omnibus
1445 336 1514 377 his
1549 337 1754 379 liberabit
1791 350 1868 379 eos

1036 391 1264 433 Deminus.

1090 447 1293 489 Custodit
1328 449 1543 490 Dominus
1581 450 1727 491 omnia
1768 463 1868 491 ossa

1038 505 1206 544 eorum:
1231 504 1254 530 *
1278 517 1413 545 unum
1438 518 1492 546 ex
1517 505 1585 546 his
1611 519 1700 547 non
1724 511 1868 548 conte-

1037 561 1167 601 retur.

1089 616 1210 658 Mors
1235 620 1521 669 peccatorum
1546 619 1752 670 pessima:
1777 621 1800 646 *
1826 624 1869 660 et

1039 672 1114 724 qui
1133 672 1322 714 oderunt
1341 674 1512 725 justum,
1532 674 1798 727 delinquent.

1090 729 1297 770 Redimet
1328 729 1545 770 Dominus
1583 731 1749 772 animas
1783 744 1868 773 ser-

1038 787 1194 826 vorum
1205 788 1400 827 suorum:
1415 787 1439 812 *
1456 790 1500 827 et
1514 799 1602 827 non
1615 787 1871 840 delinquent

1040 854 1192 883 omnes
1213 843 1287 894 qui
1307 847 1486 894 sperant
1504 843 1548 883 in
1568 855 1632 884 eo.

1094 904 1194 944 Ant.
1224 905 1369 954 Reges
1388 902 1610 953 videbunt,
1632 909 1675 945 et
1694 907 1871 945 consur-

1040 965 1144 1011 gent
1170 960 1409 1012 principes,
1446 964 1490 1001 et
1514 959 1760 1002 adorabunt
1784 961 1872 1002 Do-

1038 1017 1204 1058 minum
1226 1017 1370 1057 Deum
1393 1021 1534 1066 tuum,
1564 1016 1638 1068 qui
1663 1016 1794 1067 elegit
1818 1022 1872 1058 te.

1091 1074 1142 1125 V.
1166 1076 1396 1118 Elisabeth
1415 1075 1643 1118 Zachariae
1666 1090 1874 1128 magnum

1039 1134 1180 1185 virum
1205 1133 1367 1185 genuit.
1403 1133 1454 1185 Ra.
1482 1133 1506 1173 J
1510 1135 1696 1175 oannem
1723 1134 1871 1186 Bapti-

1039 1187 1155 1232 stani
1171 1191 1494 1243 praecursorem
1513 1189 1702 1230 Demini.

1039 1269 1195 1310 Lectio
1220 1268 1362 1309 sancti
1381 1268 1611 1319 Evangelii
1632 1268 1874 1310 secundum

1368 1325 1546 1366 Lucam.

1117 1381 1269 1422 Lectio
1291 1382 1359 1421 vii.
1597 1381 1700 1432 Cap.
1721 1382 1748 1419 1.
1770 1380 1793 1419 f.

1119 1444 1311 1486 lisabeth
1343 1443 1574 1495 impletum
1606 1448 1673 1485 est
1699 1448 1872 1496 tempus

1095 1554 1100 1557 ῃ
1137 1500 1353 1553 pariendi,
1379 1505 1423 1541 et
1441 1500 1616 1552 peperit
1635 1500 1784 1541 filium.
1817 1500 1874 1541 Et

1040 1555 1271 1599 audierunt
1312 1557 1443 1598 vicini
1485 1562 1528 1598 et
1570 1556 1745 1607 cognati
1782 1557 1872 1607 ejus

1041 1613 1143 1665 quia
1174 1613 1472 1665 magnificavit
1498 1613 1714 1654 Deminus
1747 1613 1872 1653 mise-

1040 1668 1278 1711 ricordiam
1304 1682 1429 1710 suam
1454 1683 1554 1711 cum
1578 1669 1669 1718 illa,
1705 1674 1748 1710 et
1773 1681 1872 1710 con-

1039 1725 1374 1776 gratulabantur
1394 1726 1444 1767 ei.
1472 1725 1529 1766 Et
1548 1725 1727 1777 reliqua.

1152 1803 1345 1844 Homilia
1373 1803 1512 1844 sancti
1544 1802 1767 1843 Ambr6sii

1346 1859 1570 1912 Episcopi.

1118 1921 1201 1954 Lib.
1227 1921 1257 1953 2.
1283 1920 1427 1954 Comm.
1453 1918 1491 1950 in
1517 1917 1632 1950 Lucae
1658 1927 1739 1959 cap.
1767 1918 1793 1950 1.

1341 1971 1427 2000 ante
1452 1966 1575 1998 finem.

1044 2038 1053 2081 ³3
1083 2024 1450 2079 2524-teper1tf1'lium
1464 2022 1703 2072 Elisabeth,
1723 2028 1767 2065 et
1782 2037 1875 2065 con-

1044 2080 1053 2110 1
1172 2079 1507 2132 gratulabantur
1539 2080 1680 2121 vicini.
1725 2079 1874 2121 Habet

1173 2139 1423 2178 sanctorum
1435 2135 1570 2177 editio
1580 2136 1780 2177 laetitiam
1789 2136 1875 2188 plu-

1042 2194 1268 2242 rimorum,
1303 2193 1405 2244 quia
1437 2195 1669 2234 commune
1703 2197 1770 2233 est
1798 2191 1873 2233 bo-

1041 2263 1156 2290 num.
1193 2248 1369 2290 Justitia
1393 2248 1508 2289 enim
1534 2248 1779 2290 communis
1807 2253 1874 2289 est

1042 2306 1195 2346 virtus:
1222 2310 1265 2346 et
1287 2304 1389 2345 ideo
1411 2304 1455 2344 in
1475 2309 1576 2345 ortu
1594 2304 1695 2356 justi
1714 2304 1873 2344 futurae

1042 2361 1146 2402 vitae
1164 2361 1333 2411 insigne
1352 2361 1649 2412 praemittitur,
1669 2364 1713 2401 et
1732 2359 1873 2410 gratia

1043 2420 1263 2458 secuturae
1290 2415 1465 2457 virtutis
1494 2415 1786 2457 exsultati6ne
1815 2415 1872 2455 vi-

1043 2473 1242 2514 cinorum
1297 2471 1631 2526 praefigurante'
1666 2471 1873 2522 signatur.

1042 2528 1230 2570 Pulchre
1250 2534 1397 2570 autem
1416 2533 1602 2579 tempus,
1625 2539 1711 2579 quo
1731 2527 1811 2567 fuit
1829 2526 1873 2566 in

1043 2588 1171 2626 utero
1203 2584 1445 2636 Propheta,
1492 2582 1773 2631 describitur,
1818 2594 1872 2622 ne

1044 2641 1195 2681 Mariae
1244 2640 1482 2694 praesentia
1530 2641 1743 2680 taceatur:
1793 2635 1873 2678 sed

1043 2702 1218 2748 tempus
1252 2696 1406 2737 siletur
1435 2695 1645 2743 infantiae,
1683 2706 1736 2734 eo
1771 2692 1872 2744 quia
