2040 2976
179 201 248 236 286

180 295 295 335 niam
319 306 488 335 merces
508 298 653 335 vestra
678 295 861 347 copiosa
881 301 948 337 est
966 296 1010 336 in

179 350 313 392 coelis.
351 344 400 394 N.
430 350 539 391 Cum
567 363 647 392 vos
676 351 849 393 oderint
873 351 1009 393 homi-

178 419 273 454 neS,
307 411 350 447 et
379 419 478 447 cum
506 407 808 460 separaverint
835 421 933 457 vos,
966 414 1010 450 et

177 462 552 514 exprobraverint,
570 468 613 504 et
629 464 835 514 ejecerint
849 477 1009 506 nomen

176 523 370 560 vestrum
395 524 621 571 tamquam
643 520 806 561 malum
825 527 1009 574 propter

175 574 332 615 Filium
351 575 553 616 hominis.
582 575 795 619 Gaudete.

479 642 630 681 Lectio
652 643 703 681 vi.

176 699 302 805 Sed
337 714 381 751 et
418 710 563 763 ipsum
596 711 687 762 ejus
719 712 1007 764 Evangelium

263 766 449 807 multum
478 766 613 808 distat
641 780 666 808 a
694 769 862 809 ceteris.
899 769 1006 811 Mat—

171 821 314 862 thaeus
335 823 460 874 quasi
477 823 531 864 de
545 822 721 865 homine
736 825 888 877 incipit
904 827 1006 866 scri-

171 876 288 928 bere,
308 878 442 920 Liber
457 880 751 931 generationis
765 881 790 922 J
793 894 869 922 esu
886 881 1005 923 Chri-

172 935 244 983 sti,
274 934 351 975 filii
370 935 530 985 David,
559 935 636 976 filii
655 936 895 978 Abraham:
922 938 1005 980 Lu-

172 1002 246 1031 cas
280 1003 305 1031 a
338 990 589 1033 sacerdotio
617 993 860 1035 Zachariae:
892 995 1003 1036 Mar-

171 1059 248 1087 cus
269 1060 294 1088 a
311 1047 546 1100 prophetia
560 1048 789 1091 Malachiae
806 1056 850 1092 et
864 1052 1003 1093 Isaiae.

170 1102 342 1144 Primus
362 1103 495 1145 habet
513 1104 670 1146 faciem
685 1105 884 1156 hominis,
903 1121 1004 1160 pro-

170 1163 269 1210 pter
283 1159 599 1211 genealogiam3
615 1162 835 1204 secundus
846 1164 1004 1206 faciem

170 1215 303 1264 vituli,
318 1222 503 1268 propter
519 1218 829 1271 sacerdotium3
849 1221 1002 1262 tertius

169 1271 327 1313 faciem
347 1272 504 1323 leonis,
532 1280 718 1327 propter
739 1288 897 1317 vocem
918 1277 1001 1318 cla-

168 1329 329 1369 mantis
364 1329 408 1369 in
450 1329 643 1380 deserto,
689 1332 849 1374 Parate
885 1333 1002 1374 viam

168 1383 361 1434 Domini,
388 1390 531 1426 rectas
551 1386 680 1429 facite
701 1389 879 1430 semitas
900 1390 1002 1441 ejus.

167 1439 192 1480 J
195 1442 360 1482 oannes
386 1454 492 1483 vero
521 1448 674 1485 noster
706 1445 831 1496 quasi
856 1445 1002 1498 aquila

167 1496 224 1537 ad
244 1500 435 1550 superna
454 1499 589 1549 volat,
619 1506 663 1542 et
681 1501 738 1542 ad
756 1502 902 1554 ipsum
921 1503 999 1544 Pa-

166 1557 279 1594 trem
298 1556 508 1606 pervenit,
530 1556 697 1598 dicens:
716 1559 767 1599 In
783 1559 999 1612 principio

168 1614 262 1650 erat
275 1610 484 1659 Verbum,
500 1617 544 1653 et
558 1613 757 1655 Verbum
772 1620 867 1656 erat
882 1615 1001 1668 apud

166 1665 321 1714 Deum,
342 1672 386 1708 et
404 1667 526 1709 Deus
547 1675 640 1711 erat
658 1671 869 1713 Verbum.

223 1728 274 1768 R.
295 1724 373 1765 Isti
394 1730 494 1765 sunt
513 1725 870 1780 triumphatores.
898 1729 981 1781 [10]

391 1804 439 1842 In
458 1804 529 1843 ΠΙ.
549 1804 583 1843 N
587 1804 773 1843 oeturno.

170 1870 321 1912 Lectio
345 1872 485 1913 sancti
507 1873 734 1925 Evangelii
757 1876 954 1919 secundu

448 1929 720 1973 Matthaeum.
926 1945 931 1953 ·

275 1999 425 2039 Lectio
448 2000 514 2039 vii.
649 2001 751 2053 Cap.
771 2002 841 2041 20.
863 2014 896 2041 c.

163 2055 240 2161 In
268 2061 343 2102 illo
373 2065 589 2117 tempore:
612 2067 820 2131 ‚Accessit
848 2068 905 2110 ad
930 2069 955 2110 J
958 2082 997 2134 ej

234 2130 330 2158 sum
375 2125 516 2162 mater
561 2122 751 2164 filiorum
787 2124 998 2166 Zebeda'ffl

164 2184 263 2213 cum
288 2174 388 2216 filiis
416 2177 523 2226 suis,
553 2178 742 2220 adorans
770 2185 813 2221 et
841 2186 997 2234 petens

165 2228 333 2280 aliquid
355 2231 410 2273 ab
431 2245 495 2274 eo.
523 2234 580 2276 Et
598 2235 777 2288 reliqua.

260 2309 447 2351 Homilia
477 2313 618 2353 sancti
644 2314 903 2368 Hieronymi

447 2368 711 2420 Presbyteri.

255 2430 333 2464 Lib.
359 2431 389 2463 3.
416 2431 559 2465 Comm.
588 2432 622 2465 iu
649 2432 781 2466 Matth.
805 2444 833 2467 c.
859 2435 917 2468 20.

166 2506 179 2573 i&
205 2518 283 2574 Ψ
304 2487 668 2587 ἓὲιὲῗὲἲέἓῗιῗὲ
691 2492 997 2598 Ξὲῗὲἒὲῗῖὴιῗῖ

203 2581 252 2624 ‘2³2³
268 2582 289 2617 ³³³
312 2613 411 2641 cum
430 2601 646 2643 Dominus
667 2602 839 2645 dixerit:
859 2605 996 2646 Filius

162 2654 350 2697 hominis
386 2657 585 2700 tradetur
621 2659 895 2712 principibus
931 2674 995 2702 sa-

163 2711 392 2754 cerdotum
411 2719 455 2755 et
473 2714 644 2764 scribis,
670 2720 713 2756 et
732 2716 995 2758 condemna-

458 198 525 231 nit·
550 200 579 231 (3.
608 198 705 237 Maii.
746 201 779 231 S.
805 200 969 232 ,loannis
994 202 1130 243 Apost.
1156 207 1242 235 ante
1270 208 1419 244 portam
1445 203 1630 238 Latinam.

1063 295 1172 338 bunt
1192 309 1291 338 eum
1310 303 1468 347 morte,
1489 303 1533 340 et
1551 299 1727 342 tradent
1747 301 1894 343 Genti-

1062 352 1145 393 bus
1177 352 1234 394 ad
1265 353 1556 403 illudendum,
1597 361 1641 397 et
1673 357 1894 408 flagellan-

1063 408 1182 459 dum,
1203 414 1246 450 et
1266 409 1624 462 crucifigendum3
1650 417 1694 454 et
1713 413 1894 464 ignomi-

1062 466 1177 506 niam
1197 466 1415 517 passionis
1435 467 1689 510 timentibus
1705 469 1892 523 discipu-

1061 521 1114 562 lis
1133 523 1369 571 nuntiaret,
1393 522 1467 564 illa
1490 522 1675 574 gloriam
1697 526 1895 578 postulet

1061 577 1396 631 triumphantis?
1448 579 1562 629 Hac,
1601 585 1650 622 ut
1682 594 1800 632 reor,
1839 595 1894 624 ex

1061 647 1210 684 causa,
1257 635 1358 687 quia
1400 641 1504 688 post
1540 637 1685 678 omnia
1722 637 1894 681 dixerat

1059 691 1291 732 Dominus:
1325 692 1381 733 Et
1412 692 1542 733 tertia
1575 692 1646 734 die
1677 697 1893 746 resurget3

1059 748 1233 799 putavit
1262 761 1360 789 eum
1388 748 1545 790 mulier
1573 754 1678 802 post
1701 763 1892 793 resurre-

1061 803 1251 845 ctionem
1270 804 1386 845 illico
1407 808 1711 856 regnatarum,
1740 812 1784 848 et
1807 807 1892 849 hoc

1061 859 1182 911 quod
1205 861 1249 900 in
1273 861 1468 902 secundo
1494 861 1688 903 adventu
1711 865 1891 915 promit-

1058 916 1180 966 titur,
1208 917 1251 957 in
1276 917 1420 969 primo
1446 930 1543 959 esse
1563 918 1892 971 complendum3

1060 977 1104 1013 et
1123 972 1334 1015 aviditate
1360 974 1546 1015 feminea
1564 975 1801 1027 praesentia
1821 988 1890 1017 cu-

1058 1027 1134 1080 pit,
1152 1031 1383 1071 immemor
1402 1030 1659 1071 futurorum.

1113 1086 1163 1137 Rr.
1175 1085 1256 1126 Isti
1272 1091 1374 1127 sunt
1389 1086 1463 1138 qui
1478 1087 1677 1129 viventes
1691 1088 1735 1128 in
1750 1087 1891 1138 carne,

1058 1139 1367 1193 plantaverunt
1399 1142 1644 1184 Ecclesiam
1681 1145 1891 1196 sanguine

1059 1209 1154 1238 suo:
1171 1198 1194 1221 *
1210 1198 1402 1240 Calicem
1420 1199 1599 1241 Domini
1617 1199 1832 1250 biberunt,
1849 1206 1892 1243 et

1057 1254 1184 1295 amici
1202 1255 1286 1296 D'ei
1306 1255 1409 1297 facti
1428 1261 1538 1297 sunt.
1570 1250 1620 1302 V.
1644 1258 1695 1298 In
1715 1270 1890 1300 omnem

1056 1316 1220 1352 terram
1248 1312 1382 1354 exivit
1411 1325 1545 1354 sonus
1577 1316 1746 1364 eorum,
1776 1319 1820 1356 et
1846 1315 1890 1356 in

1057 1367 1167 1408 fines
1186 1367 1305 1409 orbis
1319 1373 1450 1410 terrae
1465 1369 1602 1411 verba
1616 1372 1781 1411 eorum.
1810 1371 1889 1412 Ca-

1056 1423 1196 1466 licem.

1346 1479 1498 1520 Lectio
1522 1479 1605 1519 viii.

1058 1528 1260 1634 Mater
1283 1537 1497 1589 postulat,
1527 1543 1570 1580 et
1588 1538 1804 1582 Dominus
1827 1540 1888 1581 di-

1186 1593 1369 1646 scipulis
1399 1594 1609 1647 loquitur:
1640 1595 1887 1648 intelligens

1052 1662 1209 1702 preces
1230 1651 1320 1702 ejus
1341 1663 1395 1692 ex
1412 1650 1601 1692 filiorum
1618 1651 1888 1695 descendere

1052 1706 1292 1748 voluntate.
1350 1707 1543 1749 Potestis
1588 1707 1741 1750 bibere
1787 1709 1886 1750 cali-

1053 1775 1159 1810 cem,
1180 1775 1312 1815 quem
1331 1776 1413 1815 ego
1428 1763 1647 1806 bibiturus
1667 1763 1787 1806 sum?
1809 1766 1886 1807 Ca-

1052 1818 1181 1860 licem
1206 1819 1250 1860 in
1269 1819 1505 1872 Scripturis
1531 1820 1690 1862 divinis
1718 1822 1886 1874 passio-

1053 1888 1153 1916 nem
1177 1875 1476 1927 intelligimus,
1506 1877 1627 1928 juxta
1651 1877 1777 1920 illud:
1807 1878 1886 1919 Pa-

1051 1936 1134 1981 ter,
1161 1932 1197 1973 si
1218 1932 1430 1985 possibile
1449 1938 1532 1982 est,
1556 1936 1753 1976 transeat
1772 1947 1798 1975 a
1816 1948 1886 1976 me

1052 1988 1165 2029 calix
1184 1989 1280 2030 iste.
1318 1989 1375 2030 Et
1398 1989 1442 2030 in
1460 1989 1654 2031 Psalmo:
1683 1989 1799 2041 Quid
1822 2003 1886 2032 re-

1050 2044 1242 2086 tribuam
1257 2045 1449 2087 Domino
1464 2059 1547 2098 pro
1567 2046 1770 2088 omnibus
1787 2060 1886 2099 quae

1051 2100 1252 2142 retribuit
1283 2100 1412 2142 mihi?
1459 2101 1651 2144 Calicem
1683 2103 1886 2145 salutaris

1052 2157 1283 2210 accipiam,
1313 2162 1356 2199 et
1381 2170 1542 2199 nomen
1561 2159 1740 2200 Domini
1765 2160 1885 2201 invo-

1051 2213 1175 2255 cabo.
1230 2214 1474 2266 Statimque
1508 2214 1639 2257 infert
1674 2216 1771 2268 quis
1802 2215 1886 2258 iste

1051 2270 1107 2311 sit
1144 2270 1272 2311 calix:
1316 2271 1517 2312 Pretiosa
1557 2272 1602 2312 in
1644 2274 1885 2326 conspectu

1050 2326 1229 2368 Domini
1246 2339 1366 2368 mors
1386 2329 1637 2369 sanctorum
1657 2329 1760 2381 eius.

1110 2384 1158 2435 Ra.
1180 2383 1260 2424 Isti
1278 2388 1378 2424 sunt
1395 2383 1477 2424 viri
1496 2385 1646 2435 sancti,
1668 2397 1780 2437 quos
1800 2385 1883 2426 ele-

1050 2439 1112 2489 git
1140 2439 1354 2480 Dominus
1380 2439 1424 2479 in
1450 2441 1634 2482 caritate
1657 2454 1746 2482 non
1769 2441 1883 2491 ficta,

1050 2500 1095 2535 et
1111 2494 1234 2536 dedit
1254 2495 1339 2536 illis
1354 2495 1540 2546 gloriam
1556 2497 1882 2550 sempiternam:

1055 2559 1076 2581 *
1089 2552 1286 2601 Quorum
1302 2551 1502 2594 doctrina
1521 2553 1659 2604 fulget
1672 2552 1881 2603 Ecclesia,

1051 2612 1099 2648 ut
1125 2607 1218 2648 sole
1243 2607 1356 2648 luna.
1396 2607 1444 2657 W.
1470 2609 1618 2650 Sancti
1642 2621 1722 2661 per
1747 2609 1881 2650 fidem

1051 2663 1250 2705 vicerunt
1268 2677 1418 2715 regna:
1443 2665 1615 2717 operati
1639 2670 1740 2706 sunt
1764 2665 1880 2716 justi-

1048 2719 1166 2760 tiam.
1193 2720 1400 2770 Quorum.
1431 2720 1592 2762 Gloria.
1621 2721 1828 2770 Quorum.
