2040 2976
686 193 797 227 Feria
823 198 957 237 quarta
984 194 1031 228 ad
1057 194 1293 229 Matutinurn.
1793 190 1837 225 63

186 285 391 328 Exaltare
428 298 559 338 super
597 284 733 326 coelos
764 285 900 326 Deus:
935 286 958 310 *

135 347 179 385 et
205 343 249 383 in
277 355 450 384 omnem
475 347 638 383 terram
665 341 804 392 gloria
830 347 914 383 tua.

185 399 412 451 Laqueum
461 400 724 451 paraverunt
773 398 958 451 pedibus

134 456 260 498 meis:
287 456 310 481 *
339 460 382 497 et
409 455 743 497 incurvaverunt
772 455 959 496 animam

133 525 286 554 meam.

185 567 409 610 Foderunt
431 573 531 609 ante
555 567 710 609 faciem
733 580 875 609 meam
899 568 958 609 fo-

134 638 277 667 veam:
305 626 328 652 *
357 629 400 666 et
426 623 671 666 inciderunt
697 624 740 664 in
769 637 875 665 eam.

184 682 390 723 Paratum
417 693 493 722 cor
515 693 660 721 meum
679 680 810 731 Deus,
835 683 958 733 para-

134 744 227 781 tum
246 750 322 779 cor
339 750 498 778 meum:
517 738 541 764 *
565 736 763 787 cantabo,
784 743 827 779 et
846 737 958 790 psal-

133 808 252 836 mum
280 793 432 836 dicam.

185 851 383 900 Exsurge
431 850 570 900 gloria
614 863 727 900 mea,
774 853 959 901 exsurge

133 907 388 960 psalterium
410 911 454 948 et
473 906 653 948 cithara:
678 909 701 934 *
728 910 959 957 exsurgam

134 963 336 1006 diluculo.
793 1011 795 1014 ¹

187 1019 439 1062 Confitebor
473 1019 552 1061 tibi
585 1020 629 1060 in
664 1021 838 1074 populis
871 1022 958 1064 Do-

132 1077 261 1118 mine:
280 1078 304 1104 *
328 1081 372 1118 et
398 1076 614 1129 psalmum
641 1076 783 1119 dicam
809 1079 888 1120 tibi
916 1079 958 1120 in

134 1133 362 1175 Gentibus:

186 1191 400 1241 Quoniam
426 1191 703 1241 magnificata
731 1197 797 1234 est
819 1206 958 1245 usque

133 1247 190 1289 ad
209 1247 347 1289 coelos
366 1247 664 1290 misericordia
682 1254 767 1299 tua,
787 1251 810 1276 *
831 1254 874 1290 et
890 1263 957 1290 us-

134 1317 218 1356 que
246 1304 303 1345 ad
329 1304 467 1346 nubes
495 1305 655 1346 veritas
683 1310 768 1346 tua.

183 1359 388 1402 Exaltare
426 1373 557 1413 super
594 1361 732 1402 coelos
765 1362 901 1403 Deus:
934 1364 957 1389 *

133 1421 176 1458 et
194 1429 326 1469 super
342 1429 515 1458 omnem
530 1421 692 1458 terram
711 1417 851 1468 gloria
873 1423 956 1460 tua.

181 1473 282 1515 Ant.
308 1473 523 1524 Quoniam
541 1473 584 1514 in
603 1478 648 1515 te
670 1474 850 1516 confidit
870 1476 956 1516 ani-

129 1542 201 1570 ma
227 1541 335 1570 mea.

183 1586 282 1627 Ant.
310 1587 431 1628 Justa
457 1585 657 1638 judicate.

398 1646 595 1687 Psalmus
623 1647 688 1687 57.

199 1696 214 1738 i
250 1710 353 1739 vere
390 1698 540 1750 utique
576 1699 782 1750 justitiam
818 1700 954 1753 loqui-

230 1754 348 1795 mini:
371 1756 395 1782 *
413 1759 534 1796 recta
560 1755 747 1806 judicate
775 1756 853 1798 filii
879 1757 953 1799 ho-

127 1810 300 1851 minum.

180 1867 351 1909 Etenim
370 1869 413 1910 in
433 1867 566 1910 corde
582 1868 831 1921 iniquitates
852 1883 953 1923 ope—

128 1924 296 1964 ramini:
315 1926 339 1952 *
357 1925 401 1966 in
417 1930 534 1967 terra
553 1925 781 1976 injustitias
801 1940 954 1969 manus

128 1985 286 2022 vestrae
315 1984 586 2023 concinnant.

179 2036 369 2079 Alienati
397 2043 497 2080 sunt
523 2039 779 2090 peccateres
811 2052 837 2080 a
864 2039 952 2081 vul-

127 2105 196 2142 va,
232 2096 483 2136 erraverunt
510 2093 565 2135 ab
597 2097 740 2135 utero:
767 2097 790 2122 *
817 2095 953 2138 locuti

128 2154 227 2191 sunt
253 2149 372 2192 falsa.

177 2205 317 2248 Furor
354 2208 439 2250 illis
483 2209 722 2251 secundum
759 2209 951 2251 similitu—

128 2261 273 2303 dinem
309 2266 539 2318 serpentis:
575 2267 599 2292 *
641 2266 752 2307 sicut
788 2265 951 2317 aspidis

128 2318 282 2369 surdae‚
311 2326 354 2362 et
382 2321 625 2364 obturantis
653 2335 781 2363 aures
809 2335 925 2362 suas:

179 2375 287 2425 Quae
309 2389 396 2418 non
418 2378 621 2420 exaudiet
635 2391 790 2420 vocem
808 2378 950 2419 incan-

126 2432 325 2473 tantium:
354 2435 377 2461 *
405 2439 449 2475 et
475 2435 658 2476 venefici
690 2435 950 2476 incantantis

127 2488 357 2540 sapienter.

178 2544 299 2585 Deus
329 2547 527 2588 conteret
554 2546 708 2588 dentes
730 2549 880 2588 eorum
907 2547 950 2587 in

128 2613 204 2642 ore
223 2601 432 2653 ipserum:
452 2603 475 2627 *
493 2602 632 2643 molas
656 2602 831 2644 leenum
851 2616 949 2645 con-

128 2656 284 2707 fringet
310 2658 534 2699 Dominus.

179 2712 251 2755 Ad
274 2713 454 2755 nihilum
480 2714 711 2756 devenient
728 2719 951 2768 tamquam

1011 297 1124 337 aqua
1152 283 1405 327 decurrens:
1432 286 1660 329 *intendit
1688 299 1835 327 arcum

1010 355 1136 382 suum
1165 341 1306 383 donec
1333 342 1611 384 infirmentur.

1062 398 1181 439 Sicut
1199 411 1308 447 cera,
1331 412 1427 450 quae
1448 400 1551 449 fluit,
1572 402 1836 443 auferentur:

1011 456 1034 481 *
1062 454 1351 507 supercecidit
1378 456 1503 506 ignis,
1536 462 1578 498 et
1605 471 1692 499 non
1720 458 1835 500 vide-

1011 516 1110 552 runt
1138 511 1286 552 solem.

1061 568 1322 620 Priusquam
1364 568 1653 619 intelligerent
1699 572 1835 624 spinae

1011 629 1169 666 vestrae
1190 624 1431 666 rhamnum:
1453 627 1476 652 *
1496 626 1606 668 sicut
1630 628 1835 678 viventes,

1012 681 1074 722 sic
1101 682 1143 721 in
1171 681 1235 722 ira
1262 681 1470 723 absorbet
1499 695 1585 723 eos.

1062 738 1304 779 Laetabitur
1320 739 1456 789 justus
1468 752 1567 780 cum
1581 740 1738 782 viderit
1748 742 1835 782 vin-

1012 794 1187 835 dictam:
1222 796 1245 821 *
1279 808 1431 836 manus
1465 809 1565 836 suas
1597 796 1760 838 lavabit
1793 798 1836 838 in

1012 851 1221 901 sanguine
1249 852 1504 904 peccatoris.
1684 867 1688 872 ’

1065 908 1121 949 Et
1158 907 1274 949 dicet
1308 908 1457 949 homo:
1498 909 1542 950 Si
1579 910 1729 961 utique
1771 916 1837 951 est

1011 965 1176 1005 fruetus
1208 965 1337 1016 justo:
1372 966 1395 991 *
1431 965 1581 1017 utique
1617 971 1683 1007 est
1716 967 1836 1008 Deus

1010 1020 1205 1075 judicans
1235 1034 1310 1063 eos
1338 1022 1381 1062 in
1408 1026 1535 1063 terra.

1278 1078 1476 1119 Psalmus
1504 1080 1569 1118 58.

1096 1134 1190 1185 ripe
1215 1146 1285 1174 me
1306 1133 1361 1175 de
1387 1133 1570 1175 inimicis
1594 1134 1702 1175 meis
1716 1135 1836 1176 Deus

1112 1203 1250 1231 meus:
1270 1192 1293 1217 *
1314 1195 1356 1231 et
1377 1190 1431 1231 ab
1451 1191 1772 1241 insurgentibus
1793 1192 1836 1232 in

1010 1259 1080 1296 me
1107 1246 1244 1287 libera
1271 1260 1352 1288 me.

1061 1303 1193 1355 Eripe
1236 1316 1306 1344 me
1345 1303 1399 1344 de
1441 1304 1724 1355 operantibus
1761 1305 1834 1345 ini-

1011 1359 1275 1411 quitatemz*
1293 1364 1336 1400 et
1364 1358 1419 1400 de
1448 1360 1550 1400 viris
1579 1361 1835 1411 sanguinum

1009 1415 1130 1457 salva
1156 1428 1237 1457 me.

1061 1472 1171 1522 Quia
1189 1485 1292 1513 ecce
1316 1474 1525 1524 ceperunt
1543 1473 1730 1514 animam
1748 1488 1833 1516 me-

1009 1541 1094 1569 am:
1122 1530 1145 1556 *
1172 1529 1389 1570 irruerunt
1415 1529 1459 1569 in
1486 1542 1556 1570 me
1584 1529 1731 1571 fortes.

1059 1584 1216 1637 Neque
1232 1585 1435 1637 iniquitas
1451 1598 1558 1635 mea,
1578 1599 1721 1638 neque
1735 1601 1834 1640 pec-

1009 1643 1154 1682 catum
1181 1654 1326 1683 meum
1353 1642 1557 1683 Demine:
1589 1644 1612 1669 *
1640 1644 1731 1685 sine
1759 1645 1833 1685 ini-

1010 1698 1174 1750 quitate
1203 1699 1384 1749 cucurri,
1414 1703 1457 1740 et
1485 1698 1634 1740 direxi.

1059 1755 1257 1805 Exsurge
1285 1755 1328 1795 in
1357 1758 1587 1796 occursum
1614 1770 1769 1807 meum,
1791 1762 1834 1799 et

1006 1810 1123 1852 vide:
1151 1812 1175 1838 *
1195 1816 1238 1852 et
1265 1816 1313 1852 tu
1339 1811 1526 1853 Domine
1554 1812 1675 1854 Deus
1703 1814 1832 1854 virtu-

1006 1872 1108 1917 tum,
1136 1867 1258 1909 Deus
1286 1867 1432 1918 Israel,

1058 1923 1241 1965 Intende
1291 1924 1348 1966 ad
1396 1925 1634 1967 visitandas
1682 1939 1832 1968 omnes

1007 1980 1189 2022 Gentes:
1208 1982 1231 2007 *
1250 1994 1338 2022 non
1354 1981 1600 2023 miserearis
1621 1982 1831 2033 omnibus,

1007 2037 1081 2089 qui
1109 2039 1346 2089 operantur
1371 2038 1656 2091 iniquitatem.

1059 2093 1377 2135 Convertentur
1413 2094 1469 2136 ad
1504 2097 1748 2147 vesperam:
1789 2101 1831 2137 et

1003 2150 1164 2191 famem
1200 2150 1419 2201 patientur
1454 2156 1502 2192 ut
1542 2164 1687 2202 canes,
1728 2154 1751 2179 *
1789 2157 1831 2194 et

1005 2207 1246 2250 circuibunt
1274 2209 1504 2250 civitatem.
1616 2206 1625 2214 '

1056 2266 1170 2307 Ecce
1203 2266 1437 2318 loquentur
1473 2265 1516 2305 in
1551 2277 1626 2306 ore
1656 2278 1751 2315 suo,
1787 2270 1830 2306 et

1004 2321 1175 2372 gladius
1202 2322 1244 2362 in
1279 2321 1406 2363 labiis
1436 2323 1600 2362 eorum:
1628 2323 1652 2348 *
1682 2322 1828 2374 quoni-

1004 2391 1074 2418 am
1104 2379 1199 2430 quis
1228 2376 1416 2419 audivit?

1055 2435 1111 2475 Et
1144 2439 1193 2475 tu
1219 2434 1407 2475 Domine
1436 2433 1654 2475 deridebis
1683 2446 1776 2474 eos:
1804 2435 1827 2459 *

1004 2490 1059 2531 ad
1077 2490 1256 2531 nihilum
1274 2489 1466 2531 deduces
1482 2502 1632 2531 omnes
1653 2489 1826 2530 Gentes.

1055 2546 1373 2588 Fortitudinem
1391 2559 1533 2587 meam
1550 2545 1606 2587 ad
1622 2550 1665 2587 te
1686 2547 1824 2586 custo-

1004 2602 1136 2652 diam,
1173 2603 1273 2655 quia
1300 2603 1420 2644 Deus
1449 2604 1677 2654 susceptor
1703 2613 1824 2641 meus

1004 2672 1067 2700 es:
1085 2661 1108 2686 *
1129 2659 1249 2700 Deus
1268 2671 1401 2708 meus,
1420 2657 1716 2700 misericordia
1734 2657 1824 2708 ejus

1002 2715 1241 2768 praeveniet
1267 2727 1348 2756 me.
