2040 2976
662 250 881 283 Gratiarum
905 249 1004 282 aetio
1030 254 1118 291 post
1142 248 1310 281 Missam.
1748 241 1840 286 [373]

133 351 263 387 Omnia
286 349 467 393 operetur
489 347 529 382 in
549 346 715 390 laudem,
740 349 777 380 et
800 345 963 390 gloriam
1022 347 1122 388 Jesu,
1147 355 1262 389 quern
1283 343 1453 379 velatum
1475 352 1577 377 nunc
1600 341 1765 386 aspicio:

131 400 301 436 miminis
317 398 384 441 tui,
409 407 496 432 cum
519 396 736 430 humilitate
760 399 797 430 et
821 395 963 429 disere·
1074 394 1150 430 Oro
1174 395 1241 429 fiat
1264 393 1371 436 illud,
1396 392 1501 436 quod
1523 396 1603 427 tam
1625 392 1729 427 sitio:

132 452 253 494 tione,
284 459 372 484 cum
400 446 606 482 dilectiOne
636 449 673 480 et
697 445 963 488 delectatione,
1073 445 1125 480 Ut
1148 448 1184 480 te
1207 443 1378 479 revelata
1403 452 1562 477 cernens
1586 442 1694 485 facie,

133 511 220 536 cum
243 498 428 534 facilitate
454 500 491 532 et
511 495 658 538 affectu,
683 505 770 530 cum
784 504 964 538 perseve-
1051 515 1055 519 ·
1074 494 1172 528 Visu
1195 494 1268 528 sim
1289 494 1426 528 beatus
1450 495 1528 526 tuae
1551 491 1695 535 gleriae.

132 551 258 586 rantia
280 558 405 592 usque
426 547 467 581 in
489 546 619 581 finem:
650 549 687 580 et
709 549 751 580 tu
775 545 830 579 sis
855 545 963 580 solus
1325 542 1459 577 Amen.

133 611 286 645 semper
318 608 410 644 spes
444 607 546 640 mea,
584 599 666 631 tota
697 595 840 631 fiducia
867 606 963 639 mea,

134 651 282 687 divitiae
305 658 418 691 meae,
443 646 649 682 delectatio
666 656 768 690 mea,
791 645 964 689 jucundi-

133 705 194 737 tas
227 710 329 743 mea,
373 697 560 742 gaudium
593 706 736 739 meum,
782 695 892 739 quies
928 698 966 729 et

133 749 394 795 tranquillitas
422 757 525 790 mea,
557 756 637 790 pax
659 755 761 788 mea,
792 743 964 779 suavitas

133 800 234 844 niea,
258 799 358 835 odor
379 807 507 840 meus,
535 795 700 830 dulcedo
723 805 824 837 mea,
855 794 964 828 cibus

133 860 261 893 meus,
292 847 451 883 refectio
479 856 580 889 mea,
613 844 805 888 refugium
828 854 965 888 meum,

135 900 322 936 auxilium
343 907 480 940 meum,
505 895 697 939 sapientia
717 904 812 937 mea,
837 894 964 937 portio

134 961 234 995 mea,
261 947 465 994 possessio
486 957 586 989 mea,
616 945 822 980 thesaurus
846 954 965 986 meus,

135 1001 176 1036 in
203 1009 280 1044 quo
304 999 400 1041 fixa,
434 1001 471 1031 et
498 996 622 1038 firma,
655 998 692 1029 et
721 994 967 1028 immobiliter

136 1060 289 1095 semper
312 1048 363 1083 sit
381 1046 555 1081 radicata
579 1055 687 1080 mens
711 1054 811 1086 mea,
841 1048 877 1078 et
901 1054 968 1078 cor

135 1113 272 1138 meum.
303 1101 439 1136 Amen.

297 1213 539 1266 Rhythmus
563 1202 609 1251 S.
639 1210 805 1250 Thomae

243 1277 299 1310 ad
328 1285 499 1310 sacram
522 1273 863 1307 Eucharistiam.

400 1349 506 1381 Indulg.
525 1350 573 1373 100
588 1348 704 1373 dicrum.

328 1397 387 1423 Leo
403 1397 458 1422 PP.
474 1395 552 1421 xm.
568 1396 608 1421 2⁴).
625 1395 690 1420 Dee.
707 1395 780 1420 ism⁴

183 1444 279 1480 doro
301 1447 338 1479 te
363 1443 513 1486 devote,
535 1441 661 1476 latens
685 1439 829 1482 Deitas,

219 1494 315 1536 Quae
339 1493 412 1528 sub
435 1492 498 1526 his
527 1490 661 1535 figuris
684 1499 775 1525 vere
799 1488 945 1523 latitas:

196 1544 287 1580 Tibi
311 1553 352 1578 se
377 1553 445 1578 cor
467 1552 595 1577 meum
614 1544 738 1575 totum
759 1539 924 1582 subjicit,

198 1594 298 1637 Quia
321 1597 358 1629 te
382 1592 665 1636 contemplans,
689 1594 812 1625 totum
832 1588 969 1623 deficit.

141 1660 270 1709 Visus,
293 1662 430 1701 tactus,
454 1660 591 1702 gustus
615 1656 655 1690 in
679 1659 716 1690 te
740 1654 896 1697 fallitur,

201 1709 279 1745 Sed
302 1709 436 1744 auditu
459 1708 545 1743 solo
570 1710 653 1742 tuto
678 1705 854 1741 creditur.

200 1759 328 1796 Credo
358 1757 552 1804 quidquid
576 1757 676 1792 dixit
698 1756 772 1791 Dei
794 1755 927 1798 Filius,

199 1810 267 1854 Nil
288 1809 366 1844 hoc
387 1809 510 1844 verbo
533 1806 710 1843 veritatis
733 1805 874 1841 verius.

142 1878 188 1912 In
209 1885 321 1911 cruce
344 1874 491 1910 latebat
513 1873 599 1908 sola
616 1867 767 1914 Deitas,

199 1926 254 1961 At
267 1925 333 1960 hic
348 1925 443 1960 latet
458 1923 574 1959 simul
590 1926 628 1959 et
643 1920 879 1956 humanitas:

199 1976 328 2012 Ambo
356 1980 486 2012 tamen
515 1973 691 2016 credens,
722 1974 837 2015 atque
859 1969 972 2005 confi-

199 2076 295 2119 Peto
320 2075 427 2120 quod
449 2029 587 2119 Ῑξῗῒιίὃιῖἱῖ
608 2072 708 2107 latro
732 2070 936 2115 poenitens.

145 2140 297 2184 Plagas,
320 2139 420 2174 sicut
443 2138 626 2180 Thomas,
649 2145 728 2170 non
751 2135 918 2169 intueor:

201 2190 327 2225 Deum
349 2193 479 2224 tamen
498 2197 626 2222 meum
648 2190 686 2221 te
709 2184 904 2220 confiteor.

201 2241 281 2276 Fac
301 2250 362 2276 me
386 2239 459 2275 tibi
483 2247 636 2281 semper
658 2235 783 2279 magis
808 2233 974 2275 credere,

201 2291 247 2327 In
269 2295 306 2326 te
330 2300 441 2334 spem
463 2288 617 2330 habere,
640 2291 677 2321 te
702 2286 872 2328 diligere.

148 2359 178 2393 O
202 2356 426 2392 memoriale
450 2353 586 2389 mortis
611 2351 777 2394 Domini,

204 2407 323 2442 Panis
339 2406 456 2442 vivus
471 2404 593 2440 vitam
608 2405 801 2447 praestans
817 2398 975 2441 homini,

206 2457 357 2492 Praesta
379 2465 477 2490 meae
500 2453 619 2488 menti
643 2452 691 2486 de
715 2455 752 2486 te
775 2451 917 2491 vivere,

204 2506 253 2541 Et
275 2510 313 2541 te
336 2505 394 2540 illi
419 2514 572 2548 semper
596 2502 707 2536 dulce
732 2502 878 2544 sapere.

150 2572 217 2608 Pie
243 2571 433 2615 pellicane
456 2569 552 2603 Jesu
574 2566 749 2608 Domine,

206 2622 268 2656 Me
285 2619 525 2655 immundum
538 2617 682 2652 munda
694 2619 760 2650 tuo
774 2612 976 2656 sanguine:

209 2670 328 2714 Cujus
351 2679 430 2704 una
453 2667 558 2703 stilla
581 2666 733 2700 salvum
756 2663 882 2697 facere

202 2721 344 2756 Totum
369 2718 556 2754 mundum
583 2716 666 2760 quit
691 2715 739 2749 ab
768 2713 873 2748 omni
899 2712 978 2747 see-

460 2768 550 2803 lere.

1345 1779 1376 1819 O
1387 1792 1409 1819 r
1419 1778 1531 1818 atio

1175 1861 1303 1885 coram
1328 1848 1493 1889 imagine
1519 1845 1710 1879 Crucifixi.

1327 1912 1431 1944 lndulg.
1452 1911 1554 1944 plenar·

1255 1961 1320 1986 Pius
1342 1959 1389 1984 IX.
1408 1958 1449 1983 31.
1469 1956 1536 1983 ,Iulii
1559 1956 1631 1981 10:3³.

1030 2017 1105 2092 En
1134 2020 1223 2054 ego,
1258 2019 1281 2043 o
1309 2009 1411 2043 bone
1440 2010 1477 2042 et
1501 2004 1722 2041 dulcissime
1746 2003 1854 2046 Jesu,

1107 2063 1194 2095 ante
1211 2058 1461 2101 conspectum
1479 2059 1587 2091 tuum
1607 2054 1769 2099 genibus
1793 2063 1853 2087 me

1024 2110 1218 2156 provolvo
1245 2118 1290 2142 ac
1312 2106 1482 2141 maximo
1511 2104 1630 2139 Animi
1655 2103 1792 2138 ard6re
1815 2106 1852 2137 te

1027 2171 1095 2195 oro
1125 2163 1239 2202 atque
1270 2157 1457 2199 obtestor,
1489 2157 1531 2189 ut
1560 2163 1689 2188 meum
1716 2152 1757 2187 in
1786 2161 1853 2186 cor

1025 2209 1181 2246 vividos
1206 2207 1314 2251 fidei,
1339 2205 1425 2250 spei
1448 2208 1485 2239 et
1509 2202 1680 2239 caritAtis
1704 2211 1852 2244 sensuS‚

1027 2264 1142 2304 atque
1165 2267 1298 2293 veram
1321 2255 1568 2300 peccat6rum
1585 2253 1756 2287 medrum
1772 2260 1852 2295 poe-

1025 2308 1241 2350 nitentiam,
1274 2307 1395 2349 eaque
1425 2301 1655 2338 emendandi
1683 2299 1852 2335 firmissi-

1026 2369 1129 2395 mam
1143 2357 1382 2393 voluntatem
1397 2353 1497 2389 velis
1514 2351 1744 2396 imprimere:
1762 2349 1853 2384 dum

1026 2418 1168 2453 magno
1184 2405 1302 2442 animi
1315 2404 1452 2440 affectu
1466 2407 1504 2439 et
1519 2402 1651 2437 dolore
1666 2404 1731 2435 tua
1744 2399 1852 2443 quin-
1886 2440 1894 2441 ἶ

1029 2469 1102 2504 que
1118 2458 1280 2493 vulnera
1299 2463 1450 2489 mecum
1465 2453 1550 2497 ipse
1565 2450 1783 2492 considero,
1808 2458 1852 2482 ac

1027 2511 1153 2543 mente
1171 2504 1420 2548 contemplor,
1438 2501 1535 2537 illud
1549 2510 1631 2544 prae
1648 2498 1770 2534 oculis
1786 2497 1852 2531 ha-

1027 2558 1135 2599 bens,
1154 2554 1260 2600 quod
1275 2555 1353 2598 jam
1368 2553 1408 2587 in
1425 2561 1490 2587 ore
1505 2549 1674 2594 ponebat
1690 2556 1761 2582 suo
1776 2546 1852 2580 Da-

1027 2607 1097 2643 vid
1116 2605 1312 2649 Propheta
1336 2603 1383 2638 de
1406 2606 1458 2644 te,
1482 2610 1505 2635 o
1528 2600 1630 2634 bone
1645 2598 1756 2632 Jesu:
1779 2595 1853 2630 Fo-

1030 2657 1167 2691 derunt
1180 2663 1318 2689 manus
1334 2661 1439 2686 meas
1456 2654 1494 2684 et
1507 2647 1628 2692 pedes
1644 2656 1767 2681 meos:
1786 2644 1852 2679 Di·
1886 2680 1888 2682 ,

1029 2705 1326 2749 numeraverunt
1345 2701 1473 2737 Omnia
1490 2707 1581 2734 ossa
1596 2706 1691 2731 mea.
1723 2699 1784 2732 Ps.
1800 2697 1852 2731 21.

307 2903 372 2926 Pm
388 2901 496 2925 AEstiva.
1593 2870 1646 2903 Y.
