2040 2976
182 215 230 261 [2]
778 204 986 237 Commune
1008 202 1297 246 Apostolorum.

183 317 267 354 tur:
296 310 397 363 quia
421 310 617 350 amorem
636 318 763 347 suum
780 317 869 346 non
888 302 1010 356 spiri-

182 368 342 417 taliter,
375 364 454 407 sed
483 363 715 406 carnaliter
742 359 1011 413 impendunt.

181 422 372 465 Proinde
384 435 483 464 cum
490 420 707 462 Dominus
719 418 898 460 diceret:
911 416 1010 457 Hoc

182 486 250 523 est
267 480 541 533 praeceptum
560 489 722 525 meum,
749 478 798 516 ut
822 472 1011 524 diligatis

182 537 383 579 invicem:
415 534 617 588 protinus
654 530 843 574 addidit:
889 529 1009 571 Sicut

182 593 314 636 dilexi
337 605 432 643 vos,
462 604 513 633 ac
538 591 575 632 si
598 590 749 642 aperte
769 587 900 629 dicat:
937 585 1009 626 Ad

181 651 266 692 hoc
299 651 460 698 amate,
502 647 559 689 ad
592 645 712 699 quod
743 643 887 685 amavi
918 654 1009 683 vos.

927 736 1159 773 ἅὲἢὲξᾲὲἥ·

1065 301 1161 351 Qua
1179 299 1223 340 in
1241 311 1304 349 re,
1332 298 1489 340 fratres
1509 297 1731 347 carissimi,
1759 296 1891 338 soler-

1063 362 1130 399 ter
1153 354 1411 397 intuendum
1435 358 1517 404 est,
1546 353 1667 406 quod
1686 355 1892 406 antiquus

1063 413 1221 463 hostis,
1256 411 1360 454 dum
1387 415 1579 452 mentem
1609 415 1808 452 nostram
1836 409 1893 451 ad

1063 483 1209 512 rerum
1256 467 1568 521 temporalium
1613 466 1893 509 dilectionem

1064 526 1209 576 trahit,
1228 524 1515 566 infirmiorem
1529 528 1684 566 contra
1696 536 1779 565 nos
1793 525 1892 577 pro-

1063 584 1227 624 ximum
1256 582 1433 631 excitat,
1469 581 1544 634 qui
1570 593 1623 622 ea
1648 580 1761 633 ipsa,
1793 593 1892 633 quae

1063 640 1293 691 diligimus,
1321 637 1491 680 auferre
1509 637 1725 679 moliatur.

202 851 528 901 COMMUNE
563 846 1066 899 APOSTOLORUM
1098 846 1185 894 ΕΤ
1219 842 1871 894 EVANGELISTARUM.

397 992 459 1033 In
483 991 521 1031 1.
540 986 791 1039 vesperis.

235 1053 333 1095 Ant.
360 1056 457 1094 Hoc
477 1056 543 1094 est
562 1051 835 1104 praeceptum
852 1059 1010 1095 meum,

182 1114 206 1139 *
230 1118 278 1154 ut
302 1109 492 1161 diligatis
514 1108 717 1156 invicem,
745 1105 857 1146 sicut
877 1102 1011 1145 dilexi

182 1184 273 1212 VOS.

464 1212 661 1252 Psalmus
683 1211 774 1249 109.

235 1286 289 1298 α’
309 1286 313 1290 ·
332 1286 336 1290 ·
355 1281 430 1332 ρης
439 1272 518 1312 ixit
537 1270 752 1312 Dominus
772 1269 872 1308 Dfio
896 1278 1011 1306 meo:

193 1350 213 1371 ,,
278 1324 356 1387 EDs
394 1327 427 1381 ³132
455 1329 478 1355 *
497 1327 611 1369 Sede
630 1339 656 1368 a
675 1325 842 1367 dextris
861 1322 986 1364 meis:

193 1376 223 1441 ζ’(
285 1374 363 1439 ἐξ*
414 1383 427 1437 ’ξ
507 1385 662 1426 Donec
689 1395 852 1435 ponam
876 1380 1011 1421 inimi-

193 1449 222 1465 ’“
278 1436 343 1493 L)
378 1445 428 1503 {xl}
456 1454 533 1483 cos
565 1446 684 1490 tuOS,
717 1440 741 1465 *
774 1437 1012 1480 scabellum

264 1519 267 1521 ·
304 1509 319 1511 ⁴
361 1492 373 1504 ⁴
398 1497 432 1527 -·;.
454 1498 621 1551 pedum
638 1499 826 1538 tuorum.

234 1555 417 1606 virgam
436 1555 609 1596 virtutis
628 1559 716 1596 tuae
737 1554 907 1595 emittet
924 1551 1012 1592 Do-

183 1611 324 1653 minus
345 1625 399 1653 ex
417 1612 538 1653 Sion:
565 1612 589 1637 *
618 1610 844 1653 dominare
863 1609 908 1650 in
926 1608 1013 1648 me-

185 1668 258 1710 dio
277 1668 552 1710 inimicorum
570 1670 758 1710 tuorum.

236 1725 404 1767 Tecum
418 1725 681 1778 principium
694 1725 739 1765 in
754 1723 825 1765 die
840 1721 1015 1763 virtutis

185 1786 273 1823 tuae
296 1782 341 1822 in
364 1782 674 1835 splendoribus
698 1782 967 1822 sanctorum:
991 1778 1014 1803 *

187 1851 241 1880 ex
259 1842 386 1880 utero
404 1843 505 1880 ante
524 1839 754 1880 luciferum
772 1837 902 1888 genui
920 1840 976 1877 te.

237 1895 407 1937 Juravit
433 1896 661 1946 Dominus,
690 1900 734 1937 et
762 1907 851 1935 non
877 1892 1014 1946 poeni-

187 1951 297 1993 tebit
320 1965 433 1993 eum:
457 1954 481 1980 *
506 1953 576 1994 Tu
599 1965 646 1994 es
666 1950 876 1993 sacerdos
899 1950 943 1990 in
961 1962 1015 1990 ae-

186 2010 357 2050 ternum
373 2008 615 2051 secundum
630 2008 829 2050 ordinem
839 2005 1015 2048 Melchi—

188 2064 360 2106 sedech.

238 2121 453 2163 Dominus
473 2135 498 2163 a
514 2122 680 2164 dextris
699 2122 797 2172 tuis,
811 2122 835 2147 *
851 2120 1015 2162 confre—

191 2177 250 2229 git
268 2177 311 2218 in
331 2177 400 2219 die
417 2179 493 2220 irae
515 2192 605 2220 suae
625 2192 763 2230 reges.

239 2234 264 2275 J
265 2233 459 2276 udicabit
476 2235 519 2275 in
535 2235 796 2285 nationibus,
816 2233 1016 2287 implebit

188 2292 349 2332 ruinas:
383 2290 407 2316 *
443 2292 756 2344 conquassabit
789 2292 936 2344 capita
972 2291 1015 2331 in

189 2352 306 2389 terra
325 2346 573 2388 multorum.

241 2403 308 2445 De
327 2405 522 2445 torrente
545 2404 589 2444 in
608 2405 678 2446 via
699 2404 835 2447 bibet:
862 2405 885 2430 *
916 2417 1015 2457 pro-

188 2462 341 2513 pterea
361 2459 570 2502 exaltabit
589 2466 731 2514 caput.

243 2523 339 2561 Ant.
364 2521 465 2560 Hoc
483 2522 550 2558 est
567 2519 841 2570 praeceptum
859 2531 1016 2567 meum,

189 2579 237 2615 ut
252 2572 442 2624 diligatis
453 2573 650 2627 invicem,
662 2574 773 2614 sicut
785 2573 915 2615 dilexi
926 2587 1016 2615 vos.

242 2636 341 2676 Ant.
363 2631 574 2682 Maiorem
596 2630 826 2671 caritatem
843 2631 867 2655 ¹⁸¹
887 2643 1016 2671 nemo

190 2687 334 2736 habet,
354 2692 402 2728 ut
418 2686 608 2727 animam
624 2699 748 2727 suam
762 2691 900 2738 ponat
920 2687 1017 2738 quis

187 2756 270 2796 pro
290 2755 442 2785 amicis
463 2756 562 2784 su1s.

1321 973 1521 1014 Psalmus
1550 973 1636 1012 110.

1142 1039 1361 1082 onfitebor
1393 1038 1476 1080 tibi
1501 1037 1694 1079 Domine
1723 1037 1768 1078 in
1799 1041 1895 1078 toto

1159 1096 1294 1138 corde
1313 1107 1430 1137 meo:
1451 1095 1476 1121 *
1494 1094 1540 1136 in
1558 1094 1742 1136 consssio
1763 1094 1895 1146 justo-

1065 1167 1173 1204 rum,
1202 1158 1246 1195 et
1265 1152 1621 1204 congregatione.

1115 1210 1277 1261 Magna
1291 1211 1429 1262 opera
1438 1208 1632 1250 Domini:
1642 1208 1666 1234 *
1678 1207 1896 1260 exquisita

1064 1268 1109 1308 in
1129 1279 1282 1308 omnes
1301 1265 1552 1307 voluntates
1573 1266 1676 1318 ejus.

1117 1323 1348 1366 Confessio
1373 1327 1417 1364 et
1440 1321 1766 1374 magnificentia
1784 1333 1896 1374 opus

1066 1382 1173 1434 ejus:
1187 1381 1211 1407 *
1231 1385 1275 1423 et
1292 1380 1458 1433 justitia
1477 1380 1568 1432 ejus
1586 1383 1736 1420 manet
1753 1378 1799 1419 in
1818 1379 1896 1420 sae-

1066 1438 1214 1481 culum
1232 1437 1394 1480 saeculi.

1118 1494 1378 1537 Memoriam
1395 1493 1501 1536 fecit
1519 1492 1784 1535 mirabilium
1799 1492 1897 1534 suo-

1067 1566 1174 1602 rum,
1202 1551 1454 1593 misericors
1482 1555 1527 1592 et
1553 1550 1787 1591 miserator
1809 1549 1898 1590 Do-

1066 1610 1225 1650 minus:
1235 1610 1259 1634 *
1271 1621 1419 1650 escam
1435 1606 1559 1649 dedit
1573 1605 1829 1649 timentibus
1840 1618 1898 1648 se.

1118 1666 1290 1707 Memor
1327 1665 1411 1706 erit
1446 1664 1491 1705 in
1523 1662 1735 1705 saeculum
1766 1667 1897 1704 testa-

1066 1723 1205 1764 menti
1222 1722 1304 1764 sui:
1323 1722 1347 1748 *
1366 1722 1575 1763 virtutem
1594 1722 1781 1773 operum
1799 1720 1898 1761 suo-

1068 1793 1166 1821 rum
1184 1778 1462 1821 annuntiabit
1477 1776 1645 1831 populo
1665 1788 1762 1818 suo:

1118 1836 1179 1878 Ut
1212 1835 1288 1878 det
1322 1835 1408 1876 illis
1444 1833 1751 1876 haereditatem
1784 1833 1898 1875 Gen·

1068 1894 1192 1935 tium:
1218 1893 1243 1919 *
1272 1894 1409 1945 opera
1434 1893 1643 1932 manuum
1671 1890 1762 1942 ejus
1789 1889 1898 1931 veri-

1069 1955 1149 2000 taS,
1177 1954 1222 1991 et
1240 1949 1460 2002 judicium.

1116 2006 1286 2048 Fidelia
1297 2005 1445 2047 omnia
1458 2004 1668 2047 mandata
1678 2004 1783 2056 ejus:
1799 2015 1899 2046 con-

1069 2063 1243 2104 firmata
1261 2063 1306 2104 in
1324 2061 1537 2104 saeculum
1556 2061 1718 2112 saeculi,
1735 2060 1760 2087 ²⁸¹
1782 2060 1900 2102 facta

1070 2120 1114 2161 in
1133 2120 1319 2162 veritate
1340 2123 1384 2161 et
1405 2119 1627 2171 aequitate.

1115 2176 1488 2229 Redemptionem
1497 2175 1616 2217 misit
1625 2173 1793 2228 populo
1805 2185 1900 2215 suo:

1068 2234 1091 2259 *
1110 2232 1337 2275 mandavit
1360 2232 1405 2273 in
1427 2234 1642 2274 aeternum
1665 2231 1900 2274 testamen-

1068 2295 1163 2332 tum
1181 2303 1318 2332 suum.

1124 2348 1344 2398 Sanctum,
1359 2352 1404 2389 et
1418 2346 1615 2389 terribile
1625 2358 1787 2388 nomen
1797 2345 1903 2397 ejus:

1068 2406 1092 2431 *
1111 2405 1285 2446 initium
1307 2404 1535 2457 sapientiae
1561 2404 1692 2445 timor
1710 2401 1901 2443 Domini.

1121 2461 1379 2503 Intellectus
1407 2460 1550 2503 bonus
1571 2459 1776 2502 omnibus
1801 2457 1900 2499 faci-

1070 2518 1244 2560 entibus
1260 2531 1375 2559 eum:
1390 2518 1413 2543 *
1429 2517 1626 2559 laudatio
1646 2517 1738 2569 ejus
1752 2518 1901 2556 manet

1070 2575 1113 2615 in
1135 2574 1345 2616 saeculum
1368 2574 1529 2616 saeculi.
1839 2578 1846 2585 '

1122 2631 1222 2670 Ant.
1260 2632 1475 2684 Maiorem
1508 2631 1738 2672 caritatem
1768 2640 1899 2670 nemo

1070 2688 1214 2738 habet,
1243 2694 1291 2729 ut
1306 2688 1497 2729 animam
1512 2700 1636 2729 suam
1650 2690 1788 2739 ponat
1803 2685 1900 2738 quis

1070 2757 1152 2796 pro
1171 2745 1324 2786 amicis
1342 2745 1443 2786 suis.
