2040 2976
628 219 836 253 Commune
863 217 1108 252 Confessoris
1134 218 1342 251 Pontiticis.

1779 218 1851 263 [59]

193 316 238 357 Si
263 315 429 357 dedero
457 328 657 357 somnum
687 314 825 356 oculis
849 314 968 364 meis,

142 372 165 398 *
203 376 246 413 et
281 371 504 424 palpebris
548 372 657 413 meis
700 371 967 412 dormitatio-

142 441 261 470 nem:

192 485 248 526 Et
292 485 488 537 requiem
528 483 801 537 temporibus
842 483 967 525 meis:

142 540 283 582 donec
307 541 525 582 inveniam
546 541 693 582 locum
717 540 919 589 Domino,
943 539 967 565 *

140 596 469 639 tabernaculum
487 598 584 639 Deo
604 596 754 638 Jacob.

166 672 175 682 ·
191 653 308 695 Ecce
327 653 572 696 audivimus
588 666 685 695 eam
698 653 742 694 in
756 652 966 705 Ephrata:

140 709 164 735 *
182 710 426 751 invenimus
445 722 542 751 eam
559 710 604 750 in
622 709 788 762 campis
807 708 940 750 silvae.

191 765 474 808 Introibimus
532 766 577 807 in
637 765 966 807 tabernaculum

141 822 246 874 ejus:
278 822 302 847 *
338 822 618 864 adorabimus
656 823 700 863 in
734 822 851 871 loco,
891 821 966 863 ubi

140 879 353 920 steterunt
370 878 508 931 pedes
528 879 630 930 ejus.

191 935 329 985 Surge
347 935 535 976 Domine
555 935 599 975 in
620 934 816 987 requiem
835 939 964 984 tuam,

139 990 163 1016 *
179 995 228 1031 tu
247 996 290 1032 et
309 1003 410 1032 arca
427 991 782 1040 sanctificationis
801 995 900 1032 tuae.

190 1047 452 1089 Sacerd6tes
487 1048 551 1088 tui
585 1047 819 1089 induantur
849 1048 965 1099 justi-

139 1103 260 1144 tiam:
279 1104 303 1130 *
323 1108 366 1145 et
383 1104 522 1145 sancti
540 1103 604 1145 tui
623 1103 853 1145 exsultent.

190 1160 378 1212 Propter
405 1159 550 1201 David
580 1172 755 1201 servum
777 1164 916 1210 tuum,
941 1160 964 1186 *

138 1228 226 1257 non
245 1217 418 1257 avertas
436 1216 593 1258 faciem
608 1216 769 1257 Christi
787 1217 861 1257 tui.

189 1272 356 1314 Juravit
389 1273 604 1314 Dominus
630 1272 776 1314 David
809 1272 965 1314 verita-

138 1332 241 1379 tem,
269 1333 312 1370 et
334 1342 422 1370 non
441 1328 718 1371 frustrabitur
737 1342 847 1370 eam:
866 1330 889 1355 *
909 1329 964 1370 de

139 1384 283 1426 fructu
300 1385 464 1426 ventris
483 1385 547 1426 tui
566 1398 729 1438 ponam
749 1398 881 1437 super
901 1398 964 1426 se·
1022 1402 1023 1434 ς

139 1440 240 1482 dem
258 1446 388 1483 tuam.

190 1497 235 1538 Si
252 1497 539 1539 custodierint
557 1497 634 1538 filii
652 1498 716 1538 tui
733 1499 964 1539 testamen-

138 1557 231 1594 tum
261 1566 423 1604 meum,
454 1554 478 1580 *
511 1558 554 1595 et
586 1554 836 1595 testimonia
867 1567 965 1596 mea

139 1609 245 1659 haec,
266 1623 364 1662 quae
384 1609 555 1652 docebo
576 1622 668 1652 eos:

189 1666 247 1707 Et
264 1666 344 1708 filii
362 1669 514 1708 eorum
532 1667 730 1719 usquein
745 1667 964 1718 saeculum,

139 1722 163 1747 *
183 1722 398 1764 sedebunt
418 1735 550 1776 super
569 1722 720 1764 sedem
737 1728 867 1764 tuam.

191 1779 407 1828 Quoniam
427 1779 557 1830 elegit
575 1780 790 1821 Dominus
808 1781 926 1822 Sion:
941 1781 964 1806 *

140 1834 270 1886 elegit
286 1847 383 1877 eam
400 1836 444 1876 in
464 1835 778 1878 habitatiOnem
798 1837 890 1878 sibi.

190 1892 301 1934 Haec
336 1892 509 1944 requies
545 1905 644 1934 mea
679 1893 723 1933 in
756 1893 964 1935 saeculum

140 1948 309 1989 saeculi:
343 1949 367 1974 *
406 1948 476 1990 hic
512 1948 720 1990 habitabo
759 1950 965 2001 quaniam

140 2003 251 2055 elegi
269 2016 375 2045 eam.

190 2059 382 2102 Viduam
418 2061 509 2112 ejus
538 2060 804 2103 benedicens
835 2061 963 2104 bene-

139 2115 298 2157 dicam:
325 2117 348 2142 *
377 2119 596 2170 paliperes
628 2118 719 2169 ejus
754 2118 962 2160 saturabo

138 2172 336 2224 panibus.

190 2229 452 2271 SacerdOtes
472 2231 563 2281 ejus
578 2229 754 2272 induam
771 2231 964 2272 salutari:

138 2284 162 2310 *
182 2289 226 2382 {t
244 2286 383 2327 sancti
402 2287 492 2338 ejus
511 2286 801 2328 exsultatione
824 2288 963 2329 exsul-

138 2342 183 2381 ta
215 2346 303 2382 unt.

191 2397 301 2441 Illuc
327 2398 570 2450 producam
595 2411 732 2440 cornu
754 2399 917 2448 David,
939 2399 963 2424 *

138 2453 291 2505 paravi
308 2453 530 2495 lucernam
550 2454 722 2496 Christo
742 2468 853 2496 meo.

191 2509 396 2551 Inimicos
408 2510 498 2561 ejus
507 2510 685 2552 induam
695 2511 964 2553 confusione:

139 2565 163 2590 *
175 2578 307 2617 super
320 2566 464 2618 ipsum
480 2571 625 2608 autem
641 2566 858 2609 efflorebit
871 2580 963 2608 san-

140 2621 346 2663 ctificatio
365 2635 473 2663 mea.

195 2678 317 2721 Capit.
340 2683 375 2713 et
392 2679 529 2722 Hymn.
547 2683 588 2713 ut
606 2680 643 2713 in
660 2679 686 2714 Ι.
699 2679 815 2723 Vcsp.
832 2684 902 2728 [49]

194 2726 244 2777 V·
261 2734 286 2775 J
287 2739 434 2776 ustum
452 2734 634 2776 deduxit
653 2735 866 2777 Dominus
884 2749 964 2789 per

1020 313 1113 354 vias
1137 318 1291 355 rectas.
1328 314 1377 364 R*-
1418 314 1475 355 Et
1494 312 1686 355 ostendit
1706 312 1767 353 illi
1785 325 1849 354 re-

1011 420 1013 422 ,
1019 382 1153 420 gnum
1170 370 1265 411 Dei.

1074 430 1145 470 Ad
1180 429 1352 477 Magnis.
1396 431 1494 471 Ant.
1536 430 1713 472 Amavit
1750 442 1849 471 eum

1019 487 1245 536 D6minus,
1260 488 1284 512 *
1304 492 1348 528 et
1368 487 1540 529 ornavit
1555 500 1670 528 eum:
1690 486 1849 528 stolam

1019 543 1173 594 gloriae
1204 543 1345 585 induit
1377 556 1495 593 eum,
1533 549 1576 585 et
1608 543 1665 585 ad
1695 548 1848 596 portas

1018 599 1213 652 paradisi
1232 601 1461 641 coronavit
1482 613 1592 642 eum.

1071 662 1244 705 Sequens
1256 662 1342 695 Ant.
1358 662 1499 695 dicitur
1513 662 1561 695 ad
1573 662 1793 703 Magnificnt
1808 662 1844 695 in

1018 709 1063 743 H.
1080 710 1197 753 Yesp.
1220 721 1291 753 pro
1319 711 1414 744 solis
1440 711 1559 743 sumis
1581 711 1845 744 Pontificibus,

1071 763 1169 803 Ant.
1207 763 1321 801 Dum
1344 765 1462 802 esset
1483 774 1676 802 summus
1700 761 1847 802 Ponti-

1018 817 1105 866 fex,
1124 819 1148 844 *
1174 819 1349 859 terrana
1371 830 1460 859 non
1484 818 1654 867 metuit,
1687 817 1767 859 sed
1791 817 1847 859 ad

1019 873 1216 915 coelestia
1238 887 1373 925 regna
1394 874 1613 926 gloriosus
1632 874 1847 926 migravit.

1072 941 1110 974 Si
1142 947 1315 975 occurrat
1345 941 1530 975 celebrari
1552 940 1707 974 Festum
1730 941 1846 983 pluri-

1019 999 1167 1026 morum
1185 990 1409 1023 Pontificum
1431 995 1466 1023 ct
1479 990 1765 1024 (jonfcssm-um,
1785 990 1845 1021 (Μ’-

1019 1038 1144 1070 1icium
1164 1038 1203 1070 fit
1220 1043 1259 1071 ut
1283 1048 1413 1080 supra:
1446 1038 1513 1071 sed
1540 1039 1574 1071 in
1603 1038 1784 1071 Oratione
1812 1044 1845 1070 ct

1019 1086 1219 1120 Sermone.
1254 1096 1339 1128 quac
1367 1092 1561 1128 ponuntur
1588 1086 1621 1118 in
1647 1086 1845 1126 singulari.

1019 1133 1195 1166 dicantur
1212 1134 1246 1166 in
1267 1135 1421 1176 plurali:
1441 1140 1474 1167 ct
1497 1135 1529 1167 in
1554 1134 1575 1167 ἶ,
1590 1134 1699 1167 Nost.
1718 1135 1845 1175 lentin-

1018 1186 1078 1214 tur
1103 1188 1307 1223 sequentes
1335 1183 1537 1215 Lectiones
1568 1183 1613 1216 dc
1639 1183 1846 1224 Scriptura.

1170 1247 1237 1287 De
1255 1244 1367 1287 libro
1385 1244 1696 1286 Ecclesiastici.

1123 1310 1273 1350 Lectio
1295 1311 1318 1349 i.
1534 1320 1538 1323 ·
1558 1312 1660 1363 Cap.
1678 1313 1742 1350 44.

1022 1376 1347 1421 ’ἧειιιᾶόιῐιιιε
1380 1376 1498 1418 viros
1531 1372 1766 1427 gloriosos,
1805 1380 1848 1417 et

1063 1432 1075 1438 ⁴
1161 1435 1366 1486 parentes
1394 1438 1571 1475 nostros
1599 1433 1643 1473 in
1670 1445 1847 1484 genera—

1160 1490 1280 1531 tione
1309 1503 1397 1531 sua.
1451 1489 1635 1531 Multam
1663 1489 1848 1541 gloriam
1896 1522 1897 1525 ,

1017 1547 1119 1589 fecit
1138 1547 1353 1588 D6minus
1375 1546 1698 1598 magnificentia
1724 1558 1803 1587 sua
1823 1559 1848 1586 a

1017 1603 1192 1645 saeculo.
1232 1603 1521 1644 Dominantes
1549 1603 1593 1643 in
1619 1603 1847 1655 potestati-

1016 1659 1099 1701 bus
1128 1660 1235 1710 suis,
1274 1659 1474 1700 homines
1501 1659 1647 1710 magni
1674 1659 1847 1708 virtfite,

1018 1721 1061 1757 et
1080 1716 1311 1769 prudentia
1331 1729 1409 1757 sua
1426 1715 1617 1768 praediti,
1651 1715 1847 1756 nuntian-

1016 1778 1084 1814 tes
1115 1773 1160 1814 in
1191 1772 1425 1825 Prophetis
1458 1772 1715 1823 dignitatem
1743 1772 1846 1813 Pro-

1016 1829 1264 1882 phetarum,
1299 1834 1343 1871 et
1369 1830 1637 1881 imperantes
1666 1829 1710 1868 in
1736 1841 1846 1880 prae-

1017 1886 1130 1927 senti
1151 1885 1329 1938 populo,
1358 1891 1402 1927 et
1419 1885 1581 1927 virtute
1600 1884 1846 1937 prudentiae

1017 1941 1193 1994 populis
1217 1942 1490 1983 sanctissima
1508 1941 1653 1983 verba.
1697 1941 1748 1981 In
1772 1953 1845 1993 pe-

1016 1999 1115 2040 ritia
1133 2011 1212 2039 sua
1235 1998 1508 2051 requirentes
1530 1997 1688 2039 modos
1715 1997 1844 2038 musi-

1017 2067 1108 2104 cos,
1137 2059 1181 2096 et
1199 2056 1430 2096 narrantes
1450 2054 1643 2095 carmina
1662 2054 1844 2106 scriptu-

1016 2123 1173 2152 rarum.

1070 2167 1121 2218 R.
1154 2167 1277 2217 Euge
1309 2179 1434 2208 serve
1464 2165 1580 2208 bone
1617 2171 1661 2208 et
1690 2166 1844 2216 fidelis,

1018 2223 1119 2275 quia
1145 2223 1189 2263 in
1215 2235 1357 2275 pauca
1383 2222 1501 2264 fuisti
1526 2222 1680 2272 fidelis,
1712 2236 1845 2275 supra

1015 2279 1152 2320 multa
1186 2284 1231 2321 te
1269 2280 1547 2321 constituam:
1586 2281 1608 2303 *
1647 2280 1767 2320 Intra
1801 2280 1845 2319 in

1016 2335 1223 2386 gaudium
1255 2335 1420 2377 domini
1451 2335 1524 2377 tui.
1572 2329 1843 2380 VxDomine

1018 2392 1208 2444 quinque
1253 2391 1418 2433 talenta
1461 2391 1681 2434 tradidisti
1729 2391 1844 2441 mihi,

1017 2461 1120 2490 ecce
1159 2448 1243 2489 alia
1284 2449 1474 2501 quinque
1516 2448 1843 2501 superlucratus

1018 2517 1124 2546 sum.
1165 2505 1296 2546 Intra.

1322 2560 1473 2601 Lectio
1494 2560 1532 2599 ii.

1019 2615 1279 2720 Homines
1303 2626 1461 2668 divites
1485 2626 1530 2667 in
1547 2626 1723 2674 virtute,
1750 2624 1842 2678 pul-

1130 2681 1386 2724 chritudinis
1404 2681 1596 2724 studium
1616 2681 1843 2723 habentes:

1014 2738 1297 2790 pacificantes
1329 2739 1374 2779 in
1403 2737 1606 2780 domibus
1633 2737 1732 2778 suis.
1787 2737 1842 2778 O·

1022 1441 1023 1465 ³
1054 1452 1128 1503 >J
