2040 2976
194 215 260 250 212

196 308 374 350 Domini
411 311 506 348 erat
544 319 643 353 cum
678 306 770 347 illo:
806 303 1026 357 permissit

195 363 514 412 Philisthaeum,
556 368 600 404 et
642 361 822 404 abstulit
864 361 1024 412 oppro-

194 420 337 460 brium
357 432 411 460 ex
430 418 580 459 Israel.
608 414 658 464 Y.
676 418 836 459 Nonne
854 417 938 457 iste
958 420 1025 456 est

193 475 354 524 David,
383 474 438 516 de
463 488 551 527 quo
578 474 793 516 canebant
811 473 856 513 in
876 472 1025 519 choro,

195 531 405 572 dicentes:
439 530 542 572 Saul
570 530 791 583 permissit
818 528 954 577 mille,
983 532 1026 568 et

192 586 339 629 David
358 587 512 629 decem
531 585 686 627 millia?
714 586 835 636 Quia.

506 643 656 682 Lectio
681 657 715 681 v.

193 694 358 798 Nam
377 705 540 752 praeter
558 699 695 740 libros
716 698 874 739 divinae
890 696 1024 737 histo-

306 756 398 805 riae,
443 755 519 796 ubi
563 757 772 807 regnasse
812 755 1025 810 narratur,

191 811 393 852 Psalmus
414 812 544 853 etiam
568 811 920 864 septuagesimus
939 809 1024 861 pri-

191 881 289 909 mus
313 868 442 910 titulo
467 868 655 909 nominis
677 869 767 919 ejus
787 867 1025 918 inscriptus

193 930 270 966 est.
324 926 375 966 In
408 938 495 977 quo
524 930 615 966 tam
642 924 780 965 multa
809 922 1023 971 dicuntur,

195 994 294 1034 quae
314 985 492 1022 omnino
513 982 552 1022 ei
572 983 807 1022 convenire
822 992 910 1020 non
925 991 1025 1031 pos-

193 1043 307 1087 sunt,
327 1038 518 1078 Domino
539 1043 685 1079 autem
702 1036 876 1077 Christo
893 1037 1024 1087 aptis-

193 1093 302 1134 sima
326 1094 641 1146 perspicuitate
667 1092 949 1134 conveniunt:
977 1095 1025 1131 ut

193 1149 420 1191 evidenter
453 1152 680 1202 appareat,
719 1148 840 1200 quod
871 1148 915 1188 in
948 1147 1024 1188 illo

192 1205 332 1256 figlira
384 1206 716 1258 qualiscumque
762 1204 1025 1246 adumbrata

194 1262 260 1310 sit,
280 1262 324 1302 in
343 1262 428 1303 isto
448 1267 595 1302 autem
613 1262 710 1314 ipsa
730 1261 892 1302 veritas
912 1273 1023 1312 prae-

191 1320 373 1359 sentata.

249 1376 293 1426 lg„
321 1375 495 1415 Montes
521 1374 709 1423 Gelbo'e‚
735 1386 817 1415 nec
841 1385 915 1414 ros
943 1385 1025 1414 nec

189 1430 341 1482 pluvia
359 1431 535 1472 veniant
555 1443 687 1483 super
707 1442 797 1479 vos,
810 1434 831 1455 *
852 1428 937 1471 Ubi
957 1442 1023 1470 ce-

192 1486 393 1527 ciderunt
422 1487 559 1527 fortes
587 1486 735 1527 Isra'el.
776 1484 826 1534 Y.
859 1485 1023 1526 Omnes

191 1548 379 1591 montes,
408 1543 482 1594 qui
509 1543 616 1584 estis
641 1543 685 1583 in
710 1542 895 1583 circuitu
920 1542 1024 1593 ejus,

190 1598 338 1640 visitet
365 1598 595 1639 Dominus:
625 1612 650 1640 a
678 1598 849 1640 Gelboe
877 1603 1024 1639 autem

190 1657 398 1696 transeat.
425 1654 522 1696 Ubi.

494 1713 644 1753 Lectio
668 1714 717 1752 vi.

191 1762 409 1867 Notum
426 1772 492 1808 est
508 1767 632 1816 enim,
654 1766 811 1819 quibus
827 1767 1023 1808 terminis

302 1835 483 1873 regnum
512 1823 766 1864 conclusum
796 1823 926 1864 fuerit
949 1823 1021 1864 Sa-

190 1878 388 1927 lomonis,
409 1885 452 1921 et
470 1885 616 1920 tamen
636 1880 680 1920 in
700 1892 752 1920 eo
767 1880 944 1921 Psalmo
964 1879 1021 1920 le-

190 1934 317 1985 gitur,
336 1940 384 1976 ut
404 1935 488 1976 alia
507 1938 692 1977 taceam:
711 1935 1023 1977 Dominabitur

191 2003 216 2031 a
235 1991 343 2031 mari
360 2004 500 2042 usque
519 1991 575 2033 ad
593 2005 724 2041 mare,
744 1997 788 2033 et
803 2005 828 2032 a
843 1992 1022 2034 flumine

192 2059 332 2098 usque
369 2047 427 2088 ad
464 2049 674 2089 terminos
717 2047 837 2089 orbis
875 2053 1022 2089 terrae:

193 2102 313 2154 quod
338 2103 381 2143 in
409 2103 584 2146 Christo
611 2105 812 2145 videmus
837 2105 1021 2156 impleri.

190 2159 231 2199 A
251 2159 428 2200 flumine
449 2160 611 2212 quippe
635 2159 889 2201 dominandi
910 2174 1021 2201 sum-

190 2215 280 2267 psit
313 2215 560 2265 exordium,
601 2216 676 2257 ubi
714 2216 963 2268 baptizatus
997 2231 1022 2258 a

190 2271 370 2319 Joanne‚
397 2272 554 2312 eodem
573 2275 858 2322 monstrante,
884 2274 1022 2326 coepit

191 2327 371 2377 agnosci
391 2340 416 2368 a
436 2327 679 2380 discipulis,
709 2329 782 2380 qui
808 2341 908 2370 eum
932 2342 1021 2370 non

191 2382 334 2423 solum
377 2385 649 2433 magistrum,
696 2397 848 2425 verum
890 2385 1022 2426 etiam

190 2437 429 2480 Dominum
449 2438 794 2491 appellaverunt.

244 2498 295 2548 Rg.
325 2495 421 2545 Ego
456 2500 500 2536 te
528 2495 608 2536 tuli
637 2495 692 2536 de
721 2495 854 2537 domo
882 2497 1020 2548 patris

189 2551 264 2599 tui,
289 2550 395 2592 dicit
414 2551 645 2600 Dominus,
670 2556 714 2592 et
733 2552 863 2603 posui
882 2558 926 2593 te
946 2554 1020 2604 pa-

190 2619 313 2648 scere
336 2619 516 2658 gregem
539 2607 693 2659 populi
717 2608 817 2648 mei:
842 2613 862 2635 *
883 2607 940 2648 Et
959 2608 1018 2648 fui

189 2667 337 2704 tecum
359 2663 402 2703 in
427 2663 629 2704 omnibus
649 2662 914 2715 ubicumque
933 2676 1019 2703 am-

189 2718 366 2769 bulasti,
403 2719 582 2760 firmans
616 2731 799 2770 regnum
827 2725 950 2760 tuum
977 2719 1021 2759 in

537 212 637 245 Iussa
668 212 961 245 llclulonmdam
987 212 1065 243 viii.
1092 216 1179 253 post
1206 214 1284 244 Oct.
1316 211 1573 245 I‘cntecostcs.

1047 1781 1051 1860 ἰ

1078 304 1302 343 aeternum.
1343 301 1393 349 ,V
1419 303 1613 355 Fecique
1640 303 1722 346 tibi
1749 316 1911 346 nomen

1077 358 1262 409 grande,
1295 360 1415 411 juxta
1443 372 1606 401 nomen
1633 362 1911 411 magnorum,

1079 415 1153 466 qui
1172 420 1274 457 sunt
1298 415 1342 456 in
1361 420 1494 457 terra:
1519 421 1564 458 et
1588 417 1786 469 requiem
1808 415 1912 458 dedi

1077 471 1157 512 tibi
1184 471 1239 512 ab
1269 471 1473 514 omnibus
1501 472 1686 514 inimicis
1707 473 1807 514 tuis.
1843 473 1911 514 Et.
1988 467 1999 478 ‘

1083 527 1230 568 Gloria
1249 528 1380 570 Patri.
1408 528 1476 570 Et.

1138 599 1186 649 Ν.
1209 599 1274 637 vii.
1303 597 1491 638 Peccavi
1520 610 1654 650 super
1682 600 1912 639 numerum

1078 654 1223 694 arenae
1248 654 1399 703 maris,
1428 658 1472 695 et
1495 653 1790 706 multiplicata
1811 659 1913 696 sunt

1079 711 1264 761 peccata
1291 722 1404 751 mea:
1441 714 1485 751 et
1513 722 1601 751 non
1629 722 1727 751 sum
1755 709 1912 761 dignus

1078 765 1228 807 videre
1255 766 1534 808 altitudinem
1560 765 1662 808 coeli
1684 779 1778 819 prae
1804 766 1911 808 mul-

1078 821 1264 863 titudine
1287 822 1530 875 iniquitatis
1550 835 1677 863 meae:
1705 822 1914 874 quoniam

1077 878 1247 920 irritavi
1266 879 1377 919 iram
1396 883 1528 928 tuam,
1546 880 1569 902 *
1583 879 1640 920 Et
1658 878 1821 920 malum
1841 892 1911 921 co-

1078 947 1172 975 ram
1197 940 1241 976 te
1261 935 1356 976 feci.
1396 932 1443 982 N.
1469 935 1687 984 Quoniam
1711 935 1912 988 iniquita-

1078 995 1169 1032 tem
1195 1005 1340 1033 meam
1369 1005 1453 1043 ego
1477 994 1714 1043 cognosco:
1743 997 1787 1034 et
1808 992 1911 1034 deli-

1079 1052 1199 1088 ctum
1217 1060 1364 1089 meum
1383 1053 1538 1089 contra
1555 1061 1626 1089 me
1645 1052 1713 1089 est
1727 1061 1912 1101 semper,

1081 1104 1183 1156 quia
1201 1104 1281 1145 tibi
1300 1103 1384 1145 soli
1402 1104 1597 1157 peccavi.
1625 1104 1683 1146 Et
1701 1104 1875 1145 malum.

1135 1174 1185 1223 R«.
1222 1173 1305 1212 viii.
1347 1173 1449 1215 Duo
1486 1173 1716 1226 Seraphim
1754 1173 1911 1214 clama—

1078 1228 1185 1270 bant
1214 1229 1323 1270 alter
1351 1229 1408 1271 ad
1435 1230 1638 1272 alterum:
1665 1226 1688 1249 *
1714 1230 1911 1279 Sanctus,

1079 1290 1271 1335 sanetus,
1313 1291 1491 1328 sanctus
1531 1286 1748 1327 Dominus
1788 1286 1910 1327 Deus

1077 1337 1290 1379 Sabaoth:
1314 1329 1337 1351 *
1363 1338 1500 1380 Plena
1529 1343 1597 1379 est
1625 1338 1767 1380 omnis
1794 1343 1912 1379 terra

1077 1393 1217 1444 gloria
1238 1394 1340 1446 ejus.
1372 1388 1421 1438 V.
1442 1395 1555 1435 Tres
1578 1399 1679 1435 sunt
1698 1394 1772 1446 qui
1789 1394 1909 1436 testi-

1076 1450 1270 1490 monium
1293 1449 1401 1492 dant
1418 1451 1463 1491 in
1483 1450 1615 1500 coelo,
1637 1450 1784 1499 Pater,
1802 1450 1911 1491 Ver-

1077 1505 1194 1556 bum,
1214 1512 1258 1548 et
1275 1507 1462 1559 Spiritus
1483 1511 1675 1548 sanctus:
1695 1512 1739 1548 et
1757 1506 1803 1547 hi
1820 1511 1911 1548 tres

1076 1576 1211 1659 1113111um
1233 1569 1345 1604 sunt.
1376 1563 1574 1605 Sanctus.
1609 1563 1762 1604 Gloria
1780 1563 1912 1604 Patri.

1130 1631 1222 1660 ena.

1251 1724 1421 1777 fi'eria
1457 1739 1736 1777 Secunda.

1213 1805 1275 1843 De
1303 1801 1417 1844 libro
1445 1802 1578 1843 tertio
1607 1802 1790 1852 Regum.

1157 1868 1308 1909 Lectio
1331 1869 1353 1908 i.
1645 1870 1747 1922 Cap.
1770 1871 1832 1909 lO.

1153 1931 1208 1972 ed
1229 1936 1273 1972 et
1295 1933 1446 1983 regina
1464 1931 1597 1981 Saba,
1623 1930 1772 1973 audita
1796 1931 1912 1972 fama

1169 1987 1417 2029 Salomonis
1444 1988 1489 2028 in
1517 1988 1693 2028 nomine
1721 1987 1911 2037 Domini,

1076 2044 1196 2085 venit
1214 2046 1385 2086 tentare
1405 2057 1506 2086 eum
1527 2044 1573 2084 in
1594 2043 1911 2094 aenigmatibus.

1076 2100 1133 2141 Et
1158 2100 1355 2150 ingressa
1373 2100 1619 2142 Jerusalem
1644 2100 1784 2141 multo
1811 2113 1911 2141 cum

1077 2157 1306 2206 comitatu,
1333 2161 1377 2198 et
1397 2156 1578 2206 divitiis,
1606 2156 1785 2198 camelis
1809 2169 1909 2209 por-

1075 2212 1270 2254 tantibus
1289 2214 1505 2262 aromata,
1530 2218 1574 2254 et
1599 2226 1753 2254 aurum
1771 2212 1909 2253 infini-

1076 2274 1170 2309 tum
1197 2269 1341 2319 nimis,
1379 2274 1424 2310 et
1455 2282 1651 2320 gemmas
1678 2269 1910 2321 pretiosas,

1076 2326 1195 2367 venit
1214 2324 1271 2367 ad
1290 2337 1440 2375 regem
1459 2325 1758 2374 Salomonem,
1788 2329 1831 2366 et
1848 2324 1909 2366 lo-

1076 2385 1178 2423 cuta
1204 2386 1271 2423 est
1296 2382 1335 2422 ei
1361 2381 1566 2422 universa
1593 2394 1693 2433 quae
1716 2380 1911 2422 habebat

1075 2437 1119 2478 in
1139 2436 1274 2479 corde
1295 2450 1386 2479 suo.
1419 2438 1476 2479 Et
1502 2437 1653 2479 docuit
1674 2450 1771 2479 eam
1789 2436 1909 2479 Salo-

1075 2506 1179 2535 mon
1214 2494 1359 2534 omnia
1388 2493 1523 2535 verba
1558 2507 1657 2546 quae
1690 2496 1908 2546 proposu-

1077 2555 1183 2591 erat:
1221 2562 1309 2591 non
1342 2550 1423 2590 fuit
1456 2562 1619 2599 sermo,
1653 2549 1728 2602 qui
1760 2561 1910 2600 regem

1075 2611 1230 2656 posset
1266 2605 1422 2655 latere,
1462 2611 1507 2647 et
1542 2618 1631 2647 non
1669 2604 1908 2658 responde-

1075 2666 1142 2702 ret
1160 2662 1210 2702 ei.

1131 2724 1178 2772 R„
1203 2721 1460 2763 Recordare
1479 2721 1680 2762 Domine.
1700 2721 1788 2762 179.
