2040 2976
746 194 948 227 Dominica
972 194 1035 227 ΠΙ.
1062 195 1238 236 Augusti.

194 293 246 344 Rz.
274 292 441 345 Gyrum
466 293 567 336 coeli
590 294 767 336 circuivi
790 293 899 342 sola,
926 298 970 334 et

143 349 187 390 in
210 349 416 392 fluctibus
440 351 572 392 maris
597 350 834 399 ambulavi,
861 350 905 391 in
925 362 968 391 0-

143 405 232 446 mni
259 410 390 457 gente
417 412 461 448 et
487 407 532 448 in
560 407 678 449 omni
697 406 863 460 populo
882 406 968 459 pri-

143 464 310 503 matum
351 463 486 505 tenui:
523 463 546 486 *
582 463 881 516 Superborum
926 467 970 504 et

145 517 395 560 sublimium
436 519 548 562 colla
587 521 767 573 propria
807 520 969 562 virtute

144 574 320 617 calcavi.
372 571 422 622 V.
451 577 547 628 Ego
575 576 620 618 in
647 576 867 619 altissimis
895 576 968 617 ha-

143 629 253 681 bito,
282 637 326 674 et
348 632 532 675 thronus
554 646 678 676 meus
699 634 743 675 in
766 633 969 675 columna

143 687 282 730 nubis.
309 688 619 743 Superborum.

439 751 589 793 Lectio
611 751 666 791 iii.

190 825 219 852 n
249 812 588 863 cogitationibus
620 813 734 854 enim
760 812 881 865 impii
907 813 968 853 in-

208 869 450 920 terrogatio
483 869 581 911 erit:
613 871 864 911 sermonum
897 882 967 910 au-

142 929 232 966 tem
249 924 364 966 illius
384 925 550 968 auditio
574 925 631 968 ad
650 926 794 968 Deum
811 927 969 975 veniet,

142 980 199 1023 ad
215 983 539 1035 correptionem
553 982 829 1035 iniquitatum
843 983 969 1024 illius.

143 1038 360 1088 Quoniam
392 1040 508 1080 auris
540 1039 622 1081 zeli
654 1039 776 1082 audit
808 1041 969 1091 omnia,

143 1099 188 1136 et
217 1094 429 1137 tumultus
460 1097 850 1138 murmurationum
881 1110 969 1139 non

143 1150 450 1195 abscondetur.
496 1153 726 1195 Custodite
755 1166 860 1205 ergo
888 1167 969 1195 vos

143 1220 170 1249 a
192 1210 550 1260 murmuratione,
586 1223 685 1262 quae
708 1210 813 1251 nihil
837 1210 968 1263 prod-

143 1269 225 1315 est,
259 1270 303 1308 et
333 1279 359 1308 a
391 1266 660 1309 detractione
692 1267 861 1320 parcite
893 1267 969 1308 lin-

142 1334 256 1372 guae,
286 1323 492 1375 quoniam
516 1337 660 1365 sermo
685 1323 900 1366 obscurus
925 1325 969 1365 in

143 1380 331 1420 vacuum
352 1392 442 1421 non
464 1380 558 1423 ibit:
586 1393 636 1422 os
656 1386 819 1431 autem,
849 1380 971 1434 quod

142 1437 359 1486 mentitur,
383 1435 546 1479 occidit
565 1438 763 1480 animam.

192 1494 243 1546 Rz.
280 1492 445 1535 Emitte
480 1494 668 1537 Domine
710 1495 970 1548 sapientiam

143 1547 198 1590 de
223 1548 328 1591 sede
350 1550 662 1601 magnitudinis
687 1556 791 1602 tuae,
818 1557 866 1594 ut
883 1565 970 1593 me-

142 1617 241 1646 cum
269 1606 340 1656 sit,
376 1611 422 1648 et'
446 1620 618 1650 mecum
644 1608 831 1651 laboret:
858 1609 882 1633 *
909 1608 970 1650 Ut

143 1663 278 1704 sciam
303 1663 408 1716 quid
432 1667 662 1718 acceptum
683 1666 740 1708 sit
759 1679 908 1708 coram
926 1670 970 1708 te

142 1720 260 1761 omni
274 1722 484 1774 tempore.
506 1716 558 1768 V.
578 1723 648 1764 Da
661 1722 768 1764 mihi
781 1723 969 1765 Domine

142 1775 311 1818 sedium
329 1779 502 1819 tuarum
519 1779 786 1822 assistricem
801 1780 968 1833 sapien-

139 1832 256 1874 tiam.
283 1833 353 1876 Ut.
383 1835 534 1877 Gloria
551 1836 681 1878 Patri.
708 1836 778 1878 Ut.

373 1913 423 1953 In
443 1914 494 1953 H.
516 1913 737 1953 Nocturno.

215 1978 281 2018 Ex
316 1976 430 2020 libro
464 1978 723 2021 Officiorum
759 1981 898 2023 sancti

320 2034 543 2077 Ambrosii
564 2036 787 2090 Episcopi.

440 2099 592 2140 Lectio
614 2100 668 2141 iv.

381 2165 461 2200 Lib.
487 2167 514 2199 1.
553 2166 645 2209 Cap.
669 2166 725 2199 28.

144 2230 150 2277 ³}
167 2261 178 2280 ᾗ
193 2234 255 2282 3«
284 2234 433 2272 agnus
445 2223 621 2275 justitiae
633 2223 852 2276 splendor,
868 2236 967 2275 quae

147 2281 150 2287 '
169 2285 188 2332 'Q
209 2280 255 2335 '¹:st
314 2278 409 2320 aliis
427 2279 575 2332 potius
593 2284 705 2330 nata,
725 2293 856 2332 quam
874 2279 967 2330 sibi,

164 2341 173 2349 ³
250 2343 257 2345 “
283 2326 290 2342 ”
314 2336 671 2378 communitatem
704 2342 748 2378 et
785 2336 967 2377 societa-

138 2393 228 2430 tem
246 2396 442 2433 nostram
461 2391 648 2444 adjuvat,
668 2392 968 2434 excelsitatem

139 2449 274 2496 tenet,
299 2452 348 2488 ut
374 2460 454 2489 suo
477 2448 639 2500 judicio
664 2449 810 2490 omnia
829 2447 966 2500 subje-

140 2506 212 2543 cta
229 2502 405 2553 habeat,
425 2517 557 2557 opem
576 2504 672 2545 aliis
690 2505 816 2554 ferat,
834 2507 966 2557 pecu-

138 2557 255 2599 niam
274 2559 486 2609 conferat,
515 2560 659 2601 officia
681 2573 770 2602 non
793 2560 966 2610 abnuat,

139 2614 335 2665 pericula
349 2616 560 2668 suscipiat
579 2615 731 2657 aliena.
758 2616 864 2666 Quis
878 2629 966 2657 non

140 2672 322 2722 cuperet
346 2670 458 2713 hanc
483 2672 655 2713 virtutis
681 2684 828 2713 arcem
849 2674 965 2714 tene-

138 2738 204 2776 re,
233 2726 317 2767 nisi
347 2728 490 2781 prima
520 2727 703 2769 avaritia
727 2727 967 2771 infirmaret

1022 296 1155 343 atque
1178 292 1421 335 inflecteret
1444 299 1578 337 tantae
1596 296 1769 338 virtutis
1789 297 1848 338 vi-

1020 348 1193 400 gorem?
1218 349 1391 391 Etenim
1417 350 1520 392 dum
1544 354 1702 403 augere
1729 365 1848 405 opes

1022 407 1261 456 aggregare
1280 406 1505 458 pecunias,
1526 411 1744 461 occupare
1763 414 1846 450 ter-

1020 475 1091 503 ras
1115 462 1470 514 possessionibus
1495 464 1709 516 cupimus,
1737 479 1847 518 prae-

1021 521 1140 560 stare
1165 518 1344 570 divitiis;
1368 520 1543 572 justitiae
1568 521 1752 563 formam
1778 535 1846 563 ex-

1021 576 1182 626 nimus,
1214 575 1548 618 beneficentiam
1574 581 1849 619 communem

1022 634 1269 675 amittimus.

1076 705 1126 756 R.
1148 703 1217 744 Da
1235 703 1342 745 mihi
1359 703 1548 745 Domine
1568 704 1738 745 sedium
1756 707 1847 746 tua-

1021 774 1117 801 rum
1132 761 1399 802 assistricem
1414 761 1683 813 sapientiam,
1702 766 1745 803 et
1758 762 1849 803 noli

1020 830 1091 859 me
1111 817 1350 870 reprobare
1370 830 1395 858 a
1413 818 1561 870 pueris
1580 818 1680 858 tuis:
1697 820 1719 843 *
1735 818 1847 868 Quo-

1021 875 1137 916 niam
1157 887 1309 916 servus
1326 879 1427 916 tuus
1447 887 1543 915 sum
1563 887 1655 926 ego,
1675 879 1719 915 et
1735 875 1849 916 filius

1023 931 1191 973 ancillae
1210 937 1311 973 tuae.
1346 926 1394 978 V.
1420 931 1545 973 Mitte
1569 931 1687 972 illam
1711 932 1766 973 de
1786 945 1848 974 se-

1024 988 1079 1030 de
1112 987 1423 1040 magnitudinis
1452 994 1558 1039 tuae,
1597 993 1645 1030 ut
1678 1002 1850 1031 mecum

1024 1045 1089 1095 sit,
1110 1050 1154 1087 et
1171 1058 1343 1087 mecum
1362 1045 1545 1087 laboret.
1574 1046 1799 1096 Quoniam.

1334 1112 1485 1155 Lectio
1508 1128 1541 1153 v.

1025 1156 1241 1279 Quanta
1259 1182 1406 1219 autem
1425 1177 1586 1229 justitia
1606 1178 1672 1227 sit,
1693 1190 1747 1219 ex
1766 1179 1851 1220 hoc

1116 1234 1298 1286 intelligi
1316 1239 1475 1287 potest,
1496 1234 1615 1287 quod
1635 1247 1715 1275 nec
1730 1234 1849 1284 locis,

1021 1296 1111 1333 nec*
1125 1291 1344 1344 personis,
1373 1304 1454 1332 nec
1479 1290 1752 1343 temporibus
1779 1304 1848 1332 ex-

1023 1348 1200 1401 cipitur,
1227 1360 1325 1400 quae
1346 1348 1476 1389 etiam
1494 1347 1694 1389 hostibus
1713 1360 1848 1389 reser-

1022 1407 1165 1447 vatur:
1203 1410 1251 1447 ut
1291 1405 1328 1445 si
1364 1404 1626 1446 constitutus
1664 1404 1719 1445 sit
1750 1417 1850 1446 cum

1021 1461 1149 1504 hoste
1178 1466 1252 1503 aut
1278 1461 1419 1511 lOCUS,
1453 1466 1527 1503 aut
1556 1460 1650 1502 dies
1677 1460 1849 1514 praelio,

1023 1518 1234 1560 adversus
1286 1518 1496 1571 justitiam
1547 1519 1725 1570 putetur
1775 1523 1850 1559 aut

1021 1575 1122 1617 loco
1146 1577 1408 1628 praevenire,
1437 1579 1512 1616 aut
1536 1576 1747 1627 tempore.
1782 1575 1849 1615 In-

1021 1637 1159 1674 terest
1193 1632 1308 1674 enim
1339 1637 1485 1673 utrum
1519 1631 1675 1682 aliquis
1704 1643 1850 1684 pugna

1022 1689 1169 1741 aliqua
1193 1694 1238 1730 et
1261 1689 1468 1731 conflictu
1494 1688 1617 1739 gravi
1641 1688 1850 1740 capiatur,

1022 1759 1077 1787 an
1117 1745 1343 1798 superiore
1389 1745 1546 1796 gratia,
1591 1744 1662 1785 vel
1702 1744 1849 1795 aliquo

1021 1804 1192 1844 eventu.
1245 1802 1289 1843 Si
1321 1814 1427 1852 ergo
1460 1801 1505 1842 in
1537 1800 1653 1842 bello
1687 1800 1848 1852 justitia

1021 1859 1155 1909 valet,
1189 1863 1352 1912 quanto
1385 1858 1524 1910 magis
1551 1858 1596 1898 in
1622 1869 1733 1910 pace
1761 1870 1847 1898 ser-

1020 1915 1166 1958 vanda
1185 1914 1276 1958 est?

1076 1985 1126 2036 R.
1152 1985 1329 2027 Initium
1354 1984 1582 2037 sapientiae
1604 1983 1738 2025 timor
1760 1983 1847 2024 Do-

1019 2041 1138 2082 mini:
1161 2040 1184 2064 *
1204 2041 1458 2083 InteHectus
1480 2040 1622 2082 bonus
1647 2039 1847 2081 omnibus

1021 2098 1279 2140 facientibus
1300 2110 1414 2139 eum:
1436 2095 1632 2139 laudatio
1652 2096 1743 2147 ejus
1760 2109 1847 2137 ma-

1019 2160 1093 2196 net
1111 2154 1156 2195 in
1175 2154 1384 2196 saeculum
1403 2153 1563 2195 saeculi.
1591 2146 1641 2198 V.
1659 2152 1846 2194 Dilectio

1018 2210 1134 2252 illius
1162 2209 1363 2252 custodia
1390 2210 1537 2262 legum
1565 2211 1653 2251 esti
1675 2208 1777 2261 quia
1805 2220 1846 2249 o-

1018 2266 1130 2307 mnis
1156 2267 1373 2320 sapientia
1396 2267 1528 2308 timor
1553 2265 1742 2306 Domini.
1778 2265 1845 2305 In-

1018 2322 1230 2364 tellectus.

1325 2383 1476 2424 Lectio
1495 2383 1548 2422 vi.

1021 2441 1417 2546 Fundamentum
1445 2461 1550 2500 ergo
1578 2452 1645 2489 est
1671 2445 1844 2499 justitiae

1118 2505 1241 2547 fides.
1299 2505 1522 2547 Justorum
1559 2503 1673 2545 enim
1709 2500 1845 2543 corda

1017 2561 1285 2603 meditantur
1310 2561 1458 2603 fidem:
1484 2566 1528 2602 et
1549 2559 1622 2612 qui
1642 2559 1844 2609 sejustus

1019 2621 1207 2667 accusat,
1226 2617 1433 2669 justitiam
1454 2629 1586 2669 supra
1604 2614 1737 2655 fidem
1756 2612 1842 2653 col-

1018 2673 1146 2715 locat.
1186 2673 1301 2714 Nam
1331 2678 1436 2714 tunc
1463 2671 1626 2723 iustitia
1651 2670 1741 2720 ejus
1770 2680 1842 2720 ap-

1017 2731 1160 2781 paret,
1179 2729 1217 2770 si
1234 2741 1340 2770 vera
1354 2728 1552 2769 fateatur.
1580 2725 1779 2776 Denique
1799 2728 1843 2764 et
