2040 2976
205 318 363 359 struxit
387 329 563 369 quoque
587 315 796 357 aediculas
816 315 1031 357 effemina-

203 377 359 423 torum,
379 386 479 426 quae
498 378 621 414 erant
635 372 679 413 in
695 372 828 413 domo
844 371 1031 421 Domini,

204 443 285 483 pro
306 430 463 482 quibus
482 429 687 470 mulieres
706 428 915 470 texebant
930 441 1031 480 qua-

204 487 240 527 si
268 485 555 528 domunculas
583 485 680 526 luci.
720 485 1030 536 Congregavit-

203 556 287 595 que
315 555 468 584 omnes
492 541 748 583 sacerdotes
773 541 828 583 de
848 541 1030 583 civitati-

201 598 283 640 bus
301 599 326 640 J
328 598 431 640 uda:
452 603 495 640 et
515 598 828 640 contaminavit
848 597 1031 646 excelsa,

201 655 276 696 ubi
321 655 630 697 sacrificabant
675 653 929 695 sacerdotes
977 653 1032 695 de

203 711 359 754 Gabaa
376 724 516 763 usque
535 710 768 753 Bersabee.

259 769 308 819 Rg.
332 768 428 819 Ego
448 773 492 809 te
511 768 601 809 tuli.
621 769 701 808 181.

384 871 568 908 Feria
607 871 854 918 Quarta.

323 926 389 966 De
412 924 526 966 libro
551 929 709 976 quarto
734 923 916 973 Regum.

284 987 434 1028 Lectio
455 987 478 1026 i.
696 994 701 997 ’
720 988 822 1040 Cap.
840 989 903 1028 23.
922 1001 955 1029 c.

216 1061 269 1100 s)
294 1047 497 1100 ythones‚
525 1050 568 1087 et
593 1045 771 1094 ariolos,
800 1049 844 1086 et
870 1044 1032 1095 figuras

212 1084 278 1150 :ll-us.
309 1103 546 1153 idolorum,
575 1107 619 1144 et
646 1101 960 1149 immunditias,
989 1105 1033 1142 et

204 1160 561 1208 abominationes,
582 1171 681 1210 quae
700 1158 871 1199 fuerant
889 1157 933 1197 in
949 1161 1032 1198 ter-

204 1230 252 1258 ra
271 1217 294 1258 J
297 1217 385 1258 uda
410 1220 453 1257 et
471 1214 732 1264 Jerusalem,
761 1213 943 1255 abstulit
960 1213 985 1254 J
987 1225 1031 1254 o-

204 1276 303 1315 sias:
331 1278 378 1314 ut
398 1275 612 1313 statueret
630 1270 766 1312 verba
785 1270 912 1321 legis,
933 1283 1032 1322 quae

198 1330 369 1383 scripta
389 1334 489 1370 sunt
507 1329 551 1369 in
570 1327 696 1377 libro,
718 1340 848 1379 quem
868 1326 1033 1367 invenit

203 1386 380 1427 Heleias
394 1384 601 1426 sacerdos
612 1384 655 1424 in
666 1383 833 1436 templo
844 1383 1032 1424 Domini.

203 1443 362 1483 Similis
388 1442 450 1482 illi
473 1454 561 1482 non
586 1441 665 1481 fuit
692 1445 794 1481 ante
819 1452 919 1481 eum
945 1452 1032 1489 reX‚

206 1500 278 1551 qui
311 1499 603 1540 reverteretur
636 1496 693 1538 ad
721 1497 958 1537 Dominum
989 1496 1033 1536 in

205 1555 323 1596 omni
349 1554 484 1596 corde
511 1566 608 1602 suo,
634 1558 677 1594 et
702 1553 746 1593 in
771 1557 865 1594 tota
889 1552 1033 1593 anima

205 1625 293 1661 sua,
312 1616 356 1652 et
369 1611 413 1651 in
427 1610 631 1651 universa
646 1610 806 1651 virtute
822 1622 901 1650 sua
915 1610 1034 1661 juxta

205 1680 380 1709 omnem
404 1667 546 1717 legem
570 1666 727 1718 Moysi:
759 1678 902 1717 neque
929 1670 1034 1718 post

206 1737 306 1765 eum
337 1724 523 1765 surrexit
555 1722 708 1764 similis
735 1722 808 1763 illi.
848 1723 1033 1764 Verum-

204 1786 350 1822 tamen
387 1793 474 1822 non
507 1785 574 1821 est
606 1781 785 1821 aversus
816 1779 1032 1820 Dominus

205 1837 260 1878 ab
286 1837 350 1878 ira
376 1836 535 1878 furoris
562 1836 627 1877 sui
651 1836 812 1887 magni,
840 1848 927 1887 quo
951 1836 1032 1876 ira-

205 1899 276 1935 tus
308 1898 375 1934 est
407 1893 527 1934 furor
558 1893 649 1944 ejus
677 1897 830 1934 contra
858 1891 1034 1933 Judam:

204 1955 387 2002 propter
421 1950 704 1998 irritationes,
742 1948 900 2000 quibus
932 1961 1032 2001 pro-

205 2008 441 2048 vocaverat
461 2019 560 2047 eum
578 2006 816 2047 Manasses.

261 2062 312 2102 R.
333 2063 531 2104 Peccavi.
559 2062 646 2103 179.

519 2123 670 2165 Lectio
690 2124 729 2164 ii.

298 2178 374 2220 'xit
392 2181 539 2231 itaque
554 2178 781 2219 Dominus:
800 2179 946 2220 Etiam
963 2179 987 2220 J
989 2193 1033 2220 u-

301 2233 402 2276 dam
419 2235 612 2276 auferam
630 2247 655 2275 a
670 2235 779 2276 facie
794 2247 902 2284 mea,
922 2235 1034 2276 sicut

208 2290 368 2333 abstuli
390 2291 541 2331 Israel:
568 2296 612 2332 et
635 2291 862 2342 projiciam
885 2291 1032 2332 civita·
1099 2304 1186 2345 (s

206 2353 296 2389 tem
321 2347 451 2396 hanc,
481 2360 612 2399 quam
639 2346 750 2397 elegi
774 2346 1034 2396 Jerusalem,

207 2408 251 2445 et
279 2403 475 2453 domum,
505 2402 559 2444 de
589 2416 675 2455 qua
704 2402 810 2444 dixi:
841 2403 935 2444 Erit
960 2416 1035 2444 no-

207 2473 307 2501 rnen
325 2472 471 2500 meum
489 2459 560 2500 ibi.
587 2460 776 2511 Reliqua
789 2464 934 2500 autem
949 2471 1034 2500 ser-

206 2519 386 2558 monum
405 2516 429 2556 J
432 2518 550 2565 osiae,
573 2520 616 2556 et
634 2516 838 2556 universa
859 2528 958 2567 quae
977 2515 1033 2556 fe-

208 2573 276 2622 cit,
296 2584 440 2614 nonne
460 2572 556 2613 haec
572 2572 735 2624 scripta
749 2571 907 2612 suntin
922 2570 1034 2612 libro

207 2628 444 2671 verborum
463 2628 631 2669 dierum
654 2640 806 2678 regum
825 2627 849 2668 J
852 2625 961 2668 uda?
985 2627 1035 2667 In

209 2685 363 2727 diebus
396 2686 487 2736 ejus
519 2683 716 2725 ascendit
747 2683 918 2724 Pharao
950 2683 1034 2723 Ne-

208 2741 320 2783 chao
353 2753 431 2782 rex
462 2740 663 2793 AEgthL
703 2745 856 2781 contra
887 2751 1036 2790 regem

557 218 658 252 Infra
687 219 979 252 Ilcbdomadam
1004 219 1053 252 xi.
1078 223 1167 261 post
1192 218 1270 252 Oct.
1295 219 1554 253 Pentecostes.

1083 315 1368 367 Assyriorum
1387 313 1444 356 ad
1463 315 1625 357 flumen
1643 314 1914 368 Euphraten:

1084 376 1128 412 et
1167 371 1276 412 abiit
1307 371 1332 412 J
1333 373 1449 412 osias
1487 384 1567 413 rex
1603 371 1648 412 in
1680 374 1913 413 occursum

1084 428 1189 479 ejus:
1222 433 1266 469 et
1299 430 1472 469 occisus
1504 433 1573 470 est
1603 428 1648 469 in
1679 426 1913 479 Mageddo‚

1084 497 1183 525 cum
1202 483 1386 526 vidisset
1404 497 1514 526 eum.
1547 485 1606 526 Et
1623 485 1914 538 portaverunt

1084 553 1183 581 eum
1202 541 1318 583 servi
1338 541 1405 582 sui
1421 544 1645 583 mortuum
1663 540 1719 583 de
1738 538 1913 591 Maged-

1085 596 1158 639 do:
1179 602 1223 639 et
1240 598 1515 650 pertulerunt
1531 598 1577 638 in
1594 596 1849 646 Jerusalem,
1870 601 1915 637 et

1085 654 1353 707 sepelierunt
1379 668 1479 697 eum
1503 655 1547 695 in
1565 653 1802 708 sepulchro
1822 665 1915 694 suo.

1139 714 1190 766 R.
1213 711 1446 754 Exaudisti
1463 711 1663 753 Domine.
1683 711 1777 752 180.

1387 781 1542 822 Lectio
1562 782 1617 821 iii.

1170 842 1338 895 ulitque
1355 842 1548 896 populus
1571 847 1703 885 terrae
1723 844 1748 885 J
1750 843 1915 886 oachaz

1175 898 1315 940 filium
1333 899 1358 940 J
1360 902 1482 941 osiae:
1507 905 1551 942 et
1569 901 1786 942 unxerunt
1805 913 1915 952 eum,

1086 960 1130 997 et
1162 956 1483 998 constituerunt
1522 968 1622 997 eum
1652 969 1802 1008 regern
1831 969 1915 1010 pro

1084 1017 1210 1064 patre
1235 1025 1327 1055 suo.
1362 1013 1528 1065 Viginti
1551 1013 1682 1055 trium
1705 1015 1917 1056 annorum

1086 1073 1180 1110 erat
1203 1069 1228 1110 J
1231 1069 1396 1112 oachaz
1421 1083 1521 1112 cum
1547 1072 1732 1122 regnare
1759 1072 1916 1124 coepis-

1086 1130 1169 1175 set,
1188 1131 1232 1167 et
1249 1126 1391 1168 tribus
1409 1126 1634 1169 mensibus
1653 1127 1854 1178 regnavit
1873 1127 1917 1167 in

1085 1181 1344 1224 Jerusalem:
1357 1196 1519 1226 nomen
1533 1183 1686 1226 matris
1701 1184 1792 1236 ejus
1809 1183 1918 1224 Ami-

1085 1238 1161 1288 tal,
1193 1238 1285 1280 filia
1311 1240 1528 1291 Jeremiae,
1557 1240 1612 1282 de
1640 1239 1806 1282 Lobna.
1859 1239 1917 1281 Et

1085 1294 1188 1336 fecit
1210 1295 1373 1337 malum
1397 1309 1547 1338 coram
1565 1296 1773 1346 Domino,
1798 1296 1917 1348 juxta

1087 1352 1233 1393 omnia
1270 1365 1371 1404 quae
1406 1353 1601 1395 fecerant
1633 1357 1784 1406 patres
1815 1353 1918 1405 ejus.

1085 1407 1327 1461 Vinxitque
1351 1422 1451 1451 eum
1472 1409 1647 1451 Pharao
1665 1407 1849 1450 Nechao
1872 1408 1917 1449 in

1086 1464 1242 1515 Rebla,
1268 1479 1368 1519 quae
1387 1472 1455 1508 est
1473 1466 1517 1507 in
1536 1471 1652 1508 terra
1671 1464 1845 1515 Emath,
1863 1478 1919 1507 ne

1086 1524 1291 1572 regnaret
1309 1523 1353 1564 in
1367 1522 1627 1565 Jerusalem:
1647 1527 1690 1564 et
1706 1521 1919 1575 imposuit

1085 1577 1293 1620 mulctam
1312 1584 1443 1621 terrae
1463 1584 1640 1621 centum
1657 1578 1834 1620 talentis
1853 1590 1918 1619 ar-

1086 1635 1222 1685 genti,
1251 1640 1295 1678 et
1322 1636 1488 1678 talento
1515 1635 1620 1677 auri.
1660 1635 1918 1687 Regemque

1088 1692 1314 1734 constituit
1336 1692 1509 1734 Pharao
1532 1691 1715 1734 Nechao
1735 1690 1918 1732 Eliaeim

1087 1746 1225 1789 filium
1247 1749 1381 1791 Josiae
1406 1762 1489 1802 pro
1515 1749 1540 1790 J
1543 1750 1638 1790 osia
1660 1752 1788 1801 patre
1813 1747 1918 1799 ejus:

1087 1807 1305 1858 vertitque
1321 1819 1482 1848 nomen
1498 1806 1588 1858 ejus
1602 1805 1628 1846 J
1630 1803 1790 1846 oakim.
1813 1804 1918 1846 Por-

1087 1873 1137 1902 ro
1156 1861 1181 1901 J
1183 1861 1350 1904 oachaz
1366 1863 1481 1913 tulit,
1508 1867 1552 1904 et
1575 1861 1700 1903 duxit
1722 1861 1766 1901 in
1784 1860 1916 1913 AEgy-

1086 1921 1222 1968 ptum,
1242 1923 1286 1960 et
1303 1921 1502 1961 mortuus
1522 1923 1590 1961 est
1607 1917 1679 1960 ibi.
1893 1929 1896 1932 ·

1143 1975 1193 2027 R.
1216 1974 1335 2016 Audi
1353 1975 1554 2017 Domine.
1573 1975 1666 2016 180.

1286 2097 1457 2133 Feria
1492 2095 1717 2144 Quinta.
1811 2134 1813 2136 ,

1207 2154 1274 2194 De
1297 2153 1412 2196 libro
1438 2157 1596 2206 quarto
1620 2152 1804 2203 Regum.

1159 2218 1311 2260 Lectio
1332 2217 1356 2257 i.
1474 2217 1577 2269 Cap.
1592 2217 1656 2257 23.
1671 2230 1709 2268 g.
1726 2221 1768 2258 et
1782 2216 1848 2256 24.

1205 2285 1523 2337 igintiquinque
1570 2283 1784 2324 annorum
1824 2283 1918 2322 erat

1099 2333 1190 2376 ⁷³3³st
1221 2344 1246 2385 J
1249 2342 1398 2385 oakim
1428 2353 1528 2382 cum
1550 2340 1734 2390 regnare
1761 2337 1917 2389 coepis-

1090 2406 1171 2443 set:
1204 2404 1247 2442 et
1269 2397 1475 2441 undecim
1503 2396 1626 2437 annis
1651 2392 1849 2445 regnavit
1873 2392 1918 2432 in

1088 2455 1348 2499 Jerusalem:
1372 2466 1531 2495 nomen
1555 2451 1707 2493 matris
1726 2450 1819 2502 ejus
1837 2448 1916 2489 Ze-

1089 2513 1192 2556 bida
1224 2511 1312 2553 filia
1339 2509 1535 2552 Phadaia
1567 2507 1622 2550 de
1652 2507 1805 2548 Ruma.
1859 2504 1916 2545 Et

1089 2570 1190 2612 fecit
1212 2567 1375 2610 malum
1400 2579 1549 2608 coram
1565 2563 1773 2612 Domino,
1797 2562 1917 2626 juata

1090 2626 1234 2667 omnia
1272 2637 1370 2676 quae
1407 2623 1599 2664 fecerant
1633 2623 1782 2672 patres
1815 2629 1916 2668 ejus.

1089 2683 1139 2722 In
1166 2681 1321 2723 diebus
1345 2681 1436 2732 ejus
1462 2675 1658 2720 ascendit
1681 2672 1914 2716 Nabucho-

1091 2737 1286 2779 donosor
1313 2749 1392 2778 rex
1418 2733 1673 2786 Babylonis,
1705 2736 1748 2773 et
1775 2730 1916 2771 factus
