2040 2976
738 187 850 221 Fcria
874 190 983 221 sexta
1008 186 1057 220 ad
1076 186 1238 220 Laudes.
1806 183 1850 219 91

203 276 403 330 Aspexit,
419 281 463 319 et
483 276 688 319 dissolvit
699 277 879 319 Gentes:
892 277 916 303 *
931 281 975 319 et

153 333 331 374 contriti
349 338 450 375 sunt
468 338 642 375 montes
662 334 821 375 saeculi.

205 390 427 431 Incurvati
444 394 545 432 sunt
562 390 699 432 colles
712 390 874 441 mundi,
885 391 909 417 *
919 390 974 432 ab

152 446 381 489 itineribus
401 446 660 489 aeternitatis
681 448 781 499 ejus.

203 503 291 544 Pro
317 503 549 556 iniquitate
575 503 667 545 vidi
693 503 882 545 tenteria
901 504 975 544 AE-

153 559 351 612 thiopiae,
371 561 394 586 *
413 559 706 602 turbabuntur
729 559 869 613 pelles
892 564 975 602 ter-

152 629 213 658 rae
232 616 420 658 Madian.

203 672 430 725 Numquid
448 672 493 714 in
511 672 762 714 fluminibus
777 673 913 715 iratus
930 686 976 715 es

152 728 362 771 Demine?
380 729 405 755 *
423 733 498 771 aut
517 729 561 770 in
580 729 830 771 fluminibus
855 729 976 771 furor

153 784 276 828 tuus?
296 785 367 827 vel
384 786 429 827 in
448 786 558 827 mari
575 785 819 837 indignatio
840 784 937 828 tua?

206 842 290 892 Qui
314 842 525 884 ascendes
548 855 680 895 super
701 855 839 894 equos
862 848 976 885 tuos:

152 899 175 925 *
197 897 240 941 et
261 899 485 951 quadrigae
504 903 592 941 tuae
612 899 809 941 salvatio.

205 955 430 998 suscitans
463 955 697 998 suscitabis
729 969 878 998 arcum
912 962 976 998 tu-

151 1026 239 1054 um:
256 1013 280 1039 *
298 1013 538 1065 juramenta
562 1012 763 1054 tribubus
790 1026 888 1065 quae
914 1014 975 1055 lo-

153 1073 280 1112 cutus
300 1082 358 1111 es.

203 1126 383 1168 Fluvios
408 1126 582 1168 scindes
602 1131 746 1168 terrae:
773 1126 976 1169 viderunt

153 1186 209 1233 te,
237 1186 281 1224 et
309 1182 541 1224 doluerunt
567 1187 754 1225 montes:
773 1183 797 1209 *
818 1196 976 1235 gurges

152 1241 365 1292 aquarum
380 1240 565 1282 transiit.

203 1296 339 1338 Dedit
357 1295 542 1349 abyssus
557 1309 713 1338 vocem
728 1309 864 1338 suam:
879 1297 903 1322 *
919 1296 975 1338 al-

152 1352 298 1395 titudo
317 1365 472 1394 manus
492 1365 593 1394 suas
611 1352 784 1394 levavit.

204 1408 293 1459 Sol,
322 1413 366 1451 et
388 1409 492 1450 luna
510 1410 726 1451 steterunt
745 1409 790 1450 in
810 1409 976 1451 habita-

154 1465 253 1507 culo
274 1477 370 1516 suo,
389 1466 413 1491 *
431 1465 476 1506 in
494 1464 592 1507 luce
610 1465 868 1517 sagittarum
884 1468 976 1507 tua-

153 1535 264 1572 rum,
288 1521 414 1563 ibunt
437 1521 482 1562 in
505 1521 741 1574 splendore
760 1521 976 1574 fulguran-

152 1579 210 1620 tis
227 1577 367 1620 hastae
387 1582 487 1620 tuae.

204 1635 256 1676 In
273 1634 449 1676 fremitu
468 1634 748 1676 conculcabis
768 1636 977 1677 terram:*

155 1695 199 1734 et
217 1691 263 1733 in
285 1691 433 1733 furore
451 1691 781 1744 obstupefacies
802 1692 978 1734 Gentes.

204 1747 419 1800 Egressus
453 1760 499 1790 es
530 1748 575 1788 in
606 1747 793 1790 salutem
824 1748 979 1802 populi

154 1804 239 1847 tui:
257 1805 281 1831 *
299 1804 344 1845 in
363 1803 551 1846 salutem
570 1817 669 1846 cum
689 1804 864 1847 Christo
889 1810 978 1848 tuo.

207 1861 471 1903 Percussisti
485 1865 617 1913 caput
629 1860 684 1903 de
698 1861 831 1903 domo
842 1862 979 1915 impii:

154 1918 178 1944 *
198 1917 431 1960 denudasti
450 1916 779 1960 fundamentum
801 1919 891 1971 ejus
911 1932 978 1960 us-

156 1986 241 2027 que
259 1973 317 2016 ad
335 1973 506 2016 collum.

206 2030 474 2073 Maledixisti
498 2030 685 2082 sceptris
710 2031 816 2082 ejus,
845 2032 980 2084 capiti

155 2086 420 2129 bellatorum
448 2086 549 2138 ejus,
577 2086 600 2112 *
628 2087 904 2130 venientibus
931 2093 980 2130 ut

156 2143 286 2186 turbo
306 2143 363 2185 ad
379 2142 721 2196 dispergendum
739 2157 819 2186 me.

207 2199 456 2245 Exsultatio
490 2201 643 2240 eorum
673 2200 697 2226 *
726 2201 839 2242 sicut
876 2201 980 2253 ejus,

157 2252 232 2303 qui
259 2251 441 2294 devorat
467 2254 709 2304 pauperem
735 2252 780 2293 in
799 2252 980 2295 abscen-

156 2308 261 2350 dito.

209 2364 338 2406 Viam
364 2363 507 2405 fecisti
533 2364 578 2404 in
605 2364 714 2405 mari
739 2365 863 2416 equis
882 2365 980 2416 tuis,

157 2421 181 2447 *
199 2421 245 2462 in
263 2420 356 2462 luto
376 2421 588 2471 aquarum
606 2421 852 2463 multarum.

207 2476 380 2526 Audivi,
398 2481 454 2518 et
481 2476 768 2519 conturbatus
793 2482 861 2519 est
881 2491 979 2520 ven·
1020 2503 1025 2507 -

156 2538 225 2575 ter
251 2546 389 2575 meus:
407 2532 431 2559 *
450 2545 476 2574 a
497 2545 606 2575 voce
624 2536 980 2577 contremuerunt

157 2589 275 2631 labia
292 2603 400 2632 mea.

208 2646 485 2698 Ingrediatur
516 2647 705 2700 putredo
736 2647 780 2687 in
807 2647 979 2690 ossibus

158 2702 278 2753 meis,
296 2703 320 2729 *
341 2708 385 2745 et
401 2704 553 2746 subter
572 2716 642 2746 me
664 2705 843 2746 scateat.

1080 278 1140 320 Ut
1158 278 1432 330 requiescam
1449 280 1490 320 in
1518 280 1588 322 die
1608 280 1850 322 tribulatio-

1026 334 1108 375 nis:
1123 335 1147 361 *
1164 339 1213 376 ut
1230 335 1464 378 ascendam
1481 336 1537 379 ad
1551 337 1764 390 pupulum
1783 350 1849 379 ac-

1027 393 1219 433 cinctum
1237 396 1447 434 nostrum.

1078 448 1208 490 Ficus
1229 449 1345 490 enim
1364 461 1453 490 non
1471 450 1748 493 florebit:*et
1762 463 1850 493 non

1028 504 1111 547 erit
1127 518 1305 556 germen
1321 505 1366 546 in
1385 506 1534 547 vineis.

1079 561 1315 603 Mentietur
1340 574 1452 615 opus
1478 562 1620 604 olivae:
1640 564 1663 589 *
1683 569 1727 606 et
1746 577 1850 606 arva

1027 630 1116 659 non
1134 617 1316 660 afferent
1335 618 1491 660 cibum.

1080 674 1377 716 Abscindetur
1401 675 1456 717 de
1479 675 1583 716 ovili
1602 688 1752 727 pecus:
1769 677 1793 703 *
1809 682 1852 719 et

1028 743 1115 772 non
1140 731 1222 773 erit
1243 734 1487 774 armentum
1504 732 1548 772 in
1567 733 1851 785 praesepibus.

1080 789 1176 839 Ego
1197 792 1343 830 autem
1366 788 1410 829 in
1427 789 1617 830 Domino
1637 789 1851 840 gaudebo:

1028 845 1052 871 *
1072 850 1116 886 et
1136 845 1367 887 exsultabo
1387 845 1432 886 in
1450 846 1547 887 Deo
1567 845 1592 886 J
1594 858 1671 887 esu
1689 859 1800 888 meo.

1079 902 1200 943 Deus
1210 902 1303 943 Dfis
1323 902 1535 943 fortitudo
1550 915 1662 944 mea:
1677 903 1700 928 *
1714 908 1758 944 et
1775 916 1851 956 po-

1027 963 1103 1000 net
1121 958 1258 1011 pedes
1277 971 1401 1000 meos
1422 959 1549 1010 quasi
1568 961 1809 1000 cervorum.

1079 1015 1137 1056 Et
1166 1027 1298 1067 super
1327 1015 1501 1056 excelsa
1532 1028 1631 1057 mea
1664 1015 1853 1058 deducet

1027 1084 1098 1113 me
1117 1071 1257 1113 victor
1274 1071 1298 1097 *
1317 1071 1361 1112 in
1380 1071 1561 1124 psalmis
1582 1074 1819 1114 canentem.

1080 1130 1179 1170 Ant.
1197 1128 1387 1169 Demine
1410 1127 1557 1170 audivi
1574 1128 1770 1170 auditum
1789 1134 1852 1171 tu-

1027 1197 1101 1226 um
1119 1189 1162 1226 et
1180 1185 1315 1226 timui.

1080 1244 1178 1297 Ant.
1207 1242 1258 1281 In
1286 1243 1493 1293 tympano
1514 1242 1537 1267 *
1558 1247 1601 1283 et
1629 1242 1781 1293 choro,
1809 1243 1852 1283 in

1030 1296 1207 1338 chordis
1229 1302 1272 1338 et
1293 1299 1457 1349 organo
1477 1297 1655 1340 laudate
1674 1299 1827 1340 Deum.

1079 1355 1146 1394 Ps.
1175 1353 1375 1396 Laudate
1392 1354 1639 1396 Dominum.
1668 1357 1726 1396 16.

1082 1416 1340 1468 Capitulum.
1539 1417 1663 1457 Rom.
1685 1417 1740 1457 13.
1762 1416 1799 1457 d.

1125 1488 1183 1517 ox
1206 1476 1454 1528 praecessit,
1484 1475 1579 1517 dies
1608 1481 1752 1518 autem
1781 1490 1853 1530 ap-

1141 1532 1469 1585 propinquavit.
1501 1532 1770 1585 Abjiciamus
1790 1546 1852 1575 er-

1028 1601 1085 1640 go
1102 1590 1238 1641 opera
1255 1588 1548 1640 tenebrarum,
1565 1595 1608 1631 et
1621 1589 1853 1632 induamur

1030 1658 1150 1686 arma
1177 1645 1298 1686 lucis.
1344 1645 1465 1688 Sicut
1496 1646 1541 1687 in
1571 1646 1642 1688 die
1669 1646 1853 1689 honeste

1030 1701 1313 1744 ambulemus.

1339 1759 1547 1810 Hymnus.

1210 1821 1334 1861 terna
1353 1819 1454 1861 coeli
1472 1819 1622 1871 gloria,

1225 1876 1365 1917 Beata
1385 1888 1488 1928 spes
1507 1876 1767 1926 mortalium,

1132 1932 1298 1973 Summi
1319 1932 1533 1974 Tonantis
1551 1932 1700 1983 Unice,

1134 1989 1366 2041 Castaeque
1385 1989 1533 2042 proles
1551 1989 1759 2040 Virginis:

1082 2062 1151 2100 Da
1170 2058 1398 2101 dexteram
1415 2059 1705 2111 surgentibus,

1135 2116 1354 2167 Exsurgat
1375 2119 1419 2157 et
1437 2128 1561 2157 mens
1583 2115 1741 2165 sobria,

1134 2172 1344 2224 Flagrans
1363 2177 1407 2213 et
1425 2172 1469 2213 in
1487 2171 1662 2215 laudem
1681 2172 1764 2213 Dei

1135 2228 1295 2270 Grates
1314 2227 1528 2280 rependat
1547 2228 1730 2271 debitas.

1084 2299 1219 2339 Ortus
1239 2297 1426 2348 refulget
1444 2297 1607 2348 lucifer,

1135 2354 1357 2406 Praeitque
1378 2353 1516 2396 solem
1533 2353 1723 2395 nuntius:

1137 2410 1309 2452 Cadunt
1325 2410 1521 2453 tenebrae
1539 2410 1748 2452 nectium:

1135 2467 1232 2508 Lux
1251 2471 1403 2509 sancta
1420 2479 1500 2508 nos
1519 2466 1743 2508 illuminet.

1084 2536 1354 2588 Manensque
1372 2536 1534 2578 nostris
1554 2535 1764 2585 sensibus,

1133 2593 1320 2635 Noctem
1339 2592 1524 2645 repellat
1542 2591 1701 2641 saeculi,

1137 2649 1354 2701 Omnique
1371 2649 1457 2691 fine
1476 2648 1687 2700 temporis

1134 2705 1327 2757 Purgata
1345 2709 1491 2747 servet
1509 2706 1698 2757 pectora.
