2040 2976
168 483 175 540 Ε

168 573 175 651 ἓ

170 656 175 665 ,

219 200 230 244 [
236 200 312 244 178]

270 298 503 339 Venientes
545 302 689 338 autem
723 295 896 337 venient
937 309 1035 338 cum

219 353 522 402 exsultatione,
545 355 568 380 *
593 354 819 405 portantes
843 355 1033 405 manipu-

220 410 286 451 los
306 422 419 451 suos.

270 465 419 507 Gloria
437 466 566 508 Patri.

480 523 674 563 Psalmus
694 524 778 563 126.

313 579 365 619 isi
398 578 609 620 Dominus
644 578 925 620 aedificaverit
959 576 1033 617 do-

333 648 466 684 mum,
494 636 516 661 *
548 635 591 675 in
624 647 781 676 vanum
812 634 1034 675 laborave-

218 697 317 732 runt
337 691 410 744 qui
429 690 646 733 aedificant
665 704 770 734 eam.

268 747 362 788 Nisi
396 747 607 788 Dominus
647 746 903 789 custodierit
936 745 1034 787 civi-

183 853 186 858 ,
218 805 368 852 tatem,
391 803 414 828 *
438 803 596 844 frustra
620 803 769 855 vigilat
795 802 868 854 qui
894 804 1034 843 custo-

218 859 280 901 dit
301 872 404 901 eam.

268 916 441 957 Vanum
484 922 550 957 est
590 915 714 957 vobis
755 919 853 956 ante
894 913 1035 955 lucem

217 975 409 1023 surgere:
428 972 633 1022 *surgite
656 975 890 1024 postquam
914 969 1033 1011 sede-

217 1028 324 1077 ritis,
362 1028 435 1079 qui
468 1027 738 1101 manducatis
770 1039 928 1080 panem
960 1026 1033 1068 do-

217 1084 332 1125 loris.

272 1141 379 1182 Cum
419 1140 586 1183 dederit
627 1141 797 1183 dilectis
839 1141 927 1181 suis
969 1153 1035 1182 so-

218 1210 377 1238 mnum:
405 1198 428 1222 *
457 1210 557 1239 6666
594 1197 826 1239 haereditas
860 1197 1035 1238 Domini

218 1252 309 1294 filii:
327 1266 503 1303 merces,
522 1253 686 1295 fructus
707 1254 881 1296 ventris.

268 1310 386 1351 Sicut
413 1312 582 1360 sagittae
609 1311 652 1350 in
676 1323 805 1351 manu
829 1310 1034 1362 potentis:

219 1367 241 1390 *
260 1366 319 1408 ita
339 1366 415 1407 filii
436 1369 729 1408 excussorum.

268 1422 431 1464 Beatus
460 1423 525 1463 vir
553 1423 626 1475 qui
649 1423 846 1476 implevit
869 1422 1035 1465 deside-

218 1478 327 1518 rium
350 1492 475 1520 suum
499 1491 551 1521 ex
571 1479 693 1532 ipsis:
712 1480 736 1504 *
754 1492 841 1521 non
861 1479 1035 1521 confun-

219 1533 344 1575 detur
377 1547 474 1576 cum
506 1535 709 1587 loquetur
737 1536 919 1577 inimicis
949 1535 1036 1577 suis

218 1590 260 1630 in
279 1595 417 1642 porta.

271 1646 420 1688 Gloria
438 1648 566 1689 Patri.

477 1706 673 1747 Psalmus
691 1707 775 1747 127.

220 1755 387 1860 Beati
416 1772 580 1809 omnes,
611 1761 683 1812 qui
711 1761 863 1802 timent
889 1761 1036 1802 Domi-

319 1829 436 1865 num,
465 1818 488 1843 *
520 1817 592 1868 qui
627 1816 847 1858 ambulant
880 1817 923 1857 in
956 1817 1037 1858 viis

221 1873 321 1923 ejus.

269 1928 462 1970 Labores
496 1931 700 1970 manuum
731 1931 904 1971 tuarum
936 1930 1037 1982 quia

214 1983 513 2026 manducabis:
537 1987 559 2012 *
583 1985 737 2028 beatus
765 1999 826 2035 eS‚
855 1990 898 2028 et
925 1986 1036 2028 bene

218 2039 294 2080 tibi
315 2041 405 2082 erit.
450 2090 452 2092 v

270 2096 389 2138 Uxor
408 2102 482 2138 tua
501 2098 610 2140 sicut
628 2098 727 2139 vitis
752 2098 992 2149 abundans,
1011 2100 1034 2125 *

218 2151 260 2192 111
279 2152 484 2194 lateribus
506 2153 661 2195 domus
679 2160 777 2195 tuae.

268 2208 364 2249 Filii
387 2209 449 2250 tui
474 2210 584 2252 sicut
607 2210 792 2252 novellae
813 2211 1034 2261 olivarum,

218 2264 241 2288 *
259 2264 302 2304 in
320 2264 501 2306 circuitu
519 2279 681 2308 mensae
699 2271 797 2308 tuae.

269 2320 383 2362 Ecce
421 2321 482 2362 sic
516 2321 795 2365 benedicetur
831 2323 979 2374 homo,
1011 2325 1034 2350 *

219 2375 291 2427 qui
310 2377 434 2418 timet
453 2377 696 2419 Dominum.

268 2432 505 2475 Benedicat
523 2433 603 2475 tibi
617 2434 829 2476 Dominus
849 2448 903 2477 ex
919 2437 1033 2478 Sion:

218 2489 240 2514 *
262 2494 304 2530 et
330 2489 479 2531 videas
505 2489 620 2531 bona
638 2491 878 2532 Jerusalem
903 2493 1036 2534 omni-

217 2544 298 2587 bus
318 2545 471 2587 diebus
491 2547 590 2588 vitae
610 2551 707 2588 tuae.

269 2603 324 2643 Et
343 2601 490 2643 videas
510 2602 625 2643 filios
649 2602 836 2644 filiorum
854 2607 1036 2654 tuorum,

218 2659 240 2682 *
260 2671 414 2710 pacem
434 2671 563 2711 super
583 2659 728 2700 Israel.

268 2715 418 2756 Gloria
436 2715 566 2757 Patri.

868 202 1009 235 Psalmi
1035 200 1257 234 (iradualcs.

1346 294 1544 334 Psalmus
1563 294 1648 333 128.

1153 363 1249 403 aepe
1268 350 1624 403 expugnaverunt
1639 360 1709 390 me
1723 360 1750 389 a
1761 348 1902 400 juven-

1166 409 1260 448 tute
1278 419 1387 456 mea,
1406 407 1429 432 *
1449 405 1566 447 dicat
1584 417 1698 446 nunc
1715 403 1861 445 Israel.

1136 462 1263 516 Saepe
1299 462 1655 515 expugnaverunt
1685 473 1814 502 mea
1846 461 1904 512 ju-

1088 522 1265 561 ventute
1288 531 1401 561 11163·
1421 520 1444 546 *
1463 517 1623 559 etenim
1645 529 1733 559 non
1755 518 1904 570 potue—

1087 580 1187 617 runt
1206 575 1322 617 mihi

1137 632 1278 685 Supra
1305 631 1483 674 dorsum
1504 643 1649 672 meum
1671 629 1905 672 fabricave-

1087 694 1186 730 runt
1204 690 1477 741 peccatores:
1495 686 1906 739 *prolongaverunt

1086 745 1356 797 iniquitatem
1376 757 1507 786 suam.

1137 802 1351 843 Dominus
1381 802 1519 853 justus
1553 799 1741 841 concidit
1773 801 1905 842 cervi-

1087 871 1160 900 ces
1195 860 1491 910 peccaterum:
1527 858 1550 884 *
1586 856 1906 898 confundantur

1089 920 1131 957 et
1156 916 1464 956 convertantur
1486 915 1724 956 retrorsum
1747 925 1907 963 omnes,

1090 971 1163 1023 qui
1182 970 1369 1012 oderunt
1385 970 1499 1012 Sion.

1138 1027 1264 1069 Fiant
1291 1027 1402 1069 sicut
1432 1027 1597 1068 foenum
1623 1027 1856 1068 tectorum:
1882 1025 1906 1052 *

1089 1083 1207 1135 quod
1221 1084 1474 1136 priusquam
1489 1082 1709 1132 evellatur,
1727 1082 1907 1124 exaruit:

1138 1140 1205 1182 De
1245 1152 1332 1192 quo
1373 1152 1460 1182 non
1499 1139 1695 1192 implevit
1733 1151 1908 1180 manum

1088 1209 1210 1237 suam
1235 1197 1309 1249 qui
1332 1197 1474 1246 metit,
1500 1197 1524 1222 *
1549 1200 1592 1237 et
1618 1195 1758 1236 sinum
1783 1207 1908 1236 suum

1090 1253 1163 1305 qui
1181 1253 1425 1306 manipulos
1444 1252 1619 1304 colligit.

1138 1310 1195 1352 Et
1209 1323 1297 1352 non
1312 1309 1513 1352 dixerunt
1529 1309 1602 1361 qui
1611 1308 1908 1361 praeteribant:

1089 1366 1344 1408 Benedictio
1381 1365 1558 1407 Domini
1593 1378 1723 1418 super
1756 1377 1852 1407 vos:
1884 1365 1908 1391 *

1088 1422 1387 1465 benediximus
1407 1422 1533 1466 vobis
1555 1422 1599 1463 in
1620 1421 1795 1464 nomine
1811 1421 1908 1462 Dni.

1141 1480 1293 1522 Gloria
1310 1479 1439 1521 Patri.

1140 1540 1281 1575 Postea
1306 1538 1444 1573 dicitur
1467 1538 1577 1573 flexis
1602 1538 1764 1582 genibus

1140 1589 1274 1642 Kyrie
1302 1589 1475 1631 eleison.
1527 1586 1697 1628 Christe
1730 1586 1904 1628 eleison.¹

1093 1645 1224 1698 Kyrie
1243 1645 1417 1688 eleison.

1140 1703 1268 1743 Pater
1285 1706 1444 1743 noster.
1469 1708 1648 1744 secreto.

1140 1754 1191 1805 V.
1208 1758 1265 1800 Et
1283 1771 1337 1800 ne
1356 1771 1437 1800 nos
1455 1759 1663 1802 inducas
1652 1773 1695 1800 111
1709 1759 1907 1801 tentatio-

1090 1827 1198 1856 nem.
1226 1816 1276 1867 R.
1294 1814 1381 1856 Sed
1399 1814 1537 1857 libera
1555 1828 1636 1857 nos
1656 1828 1682 1857 a
1699 1815 1826 1858 malo.

1141 1866 1191 1918 V.
1210 1871 1428 1913 Memento
1448 1871 1796 1923 congregationis
1810 1877 1908 1914 11136.

1089 1930 1140 1981 R.
1159 1928 1299 1978 Quam
1317 1928 1555 1980 possedisti
1573 1928 1628 1971 ab
1647 1929 1781 1971 initio.

1142 1979 1191 2031 V
1234 1983 1421 2026 Domine
1467 1984 1644 2027 exandi
1668 1985 1909 2027 orationem

1090 2053 1241 2082 meam.
1278 2043 1329 2094 R.
1360 2041 1417 2083 Et
1444 2040 1607 2084 clamor
1633 2054 1755 2083 meus
1782 2040 1839 2084 ad
1865 2047 1909 2084 te

1090 2098 1244 2140 veniat.

1141 2147 1191 2199 V.
1232 2154 1444 2196 Dominus
1479 2154 1716 2197 vobiscum.
1766 2157 1818 2210 R.
1853 2155 1910 2197 Et

1091 2223 1189 2252 cum
1208 2211 1362 2264 spiritu
1381 2215 1469 2253 tuo.

1193 2269 1388 2312 Oremus.
1643 2269 1804 2311 Oratio.

1090 2319 1266 2424 DeuS,
1286 2324 1355 2365 cui
1381 2324 1606 2377 proprium
1629 2329 1696 2365 est
1714 2324 1908 2366 misereri

1184 2393 1356 2433 semper
1374 2385 1418 2422 et
1435 2382 1630 2433 parcere:
1650 2380 1822 2433 suscipe
1837 2379 1907 2423 de-

1089 2437 1387 2489 precationem
1416 2442 1624 2487 nostram;
1659 2441 1707 2479 ut
1735 2450 1833 2487 nos,
1866 2442 1910 2479 et

1090 2505 1240 2535 omnes
1259 2493 1445 2535 famulos
1464 2499 1582 2544 tuos,
1602 2506 1712 2546 quos
1732 2493 1925 2535 delictor

1089 2562 1184 2590 rum
1208 2552 1362 2592 catena
1385 2550 1655 2601 constringit,
1687 2549 1907 2592 miserando

1088 2611 1175 2647 tuae
1216 2606 1390 2658 pietatis
1430 2606 1664 2648 clementer
1700 2605 1907 2648 absolvat.

1089 2662 1172 2703 Per
1198 2662 1415 2704 Christum
1439 2662 1674 2704 Dominum
1700 2666 1906 2704 nostrum.

1141 2721 1192 2772 R.
1218 2718 1369 2760 Amen.
