2040 2976
199 207 265 243 376

540 203 611 237 Die
635 204 694 238 30.
722 205 837 238 Junii.
887 205 925 238 ln
954 205 1159 238 Commem.
1186 204 1220 238 S.
1246 203 1355 237 Pauli
1380 203 1573 246 Apostoli.

200 307 289 344 tem
308 300 492 354 prodest
511 301 676 343 bonum
695 303 928 350 certarnen,
950 301 1031 341 nisi

202 360 411 411 sequatur
436 358 641 399 victeria?
669 358 726 399 Et
751 358 847 410 quis
873 356 949 399 dat
972 357 1030 398 vi—

201 415 395 463 cteriam,
416 414 497 455 nisi
511 414 595 463 ille,
615 413 671 456 de
692 427 779 466 quo
801 413 906 455 dicit
923 414 1031 466 ipse:

201 471 378 513 Gratias
396 471 511 521 Deo,
542 471 615 524 qui
641 471 716 513 dat
742 470 870 512 nobis
895 471 1030 512 victo-

200 529 308 570 riam
344 541 424 582 per
457 528 694 570 Dominum
730 533 930 570 nostrum
963 527 1029 568 Je-

201 599 297 626 sum
318 584 559 627 Christum?

257 646 303 696 R:-
321 642 487 692 Saulus,
508 642 582 694 qui
598 647 642 683 et
656 641 830 690 Paulus,
849 652 1031 691 magnus

199 698 486 751 praedicator,
513 703 535 725 ¹⁸¹
566 698 606 739 A
631 699 728 739 Deo
758 697 1031 738 confortatus

201 755 553 804 convalescebat,
580 760 623 796 et
643 753 939 795 confundebat
959 753 983 793 J
986 766 1030 793 u-

201 812 334 854 da'eos.
375 809 423 860 V.
458 810 707 853 Ostendens
737 811 838 863 quia
866 810 938 851 hic
965 814 1032 850 est

201 869 400 911 Christus
418 869 554 909 Filius
569 868 663 909 Dei.
690 867 730 907 A
744 868 853 908 Deo.
880 866 1031 907 (lleria

200 926 329 967 Patri.
357 927 398 967 A
417 925 526 967 Deo.

422 997 470 1035 In
490 997 560 1036 ΙΙΙ.
580 996 803 1036 Nocturno.

255 1058 353 1098 Ant.
383 1056 554 1106 Saulus,
582 1055 657 1108 qui
677 1060 720 1097 et
738 1054 918 1104 PauluS,
944 1067 1031 1096 ma-

199 1127 310 1166 gnus
334 1113 618 1166 praedicator,
644 1126 669 1154 a
693 1113 790 1154 Deo
817 1111 1031 1153 conforta-

200 1176 271 1212 tus
292 1169 645 1219 convalescebat,
671 1174 715 1211 et
735 1167 1033 1210 confundebat

201 1227 393 1269 Judaeos.

257 1285 354 1325 xnt
407 1284 473 1324 Ne
510 1267 767 1333 magnitudo
804 1281 1031 1323 revelatio-

200 1354 303 1382 num
332 1340 514 1382 extellat
541 1352 627 1390 me,
664 1339 792 1380 datus
827 1344 894 1380 est
927 1337 1031 1379 mihi

202 1397 401 1439 stimulus
434 1397 575 1438 carnis
598 1409 726 1446 meae,
761 1395 942 1446 angelus
967 1398 1031 1436 sa-

201 1459 330 1504 tanae,
361 1454 434 1506 qui
460 1466 529 1495 me
558 1452 819 1506 colaphizet:
847 1457 1033 1505 propter

203 1510 322 1563 quod
351 1515 418 1552 ter
437 1510 676 1551 Deminum
704 1510 859 1561 rogavi
887 1514 934 1550 ut
961 1522 1031 1550 au-

151 1580 152 1583 *
202 1567 387 1609 ferretur
406 1580 431 1608 a
451 1579 535 1617 me3
566 1571 610 1608 et
630 1566 740 1609 dixit
758 1565 864 1606 mihi
882 1565 1030 1607 Demi-

202 1637 296 1665 nus:
321 1623 490 1666 Sufficit
513 1623 592 1665 tibi
611 1623 746 1664 Paule
766 1622 906 1674 gratia
923 1635 1031 1663 mea.

256 1683 353 1723 Ant.
396 1680 613 1733 Repesita
641 1685 708 1722 est
735 1679 839 1720 mihi
868 1680 1031 1720 corena

202 1737 392 1788 justitiae,
419 1750 550 1789 quam
575 1736 732 1779 reddet
754 1735 860 1777 mihi
883 1735 1031 1776 Domi-

201 1807 281 1835 nus
300 1794 343 1834 in
362 1793 436 1834 illa
457 1792 528 1835 die
547 1795 684 1846 justus
703 1793 844 1846 iudex.

256 1852 305 1901 V.
321 1850 463 1891 Nimis
483 1850 687 1892 honorati
707 1856 807 1892 sunt
827 1850 953 1891 amici
968 1850 1030 1891 tui

200 1907 332 1948 Deus.
390 1912 440 1964 R».
475 1907 616 1948 Nimis
653 1907 927 1949 confortatus
965 1912 1031 1948 est

199 1964 473 2016 principatus
494 1965 656 2005 eerum.

203 2038 354 2079 Lectio
380 2037 518 2079 sancti
540 2037 766 2089 Evangelii
790 2036 1031 2078 secundum

480 2094 750 2136 Matthaeum.

281 2157 431 2197 Lectio
454 2158 519 2196 vii.
717 2158 820 2210 Cap.
837 2160 900 2198 10.
915 2159 955 2199 b.

199 2210 275 2318 In
293 2215 368 2256 illo
388 2216 602 2268 tempore:
619 2216 742 2258 Dixit
756 2217 780 2257 J
784 2229 884 2258 esus
904 2216 1029 2258 disci-

265 2271 379 2324 pulis
406 2272 510 2313 suis:
542 2273 658 2314 Ecce
687 2286 769 2324 ego
796 2273 924 2315 mitto
950 2287 1030 2315 vos

200 2329 312 2371 sicut
341 2342 448 2372 oves
472 2329 516 2370 in
542 2329 689 2371 medio
717 2330 934 2382 luperum.
975 2331 1031 2372 Et

200 2385 378 2437 reliqua.

226 2454 415 2496 Homilia
432 2455 472 2497 S
492 2455 515 2496 J
519 2468 671 2497 oannls
694 2456 1008 2508 Chrysostomi

154 2527 156 2546 ὲ
207 2519 375 2553 Homilia
396 2519 446 2552 34.
471 2519 507 2552 in
532 2518 579 2551 M-
572 2518 678 2554 atth.
701 2518 814 2559 longe
838 2522 927 2560 post
952 2517 1030 2551 init

290 2567 340 2609 ic
369 2567 516 2610 dicere
544 2567 734 2610 videtur:
766 2569 915 2611 Nolite
943 2575 1029 2612 tur-

204 2622 294 2682 [ζμἶ
318 2624 431 2671 bari
464 2624 500 2665 si
528 2638 627 2666 cum
655 2638 736 2666 vos
763 2625 876 2667 inter
901 2626 1031 2679 lupos

263 2684 286 2706 '³‘
316 2682 459 2731 mitto,
497 2686 722 2734 tamquam
753 2695 859 2723 oves
887 2688 932 2724 et
961 2695 1030 2724 co-

199 2738 372 2780 lumbas
392 2751 488 2780 esse
512 2738 653 2790 jubeo.
687 2739 800 2780 Nam
825 2739 906 2780 etsi
931 2753 1030 2792 pos-

1085 314 1181 342 sum
1201 299 1468 342 contrarium
1493 312 1670 352 quoque
1689 302 1914 353 praestare,

1085 362 1128 398 et
1166 369 1253 398 non
1290 358 1546 408 permittere
1586 361 1634 398 ut
1669 369 1802 407 grave
1820 367 1822 370 ·
1840 356 1913 398 ali-

1086 413 1189 465 quid
1204 412 1439 466 patiamini,
1458 425 1540 454 nec
1557 412 1672 465 lupis
1691 418 1914 466 tamquam

1085 483 1192 511 oves
1218 468 1402 520 subjecti
1426 469 1536 519 sitis,
1566 468 1646 511 sed
1669 469 1843 512 efficere
1867 474 1915 512 ut

1084 526 1286 568 leonibus
1306 525 1591 574 terribilieres
1612 526 1825 568 evadatis:
1853 532 1914 569 ta·
1987 536 1989 539 ·

1083 596 1183 625 men
1211 583 1274 624 sic
1301 582 1480 635 expedit
1508 582 1617 624 fieri:
1649 582 1736 624 hoc
1763 588 1808 625 et
1833 596 1914 625 vos

1085 652 1262 692 quoque
1275 639 1536 681 illustriores
1552 639 1694 689 faciet,
1714 644 1758 681 et
1771 652 1914 681 meam

1085 696 1326 738 declarabit
1341 696 1560 738 virtutem.
1579 696 1650 737 Sic
1666 696 1780 737 enim
1794 698 1913 749 pest-

1085 765 1136 794 ea
1162 752 1271 795 dixit
1297 753 1451 794 Paulo:
1478 752 1649 794 Sufficit
1671 752 1751 794 tibi
1775 753 1915 804 gratia

1083 822 1194 851 mea:
1213 822 1315 851 nam
1331 810 1469 851 virtus
1485 821 1583 850 mea
1601 809 1645 849 in
1664 809 1915 851 infirmitate

1083 867 1322 919 perficitur.
1359 868 1461 919 Ipse
1484 867 1615 917 igitur
1633 879 1714 908 vos
1738 872 1786 908 ut
1803 866 1914 908 tales

1085 923 1240 964 essetis
1260 924 1354 965 feci.

1140 980 1187 1030 Rg.
1213 981 1371 1022 Sancte
1390 980 1526 1021 Paule
1550 979 1780 1032 Apostole,
1803 992 1914 1033 prae-

1085 1036 1256 1079 dicator
1283 1036 1497 1085 veritatiS,
1536 1042 1579 1078 et
1612 1036 1772 1078 doctor
1800 1036 1914 1078 Gen-

1083 1093 1209 1144 tium,
1242 1095 1264 1117 *
1301 1068 1530 1136 Intercede
1569 1105 1651 1146 pro
1690 1092 1819 1134 nobis
1858 1092 1914 1135 ad

1084 1150 1242 1201 Deum,
1269 1150 1343 1203 qui
1368 1155 1412 1192 te
1439 1149 1584 1202 elegit,
1610 1154 1658 1192 ut
1682 1148 1801 1201 digni
1825 1149 1914 1191 effi-

1085 1207 1252 1248 ciamur
1279 1207 1420 1258 gratia
1447 1207 1541 1249 Dei.
1587 1202 1637 1253 V.
1663 1206 1733 1248 Tu
1761 1219 1808 1248 es
1836 1219 1914 1248 vas

1085 1263 1311 1305 electionis
1344 1269 1494 1305 sancte
1520 1263 1657 1305 Paule
1687 1263 1915 1316 Apestole‚

1084 1320 1354 1372 praedicator
1373 1321 1582 1362 veritatis.
1610 1319 1853 1362 Intercede.

1373 1377 1525 1418 Lectio
1547 1377 1631 1418 viii.

1155 1434 1211 1475 ed
1243 1434 1526 1487 inspiciamus
1565 1447 1695 1487 quarn
1727 1433 1914 1487 pruden-

1175 1491 1281 1532 tiam
1325 1491 1471 1542 exigit:
1523 1491 1740 1544 serpentis
1784 1495 1915 1533 certe.

1084 1547 1198 1588 Nam
1235 1546 1607 1616 quemadmodum
1640 1560 1819 1603 serpens
1850 1552 1915 1589 to·

1084 1609 1178 1645 tum
1197 1606 1391 1669 seipsum
1409 1602 1559 1654 tradit,
1584 1617 1666 1646 nec
1689 1604 1914 1646 minimum

1084 1666 1222 1710 curat,
1251 1661 1287 1702 si
1310 1661 1455 1713 ipsum
1476 1673 1653 1713 quoque
1673 1673 1836 1714 corpus
1854 1661 1913 1702 in-

1085 1716 1171 1758 cidi
1200 1719 1382 1758 necesse
1409 1717 1480 1767 sit,
1513 1717 1754 1759 dummodo
1781 1722 1915 1770 caput

1084 1787 1210 1815 suum
1240 1776 1456 1826 integrum
1484 1780 1643 1816 servet:
1675 1774 1834 1816 eedem
1865 1779 1914 1816 tu

1085 1843 1262 1883 quoque
1275 1829 1422 1880 modo,
1440 1836 1604 1883 praeter
1618 1830 1752 1873 fidem
1768 1833 1915 1873 cetera

1083 1886 1270 1939 perdere
1294 1900 1382 1929 non
1407 1900 1549 1937 cures,
1578 1888 1671 1934 sive
1694 1888 1914 1940 pecuniaS,

1084 1944 1175 1986 sive
1200 1956 1380 1997 corpus,
1413 1944 1505 1986 sive
1531 1944 1662 1986 etiam
1687 1945 1823 1986 vitam
1850 1945 1921 1997 ip·-

1084 2013 1178 2041 sam
1194 2000 1463 2053 profundere
1483 2002 1665 2042 necesse
1687 2001 1753 2043 sit.
1781 2000 1914 2043 Fides

1084 2057 1199 2098 enim
1223 2062 1356 2110 caput
1381 2063 1448 2099 est
1471 2062 1514 2099 et
1539 2057 1679 2099 radix:
1715 2070 1803 2110 qua
1826 2069 1913 2099 ser-

1083 2115 1195 2163 vata,
1216 2113 1389 2155 etiarnsi
1409 2113 1555 2155 emnia
1574 2113 1747 2166 perdas,
1768 2114 1913 2155 emnia

1084 2175 1230 2212 tamen
1262 2183 1412 2211 rursus
1443 2171 1607 2222 majere
1642 2183 1742 2212 cum
1775 2169 1914 2222 gloria

1084 2226 1377 2280 recuperabis.
1404 2226 1577 2269 Idcirco
1596 2240 1678 2269 nec
1694 2226 1914 2280 simplices

1084 2284 1226 2326 solum
1258 2284 1381 2335 jussit
1413 2296 1528 2334 esse,
1560 2297 1642 2326 nec
1671 2283 1914 2338 prudentes

1084 2340 1241 2391 solum;
1285 2339 1364 2382 sed
1401 2340 1531 2382 ambo
1567 2341 1664 2383 haec
1698 2341 1743 2382 in
1779 2354 1913 2382 unum
1989 2384 1994 2390 ,

1083 2398 1272 2447 miscuit,
1299 2402 1348 2438 ut
1373 2409 1423 2439 ea
1446 2397 1490 2438 in
1509 2398 1715 2440 virtutem
1734 2409 1913 2440 conver-

1083 2456 1241 2496 tantur.

1141 2515 1189 2566 Rz.
1225 2515 1432 2556 Damasci
1470 2515 1739 2568 praepesitus
1770 2516 1911 2567 gentis

1084 2572 1232 2614 Aretae
1253 2572 1368 2623 regis
1382 2586 1407 2612 v
1411 2572 1521 2614 eluit
1539 2585 1610 2614 me
1630 2571 1911 2625 comprehen—

1084 2628 1203 2670 dere:
1233 2627 1254 2650 *
1274 2629 1331 2670 Et
1355 2641 1380 2669 a
1406 2628 1613 2670 fratribus
1637 2635 1740 2700 per
1740 2641 1910 2670 murum

1084 2683 1300 2726 demissus
1329 2697 1425 2726 sum
1452 2685 1495 2725 in
1523 2678 1740 2737 sportae*
1765 2685 1822 2726 Et
1849 2686 1912 2727 sic

1085 2754 1137 2782 ev
1141 2741 1204 2782 asi
1217 2754 1370 2782 manus
1381 2742 1472 2793 ejus
1484 2741 1527 2782 in
1538 2742 1712 2783 nemine
1723 2742 1911 2784 Demini.
