2040 2976
482 178 552 211 Die
575 178 634 212 30.
660 179 776 212 Junii.
823 178 866 212 In
891 178 1098 212 Commem.
1123 177 1157 212 S.
1182 178 1293 212 Pauli
1318 179 1508 221 Apostoli.

376 273 426 312 In
448 272 499 312 H.
522 271 557 311 N
559 272 745 311 octurno.

198 340 295 380 Ant.
324 340 393 379 Tu
413 350 460 379 es
479 350 556 378 vas
576 336 801 378 electionis
821 340 971 377 sancte

144 394 278 436 Paule
304 393 540 446 Apostole‚
567 392 835 446 praedicator
862 392 970 433 veri-

144 451 248 493 tatis
266 451 310 492 in
329 451 533 492 universo
551 449 728 491 mundo.

198 514 297 555 Ant.
317 514 499 563 Magnus
519 515 695 552 sanctus
711 510 873 550 Paulus
893 522 970 551 vas

144 568 390 618 electionis,
422 580 526 610 vere
558 566 687 618 digne
717 571 784 608 est
811 566 971 617 glorifi-

144 624 330 674 candus,
377 624 451 677 qui
490 629 534 666 et
568 623 728 664 meruit
764 623 971 664 thronum

144 681 453 723 duodecimum
471 680 712 734 possidere.

196 743 295 784 Ant.
336 743 507 784 Bonum
539 742 760 783 certamen
794 740 969 789 certavi,

143 812 318 840 cursum
342 798 607 848 consumavi,
630 796 763 839 fidem
788 797 971 838 servavi.

195 854 245 906 V.
279 859 531 901 Constitues
558 872 635 901 eos
659 858 879 911 principes
903 871 969 898 su-

143 929 223 968 per
257 928 431 957 omnem
458 921 631 957 terram.
671 914 721 965 R.
750 914 970 956 Memores

145 977 272 1014 erunt
289 972 476 1014 nominis
495 971 560 1013 tui
577 971 776 1013 Domine.

144 1051 211 1092 Ex
229 1049 341 1091 libro
357 1049 496 1091 sancti
511 1049 744 1100 Augustini
757 1048 970 1101 Episcopi

234 1105 290 1148 de
307 1106 449 1174 gratia
469 1110 512 1147 et
531 1105 672 1147 libero
692 1105 884 1147 arbitrio.

195 1166 377 1208 Lectio'
366 1181 419 1207 1v.
761 1165 865 1217 Cap.
881 1167 918 1205 6.

151 1246 213 1281 cs
228 1240 274 1289 Ἶῑξ
290 1231 492 1285 postolus
507 1231 679 1282 Paulus,
702 1244 832 1284 quem
851 1237 970 1274 certe

147 1284 231 1360 γ)
306 1288 548 1330 invenimus
573 1288 664 1329 sine
684 1287 784 1329 ullis
804 1288 971 1329 meritis

164 1340 257 1371 ὲ
306 1344 452 1394 bonis
479 1345 568 1386 imo
593 1357 692 1386 cum
715 1344 863 1385 multis
885 1346 970 1385 me-

142 1401 237 1443 ritis
264 1401 406 1451 malis,
437 1401 522 1443 Dei
548 1401 735 1451 gratiam
763 1404 970 1443 consecu—

143 1462 247 1508 tum,
270 1456 496 1499 reddentis
515 1457 632 1500 bona
650 1469 732 1510 pro
751 1457 888 1507 malis,
910 1458 969 1499 vi-

144 1513 326 1556 deamus
356 1513 462 1566 quid
490 1513 625 1563 dicat,
655 1526 734 1555 sua
761 1515 845 1565 jam
872 1526 970 1566 pro-

142 1567 383 1623 pinquante
415 1570 638 1623 passione,
680 1570 877 1612 scribens
915 1570 971 1612 ad

143 1626 439 1668 Timotheum:
462 1627 557 1677 Ego
583 1626 698 1668 enim
716 1627 800 1678 jam
820 1629 967 1668 immo-

143 1683 224 1734 lor,
248 1683 403 1736 inquit,
430 1687 474 1724 et
496 1688 671 1736 tempus
690 1683 970 1725 resolutionis

142 1752 253 1781 meae
271 1739 416 1781 instat.
446 1740 620 1781 Bonum
640 1742 863 1781 certamen
882 1753 971 1781 cer-

142 1796 250 1847 tavi,
282 1809 458 1837 cursum
490 1797 806 1846 consummavi,
838 1795 971 1838 fidem

146 1852 330 1894 servavi.
389 1853 480 1894 Ista
514 1853 666 1904 utique
701 1854 786 1904 jam
817 1853 971 1894 merita

144 1922 223 1950 sua
260 1908 379 1951 bona
416 1911 746 1951 commemorat:
785 1914 833 1950 ut
869 1914 972 1962 post

143 1964 261 2007 bona
274 1965 429 2007 merita
443 1967 738 2018 consequatur
751 1967 970 2015 coronam,

145 2022 220 2073 qui
245 2026 349 2074 post
380 2022 536 2063 merita
563 2021 679 2064 mala
707 2025 971 2063 consecutus

144 2083 212 2120 est
253 2078 448 2129 gratiam.
511 2078 713 2130 Denique
759 2077 971 2120 attendite

146 2133 252 2187 quid
288 2137 511 2187 sequatur:
553 2135 778 2187 superest,
814 2135 971 2187 inquit,

143 2190 249 2232 mihi
267 2193 432 2233 corona
450 2191 638 2243 justitiae,
663 2203 796 2242 quam
815 2190 972 2232 reddet

145 2247 249 2288 mihi
284 2248 501 2289 Dominus
535 2248 581 2288 in
615 2247 689 2289 illa
726 2247 797 2289 die
833 2248 971 2299 justus

143 2303 283 2356 judex.
326 2304 407 2345 Cui
438 2303 645 2345 redderet
678 2305 887 2345 coronam
912 2304 970 2354 ju-

144 2365 238 2402 stus
266 2359 411 2412 judex,
446 2360 483 2401 si
514 2372 603 2400 non
635 2358 845 2401 donasset
875 2361 970 2410 gra-

143 2416 250 2458 tiam
285 2416 536 2457 misericors
572 2415 720 2468 pater?
774 2416 831 2456 Et
866 2417 970 2467 quo-

145 2472 277 2514 modo
313 2477 429 2514 esset
465 2472 551 2513 ista
583 2473 747 2513 corona
780 2471 970 2522 justitiae,

144 2529 227 2569 nisi
244 2530 547 2581 praecessisset
565 2527 716 2578 gratia,
735 2540 834 2580 quae
852 2528 969 2579 justi-

144 2584 247 2626 ficat
274 2583 478 2637 impium?
526 2582 760 2633 Quomodo
787 2583 872 2624 ista
899 2583 969 2625 de-

145 2639 237 2682 bita
254 2639 523 2689 redderetur,
543 2640 626 2680 nisi
645 2639 766 2692 prius
785 2638 859 2680 issa
877 2652 969 2690 gra-

145 2697 257 2739 tuita
274 2695 531 2739 donaretur?

1786 173 1852 208 375

1077 273 1128 323 R.
1163 270 1231 310 Tu
1265 282 1312 311 es
1340 282 1418 311 vas
1447 270 1672 312 electionis
1701 276 1852 311 sancte

1023 325 1158 367 Paule
1186 326 1420 378 Apostole‚
1448 326 1713 379 praedicator
1742 327 1849 368 veri-

1023 382 1127 424 tatis
1165 382 1208 422 in
1246 383 1450 424 universo
1489 383 1669 433 mundo,
1707 389 1729 415 ¹*
1766 384 1850 424 Per

1025 451 1155 491 quem
1181 451 1333 480 omnes
1359 439 1524 481 Gentes
1552 442 1850 490 cognoverunt

1023 495 1209 546 gratiam
1228 495 1322 536 Dei.
1358 493 1407 544 V.
1426 496 1656 537 Intercede
1675 509 1756 548 pro
1776 509 1849 538 no·

1023 551 1091 593 bis
1111 551 1167 593 ad
1186 552 1340 602 Deum,
1362 553 1435 604 qui
1453 557 1497 594 te
1517 553 1659 603 elegit.
1686 553 1780 594 Per.

1336 610 1487 651 Lectio
1508 625 1544 651 v.

1026 662 1264 768 Proinde
1291 664 1616 706 consideremus
1643 665 1739 717 ipsa
1762 668 1848 707 me-

1118 721 1202 762 rita
1222 721 1428 774 Apostoli
1447 721 1585 771 Pauli,
1611 721 1767 774 quibus
1788 722 1848 764 di-

1023 779 1086 820 xit
1119 780 1327 819 coronam
1358 777 1632 819 redditurum
1664 779 1850 830 jadicem

1023 836 1197 887 justum:
1223 839 1266 876 et
1284 834 1512 876 videamus
1530 839 1678 876 utrum
1696 836 1849 877 merita

1023 892 1178 944 ipsius,
1202 896 1427 943 tamquam
1446 891 1598 943 ipsius,
1624 891 1669 932 id
1689 897 1769 941 est,
1796 906 1849 934 ex

1023 948 1121 1000 ipso
1154 948 1194 989 ei
1226 950 1496 1000 comparata,
1530 960 1584 989 an
1617 947 1733 989 dona
1765 949 1850 991 sint

1023 1005 1118 1046 Dei.
1146 1004 1332 1054 Bonum,
1351 1004 1503 1056 inquit,
1524 1006 1744 1046 certamen
1763 1018 1850 1047 cer-

1023 1061 1129 1110 tavi,
1162 1074 1337 1103 cursum
1369 1062 1686 1110 consummavi,
1718 1061 1851 1103 fidem

1023 1118 1205 1160 servavi.
1236 1118 1383 1159 Primo
1403 1118 1487 1159 ista
1505 1117 1622 1159 bona
1642 1120 1791 1171 opera,
1816 1119 1852 1160 si

1023 1188 1110 1216 non
1135 1188 1187 1216 ea
1209 1176 1543 1227 praecessissent
1563 1174 1851 1226 cogitationes

1022 1231 1170 1281 bonae,
1195 1231 1315 1272 nulla
1334 1236 1492 1273 essent.
1528 1230 1757 1273 Attendite
1777 1234 1851 1273 ita-

1025 1301 1109 1340 que
1144 1287 1249 1340 quid
1284 1288 1338 1330 de
1375 1288 1481 1340 ipsis
1514 1288 1851 1339 cogitationibus

1024 1343 1151 1386 dicat.
1181 1345 1256 1386 Ait
1276 1345 1391 1387 enim
1411 1344 1606 1386 scribens
1627 1344 1683 1386 ad
1704 1345 1850 1386 Corin-

1023 1400 1155 1443 thios:
1182 1402 1284 1443 Non
1312 1401 1413 1454 quia
1436 1401 1585 1443 idonei
1608 1414 1756 1442 sumus
1781 1415 1850 1443 co·
1900 1440 1903 1443 ,

1023 1458 1163 1508 gitare
1197 1457 1362 1510 aliquid
1394 1471 1420 1499 a
1451 1457 1595 1507 nobiS,
1627 1463 1852 1510 tamquam

1024 1527 1050 1555 a
1086 1514 1431 1567 nobismetipsis;
1475 1515 1555 1556 sed
1592 1514 1852 1556 sufficientia

1023 1576 1174 1613 nostra
1194 1584 1249 1613 ex
1267 1572 1365 1613 Deo
1387 1576 1463 1613 est.
1490 1571 1663 1613 Deinde
1683 1572 1852 1622 singula

1024 1628 1317 1680 inspiciamus.

1077 1684 1127 1735 R.
1148 1684 1301 1727 Gratia
1319 1685 1404 1726 Dei
1423 1697 1519 1726 sum
1536 1684 1582 1726 id
1602 1684 1722 1737 quod
1742 1698 1852 1726 sum:

1024 1741 1045 1764 *
1068 1741 1124 1782 Et
1149 1742 1293 1792 gratia
1318 1742 1408 1793 ejus
1434 1742 1478 1782 in
1505 1754 1574 1782 me
1600 1743 1739 1783 vacua
1764 1754 1851 1782 non

1024 1797 1119 1847 fuit,
1165 1796 1245 1839 sed
1290 1810 1465 1850 semper
1510 1797 1553 1838 in
1588 1811 1658 1839 me
1695 1802 1852 1839 manet.

1023 1849 1074 1900 V.
1103 1853 1187 1904 Qui
1214 1856 1423 1906 operatus
1448 1859 1514 1895 est
1532 1854 1695 1895 Petro
1685 1867 1729 1894 1n
1749 1867 1851 1906 apo-

1025 1910 1250 1961 stolatum,
1278 1913 1486 1963 operatus
1513 1915 1579 1952 est
1604 1915 1646 1952 et
1669 1910 1803 1951 mihi
1792 1924 1851 1950 m-

1023 1971 1091 2007 ter
1111 1966 1287 2008 Gentes.
1315 1967 1372 2008 Et
1390 1967 1541 2017 gratia.

1324 2022 1476 2063 Lectio
1498 2023 1550 2061 vi.

1107 2092 1249 2129 onum,
1268 2079 1418 2131 inquit,
1438 2081 1659 2121 certamen
1678 2081 1852 2121 certavi.

1124 2136 1284 2185 Quaero
1312 2148 1398 2187 qua
1417 2135 1578 2177 virtute
1605 2137 1852 2178 certaverit:

1023 2196 1170 2233 utrum
1191 2204 1289 2244 quae
1308 2191 1370 2232 illi
1390 2204 1444 2233 ex
1459 2194 1697 2244 semetipso
1712 2193 1852 2242 fuerit,

1024 2260 1079 2288 an
1105 2261 1204 2300 quae
1229 2248 1419 2301 desuper
1444 2247 1547 2290 data
1566 2247 1643 2290 sit?
1672 2249 1759 2290 Sed
1779 2249 1850 2291 ab·

1024 2304 1096 2353 sit,
1135 2309 1183 2346 ut
1214 2310 1360 2346 tantus
1393 2303 1551 2347 doctor
1585 2305 1851 2356 ignoraverit

1022 2359 1165 2411 legem
1189 2360 1290 2410 Dei,
1323 2362 1444 2413 cujus
1469 2374 1557 2402 vox
1582 2366 1649 2403 est
1674 2362 1718 2402 in
1737 2361 1850 2403 Deu-

1022 2417 1284 2458 teronomio:
1307 2417 1375 2459 Ne
1400 2416 1523 2459 dicas
1542 2418 1586 2458 in
1605 2417 1739 2459 corde
1759 2422 1849 2459 tuo:

1022 2471 1255 2514 Fortitudo
1283 2486 1382 2515 mea
1409 2479 1452 2515 et
1476 2474 1673 2526 potentia
1697 2486 1848 2514 manus

1022 2541 1132 2570 meae
1157 2529 1260 2571 fecit
1288 2529 1394 2570 mihi
1418 2530 1623 2572 virtutem
1647 2542 1848 2580 magnam

1022 2584 1150 2635 hanc,
1196 2586 1275 2627 sed
1317 2586 1632 2628 memoraberis
1672 2584 1848 2626 Domini

1022 2641 1107 2682 Dei
1125 2642 1205 2690 tui,
1235 2642 1336 2693 quia
1360 2642 1457 2694 ipse
1478 2642 1558 2683 tibi
1581 2641 1656 2683 dat
1679 2640 1847 2682 fortitu-

1023 2697 1168 2739 dinem
1195 2697 1340 2739 facere
1367 2698 1585 2739 virtutem.
1634 2696 1749 2747 Quid
1776 2709 1846 2738 au-
