2040 2976
190 207 282 252 [374]

724 210 945 245 Gratiarum
970 212 1071 245 actio
1097 216 1186 254 post
1209 210 1379 244 Missum.

191 305 335 345 Oratio
347 305 399 345 ad
408 305 631 345 Dominum
640 304 668 344 J
670 316 788 344 esum
798 303 1023 344 Christum.

296 374 361 398 Post
384 373 494 398 Missam
516 370 590 396 recit.
612 371 717 402 Indulg⁴
737 371 753 394 :3
773 378 918 397 annorum.

416 416 483 441 Pius
504 415 551 440 IX.
575 416 612 440 11.
634 415 700 440 Dee.
724 415 797 440 134st

243 466 382 500 bsecro
411 468 463 507 te,
493 464 716 499 dulcissime
740 463 905 499 Domine
929 464 1026 499 Jesu

270 515 435 558 Christe,
458 518 500 549 ut
520 514 656 558 passio
680 518 747 549 tua
771 514 822 549 sit
837 514 934 549 mihi
949 514 1025 549 vir-

189 570 251 601 tus
269 576 346 610 qua
365 565 527 607 muniar,
548 565 741 609 protegar,
763 568 878 609 atque
897 564 1025 599 defen-

191 617 277 650 dar:
306 615 469 650 vulnera
493 618 559 649 tua
583 614 662 649 sint
684 614 781 648 mihi
805 614 932 658 cibus,
956 624 1025 658 po-

190 669 341 710 tusque,
366 665 508 710 quibus
532 675 683 708 pascar,
708 665 887 708 inebrier,
909 669 1024 708 atque

191 717 376 751 delecter:
422 715 598 759 aspersio
637 715 840 759 sanguinis
879 715 936 749 tui
975 715 1025 750 sit

190 767 285 802 mihi
310 766 458 802 ablutio
484 765 655 800 omnium
677 765 907 800 delictorum
923 766 1025 800 meo-

190 828 291 852 rum:
321 827 426 851 mors
450 820 517 850 tua
543 815 593 850 sit
615 815 712 850 mihi
736 815 861 858 gloria
885 816 1025 859 sempi-

190 869 308 902 terna.
354 866 399 900 In
421 866 484 900 his
509 865 560 900 sit
582 864 678 898 mihi
702 864 876 908 refectio,
898 866 1025 900 exsul-

190 918 301 959 tatio,
331 915 478 950 sanitas
508 918 546 949 et
575 914 740 949 dulcedo
771 914 901 949 cordis
932 915 1024 949 mei:

191 968 265 1008 Qui
289 967 393 1002 vivis
423 970 461 1000 et
490 975 630 1009 regnas
660 965 701 999 in
730 965 874 1000 saecula
905 976 1024 1000 saecu-

189 1018 324 1052 lorum.
369 1016 504 1050 Amen.

459 1115 756 1167 Aspirationes

264 1188 298 1218 S.
326 1184 464 1226 Ignatii
493 1184 540 1217 ad
567 1183 622 1217 Ss.
651 1183 957 1225 Redemptorem.

195 1247 259 1271 Ριικῐ
277 1247 386 1270 &lissam
408 1246 510 1271 [ndum.
530 1246 542 1270 ῖ
558 1252 695 1270 annorum
717 1244 801 1269 semel
821 1244 846 1269 111
868 1245 925 1272 dic:

193 1290 242 1307 *tu*
262 1287 368 1311 dicrum
391 1286 472 1311 toties
493 1285 609 1318 quotics.
644 1286 747 1314 Induit:⁴
770 1286 873 1317 plcnur.
894 1286 977 1310 semel
999 1286 1024 1310 iu

356 1328 361 1352 i
379 1328 436 1353 hece
453 1327 548 1353 (ιη-3111»
563 1326 687 1359 quotidie
704 1326 843 1352 recitatur.
867 1327 932 1352 I'ius
948 1327 995 1352 IX.

508 1371 531 1393 ξ’.
552 1369 615 1393 ι1311.
641 1368 711 1392 13:34.

193 1414 347 1496 Anima
369 1413 516 1449 Christi
538 1413 736 1448 sanctifica
759 1423 830 1447 me.
871 1412 1024 1457 Corpus

274 1464 420 1499 Christi
445 1464 556 1498 salva
579 1473 650 1498 me.
688 1463 857 1506 Sanguis
878 1463 1025 1498 Christi

191 1514 341 1549 inebria
363 1524 434 1548 me.
470 1513 586 1557 Aqua
606 1514 739 1548 lateris
764 1513 911 1549 Christi
933 1514 1025 1549 lava

190 1574 261 1598 me.
286 1564 425 1598 Passio
443 1563 590 1599 Christi
612 1563 787 1598 conforta
808 1574 878 1598 me.
904 1563 935 1599 Ο
956 1565 1024 1599 bo-

189 1624 238 1648 ne
255 1614 278 1648 J
282 1624 366 1656 esu,
389 1613 532 1648 exaudi
553 1623 624 1648 me.
655 1613 761 1648 Intra
777 1618 843 1648 tua
862 1614 1024 1649 vulnera

192 1663 387 1698 absconde
409 1673 479 1697 me.
512 1662 571 1697 Ne
599 1663 799 1706 permittas
825 1673 885 1698 me
914 1674 1025 1708 sepa-

190 1713 268 1747 rari
296 1723 318 1747 a
348 1717 396 1748 te.
430 1713 493 1747 Ab
522 1713 635 1747 hoste
662 1714 832 1757 maligno
860 1713 1024 1749 defende

190 1774 261 1798 me.
301 1763 346 1797 In
366 1763 463 1798 hora
482 1763 618 1798 mortis
638 1773 735 1797 meae
755 1774 856 1799 voca
875 1774 946 1799 me.
977 1764 1026 1799 Et

190 1814 279 1857 jube
303 1823 364 1848 me
387 1814 519 1848 venire
545 1813 595 1847 ad
618 1817 671 1857 te,
699 1817 742 1848 ut
768 1823 854 1848 cum
878 1814 1024 1849 sanctis

189 1864 267 1898 tuis
296 1863 451 1898 laudem
478 1866 515 1898 te
545 1862 584 1897 in
614 1863 759 1898 saecula
783 1864 1024 1899 saeculorum.

189 1914 324 1949 Amen.
413 1917 420 1923 “

947 1245 1026 1270 aliter

224 1336 324 1354 mense.
340 1337 351 1351 S

473 2009 637 2049 oblatio
666 2010 745 2049 sui.

455 2075 559 2104 Induln.
580 2075 631 2099 34111
651 2074 768 2100 dierum.

426 2115 605 2140 ,11.Χ111
626 2115 846 2148 212x1,11333

203 2165 267 2246 Su
271 2115 382 2207 scipeI
397 2163 562 2198 Domine
586 2163 809 2198 universam
832 2173 959 2198 meam
980 2164 1024 2198 11-

261 2214 459 2248 bertatem.
499 2213 645 2257 Accipe
662 2213 897 2256 memoriam,
915 2213 1024 2248 intel-

190 2263 341 2307 lectum,
353 2262 721 2307 atquevoluntatem
733 2273 895 2298 omnem.
911 2263 1024 2304 Quid-

191 2313 287 2358 quid
309 2313 453 2356 habeo,
476 2313 540 2348 vel
564 2313 767 2356 possideo,
791 2313 887 2348 mihi
910 2314 1024 2358 largi-

189 2367 252 2398 tus
277 2374 335 2399 es:
362 2363 403 2397 id
426 2362 498 2397 tibi
522 2366 645 2397 totum
669 2363 846 2407 restituo,
876 2374 921 2398 ac
946 2367 1024 2399 tuae

1077 315 1240 349 prorsus
1257 306 1450 342 voluntati
1472 307 1586 343 trado
1608 308 1912 352 gubernandum.

1078 357 1262 391 Amorem
1282 356 1339 392 tui
1359 357 1488 393 solum
1506 368 1594 394 cum
1609 359 1734 403 gratia
1754 363 1823 395 tua
1843 360 1912 396 mi-

1077 406 1119 440 hi
1137 406 1270 448 doneS‚
1293 410 1331 442 et
1351 406 1464 442 dives
1485 418 1571 443 sum
1591 409 1699 451 satis,
1716 419 1790 444 nec
1806 410 1914 445 aliud

1079 458 1294 503 quidquam
1317 459 1419 494 ultra
1411 469 1588 535 posco.

1210 579 1355 622 Oratio
1381 581 1434 622 ad
1460 582 1507 622 B.
1535 582 1710 622 Mariam
1733 582 1782 624 V.

1341 642 1448 674 lndulg.
1466 643 1515 667 100
1532 642 1575 667 die
1579 650 1648 667 rum.

1325 684 1400 708 1,1.
1418 683 1635 708 Χ111..»ι»1)εα
1653 683 1726 708 1334.

1084 736 1131 811 O
1154 684 1294 778 Marial,
1314 734 1436 779 Virgo
1459 739 1496 770 et
1511 735 1635 771 Mater
1655 737 1913 782 sanctissima,

1178 793 1267 818 ecce
1285 785 1440 829 suscepi
1461 785 1757 821 dilectissimum
1772 786 1914 823 Filium

1078 836 1196 874 tuum,
1215 844 1330 878 quem
1347 835 1594 871 immaculato
1614 837 1724 872 utero
1740 841 1807 873 tuo
1824 848 1914 874 con-

1079 884 1227 927 cepisti,
1251 885 1429 929 genuisti,
1447 885 1614 928 lactasti,
1632 890 1747 930 atque
1765 889 1913 924 suavis-

1079 932 1189 967 simis
1200 934 1446 978 amplexibus
1456 935 1657 970 strinxisti.
1678 935 1789 980 Ecce,
1803 937 1913 981 cujus

1079 984 1239 1027 aspectu
1259 984 1475 1029 laetabaris,
1500 989 1538 1020 et
1558 986 1738 1021 omnibus
1762 986 1913 1023 deliciis

1078 1033 1312 1077 replebaris,
1337 1034 1447 1069 illum
1472 1035 1603 1079 ipsum
1624 1036 1699 1071 tibi
1718 1037 1917 1074 humiliter

1079 1087 1116 1118 et
1146 1085 1320 1119 amanter
1346 1087 1600 1130 repraesento,
1629 1090 1666 1122 et
1693 1087 1813 1123 offero
1835 1089 1913 1124 tuis

1077 1133 1250 1168 brachiis
1292 1135 1652 1182 constringendum,
1690 1141 1758 1173 tuo
1796 1139 1913 1174 corde

1079 1184 1287 1219 amandum
1310 1186 1647 1231 sanctissimaeque
1667 1187 1851 1224 Trinitati
1873 1189 1914 1224 in

1078 1235 1301 1278 supremum
1319 1236 1444 1271 latriae
1461 1237 1606 1272 cultum
1620 1247 1694 1283 pro
1713 1238 1771 1274 tui
1787 1239 1912 1283 ipsius

1077 1284 1226 1319 honore
1251 1289 1288 1320 et
1311 1286 1453 1330 gloria,
1478 1290 1516 1322 et
1538 1297 1611 1331 pro
1634 1288 1747 1332 meis,
1776 1289 1913 1324 totias-

1079 1345 1153 1379 que
1176 1336 1312 1370 mundi
1334 1337 1634 1373 necessitatibus
1664 1338 1912 1376 offerendum.

1078 1384 1190 1429 Rogo
1208 1396 1301 1430 ergo
1317 1390 1370 1430 te,
1394 1387 1573 1431 piissima
1588 1387 1726 1432 Mater,
1749 1389 1914 1434 impetra

1077 1435 1174 1470 mihi
1190 1436 1344 1471 veniam
1360 1437 1533 1472 omnium
1547 1439 1797 1482 peccatorum
1810 1441 1913 1476 meo-

1077 1496 1177 1530 rum,
1201 1487 1436 1531 uberemque
1452 1487 1644 1531 gratiam
1631 1489 1712 1539 ipsi
1728 1489 1912 1535 deinceps

1077 1535 1232 1571 fidelius
1257 1537 1464 1582 serviendi,
1489 1548 1534 1573 ac
1558 1531 1725 1584 denique
1749 1540 1914 1584 gratiam

1078 1585 1246 1630 finalem,
1270 1590 1313 1621 ut
1335 1597 1423 1622 eum
1438 1565 1566 1623 tecum
1585 1588 1746 1625 laudare
1761 1590 1914 1634 possim

1077 1645 1149 1679 per
1164 1636 1294 1671 omnia
1311 1638 1456 1673 saecula
1475 1638 1718 1675 saeculorum.
1743 1639 1879 1676 Amen.

1248 1756 1393 1798 Oratio
1421 1757 1474 1798 ad
1503 1757 1546 1798 S.
1573 1758 1744 1812 Joseph.

1344 1819 1447 1851 Indulg.
1471 1819 1520 1844 100
1539 1819 1656 1844 dierum.

1311 1860 1378 1886 Pius
1400 1860 1447 1886 ix.
1467 1861 1491 1886 4.
1511 1859 1591 1886 Febr.
1614 1860 1687 1887 1377.

1080 1911 1304 1991 Virginum
1322 1911 1481 1957 Custos,
1506 1916 1543 1948 et
1558 1912 1675 1948 Pater
1697 1918 1830 1950 sancte
1846 1914 1872 1950 J
1873 1925 1913 1951 o-

1164 1962 1273 2006 seph‚
1291 1962 1400 2006 cujus
1417 1962 1523 1998 fideli
1542 1963 1733 1999 custodiae
1748 1964 1839 2010 ipsa
1851 1965 1913 2001 In-

1078 2012 1259 2047 nocentia
1282 2012 1462 2048 Christus
1484 2013 1510 2048 J
1512 2023 1602 2048 esus
1627 2018 1664 2050 et
1684 2014 1808 2059 Virgo
1829 2015 1913 2051 Vir-

1078 2062 1212 2106 ginum
1234 2062 1356 2098 Maria
1380 2064 1587 2099 commissa
1610 2064 1698 2100 fuit:
1733 2064 1807 2110 Te,
1842 2076 1914 2110 per

1077 2113 1154 2148 hoc
1181 2114 1386 2158 utrumque
1412 2113 1655 2149 carissimum
1682 2115 1826 2159 pignus
1848 2115 1911 2151 Je-

1078 2172 1166 2198 sum
1197 2166 1234 2197 et
1264 2162 1426 2198 Mariam
1459 2164 1624 2200 obsecro
1657 2169 1695 2201 et
1727 2165 1911 2210 obtestor,

1078 2217 1120 2247 ut
1142 2223 1202 2248 me
1228 2213 1277 2248 ab
1302 2213 1406 2248 omni
1431 2213 1675 2250 immunditia
1697 2218 1912 2260 praeserva-

1078 2268 1169 2306 tum,
1186 2267 1313 2298 mente
1331 2263 1646 2307 incontaminata,
1666 2275 1766 2310 puro
1783 2266 1911 2310 eorde,

1079 2318 1116 2348 et
1133 2317 1241 2348 casto
1259 2315 1422 2358 corpore
1438 2314 1463 2348 J
1466 2324 1535 2349 esu
1557 2319 1594 2350 et
1609 2315 1743 2351 Mariae
1759 2326 1913 2361 semper

1078 2363 1199 2399 facias
1217 2364 1434 2399 castissime
1450 2364 1639 2403 famulari.
1672 2366 1807 2402 Amen.
