2040 2976
197 211 266 245 294

622 211 692 244 Die
722 212 767 245 1⁴3.
795 212 894 251 Maii,
942 215 976 245 S.
1005 211 1145 245 Ubaldi
1171 210 1298 253 Episc.
1326 215 1361 244 et
1385 210 1493 244 Conf.

501 307 653 347 Lectio
674 308 725 347 vi.

202 364 418 470 Scripsit
454 370 600 407 autem
636 365 773 407 multa
809 370 853 407 et
884 366 1027 407 soluta

283 421 498 471 oratione,
525 427 569 463 et
593 421 809 471 versibuS,
840 421 1027 463 mirabili

196 479 361 532 pietate
390 483 434 520 et
463 477 726 531 eloquentia:
760 478 917 530 quibus
951 477 1025 519 do-

198 538 368 577 ctorum
401 534 641 584 hominum,
687 538 1027 587 sanctorumque

197 591 357 643 judicio
377 590 423 632 id
442 594 670 633 assecutus
691 596 775 640 est,
793 596 841 632 ut
859 590 966 631 nihil
984 591 1027 631 in

197 648 291 699 illis,
309 647 393 688 nisi
411 660 466 689 ex
482 660 598 689 verae
619 647 796 700 pietatis
817 653 859 689 et
879 647 1025 688 catho-

197 704 294 754 licae
325 703 548 755 religionis
585 703 735 754 regula
767 704 1027 756 reperiatur:

196 773 326 802 nemo
347 759 586 812 quidquam
604 761 695 811 jure
710 762 871 802 vocare
885 760 1028 812 possit

197 816 239 856 in
294 816 486 858 dubium.
551 816 1028 859 Consubstantialitatis

197 873 294 913 Filii
325 873 406 914 fuit
437 873 672 914 acerrimus
713 874 1028 925 propugnator.

149 972 151 974 ,
197 929 257 970 Ut
276 934 422 970 autem
441 929 543 971 vitae
561 928 691 970 laude
710 941 839 970 nemo
860 929 900 970 ei
918 941 1028 981 prae-

149 1014 151 1038 :
196 985 368 1038 positus
389 989 471 1035 est;
495 985 558 1026 sic
584 991 628 1027 et
652 985 863 1027 orationis
887 985 1027 1036 gravi-

196 1043 288 1083 tate
308 1054 461 1083 omnes
484 1041 612 1083 facile
632 1042 867 1094 superavit.
899 1042 950 1082 In
974 1042 1027 1082 iis

198 1097 417 1140 scribendi
454 1110 507 1139 ac
542 1097 717 1148 legendi
749 1097 907 1139 studiis
939 1098 1029 1138 ruri

196 1154 332 1195 vitam
357 1154 562 1195 monachi
590 1155 817 1203 exercens,
844 1154 1027 1207 impera-

196 1212 293 1252 tore
322 1209 596 1260 Theodosio,
629 1209 686 1252 ad
715 1210 941 1252 coelestem
968 1210 1027 1251 vi-

196 1270 287 1307 tam
306 1266 429 1307 senio
450 1266 675 1308 confectus
693 1266 907 1317 migravit.

252 1327 302 1379 Ru
328 1327 419 1368 Iste
438 1330 505 1368 est
525 1327 609 1379 qui.
629 1326 714 1379 [54]

250 1392 293 1425 In
317 1391 381 1426 Ill.
403 1391 602 1425 Nocturno
625 1391 797 1425 Homiliu
822 1391 858 1424 in
882 1391 1027 1433 Evang.

200 1439 276 1474 Vos
306 1439 400 1474 estis
426 1439 494 1474 sal.
522 1439 568 1473 de
594 1439 797 1474 Communi
816 1439 1027 1473 Doctorum

202 1489 228 1521 1.
254 1488 351 1521 loco.
375 1487 444 1530 [64]

468 1566 551 1607 Die
571 1567 631 1607 16.
650 1566 761 1618 Maji.

307 1630 349 1671 S.
368 1629 553 1672 Ubaldj
570 1628 716 1681 Episc.
736 1634 779 1670 et
801 1629 920 1670 Conf.

485 1694 746 1737 SemidupleX.

254 1748 389 1782 Omnia
421 1747 467 1780 de
498 1746 642 1781 Comm.
676 1746 784 1782 Conf.
814 1747 922 1781 Pont.
958 1745 1028 1788 [49]

202 1802 341 1840 praeter
366 1806 470 1838 sequ.

538 1850 699 1891 Oratio.

279 1909 459 1950 uxilium
497 1915 620 1951 tuum
656 1910 803 1962 nobis,
840 1911 1029 1953 Domine

306 1968 572 2018 quaesumuS,
591 1966 791 2019 placatus
809 1968 1029 2021 impende:

202 2027 246 2064 et
267 2022 580 2065 intercessione
603 2023 722 2066 beati
740 2025 901 2067 Ubaldi
920 2025 1029 2066 Con-

201 2078 381 2120 fessoris
400 2079 463 2120 tui
483 2084 615 2132 atque
631 2080 857 2123 Pontificis
877 2087 1030 2124 contra

202 2147 354 2177 omnes
379 2134 544 2177 diaboli
566 2137 784 2189 nequitias
803 2137 1030 2180 dexteram

203 2204 335 2244 super
368 2205 450 2233 nos
481 2197 570 2234 tuae
601 2194 930 2246 propitiationis
959 2207 1029 2237 ex-

201 2247 343 2290 tende.
382 2249 467 2290 Per
485 2249 733 2291 Dominum.

250 2324 293 2357 In
323 2324 348 2357 I.
380 2324 578 2357 Nocturno
614 2324 816 2358 Lectiones
852 2326 898 2359 de
931 2326 1029 2359 Scri-

202 2376 314 2414 ptura
341 2379 572 2405 occurrente.

432 2442 481 2479 In
503 2441 552 2479 11.
575 2441 797 2480 Noo‘curno.

505 2501 656 2542 Lectio
676 2501 728 2540 iv.

306 2559 509 2610 baldus,
545 2561 734 2612 Eugubii
770 2562 814 2602 in
852 2563 1031 2605 Umbria

306 2584 321 2653 ¹3
353 2616 489 2658 nobili
521 2618 680 2668 genere
714 2623 856 2669 natus,
891 2632 916 2660 a
946 2621 1031 2673 pri-

238 2573 263 2604 *ss
271 2591 279 2610 χ

206 2635 207 2642 ,
238 2600 296 2678 Q&

220 2681 229 2687 ··
270 2646 323 2696 ’ἵζ’
352 2674 434 2714 mis
462 2674 585 2714 annis
613 2674 777 2726 pietate
806 2680 851 2717 et
875 2676 1031 2718 litteris

202 2729 375 2782 egregie
400 2735 466 2772 est
494 2730 730 2772 institutus:
758 2733 932 2784 iamque
958 2733 1030 2775 ad-

1080 300 1359 352 olescens,*ut
1375 303 1560 343 uxorem
1579 302 1771 354 duceret,
1790 316 1909 356 saepe

1079 362 1290 408 tentatus,
1317 371 1556 411 numquam
1582 364 1731 402 tamen
1757 373 1784 402 a
1810 373 1909 413 pro-

1079 417 1228 469 posito
1272 414 1503 457 servandae
1539 415 1803 467 virginitatis
1845 430 1910 459 re-

1080 473 1223 514 cessit.
1250 471 1468 514 Sacerdos
1487 471 1680 523 effectus,
1698 474 1906 526 patrimo-

1078 530 1198 571 nium
1217 542 1344 570 suum
1363 528 1635 581 pauperibus
1659 534 1702 571 et
1716 530 1911 572 ecclesiis

1080 586 1318 634 distribuit,
1344 589 1387 626 et
1409 585 1720 627 canonicorum
1743 586 1911 637 regula-

1079 643 1192 684 rium
1224 641 1390 683 ordinis
1419 641 1560 683 sancti
1587 641 1822 693 Augustini
1850 643 1910 683 in-

1080 699 1281 740 stitutum
1314 698 1575 750 suscipiens,
1616 697 1724 740 illud
1758 698 1803 739 in
1835 700 1910 752 pa-

1079 756 1209 797 triam
1237 754 1478 804 transtulit,
1510 758 1643 806 atque
1674 755 1718 795 in
1751 767 1804 797 eo
1838 755 1911 797 ali-

1081 811 1290 864 quamdiu
1317 811 1590 852 sanctissime
1619 811 1738 852 vixit.
1780 811 1911 864 Cujus

1081 868 1325 910 sanctitatis
1358 867 1564 920 opinione
1597 867 1817 918 evulgata,
1855 867 1911 910 ab

1079 924 1281 966 Honorio
1320 923 1515 965 secundo
1551 923 1731 966 Summo
1765 924 1911 966 Ponti·

1079 980 1163 1022 fiee
1212 980 1411 1022 ecclesiae
1456 979 1701 1031 Eugubinae
1749 980 1910 1022 invitus

1079 1036 1338 1089 praeficitur,
1380 1041 1423 1078 et
1460 1036 1727 1089 episcopalis
1759 1049 1910 1079 conse-

1081 1093 1288 1134 crationis
1308 1095 1490 1134 munere
1512 1091 1757 1134 decoratur.

1136 1168 1187 1220 ΕΖ.
1209 1165 1363 1207 Inveni
1385 1164 1531 1206 David
1555 1177 1732 1207 servum
1754 1179 1912 1216 meum,

1083 1222 1182 1264 oleo
1229 1226 1383 1263 sancto
1429 1234 1529 1263 meo
1574 1222 1681 1263 unxi
1726 1235 1844 1264 eum:
1887 1226 1910 1251 *

1081 1277 1236 1320 Manus
1270 1278 1386 1320 enim
1418 1290 1517 1319 mea
1550 1277 1831 1325 auxiliabitur
1862 1280 1912 1321 ei.

1084 1332 1134 1384 V.
1149 1334 1271 1375 Nihil
1285 1334 1490 1387 proficiet
1508 1334 1708 1376 inimicus
1725 1335 1770 1375 in
1787 1347 1852 1386 eo,
1870 1340 1914 1377 et

1082 1390 1197 1432 filius
1237 1391 1480 1443 iniquitatis
1519 1403 1608 1432 non
1649 1390 1826 1433 nocebit
1863 1392 1912 1434 ei.

1082 1447 1249 1488 Manus.

1393 1532 1547 1574 Lectio
1569 1546 1604 1572 v.

1086 1599 1189 1705 Ad
1212 1616 1336 1644 suam
1359 1605 1509 1655 itaque
1528 1604 1754 1646 revertens
1775 1603 1911 1646 eccle-

1186 1660 1305 1710 siam,
1326 1673 1425 1701 cum
1442 1659 1498 1702 de
1513 1661 1725 1702 consueta
1738 1660 1914 1703 vivendi

1082 1717 1251 1759 ratione
1284 1716 1393 1757 nihil
1421 1715 1662 1758 admodum
1691 1717 1913 1758 immutas-

1083 1778 1161 1824 set,
1187 1774 1231 1814 in
1250 1773 1370 1815 omni
1388 1777 1536 1815 tamen
1556 1773 1767 1815 virtutum
1785 1775 1912 1825 gene-

1082 1843 1129 1872 re
1158 1843 1212 1872 eo
1239 1830 1380 1881 magis
1413 1829 1604 1872 eminere
1633 1830 1788 1883 coepit,
1825 1843 1914 1883 quo

1083 1887 1305 1929 efficacius
1343 1886 1526 1929 aliorum
1564 1887 1695 1929 etiam
1727 1886 1914 1928 salutem

1083 1943 1219 1986 verbo
1246 1948 1290 1985 et
1315 1943 1518 1996 exemplo
1543 1945 1823 1996 procuraret,
1854 1943 1913 1984 fa-

1083 2005 1179 2043 ctus
1202 2000 1344 2042 forma
1368 2001 1513 2052 gregis
1532 2013 1587 2042 ex
1606 2000 1764 2041 animo.
1799 2000 1914 2042 Nam

1083 2057 1203 2099 victu
1220 2069 1374 2110 parco,
1400 2059 1563 2098 vestitu
1580 2056 1832 2107 moderato,
1856 2056 1913 2098 le-

1085 2114 1203 2156 ctulo
1223 2116 1382 2166 aspero
1403 2118 1447 2155 et
1461 2113 1752 2166 pauperrimo,
1773 2113 1915 2155 crucis

1083 2170 1468 2212 mortificationem
1485 2170 1643 2222 jugiter
1660 2170 1705 2211 in
1723 2182 1803 2211 suo
1822 2171 1915 2211 cor-

1082 2239 1192 2280 pore
1212 2226 1565 2276 circumferebat,
1594 2226 1699 2268 dum
1723 2225 1915 2279 ineXple-

1083 2284 1161 2326 bili
1180 2284 1392 2326 orationis
1416 2282 1564 2326 studio
1584 2284 1789 2337 ‘spiritum
1809 2295 1914 2336 quo-

1083 2340 1191 2382 tidie
1209 2343 1441 2383 recrearet.
1466 2341 1591 2383 'Hinc
1613 2339 1916 2382 admirabilem

1083 2397 1204 2439 illam
1222 2397 1605 2440 mansuetudinem
1624 2401 1692 2439 est
1715 2396 1914 2450 adeptus,

1085 2467 1172 2506 qua
1193 2455 1475 2505 gravissimas
1499 2454 1676 2507 injurias
1699 2458 1745 2496 et
1763 2457 1913 2495 contu-

1083 2510 1236 2552 melias
1260 2523 1349 2552 non
1372 2511 1508 2553 modo
1528 2509 1832 2563 aequanimiter
1849 2514 1914 2551 tu-

1083 2566 1151 2616 lit,
1177 2579 1330 2608 verum
1357 2568 1489 2609 etiam
1512 2566 1699 2608 mirifico
1718 2565 1914 2608 dilectio-

1083 2623 1151 2664 nis
1170 2623 1331 2665 affectu
1349 2625 1659 2677 persecutores
1677 2634 1781 2664 suos
1797 2622 1913 2664 omni

1083 2679 1366 2778 Renignitatis
1381 2680 1635 2722 testimonio
1650 2678 1913 2731 complecte-

1116 2736 1225 2778 atur.
