2040 2976
704 203 904 237 Dominicu
931 202 973 235 Y.
1000 209 1087 244 post
1113 201 1377 234 Pentecosten.

186 295 331 336 muisti
350 296 525 335 mittere
545 306 721 334 manum
740 298 860 334 tuam
875 297 923 333 ut
943 304 1012 332 oc-

187 351 356 392 cideres
372 349 582 390 christum
596 347 797 390 Demini?
817 348 1014 389 Vocans-

190 419 273 458 que
305 404 450 446 David
481 418 614 445 unum
646 404 702 446 de
733 404 883 456 pueris
915 403 1015 449 suis,

189 462 262 502 ait:
294 460 523 502 Accedens
554 463 668 502 irrue
700 461 744 501 in
776 473 886 501 eum.
932 459 1015 508 Qui

185 517 402 570 permissit
421 516 553 566 illum,
574 522 617 557 et
635 518 835 557 mertuus
856 519 934 556 est.

239 596 288 646 Rg.
322 590 552 639 Deminus,
582 589 656 641 qui
681 589 841 641 eripuit
865 600 934 628 me
960 587 1015 628 de

187 659 264 687 ore
282 645 434 695 leonis,
456 650 500 686 et
519 645 574 686 de
593 658 724 686 manu
742 644 896 685 bestiae
912 643 1015 684 libe-

186 702 299 742 ravit
318 714 404 750 me,
422 707 444 730 *
463 703 567 753 Ipse
586 713 656 742 me
676 700 832 751 eripiet
852 698 907 740 de
926 701 1013 739 ma-

187 757 315 798 nibus
335 757 610 798 inimicorum
629 758 837 797 meorum.
870 751 919 802 V.
939 754 1015 794 Mi-

188 814 245 854 sit
274 814 394 854 Deus
423 811 768 853 misericerdiam
796 824 935 859 suam,
973 815 1016 850 et

187 869 417 910 veritatem
459 881 599 909 suam:
647 868 834 908 animam
873 878 1016 906 meam

188 925 348 977 eripuit
384 925 439 966 de
470 923 616 965 medio
652 923 896 965 catuIOrum
928 921 1016 962 led-

188 994 301 1021 num.
335 981 448 1033 Ipse.
483 980 635 1020 Gleria
657 979 787 1020 Patri.
824 979 938 1030 Ipse.

414 1072 463 1110 In
491 1071 540 1109 11.
569 1070 791 1108 Nocturno.

191 1141 257 1180 Ex
274 1138 388 1180 libro
404 1138 637 1179 MoraHum
656 1137 795 1179 sancti
815 1137 1019 1188 Gregorii

533 1194 678 1245 Papae.

372 1266 487 1298 Liber
509 1264 538 1297 4.
576 1260 667 1305 Cap.
691 1263 720 1295 3.
747 1267 782 1295 et
806 1263 834 1295 4.

492 1328 642 1368 Lectio
663 1327 715 1366 iv.

195 1442 277 1504 3⁴}ss
303 1486 313 1503 .·
333 1447 626 1489 tribuentibus
663 1446 747 1487 sibi
783 1446 898 1487 mala
933 1459 1022 1487 non

195 1503 274 1526 ¹⁸²³&
298 1500 312 1525 '⁴³
334 1502 542 1552 reddidit,
570 1516 669 1544 cum
693 1502 797 1544 Saul
826 1507 870 1544 et
893 1503 918 1543 J
922 1504 1021 1543 ena-

190 1560 289 1602 thas
320 1559 438 1602 bello
478 1559 808 1608 occumberent,
850 1558 1021 1600 Gelboe

191 1616 414 1657 montibus
439 1615 683 1665 maledixit,
712 1614 875 1656 dicens:
902 1615 1021 1656 Mon-

191 1677 259 1714 tes
278 1671 459 1721 Gelboe,
478 1684 560 1712 nec
579 1684 663 1720 ros,
683 1683 765 1712 nec
783 1670 934 1723 pluvia
951 1672 1022 1712 ve-

192 1729 283 1770 niat
298 1741 430 1780 super
446 1740 541 1769 vos:
560 1740 703 1780 neque
722 1728 808 1769 sint
827 1728 920 1779 agri
938 1727 1022 1779 pri-

191 1785 426 1825 mitiarum:
447 1784 548 1835 quia
563 1782 623 1824 ibi
638 1783 833 1834 abjectus
853 1788 920 1825 est
937 1783 1022 1835 cly-

192 1853 304 1892 peus
328 1840 520 1889 fortium,
549 1839 728 1892 clypeus
751 1839 868 1888 Saul,
898 1839 1023 1891 quasi

193 1909 280 1936 non
314 1901 431 1937 esset
463 1900 621 1937 unctus
650 1895 772 1936 oleo?
810 1894 927 1944 Quid
956 1900 1023 1936 est

194 1951 316 2002 quod
347 1952 575 2001 Jeremias,
613 1964 712 1992 cum
744 1951 1022 2003 praedicatis>-

194 2020 294 2048 nem
310 2020 433 2048 suam
448 2010 646 2049 cerneret
661 2007 929 2048 audientium
944 2006 1022 2048 dif-

195 2063 388 2104 ficultate
420 2062 672 2115 praepediri,
705 2062 931 2104 maledixit
964 2063 1023 2104 di-

196 2131 317 2160 cens:
349 2119 609 2160 Maledictus
642 2120 724 2168 vir,
758 2119 831 2170 qui
862 2131 1023 2159 annun-

195 2175 322 2215 tiavit
340 2175 456 2227 patri
475 2187 587 2223 meo,
607 2175 772 2216 dicens:
795 2174 938 2215 Natus
957 2180 1023 2227 est

195 2229 275 2272 tibi
294 2243 402 2282 puer
420 2229 660 2272 masculus?

247 2303 298 2354 R.
332 2303 555 2345 Percussit
580 2303 682 2344 Saul
705 2303 840 2353 mille,
873 2308 916 2345 et
939 2304 1025 2345 Da-

196 2359 271 2400 vid
306 2358 460 2400 decem
492 2359 639 2400 millia:
671 2362 693 2384 *
727 2359 838 2409 Quia
870 2373 1024 2401 manus

197 2414 376 2455 D6mini
413 2419 507 2456 erat
543 2427 641 2455 cum
676 2415 767 2456 illo:
807 2416 1026 2467 permissit

197 2470 514 2519 Philistha'eum,
556 2475 600 2511 et
643 2471 823 2513 abstulit
864 2474 1025 2524 oppro-

197 2526 340 2568 brium
359 2539 414 2567 ex
432 2526 580 2567 Israel.
607 2522 656 2572 V.
679 2527 837 2568 Nonne
858 2528 940 2569 iste
960 2533 1027 2569 est

198 2581 358 2631 David,
384 2582 439 2623 de
466 2595 553 2633 quo
578 2582 791 2623 canebant
815 2583 858 2623 in
878 2582 1026 2632 choro,

200 2636 411 2679 dicentes:
443 2637 547 2678 Saul
573 2638 791 2690 permissit
818 2638 952 2687 mille,
985 2644 1028 2680 et

198 2693 345 2735 David
363 2693 517 2734 decem
536 2691 691 2733 millia?
721 2693 842 2743 Quia,

1381 291 1533 332 Lectio
1556 304 1593 330 v.

1153 345 1230 387 uid
1253 357 1358 395 ergo
1383 349 1556 386 montes
1581 343 1767 393 Gelboe‚
1795 343 1898 385 Saul

1170 402 1386 443 moriente
1418 400 1715 453 deliquerunt,
1748 402 1898 452 quete-

1067 472 1149 499 nus
1172 458 1216 498 in
1245 470 1322 499 eos
1346 469 1428 498 nec
1451 469 1526 498 ros
1551 469 1634 497 nec
1657 455 1807 508 pluvia
1832 457 1899 497 ca-

1069 514 1194 556 deret
1230 518 1274 555 et
1310 512 1365 554 ab
1403 512 1522 553 omni
1555 524 1632 553 eos
1663 511 1900 553 viriditatis

1068 570 1261 621 germine
1282 568 1511 610 sententiae
1526 580 1671 609 sermo
1687 565 1899 609 siccaret?

1068 625 1156 667 Sed
1176 626 1277 678 quia
1297 624 1470 666 Gelboe
1493 624 1808 675 interpretatur
1827 621 1900 664 de·

1070 685 1241 731 cursus,
1266 694 1347 733 per
1366 679 1470 722 Saul
1496 684 1644 720 autem
1659 683 1840 720 unctum
1858 683 1902 720 et

1068 740 1309 786 mertuum,
1336 749 1456 778 mors
1479 735 1619 776 nostri
1643 733 1902 776 mediatOris

1071 793 1345 846 exprimitur:
1362 804 1453 833 non
1470 791 1689 832 immerito
1707 803 1788 843 per
1803 789 1902 831 Gel-

1070 849 1156 902 boe
1201 854 1375 890 montes
1420 846 1612 900 superba
1647 845 1904 887 Judaeorum

1071 904 1208 947 corda
1225 905 1465 955 signantur:
1486 915 1585 955 quae
1601 901 1706 944 dum
1720 902 1764 942 in
1777 901 1904 954 hujus

1070 961 1222 1002 mundi
1242 959 1473 1002 desideriis
1493 958 1702 1008 defluunt,
1721 958 1765 999 in
1785 957 1904 999 Chri-

1072 1018 1144 1067 sti,
1173 1016 1219 1058 id
1246 1021 1330 1066 est,
1363 1016 1483 1057 uncti
1509 1027 1556 1056 se
1582 1019 1725 1056 morte
1747 1013 1905 1055 miscu-

1073 1075 1214 1114 erunt:
1252 1077 1296 1114 et
1334 1072 1436 1124 quia
1466 1071 1511 1112 in
1544 1071 1607 1112 eis
1637 1074 1796 1112 unctus
1827 1082 1906 1110 rex

1073 1128 1364 1180 corporaliter
1382 1127 1578 1175 meritur,
1603 1126 1690 1179 ipsi
1709 1125 1764 1167 ab
1788 1124 1907 1167 omni

1072 1184 1226 1235 gratiae
1246 1196 1348 1224 rore
1368 1183 1600 1224 siccantur.

1128 1243 1177 1293 Eg.
1203 1240 1379 1281 Montes
1407 1237 1594 1287 Gelboe,
1619 1250 1702 1279 nec
1727 1249 1802 1278 ros
1824 1248 1907 1277 nec

1073 1296 1223 1349 pluvia
1242 1295 1420 1337 veniant
1437 1307 1571 1347 super
1589 1306 1682 1344 vos,
1696 1294 1719 1317 *
1733 1292 1821 1335 Ubi
1840 1305 1908 1334 ce-

1074 1353 1275 1394 ciderunt
1303 1351 1439 1392 fortes
1466 1350 1616 1391 Israel.
1661 1344 1711 1396 V.
1741 1349 1907 1390 Omnes

1007 1413 1020 1419 '
1074 1413 1264 1457 montes,
1294 1407 1369 1459 qui
1397 1406 1503 1448 estis
1530 1406 1575 1446 in
1599 1405 1784 1448 circuitu
1805 1404 1908 1456 ejus,

1074 1465 1222 1506 visitet
1249 1463 1482 1505 Dominus:
1512 1476 1538 1504 a
1563 1461 1734 1504 Gelboe
1762 1465 1908 1502 autem

1074 1523 1281 1562 transeat.
1312 1519 1410 1561 Ubi.

1378 1575 1532 1616 Lectio
1554 1575 1605 1614 vi.

1076 1627 1187 1732 De
1225 1631 1384 1683 quibus
1421 1635 1466 1672 et
1497 1630 1611 1672 bene
1645 1628 1823 1679 dicitur,
1860 1631 1910 1669 ut

1171 1688 1264 1738 agri
1282 1687 1574 1740 primitiarum
1593 1698 1691 1727 esse
1710 1697 1799 1726 non
1816 1695 1911 1736 pos-

1076 1744 1172 1786 sint.
1199 1743 1413 1796 Superbae
1433 1743 1600 1796 quippe
1617 1740 1910 1783 Hebraeorum

1075 1805 1246 1842 mentes
1270 1800 1520 1852 primitivos
1545 1799 1713 1840 fructus
1739 1809 1828 1838 non
1850 1795 1909 1837 fe-

1076 1861 1190 1897 runt:
1211 1856 1312 1908 quia
1328 1855 1374 1896 in
1388 1854 1702 1920 Redepptdris
1717 1852 1911 1895 adventu

1077 1925 1132 1954 ex
1150 1917 1277 1965 parte
1295 1912 1487 1952 maxima
1505 1924 1549 1951 1n
1567 1909 1755 1963 perfidia
1773 1920 1910 1950 rema-

1076 1970 1249 2018 nentes,
1284 1967 1527 2020 primerdia
1555 1965 1660 2008 fidei
1685 1965 1811 2017 sequi
1834 1977 1910 2006 no-

1076 2025 1262 2065 luerunt.
1303 2023 1464 2065 Sancta
1494 2034 1684 2074 namque
1711 2020 1911 2062 Ecclesia

1076 2081 1120 2121 in
1146 2080 1350 2133 primitiis
1376 2079 1465 2120 suis
1490 2076 1769 2120 multitudine
1797 2076 1910 2118 Gen-

1077 2137 1187 2178 tium
1205 2135 1476 2185 foecundata,
1496 2135 1570 2176 vix
1588 2134 1633 2174 in
1652 2133 1804 2175 mundi
1823 2133 1910 2174 fine

1077 2193 1101 2233 J
1104 2191 1257 2234 udaeos
1279 2204 1390 2244 quos
1406 2190 1631 2239 invenerit,
1651 2189 1847 2242 suScipit,
1867 2193 1911 2230 et

1079 2251 1274 2297 extrema
1301 2247 1530 2298 conigens,
1559 2259 1637 2288 eos
1664 2246 1790 2298 quasi
1813 2245 1909 2287 reli-

1079 2305 1204 2356 quias
1223 2304 1397 2355 frugum
1415 2303 1553 2355 ponit.
1866 2330 1868 2333 -

1132 2362 1181 2412 R·-
1214 2361 1310 2411 Ego
1341 2365 1385 2401 te
1413 2359 1493 2401 tuli
1527 2359 1582 2400 de
1611 2357 1745 2400 domo
1772 2356 1910 2410 patris

1077 2417 1151 2466 tui,
1180 2415 1286 2458 dicit
1303 2416 1531 2465 Dominus,
1560 2420 1604 2456 et
1621 2414 1751 2468 posui
1771 2419 1816 2455 te
1833 2415 1909 2465 pa-

1079 2485 1202 2514 scere
1226 2485 1405 2523 gregem
1427 2471 1583 2524 p6puli
1607 2471 1708 2512 mei:
1726 2472 1749 2498 *
1769 2470 1829 2510 Et
1850 2469 1910 2510 fui

1079 2533 1226 2569 tecum
1243 2528 1287 2568 in
1314 2527 1518 2569 omnibus
1538 2527 1804 2578 ubicumque
1824 2538 1909 2566 am-

1080 2584 1260 2633 bulasti,
1294 2584 1472 2624 firmans
1506 2596 1687 2634 regnum
1714 2587 1838 2623 tuum
1865 2582 1909 2621 in

1081 2642 1302 2681 aeternum.
1343 2635 1394 2686 V.
1422 2640 1616 2690 Fecique
1643 2638 1723 2680 tibi
1750 2650 1910 2679 nomen

1081 2695 1264 2746 grande,
1301 2697 1421 2748 juxta
1453 2708 1614 2736 nomen
1639 2695 1910 2745 magnorum,
