2040 2976
193 221 267 266 [98]

192 330 308 366 eum,
341 321 385 359 et
413 316 628 359 dicentes:
659 317 705 358 Si
727 317 832 359 licet
856 316 1023 358 homini

191 373 414 415 dimittere
444 375 629 415 uxorem
662 386 787 414 suam
818 377 1022 426 quaeum-

192 443 277 481 que
297 442 351 471 ex
372 428 529 471 causa?
558 430 616 471 Et
634 429 814 482 reliqua.

318 508 514 551 Homih'a
541 507 682 549 sancti
709 507 734 548 J
736 507 890 549 oannis

451 564 768 616 Chrysostomi.

300 637 410 671 Hom.
428 638 479 670 (33.
500 637 536 670 in
555 637 697 680 Mam-1„
716 639 787 671 sub
804 638 901 671 med.

202 716 205 748 :
222 698 307 747 553<
322 694 493 736 eminus
512 698 672 744 noster,
694 693 796 746 quia
816 693 873 734 ad
893 693 1019 744 virgi-

200 742 291 801 Η»)
338 751 522 792 nitatem
556 750 724 791 horteri
757 762 890 801 grave
922 762 1019 792 esse

198 799 204 817 ¹
222 805 277 821 '⁴
337 806 581 856 videbatur,
597 819 622 847 a
636 806 900 847 necessitate
910 805 1018 857 legis

186 861 242 903 de
261 875 351 904 non
375 862 589 905 solvendo
614 861 911 912 matrimomo,
940 875 1018 904 eos

185 918 242 959 ad
272 919 563 972 cupiditatem
588 919 704 959 illius
730 918 904 959 trahere
930 923 1017 960 stu-

185 974 271 1016 det.
313 975 486 1017 Deinde
511 980 560 1016 ut
586 987 683 1016 eam
709 987 806 1016 esse
830 974 1016 1026 possibi-

183 1029 270 1071 lem
291 1031 514 1081 ostendat,
539 1031 603 1072 sic
629 1031 785 1083 inquit:
809 1031 919 1072 Sunt
946 1043 1016 1072 eu-

183 1087 314 1128 nuchi
337 1088 410 1140 qui
429 1101 483 1129 ex
498 1092 651 1129 ventre
670 1087 824 1128 matris
844 1086 905 1127 ita
924 1087 1016 1128 nati

183 1149 293 1194 sunt,
315 1150 358 1185 et
378 1149 479 1185 sunt
502 1144 576 1195 qui
597 1143 652 1184 ab
671 1142 924 1184 hominibus
944 1156 1014 1185 eu-

182 1199 313 1241 nuchi
332 1201 437 1242 facti
458 1205 574 1250 sunt,
606 1204 649 1241 et
675 1204 777 1241 sunt
804 1200 878 1252 qui
901 1202 1013 1253 seip-

182 1269 256 1297 sos
285 1258 588 1298 castraverunt
617 1261 801 1309 propter
831 1269 1013 1307 regnum

181 1313 406 1354 coelorum.
445 1313 615 1363 Quibus
642 1312 790 1354 verbis
823 1312 1012 1354 latenter

181 1381 258 1410 eos
282 1369 339 1411 ad
364 1369 610 1422 eligendam
629 1369 927 1420 virginitatem
951 1370 1011 1410 in-

181 1424 311 1476 ducit,
332 1426 436 1467 dum
456 1439 553 1467 eam
567 1426 777 1467 virtutem
798 1437 895 1466 esse
910 1438 1011 1477 pos-

180 1481 352 1524 sibilem
373 1483 541 1524 astruit.

232 1549 282 1599 R.
299 1547 410 1589 Haec
431 1553 498 1589 est
514 1547 653 1598 Virgo
671 1547 858 1599 sepiens,
879 1560 1010 1599 quam

179 1602 395 1645 Dominus
418 1604 672 1655 vigilantem
691 1603 873 1652 invenit,
899 1616 1009 1654 quae,

178 1660 374 1712 acceptis
402 1659 698 1712 lampadibus,
727 1659 916 1712 sumpsit
945 1673 1009 1701 se-

179 1727 278 1756 cum
299 1716 458 1757 eleum:
474 1715 496 1738 *
511 1716 568 1756 Et
588 1715 790 1756 veniente
806 1715 1009 1766 DeminQ

176 1771 375 1814 introivit
392 1785 491 1814 cum
508 1785 560 1814 eo
577 1771 634 1813 ad
648 1772 837 1824 nuptias.
855 1766 905 1818 Y'.
920 1772 1008 1813 Me-

177 1827 248 1869 dia
272 1834 403 1870 nocte
428 1829 594 1870 clamor
619 1828 762 1869 factus
783 1834 863 1870 est:
892 1828 1009 1870 Ecce

176 1897 365 1936 sponsus
386 1885 518 1935 venit,
538 1887 654 1926 exite
676 1884 852 1926 Obviam
873 1885 922 1927 ei.
951 1885 1008 1927 Et

176 1941 386 1983 veniente.

462 1996 616 2036 Lectio
638 1996 722 2035 viii.

226 2062 255 2104 d
282 2068 429 2105 autem
457 2063 543 2104 hoc
569 2062 659 2105 fere
688 2063 823 2105 modo
850 2063 1005 2105 confir-

238 2124 339 2160 mat.
378 2119 534 2170 Cogita
553 2124 716 2168 tecum,
737 2120 774 2160 si
794 2125 869 2161 aut
889 2133 914 2161 a
933 2133 1004 2161 na-

174 2178 273 2215 tura
291 2175 392 2216 talis
412 2188 548 2225 esses,
575 2181 650 2217 aut
673 2176 729 2217 ab
754 2175 1004 2218 hominibus

820 223 1029 257 Commune
1059 222 1268 265 Yirginum.

1077 328 1174 357 eam
1192 315 1394 367 injuriam
1413 328 1582 368 passus,
1605 315 1713 369 quid
1730 316 1909 366 fimeres,

1077 385 1177 413 cum
1211 377 1255 413 et
1287 371 1504 424 einsmodi
1531 372 1764 425 voluptete
1790 375 1908 414 care-

1076 442 1162 478 res,
1187 434 1232 470 et
1255 428 1422 470 nullam
1445 428 1638 470 carendo
1657 428 1908 470 mercedem

1076 485 1431 537 consequereris?
1451 485 1630 526 Gratias
1644 485 1779 537 igitur
1792 498 1908 527 nunc

1075 542 1172 583 Deo
1194 555 1315 594 agas,
1344 541 1467 594 quod
1491 554 1591 583 cum
1616 541 1821 584 mercede
1846 546 1907 584 at-

1075 611 1160 650 que
1189 599 1368 640 coronis
1397 598 1517 640 idem
1544 598 1750 649 sustines,
1787 597 1908 651 quod

1073 654 1137 695 illi
1165 656 1258 697 sine
1292 656 1468 697 coronis
1501 668 1554 696 ac
1584 655 1769 708 praemio
1797 654 1905 697 tele-

1073 717 1187 753 rant:
1206 712 1295 753 imo
1306 724 1413 753 vero
1423 725 1512 754 non
1522 711 1652 761 idem,
1672 711 1753 753 sed
1765 711 1905 753 multo

1072 767 1227 816 levius;
1264 774 1359 810 tum
1388 769 1490 820 quia
1518 781 1598 821 spe
1627 768 1824 820 erigeris,
1864 773 1907 810 et

1075 826 1347 867 conscientia
1374 831 1495 868 recte
1521 825 1640 875 facti3
1676 830 1771 867 tum
1804 824 1907 877 quia

1071 894 1160 923 non
1179 882 1242 924 ita
1260 882 1511 933 ingentibus
1532 881 1906 934 concupiscentiae

1071 938 1279 981 fluctibus
1299 940 1487 992 jacteris.

1120 1004 1169 1062 R.
1213 1009 1362 1051 Media
1398 1013 1531 1051 nocte
1564 1008 1730 1050 clamor
1762 1009 1904 1050 factus

1070 1069 1156 1105 est:
1185 1068 1206 1091 *
1242 1066 1359 1107 Ecce
1394 1078 1585 1118 sponsus
1618 1065 1753 1114 venit,
1787 1067 1904 1107 exste

1070 1120 1245 1162 Obviam
1271 1122 1320 1163 ei.
1352 1118 1400 1169 Y.
1428 1121 1675 1163 Prudentes
1700 1122 1902 1173 virgines,

1068 1179 1219 1229 aptate
1267 1183 1437 1220 vestras
1482 1177 1721 1230 lampades.
1775 1177 1902 1219 Ecce.

1068 1233 1221 1275 GlOria
1244 1234 1376 1276 Patri.
1417 1235 1546 1276 Ecce.

1369 1315 1520 1355 Lectio
1541 1315 1594 1354 ix.

1143 1391 1216 1419 um
1241 1391 1346 1430 ergo
1372 1378 1427 1420 de
1446 1378 1532 1420 illis
1552 1377 1762 1420 eunuchis
1783 1377 1901 1420 dixe-

1065 1493 1332 1541 contineant‚
1356 1491 1520 1533 frustra
1544 1496 1587 1533 et
1605 1491 1819 1533 inutiliter
1837 1496 1900 1533 ta-

1063 1547 1127 1588 les
1148 1553 1263 1598 sunt;
1284 1561 1336 1589 ac
1356 1548 1411 1589 de
1433 1548 1529 1599 illis,
1555 1548 1630 1600 qui
1649 1552 1697 1589 ut
1716 1560 1899 1599 regnum

1063 1603 1278 1644 coelerum
1307 1607 1654 1656 consequentur,
1687 1617 1735 1646 se
1762 1605 1897 1646 centi-

1061 1665 1176 1710 nent,
1197 1660 1422 1713 subjunxit
1443 1674 1606 1710 rursus,
1626 1660 1793 1702 dicens:
1814 1661 1899 1712 Qui

1062 1721 1212 1768 potest
1228 1719 1398 1769 cepere,
1415 1717 1577 1770 capiat:
1593 1722 1642 1758 ut
1657 1717 1896 1759 alacriores

1063 1771 1224 1814 efficiat
1251 1785 1304 1814 eo
1331 1774 1446 1825 ipso,
1486 1773 1608 1825 quod
1633 1786 1768 1825 grave
1797 1786 1896 1815 esse

1062 1840 1174 1880 opus
1190 1829 1396 1880 ostendit,
1417 1834 1461 1871 et
1475 1829 1687 1871 ineffabili
1701 1829 1895 1882 benigni-

1060 1887 1152 1926 tate
1177 1899 1256 1926 sua
1279 1886 1421 1927 neluit
1448 1899 1544 1928 eam
1567 1899 1662 1927 rem
1684 1886 1800 1927 intra
1822 1899 1894 1928 ne-

1061 1942 1314 1983 cessitatem
1331 1942 1441 1994 legis
1457 1942 1740 1984 concludere:
1759 1942 1895 1995 idque

1061 1996 1267 2048 dicendo,
1296 1998 1440 2040 adhuc
1468 1999 1608 2051 magis
1633 1998 1894 2052 possibilem

1060 2066 1157 2095 esse
1178 2054 1463 2106 demenstran
1481 2061 1530 2097 ut
1543 2055 1785 2097 voluntatis
1805 2058 1893 2097 stu-

1060 2109 1180 2151 dium
1199 2111 1300 2164 plus
1321 2115 1545 2163 augeatur.

1112 2178 1174 2218 Te
1195 2177 1340 2218 Deum
1358 2177 1598 2219 laudamus.
1619 2179 1677 2219 13.
