2040 2976
188 221 255 256 186

190 314 414 357 diabolum
451 315 495 352 et
532 308 712 358 angelos
745 307 853 357 ejus,
896 303 1015 354 Chri-

189 372 427 412 stianorum
465 365 657 419 populus
693 363 890 415 pugnare
927 372 1016 400 non

190 425 358 467 desinit.
390 423 485 464 Nec
502 427 650 463 tamen
668 422 844 460 vincere
863 420 1018 469 posset

187 482 268 522 nisi
288 493 417 521 verus
437 477 583 520 David
603 476 800 518 Christus
826 486 926 515 cum
944 472 1016 513 ba-

188 537 305 584 culo,
340 535 386 577 id
414 540 482 576 est
509 547 609 575 cum
635 532 777 574 crucis
806 529 1016 582 mysterio

187 591 500 634 descendisset.
522 591 637 631 Ante
652 588 889 629 adventum
905 585 1019 626 enim

188 649 364 695 Christi,
396 648 553 688 fratres
587 644 814 692 carissimi,
848 642 1019 683 solatus

189 710 282 746 erat
302 704 520 745 diabolus:
545 702 723 743 veniens
743 699 942 740 Christus
962 698 1018 738 fe-

188 761 248 802 cit
275 760 330 801 de
359 773 433 810 eo,
468 758 589 811 quod
615 758 659 797 in
688 754 927 805 Evangelio
958 753 1018 794 di-

189 822 307 858 ctum
334 821 414 857 est:
442 815 585 856 Nemo
611 817 760 866 potest
785 811 947 852 intrare
972 809 1017 849 in

189 872 370 914 domum
389 872 529 920 fortis,
555 875 599 911 et
618 882 723 910 vasa
749 869 839 919 ejus
859 866 1017 918 diripe-

189 943 255 980 re,
295 929 377 970 nisi
413 928 535 980 prius
573 924 817 975 alligaverit
849 923 1020 963 fortem.

189 987 323 1028 Venit
357 997 463 1035 ergo
499 982 714 1030 Christus,
748 985 791 1021 et
826 978 1020 1029 alligavit

190 1042 427 1085 diabolum.

242 1106 292 1156 R.
314 1097 537 1140 Percussit
555 1094 658 1136 Saul
676 1092 794 1134 mille
814 1097 858 1133 et
876 1091 1021 1133 David

192 1155 346 1197 decem
378 1153 527 1194 millia:
552 1160 575 1183 *
608 1150 720 1200 Quia
750 1161 904 1189 manus
931 1148 1020 1188 Do-

189 1211 294 1252 mini
313 1214 406 1251 erat
426 1221 525 1250 cum
543 1206 634 1247 illo:
654 1205 873 1258 permissit
891 1203 1020 1244 Phili-

192 1267 395 1315 stha'eum,
434 1270 477 1306 et
515 1262 696 1303 abstulit
732 1260 1023 1313 opprobrium

192 1336 246 1364 ex
261 1322 410 1363 Israel.
437 1321 486 1371 X.
507 1319 664 1360 Nonne
684 1319 767 1358 iste
785 1322 851 1358 est
865 1316 1022 1365 David,

192 1379 246 1420 de
273 1391 360 1430 quo
388 1376 602 1418 canebant
626 1375 670 1415 in
694 1374 850 1422 choro,
879 1372 1022 1414 dicen-

190 1441 272 1476 tes:
298 1433 402 1475 Saul
420 1431 641 1485 permissit
659 1430 794 1478 mille,
814 1434 859 1470 et
877 1427 1024 1470 David

193 1491 346 1532 decem
363 1486 519 1529 millia?
549 1487 671 1537 Quia.

503 1544 653 1584 Lectio
676 1558 711 1583 v.

263 1596 319 1638 ed
341 1596 447 1637 dicit
465 1595 638 1646 aliquis:
660 1594 705 1635 Si
724 1594 926 1645 alligatus
946 1599 1024 1642 est,

282 1665 416 1704 quare
436 1651 579 1692 adhuc
598 1655 767 1691 tantum
785 1649 1023 1702 praevalet?

196 1710 364 1751 Verum
382 1713 463 1757 est,
492 1707 647 1748 fratres
668 1707 896 1756 carissimi,
924 1707 1026 1759 quia

194 1765 380 1806 multum
412 1762 642 1815 praevalet:
675 1761 754 1803 sed
785 1762 949 1814 tepidis
983 1767 1026 1804 et

194 1819 530 1870 negligentibus,
552 1823 595 1859 et
614 1818 758 1859 Deum
776 1818 820 1858 in
839 1818 1025 1860 veritate

194 1889 282 1917 non
300 1874 553 1916 timentibus
574 1873 834 1915 dominatur.
863 1873 1025 1924 Alliga-

195 1937 266 1973 tus
287 1936 353 1972 est
373 1931 488 1972 enim
510 1936 735 1982 tamquam
755 1930 937 1970 innexus
958 1942 1025 1970 ca-

195 1988 263 2028 nis
305 1987 487 2035 catenis,
533 1992 575 2028 et
617 1986 836 2027 neminem
876 1990 1027 2037 potest

196 2042 415 2091 mordere,
441 2043 523 2082 nisi
548 2055 647 2083 eum
672 2042 746 2093 qui
765 2054 812 2082 se
830 2041 892 2081 illi
911 2055 1024 2083 mor—

196 2098 323 2139 tifera
351 2098 583 2139 securitate
611 2097 890 2147 coniunxerit.
927 2097 952 2138 J
955 2111 1024 2138 am

197 2153 360 2202 videte,
392 2154 565 2201 fratres,
604 2166 735 2204 quam
768 2153 927 2194 stultus
959 2158 1027 2194 est

198 2209 331 2250 homo
360 2209 448 2258 ille,
489 2221 620 2259 quem
648 2209 767 2249 canis
796 2209 839 2249 in
873 2211 1028 2251 catena

199 2265 371 2316 positus
389 2263 573 2305 mordet.
605 2264 674 2304 Tu
699 2269 743 2305 te
768 2264 830 2304 illi
854 2277 934 2316 per
953 2278 1026 2306 vo-

198 2321 390 2361 luntates
415 2325 458 2360 et
482 2318 746 2371 cupiditates
766 2320 918 2360 sa'eculi
936 2321 1027 2362 noli

200 2377 479 2426 conjongere,
506 2380 548 2415 et
571 2374 643 2414 ille
667 2373 724 2415 ad
746 2380 790 2415 te
811 2388 898 2416 non
917 2389 1027 2428 prae-

201 2431 333 2471 sumit
369 2429 591 2471 accedere.
645 2429 827 2470 Latrare
862 2436 1028 2482 potest,

202 2486 439 2526 sollicitare
454 2489 614 2537 potest,
632 2484 835 2526 mordere
851 2489 1027 2528 omnino

201 2554 289 2583 non
320 2546 486 2594 potest,
519 2540 601 2580 nisi
634 2540 866 2581 volentem.
927 2543 1029 2584 Non

203 2597 318 2638 enim
346 2595 564 2647 cogendo,
592 2594 670 2635 sed
699 2595 926 2638 suadendo
955 2611 1028 2639 no—

203 2658 286 2694 cet:
306 2665 386 2694 nec
406 2654 639 2703 extorquet
660 2664 685 2691 a
703 2650 831 2691 nobis
850 2655 1029 2694 consen-

204 2721 311 2758 sum,
333 2707 411 2750 sed
429 2709 550 2760 petit.

696 211 894 244 Dominiea
926 210 982 242 IV.
1011 214 1098 251 post
1128 209 1389 241 Pentecosten.

1125 307 1175 357 R..
1198 300 1373 340 Montes
1399 297 1585 346 Gelboe,
1613 308 1694 337 nec
1719 308 1794 336 ros
1819 307 1901 336 nec

1069 356 1220 409 pluvia
1239 355 1416 396 veniant
1435 365 1568 406 super
1582 365 1675 401 vos,
1690 359 1712 382 '*
1728 350 1815 393 Ubi
1834 363 1901 392 ce-

1070 411 1270 453 ciderunt
1297 411 1434 451 fortes
1461 408 1610 450 Israel.
1656 409 1707 460 ys,
1736 407 1901 449 Omnes

1070 473 1260 516 montes,
1288 467 1362 518 qui
1387 465 1494 507 estis
1521 465 1565 506 in
1591 464 1776 506 circuitu
1800 464 1903 515 ejus,

1070 524 1219 565 visitet
1243 523 1476 564 Dominus:
1510 534 1536 562 a
1561 519 1732 563 Gelbo‘e
1757 525 1904 561 autem

1070 582 1277 622 transeat.
1305 578 1403 620 Ubi.

1373 645 1525 685 Lectio
1551 645 1603 685 vi.

1163 701 1254 743 enit
1275 712 1380 750 ergo
1399 697 1561 748 David,
1588 703 1632 739 et
1650 697 1816 738 invenit
1833 696 1858 737 J
1860 709 1904 736 u-

1179 757 1378 798 daeorum
1402 754 1617 808 populum
1641 759 1795 795 contra
1815 752 1904 794 dia-

1072 813 1225 855 bolum
1249 812 1542 865 praeliantem:
1571 816 1615 852 et
1639 823 1739 852 cum
1761 809 1906 850 nullus

1073 874 1191 911 esset
1212 869 1286 921 qui
1303 871 1593 920 praesumeret
1612 865 1670 907 ad
1686 865 1905 916 singulare

1074 927 1297 967 certamen
1325 922 1555 972 accedere,
1586 922 1660 963 ille
1694 922 1769 974 qui
1800 921 1906 972 figu-

1074 994 1168 1022 ram
1193 980 1356 1022 Christi
1381 979 1579 1030 gerebat,
1606 977 1826 1031 processit
1850 977 1907 1019 ad

1073 1037 1291 1090 praelium,
1330 1035 1430 1077 tulit
1461 1034 1669 1076 baculum
1699 1034 1743 1074 in
1774 1045 1907 1074 manu

1075 1107 1167 1143 sua,
1194 1098 1238 1134 et
1264 1092 1369 1133 exiit
1388 1096 1541 1133 contra
1561 1089 1753 1131 Goliath,
1789 1090 1846 1130 Et
1863 1088 1907 1130 in

1074 1149 1150 1190 illo
1189 1147 1368 1200 quidem
1410 1153 1514 1188 tunc
1550 1146 1788 1197 figuratum
1823 1150 1907 1195 est,

1077 1204 1198 1256 quod
1212 1204 1256 1244 in
1270 1203 1462 1245 Domino
1478 1203 1503 1244 J
1506 1215 1584 1244 esu
1598 1202 1772 1243 Christo
1791 1213 1907 1242 com-

1074 1260 1243 1312 pletum
1268 1265 1346 1301 est.
1380 1259 1514 1300 Venit
1537 1258 1653 1299 enim
1671 1263 1803 1299 verus
1821 1257 1907 1298 Da-

1075 1316 1151 1357 vid
1172 1316 1380 1365 Christus,
1401 1315 1477 1366 qui
1496 1319 1649 1355 contra
1668 1312 1910 1366 spiritalem

1077 1372 1275 1422 Goliath,
1309 1371 1356 1413 id
1384 1375 1466 1419 est,
1500 1374 1654 1411 contra
1682 1368 1910 1411 diabolum

1075 1431 1361 1481 pugnaturus,
1377 1439 1553 1468 crucem
1567 1439 1691 1467 suam
1703 1425 1800 1478 ipse
1809 1437 1909 1478 por-

1076 1485 1196 1526 tavit.
1236 1483 1415 1533 Videte,
1449 1483 1624 1532 fratres,
1654 1481 1732 1523 ubi
1763 1480 1910 1522 David

1078 1540 1258 1582 Goliath
1281 1539 1564 1592 percusserit:
1592 1539 1636 1579 in
1661 1538 1805 1579 fronte
1828 1536 1908 1578 uti-

1077 1609 1182 1649 que,
1220 1596 1296 1637 ubi
1333 1595 1475 1637 crucis
1514 1594 1787 1645 signaculum
1820 1605 1910 1634 non

1076 1652 1279 1694 habebat.
1316 1652 1438 1693 Sicut
1466 1651 1581 1692 enim
1604 1650 1790 1692 baculus
1815 1661 1908 1691 cru-

1077 1709 1142 1750 cis
1166 1713 1322 1761 typum
1344 1707 1514 1757 habuit3
1542 1707 1604 1749 ita
1627 1707 1759 1748 etiam
1783 1711 1827 1747 et
1851 1705 1909 1746 la-

1076 1765 1146 1817 pis
1160 1764 1244 1812 ille,
1265 1763 1321 1805 de
1338 1776 1424 1816 quo
1439 1763 1676 1816 percussus
1691 1766 1769 1812 est,
1790 1761 1908 1803 Chri-

1078 1826 1194 1862 stum
1212 1820 1450 1861 Dominum
1468 1818 1697 1870 figurabat.

1131 1881 1182 1931 R.
1211 1877 1308 1927 Ego
1340 1881 1385 1917 te
1417 1874 1498 1917 tuli
1526 1873 1582 1916 de
1610 1873 1743 1915 domo
1770 1872 1909 1926 patris

1077 1933 1155 1982 tui,
1181 1932 1287 1974 dicit
1304 1932 1537 1981 Dominus,
1563 1935 1607 1972 et
1624 1929 1755 1983 posui
1771 1934 1816 1970 te
1834 1930 1909 1981 pa-

1078 2001 1202 2029 scere
1224 2000 1404 2039 gregem
1426 1986 1581 2040 populi
1604 1986 1707 2027 mei:
1726 1991 1749 2015 ¹⁰¹
1769 1985 1826 2026 Et
1849 1985 1910 2026 fui

1077 2049 1225 2085 tecum
1248 2044 1292 2084 in
1312 2043 1516 2084 erunibus
1534 2042 1802 2093 ubicumque
1821 2053 1908 2082 am-

1077 2099 1258 2148 bulasti,
1291 2099 1471 2140 firmans
1504 2109 1688 2148 regnum
1715 2101 1839 2137 tuum
1865 2096 1914 2148 in¹

1079 2157 1302 2196 aeternum.
1343 2152 1393 2203 V.
1421 2154 1614 2205 Fecique
1641 2152 1722 2194 tibi
1749 2164 1910 2193 nomen

1078 2209 1260 2262 grande,
1297 2211 1415 2261 juxta
1446 2221 1608 2250 nomen
1640 2210 1910 2259 magnorum,

1080 2266 1154 2318 qui
1173 2271 1274 2307 sunt
1292 2266 1336 2306 in
1354 2271 1487 2307 terra:
1517 2270 1560 2306 et
1586 2265 1782 2316 requiem
1806 2262 1909 2314 dedi

1078 2321 1158 2362 tibi
1186 2321 1240 2363 ab
1270 2321 1472 2362 o‘mnibus
1500 2321 1684 2362 inimicis
1707 2320 1804 2361 tuis.
1841 2319 1909 2362 Et.

1081 2377 1233 2419 Gloria
1251 2376 1383 2418 Patri.
1411 2377 1479 2417 Et.

1304 2445 1353 2483 In
1372 2445 1443 2483 III.
1463 2445 1687 2484 Nocturno.

1133 2508 1335 2542 Lectiones
1359 2508 1405 2541 de
1424 2508 1595 2542 Homilia
1613 2488 1908 2549 Evangelii-Do-

1080 2556 1231 2590 minicae
1248 2556 1311 2589 IV.
1330 2561 1419 2599 post
1437 2556 1690 2590 Pentecosten
1703 2582 1710 2594 ,
1736 2565 1823 2598 quae
1843 2555 1908 2587 ha-

1080 2603 1218 2637 bentur
1235 2604 1406 2638 inferius.

1135 2656 1182 2705 R.
1207 2656 1275 2695 vii.
1308 2655 1496 2696 Peccavi
1522 2667 1655 2706 super
1679 2657 1908 2695 numerum

1081 2712 1224 2751 arenae
1250 2710 1399 2760 maris,
1428 2715 1471 2751 et
1495 2709 1785 2762 multiplicata
1809 2714 1909 2750 sunt
