2040 2976
639 207 914 242 pretiosissimi
942 211 1151 251 Sanguinis
1178 211 1219 245 Ι).
1247 211 1290 244 N.
1316 212 1348 244 J.
1376 212 1414 245 C.

222 309 615 352 Circumdederunt
642 323 713 352 me
741 310 855 352 sieut
883 322 998 362 aqua

167 370 260 406 tota
299 365 389 407 die:
433 367 457 393 *
499 366 884 409 circumdederunt
928 379 998 408 me

167 422 307 463 simul.

218 478 447 531 Elongasti
470 493 496 522 a
521 494 591 523 me
616 483 806 523 amicum
831 485 875 522 et
898 481 998 533 pre-

167 535 351 577 ximum:
370 538 394 563 *
413 542 457 578 et
471 543 604 580 notos
621 550 746 580 meos
765 550 790 579 a
811 537 999 578 miseria.

222 603 319 643 Ant.
362 604 415 644 Et
451 602 649 655 bajulans
691 602 775 644 sibi
812 615 999 652 crucem,

167 659 302 700 exivit
330 659 373 700 in
403 672 517 706 eum,
554 660 628 712 qui
656 658 817 702 dicitur
846 659 999 701 Calva-

166 715 258 765 riae,
277 715 440 758 locum:
464 716 540 759 ubi
559 716 870 759 crucifixerunt
888 728 999 758 eum.

226 777 323 818 Ant.
354 777 407 821 Ut
431 777 635 819 viderunt
660 790 760 819 eum
783 778 866 829 jam
886 778 999 818 mer·

166 839 307 883 tuum,
346 847 435 876 non
473 834 698 886 fregerunt
730 835 821 886 ejus
854 847 1000 886 crura,

165 890 245 933 sed
264 905 376 933 unus
395 891 582 933 militum
602 891 755 933 lancea
772 890 888 932 latus
908 892 1000 944 ejus

166 948 348 1001 aperuit,
374 953 418 990 et
438 950 647 990 continuo
669 947 805 990 exivit
823 947 1000 999 sanguis

167 1010 210 1046 et
231 1018 358 1057 aqua.

444 1090 642 1131 Psalmus
662 1092 732 1130 93„

168 1151 332 1257 Deus
351 1158 567 1201 ultienum
585 1159 816 1200 Deminus:
835 1159 860 1185 *
878 1158 1000 1200 Deus

276 1215 491 1257 ultienum
510 1215 647 1258 libere
665 1215 764 1267 egit.

218 1272 423 1314 Exaltare
457 1273 532 1325 qui
564 1272 732 1325 iiidicas
765 1276 944 1313 terram:
977 1271 999 1296 *

165 1327 302 1370 redde
324 1328 658 1371 retributienem
682 1327 895 1382 superbis.

216 1385 460 1438 Usquequo
480 1387 740 1439 peccateres
759 1385 961 1434 Domine,
975 1385 999 1410 *

164 1445 397 1496 Usquequo
446 1444 706 1496 peccateres
751 1441 999 1493 gloriabim-

165 1504 250 1541 tur:

216 1556 493 1606 Effabimtur‚
519 1561 562 1598 et
586 1556 823 1608 loquentur
845 1555 999 1607 iniqui-

164 1615 314 1655 tatem:
330 1613 606 1666 *loquentur
625 1625 789 1662 omnes,
810 1613 885 1665 qui
904 1625 1001 1665 ope-

164 1672 316 1712 rantur
336 1669 613 1722 injustitiam?

218 1727 437 1780 Pepulum
456 1732 579 1768 tuum
595 1726 786 1768 Domine
803 1725 998 1767 humilia-

164 1786 335 1826 verunt:
354 1784 378 1810 *
398 1788 442 1825 et
465 1782 769 1825 haereditatem
787 1788 908 1824 tuam
927 1795 998 1824 ve-

165 1843 389 1883 xaverunt.

216 1896 424 1947 Viduam,
454 1902 499 1939 et
527 1895 742 1939 advenam
767 1896 997 1938 interfece-

165 1959 279 1996 runt:
299 1955 322 1979 *
343 1959 387 1996 et
406 1953 599 2007 pupillos
619 1953 886 1996 occiderunt.

216 2011 273 2053 Et
297 2010 518 2052 dixerunt:
541 2011 643 2052 Non
662 2010 831 2052 videbit
848 2010 997 2051 Demi-

164 2081 256 2118 nus,
274 2069 296 2093 *
316 2081 396 2109 nec
415 2067 631 2119 intelliget
650 2068 771 2109 Deus
789 2066 939 2109 Jacob.

215 2124 451 2176 Intelligite
471 2125 728 2178 insipientes
750 2124 794 2165 in
813 2123 998 2178 populo:

164 2182 187 2206 *
209 2186 252 2222 et
271 2181 393 2223 stulti
409 2180 647 2233 aliquando
668 2181 822 2234 sepite.

214 2238 302 2288 Qui
315 2237 534 2291 plantavit
548 2250 710 2288 aurem,
726 2250 815 2279 non
826 2237 997 2280 andiet?

164 2294 282 2392 ’aaut
297 2294 376 2381 >qni
394 2294 521 2335 finxit
542 2294 728 2344 eculum,
747 2307 837 2336 non
857 2296 996 2336 consi-

198 2356 307 2393 erat.

218 2408 302 2458 Qui
321 2407 504 2460 cerripit
519 2407 697 2457 Gentes,
716 2420 807 2448 non
827 2409 997 2458 arguet:

164 2465 187 2490 *
208 2464 283 2517 qui
303 2463 434 2506 docet
453 2463 677 2505 heminem
697 2463 944 2505 scientiam?

215 2521 432 2562 Deminus
453 2520 535 2562 scit
551 2520 843 2572 cogitatienes
860 2519 997 2560 hemi-

164 2591 279 2628 num‚
300 2578 324 2603 *
346 2577 554 2630 queniam
572 2589 697 2618 vanae
716 2581 827 2618 sunt.

216 2639 383 2680 Beetus
404 2638 547 2687 homo,
568 2650 699 2690 quem
718 2642 766 2678 tu
784 2636 996 2678 erudieris

164 2696 367 2737 Demine:
387 2696 410 2722 *
431 2699 474 2736 et
499 2692 554 2736 de
577 2693 674 2744 lege
698 2699 774 2735 tua
793 2693 996 2735 dociieris

166 2766 275 2802 eum,

1104 310 1163 351 Ut
1190 310 1364 361 mitiges
1392 311 1431 352 ei
1462 323 1487 351 a
1515 309 1670 352 diebus
1697 310 1840 351 malis:
1860 311 1884 337 *

1052 365 1195 408 donec
1214 366 1408 409 fodiatur
1426 367 1653 420 peccatori
1671 367 1811 411 fevea.

1104 427 1216 478 Quia
1237 440 1323 469 non
1350 427 1536 481 repellet
1554 428 1770 470 Deminus
1793 427 1883 481 ple-

1051 483 1152 526 bem
1171 497 1312 526 suam:
1330 486 1354 512 *
1374 489 1418 527 et
1435 484 1741 527 haereditatem
1760 497 1885 526 suam

1052 553 1141 582 non
1161 540 1447 594 derelinquet.

1105 602 1406 655 Quoadiisque
1421 603 1584 656 justitia
1603 604 1885 644 convertetur

1051 660 1096 700 in
1129 659 1351 711 judicium:
1379 661 1403 687 *
1431 664 1476 701 et
1511 659 1585 712 qui
1615 660 1735 711 juxta
1766 658 1885 700 illam

1053 728 1205 757 omnes
1226 716 1300 769 qui
1319 721 1442 758 recto
1462 720 1564 757 sunt
1583 715 1730 757 corde.

1106 777 1214 828 Quis
1256 780 1494 828 consnrget
1529 776 1637 818 mihi
1674 775 1886 818 adversus

1052 833 1363 886 malignantes?
1384 834 1407 859 *
1429 838 1503 875 aut
1527 833 1625 886 quis
1645 832 1781 876 stabit
1797 846 1885 875 me-

1053 904 1165 977 curn7>
1183 889 1396 933 adversus
1422 892 1659 944 operantes
1683 890 1884 943 iniquita-

1052 953 1158 990 tem.

1104 1004 1201 1046 Ni-si
1221 1005 1322 1057 quia
1339 1005 1555 1046 Dominus
1575 1002 1742 1057 adjiivit
1759 1016 1846 1046 me:
1861 1004 1885 1029 ²⁸¹

1052 1061 1186 1115 paulo
1212 1062 1355 1103 minus
1378 1060 1623 1103 habitasset
1649 1061 1693 1101 in
1716 1060 1884 1102 inferno

1053 1119 1197 1160 anima
1215 1131 1324 1160 mea.

1104 1180 1150 1222 Si
1171 1179 1386 1222 dicebam:
1406 1179 1554 1221 Motus
1571 1184 1638 1221 est
1652 1191 1732 1232 pes
1747 1191 1886 1220 meus:

1053 1238 1077 1263 *
1105 1236 1408 1279 misericerdia
1438 1241 1514 1278 tua
1546 1235 1736 1277 Demine
1769 1234 1885 1287 adju-

1053 1293 1187 1335 vabat
1205 1306 1288 1335 me.

1104 1354 1356 1397 Seeimdum
1395 1352 1722 1395 multitfidinem
1763 1352 1886 1395 dole-

1053 1425 1150 1453 rum
1169 1414 1369 1454 meerum
1388 1411 1432 1452 in
1453 1410 1588 1452 corde
1606 1423 1724 1452 meo:
1742 1410 1766 1436 *
1786 1422 1886 1452 con-

1054 1468 1295 1511 solationes
1319 1473 1408 1510 tuae
1438 1467 1774 1517 laetificaverunt
1798 1467 1885 1508 ani-

1052 1538 1169 1566 mam
1187 1538 1343 1567 meam.

1104 1586 1331 1639 Numquid
1351 1585 1549 1627 adhaeret
1567 1585 1648 1627 tibi
1666 1583 1795 1627 sedes
1810 1584 1886 1626 ini-

1054 1643 1250 1695 quitatis:
1283 1643 1306 1669 *
1342 1643 1417 1695 qui
1450 1642 1578 1694 fingis
1610 1641 1808 1684 laborem
1840 1640 1885 1682 in

1052 1699 1301 1753 praecepto?

1105 1761 1357 1814 Captabunt
1380 1761 1424 1802 in
1449 1760 1638 1802 animam
1663 1759 1778 1811 justi:
1798 1760 1822 1786 *
1842 1763 1886 1801 et

1051 1817 1310 1869 sanguinem
1326 1818 1608 1859 innocentem
1624 1815 1885 1858 condemna—

1050 1873 1170 1916 bunt

1102 1935 1159 1977 Et
1191 1935 1334 1977 factus
1367 1940 1435 1976 est
1463 1933 1569 1976 mihi
1595 1933 1812 1976 Deminus
1839 1932 1884 1973 in

1051 1991 1280 2043 reft'igium:
1299 1992 1323 2017 *
1344 1997 1388 2034 et
1406 1992 1529 2033 Deus
1552 2003 1676 2032 meus
1698 1990 1742 2032 in
1767 1987 1883 2042 adju-

1051 2048 1213 2090 terium
1233 2048 1329 2101 spei
1346 2061 1468 2090 meae.

1102 2110 1159 2151 Et
1183 2107 1340 2151 reddet
1363 2109 1449 2150 illis
1467 2109 1744 2162 iniquitatem
1767 2108 1883 2162 ipse·

1050 2180 1162 2208 rum:
1183 2171 1227 2208 et
1245 2166 1289 2207 in
1308 2165 1473 2207 malitia
1489 2167 1641 2207 eerum
1657 2163 1884 2218 disperdet

1051 2236 1147 2265 eos:
1183 2223 1206 2248 *
1249 2221 1475 2275 disperdet
1519 2222 1620 2264 illos
1665 2221 1883 2263 Deminus

1049 2280 1172 2322 Deus
1191 2283 1352 2321 noster.

1106 2344 1205 2384 Ant.
1238 2344 1291 2385 Ut
1314 2343 1519 2387 viderunt
1542 2356 1642 2385 eum
1666 2342 1752 2394 iam
1770 2342 1882 2382 mer-

1049 2407 1187 2452 tuum,
1227 2413 1315 2443 non
1353 2401 1579 2452 fregerunt
1615 2399 1707 2448 ejus
1744 2409 1881 2446 crura,

1050 2457 1129 2500 sed
1147 2471 1259 2499 unus
1277 2458 1466 2500 militum
1484 2457 1638 2498 lancea
1656 2454 1771 2496 latus
1790 2453 1881 2506 ejus

1049 2514 1238 2567 aperuit,
1258 2519 1302 2556 et
1321 2516 1529 2556 continuo
1550 2511 1685 2555 exivit
1703 2508 1880 2560 sanguis

1049 2577 1093 2613 et
1112 2583 1238 2623 aqua.

1110 2628 1157 2680 Ys-
1175 2636 1376 2678 Christus
1392 2635 1544 2677 dilexit
1557 2647 1650 2675 nos.
1680 2633 1731 2685 Ru
1746 2633 1803 2674 Et
1820 2632 1879 2673 la-

1048 2694 1111 2735 vit
1138 2706 1219 2735 nos
1247 2706 1273 2734 a
1300 2691 1496 2746 peccatis
1525 2689 1687 2732 nostris
1716 2690 1761 2730 in
1785 2690 1878 2730 san-

1047 2762 1178 2800 ἕως
1197 2761 1288 2790 suo.
