2040 2976
513 216 585 250 Die
608 216 638 250 2.
664 216 766 259 Sept.
813 214 848 249 S.
874 212 1061 257 Stephani
1084 212 1211 255 Hung.
1236 212 1354 255 Regis
1380 212 1488 245 Conf.

149 311 432 364 episcopatus
456 311 620 361 decem,
645 309 893 353 admirabili
911 322 975 351 re-

146 367 308 418 ligione
353 372 396 409 et
436 367 733 410 munificentia
766 365 976 408 fundavit.

75 470 79 475 ,
146 424 231 465 Par
258 424 302 465 in
326 427 546 477 pauperes
571 437 695 466 amor
722 428 766 466 et
789 422 976 466 liberali-

145 485 230 530 taS,
267 493 379 533 quos
410 481 547 523 veluti
581 480 803 522 Christum
831 479 978 532 ipsum

147 537 462 590 complectens,
494 537 712 579 neminem
744 549 770 578 a
798 549 845 578 se
871 548 976 577 moe-

146 595 316 635 rentem
338 607 390 636 ac
411 596 599 636 vacuum
621 605 832 646 umquam
854 592 975 634 dimi-

147 651 220 701 sit3
245 651 348 703 quin
372 650 430 693 ad
448 653 600 693 eorum
620 650 816 703 inopiam
835 649 975 691 suble-

146 706 337 749 vandam
373 707 653 761 amplissimis
693 706 977 748 facultatibus

148 764 354 815 erogatis,
387 763 674 806 domesticam
704 775 881 815 quoque
910 775 976 803 su-

147 820 412 873 pellectilem
431 820 590 862 eximia
608 819 879 871 benignitate
897 819 978 860 fre-

149 879 331 930 quenter
376 876 617 919 distribuit:
663 877 753 918 suis
800 878 979 929 insuper

148 933 347 976 manibus
378 934 526 976 lavare
554 936 800 987 pauperum
827 933 978 986 pedes,

148 995 282 1033 noctu
306 990 427 1033 solus
453 995 498 1032 et
521 991 696 1042 ignotus
720 992 978 1032 nosocomia

147 1047 436 1100 frequentare,
460 1046 825 1090 decumbentibus
845 1047 977 1088 inser-

147 1106 251 1154 vire,
276 1117 327 1146 ac
351 1105 498 1146 cetera
518 1103 715 1146 caritatis
741 1103 887 1145 officia
906 1116 977 1145 ex-

147 1159 299 1202 hibere
335 1160 583 1203 consuevit:
625 1173 809 1213 quarum
845 1159 978 1201 virtu-

146 1221 240 1258 tum
256 1217 414 1259 merito
433 1217 548 1258 illius
569 1215 762 1267 dextera,
781 1216 977 1258 resoluto

147 1275 296 1316 cetero
334 1276 542 1327 corpore,
590 1274 846 1326 incorrupta
881 1285 976 1325 per-

146 1331 317 1372 mansit.

198 1402 252 1453 Rc,
275 1405 523 1447 Honestum
550 1404 653 1446 fecit
681 1404 804 1446 illum
830 1403 978 1445 Domi-

147 1474 240 1511 nus,
264 1466 307 1503 et
327 1461 565 1503 custodivit
587 1474 687 1503 eum
707 1460 762 1503 ab
782 1461 978 1510 inimicis,

147 1522 191 1559 et
217 1530 242 1558 a
269 1517 579 1560 seductoribus
607 1517 768 1560 tutavit
793 1517 930 1558 illum:
952 1516 975 1540 *

146 1574 203 1615 Et
234 1573 356 1616 dedit
386 1574 449 1615 illi
481 1574 726 1616 claritatem
758 1575 977 1615 aeternam.

147 1624 198 1678 V.
229 1630 402 1672 Justum
435 1630 620 1673 deduxit
647 1630 863 1672 Dominus
898 1643 978 1683 per

146 1686 241 1728 vias
260 1692 418 1738 rectaS,
442 1692 485 1730 et
504 1687 697 1730 ostendit
713 1687 776 1728 illi
794 1700 976 1739 regnum

146 1743 242 1785 Dei.
269 1744 326 1786 Et
345 1743 477 1787 dedit.

457 1825 610 1867 Lectio
629 1840 667 1867 v.

151 1889 359 1998 Orandi
384 1895 531 1939 studio
555 1901 709 1938 noctes
728 1908 842 1949 pene
860 1901 978 1939 totas

147 2006 150 2010 ¹
268 1953 459 1995 ducebat
491 1953 730 2003 insomnes,
767 1958 900 2006 atque
935 1953 978 1993 in

150 2009 395 2052 coelestium
426 2023 573 2052 rerum
605 2010 979 2063 contemplatione

150 2065 332 2117 defixus,
356 2066 576 2109 interdum
594 2071 719 2109 extra
738 2079 893 2108 sensus
914 2080 978 2108 ra-

147 2127 267 2175 ptus,
300 2122 497 2165 sublimis
527 2123 572 2164 in
600 2125 702 2164 aera
729 2123 832 2165 ferri
859 2123 979 2164 visus

147 2179 239 2221 fuit.
291 2179 587 2222 Perduellium
618 2180 979 2232 conspirationes,

149 2249 200 2278 ac
216 2235 461 2280 validorum
474 2236 668 2279 hostium
682 2239 884 2290 impetus,
902 2237 979 2278 mi-

148 2305 198 2334 ro
223 2306 406 2346 prorsus
430 2293 582 2344 modo,
607 2306 697 2335 non
722 2293 859 2335 semel
885 2306 978 2335 ora-

147 2349 279 2391 tionis
289 2350 499 2402 praesidio
511 2350 703 2392 evitavit.
716 2349 980 2403 Susceptum

149 2419 203 2448 ex
227 2405 424 2448 Ghisolla
446 2406 673 2456 Bavarica,
699 2406 840 2448 sancti
863 2407 979 2448 Hen—

149 2463 227 2504 rici
251 2462 529 2515 imperatoris
554 2465 720 2512 sorore,
745 2475 877 2515 quam
896 2462 981 2504 sibi

148 2519 427 2561 matrimonio
443 2520 652 2571 junxerat,
666 2519 918 2561 Emericum
932 2519 978 2559 fi-

148 2575 255 2616 lium
278 2580 401 2617 tanta
424 2588 597 2616 morum
620 2574 864 2628 disciplina,
887 2575 979 2617 tali-

150 2644 234 2684 que
249 2632 414 2684 pietate
430 2632 647 2681 enutrivit,
664 2637 875 2683 quantum
889 2633 980 2684 ejus

148 2691 307 2741 postea
326 2688 535 2730 sanctitas
557 2687 808 2730 declaravit.
837 2689 981 2739 Regni

149 2757 255 2787 vero
275 2745 452 2796 negotia
470 2745 531 2787 ita
550 2743 779 2798 disposuit,
803 2750 852 2787 ut
870 2747 979 2787 acci-

1028 309 1085 350 tis
1104 307 1300 361 undique
1323 309 1678 362 prudentissimis
1703 313 1748 351 et
1768 322 1862 350 san-

1030 366 1236 407 ctissimis
1261 366 1376 417 viris,
1401 366 1507 407 nihil
1533 379 1743 418 umquam
1768 365 1863 407 sine

1028 423 1204 464 illorum
1223 423 1409 465 consilio
1428 423 1667 465 moliretur.
1696 423 1862 464 Humil-

1029 479 1143 520 limis
1161 480 1336 522 interim
1357 480 1565 532 precibus
1589 481 1633 521 in
1653 482 1800 522 cinere
1821 485 1865 521 et

1030 536 1172 578 cilicio
1188 537 1333 579 Deum
1353 536 1608 590 deprecans,
1628 542 1676 579 ut
1694 537 1863 578 univer-

1030 606 1127 634 sum
1145 593 1388 646 Hungariae
1407 607 1602 645 regnum,
1627 596 1865 646 antequam

1031 663 1054 691 e
1074 650 1164 692 vita
1184 651 1405 702 migraret,
1429 650 1695 693 catholicum
1714 649 1864 692 videre

1029 708 1283 749 mereretur.
1334 708 1453 749 Vere
1489 712 1674 760 propter
1710 707 1864 758 ingens

1031 763 1269 806 dilatandae
1284 763 1390 806 fidei
1406 764 1613 815 studium,
1633 764 1748 805 illius
1763 777 1863 815 gen-

1030 821 1086 862 tis
1111 821 1356 874 Apostolus
1381 824 1670 874 nuncupatus,
1697 821 1813 863 facta
1840 834 1865 862 a

1031 878 1235 919 Romano
1268 878 1484 920 Pontifice
1516 878 1619 931 ipsi,
1655 881 1863 930 posteris-

1033 947 1117 987 que
1163 934 1340 986 regibus
1384 934 1677 988 praeferendae
1722 935 1865 976 crucis

1031 993 1267 1044 potestate.

1085 1057 1136 1109 Ην.
1153 1056 1332 1098 Amavit
1356 1069 1456 1098 eum
1475 1057 1702 1107 Dominus,
1731 1061 1774 1098 et
1799 1069 1864 1098 or-

1030 1113 1151 1155 navit
1188 1126 1302 1155 eum:
1339 1113 1500 1155 stolam
1536 1114 1688 1165 gloriae
1725 1113 1867 1155 induit

1032 1182 1142 1220 eum,
1163 1168 1187 1192 *
1201 1170 1258 1212 Et
1277 1170 1334 1211 ad
1353 1175 1507 1223 portas
1526 1170 1723 1223 paradisi
1742 1183 1865 1212 coro-

1032 1227 1152 1268 navit
1167 1239 1278 1268 eum.
1308 1218 1357 1270 V·
1372 1226 1520 1268 Induit
1536 1239 1636 1269 eum
1650 1227 1866 1268 Dominus

1031 1282 1214 1325 loricam
1234 1282 1350 1333 fidei,
1370 1288 1415 1325 et
1435 1284 1609 1325 ornavit
1628 1297 1739 1325 eum.
1766 1284 1834 1326 Et.

1336 1362 1490 1403 Lectio
1510 1361 1562 1401 vi.

1033 1426 1161 1532 Dei
1187 1436 1467 1486 Genitricem,
1497 1449 1629 1489 quam
1655 1436 1865 1478 ardentis-

1145 1493 1255 1534 sime
1270 1493 1573 1543 venerabatur,
1592 1493 1864 1546 amplissimo

1031 1549 1075 1589 in
1108 1550 1199 1601 ejus
1227 1549 1443 1591 honorem
1471 1554 1728 1592 constructo
1758 1555 1864 1592 tem-

1031 1607 1119 1659 plo,
1143 1607 1384 1657 Hungariae
1403 1607 1643 1648 Patronam
1667 1608 1865 1657 instituit,

1031 1663 1087 1704 ab
1121 1662 1277 1704 eadem
1309 1663 1504 1704 vicissim
1535 1663 1718 1715 Virgine
1748 1666 1865 1706 rece-

1030 1725 1134 1773 ptus
1165 1720 1209 1760 in
1242 1719 1403 1762 coelum
1434 1720 1534 1772 ipso
1564 1733 1657 1762 suae
1685 1720 1864 1762 Assum-

1030 1777 1197 1829 ptionis
1222 1776 1304 1826 die,
1332 1789 1463 1828 quem
1485 1777 1695 1828 Hungari,
1723 1791 1747 1819 e
1771 1791 1865 1819 san-

1033 1833 1093 1875 cti
1122 1833 1238 1885 regis
1267 1833 1488 1883 instituto,
1515 1833 1688 1884 Magnae
1715 1834 1866 1876 Domi-

1030 1903 1100 1931 nae
1129 1889 1247 1931 diem
1274 1890 1510 1942 appellant.
1564 1889 1747 1932 Sacrum
1776 1891 1867 1942 ejus

1032 1959 1196 2000 corpus
1217 1946 1478 1988 suavissimo
1497 1947 1696 1999 fragrans
1716 1947 1867 1999 odore,

1032 2003 1206 2056 liquore
1225 2003 1396 2045 coelesti
1415 2009 1603 2054 scatens,
1627 2005 1741 2046 inter
1760 2005 1867 2046 mul·

1031 2065 1076 2102 ta
1096 2065 1140 2102 et
1162 2060 1286 2101 varia
1303 2059 1525 2110 miracula,
1546 2061 1737 2102 Romani
1756 2062 1866 2103 Pon-

1031 2117 1162 2159 tificis
1192 2117 1326 2168 jussu,
1358 2116 1622 2159 nobiliorem
1649 2118 1693 2158 in
1720 2118 1867 2160 locum

1032 2173 1295 2215 translatum
1319 2178 1398 2224 est,
1422 2178 1556 2225 atque
1578 2173 1866 2217 honorificen-

1031 2230 1120 2271 tius
1140 2229 1375 2271 conditum.
1407 2230 1513 2283 Ejus
1538 2236 1685 2274 autem
1705 2232 1867 2274 festum

1032 2286 1316 2328 Innocentius
1362 2286 1621 2330 undecimus
1662 2288 1866 2331 Pontifex

1032 2342 1250 2383 Maximus
1287 2348 1445 2394 quarto
1482 2344 1649 2387 Nonas'
1671 2345 1866 2398 Septem-

1032 2398 1135 2449 bris,
1156 2399 1214 2440 ob
1233 2399 1449 2450 insignem
1467 2401 1700 2443 victoriam
1720 2401 1775 2443 ab
1796 2415 1866 2444 ex-

1033 2455 1172 2497 ercitu
1186 2455 1405 2508 Leopoldi
1419 2458 1550 2510 primi
1564 2458 1867 2500 Romanorum

1034 2511 1162 2553 electi
1180 2512 1462 2565 imperatoris
1483 2519 1527 2556 et
1542 2515 1783 2566 Hungariae
1803 2527 1866 2555 re-

1033 2568 1110 2619 gis,
1137 2568 1293 2610 eadem
1320 2568 1392 2612 die
1416 2570 1459 2611 in
1478 2571 1619 2613 Budae
1646 2584 1865 2624 expugna-

1034 2625 1164 2675 tione,
1194 2637 1279 2678 ope
1310 2625 1457 2668 divina
1484 2640 1508 2669 e
1533 2628 1689 2669 Turcis
1718 2640 1865 2679 repor-

1032 2683 1181 2732 tatam,
1202 2682 1516 2725 celebrandum
1534 2684 1731 2726 instituit.

1084 2743 1136 2795 R
1161 2747 1252 2789 Iste
1270 2747 1415 2789 homo.
1443 2748 1523 2801 [72]
