2040 2976
695 222 906 256 Commune
930 220 1278 263 Evangelistarum.

129 322 211 385 tur,
237 329 319 358 nec
338 315 673 358 revertebantur
692 327 791 356 cum
811 313 959 355 ambu-

128 373 380 486 larsslnffium
399 428 620 470 steteritis.
647 427 700 479 [7]

358 505 407 543 In
435 504 486 543 II.
514 502 737 542 Nocturno.

133 573 199 613 De
223 567 510 620 Expositione
535 566 575 608 S.
599 564 803 616 Gregorii
827 563 961 615 Papae

183 637 316 677 super
334 622 611 665 Ezechielem
629 620 909 673 Prophetam.

212 692 365 733 Lectio
385 691 438 730 iv.
549 692 690 727 Homil.
707 692 737 725 3.
754 691 837 725 Lib.
856 691 884 725 1.
907 708 909 710 ·

142 758 362 808 11433f1ancta
391 754 579 805 quatuor
607 750 825 799 animalia,
864 761 962 801 quae

136 809 227 865 [2305
249 809 498 864 prophetiae
518 808 676 861 spiritu
692 807 839 849 futura
851 818 962 858 prae-

136 869 138 884 ¹
250 866 473 915 videntur,

524 864 673 906 subtili
713 862 963 904 narratione

132 923 452 972 describuntur,
463 934 563 963 curn
577 921 750 962 dicitur:
765 920 964 970 Quatuor

132 980 267 1022 facies
291 979 382 1029 uni,
417 982 461 1020 et
486 979 675 1030 quatuor
698 988 857 1029 pennae
881 974 965 1015 uni.

134 1036 250 1087 Quid
275 1048 356 1088 per
383 1034 560 1084 faciem,
596 1033 679 1074 nisi
705 1032 880 1082 notitia3
922 1036 966 1072 et

135 1092 240 1145 quid
262 1105 343 1145 per
370 1094 554 1144 pennas,
588 1090 671 1131 nisi
694 1089 870 1131 volatus
895 1101 966 1129 ex-

133 1147 358 1203 primitur?
386 1148 471 1189 Per
486 1147 643 1188 faciem
660 1146 823 1199 quippe
837 1157 966 1186 unus-

136 1208 321 1258 quisque
350 1204 650 1255 cognoscitur:
690 1215 770 1255 per
799 1214 967 1254 pennas

134 1275 241 1304 vero
264 1262 309 1302 in
333 1261 470 1302 altum
494 1260 640 1302 avium
660 1261 850 1311 corpora
869 1257 966 1299 sub-

134 1318 347 1360 levantur.
389 1316 544 1358 Facies
572 1318 721 1368 itaque
750 1314 807 1356 ad
833 1313 967 1356 fidem

134 1375 342 1428 pertinet,
378 1386 524 1426 penna
551 1371 608 1414 ad
637 1371 967 1424 contemplatio-

136 1444 247 1473 nem.
282 1431 367 1472 Per
391 1429 525 1471 fidem
548 1441 738 1480 namque
759 1427 813 1469 ab
835 1427 968 1468 omni-

135 1487 308 1540 potenti
344 1487 443 1528 Deo
482 1484 810 1536 cognoscimur,
857 1483 970 1525 sicut

135 1544 232 1597 ipse
252 1543 308 1585 de
328 1542 419 1584 suis
440 1541 596 1584 ovibus
616 1541 735 1583 dicit:
756 1541 852 1591 Ego
873 1553 970 1581 sum

135 1604 290 1653 pastor
319 1599 484 1649 bonuS‚
530 1602 574 1639 et
606 1598 828 1648 cognosco
862 1609 969 1638 oves

137 1669 269 1706 meas
290 1660 335 1698 et
353 1656 627 1706 cognoscunt
645 1666 716 1695 me
734 1666 857 1695 meae.
886 1652 970 1703 Qui

137 1724 288 1754 rursus
308 1712 383 1754 ait:
401 1712 497 1762 Ego
516 1711 608 1752 scio
627 1722 738 1763 quos
754 1709 970 1761 elegerim.

137 1770 224 1811 Per
260 1767 689 1821 contemplationem·
716 1779 842 1816 vero,
885 1778 972 1818 qua

140 1838 275 1879 super
293 1826 591 1877 nosmetipsos
610 1822 821 1873 tollimur,
847 1822 972 1876 quasi

140 1882 185 1923 in
204 1883 307 1923 aera
325 1881 534 1923 levamur.

194 1945 245 1996 Rs,
260 1941 368 1984 Vidi
387 1941 644 1993 conjunctos
663 1940 793 1989 viros,
811 1938 971 1980 haben-

141 2003 209 2040 tes
234 1997 488 2051 splendidas
512 2001 674 2046 vesteS,
708 2000 752 2038 et
775 1995 973 2046 Angelus

141 2054 322 2096 Domini
339 2054 515 2095 locutus
535 2057 602 2094 est
621 2051 678 2094 ad
696 2065 782 2102 me,
808 2051 974 2093 dicens:

142 2112 165 2138 *
194 2111 274 2152 Isti
307 2114 410 2151 sunt
435 2109 518 2150 viri
545 2109 685 2150 sancti
715 2108 819 2150 facti
847 2108 974 2149 amici

143 2167 237 2209 Dei.
269 2166 319 2217 V.
338 2165 444 2208 Vidi
462 2165 681 2216 Angelum
698 2164 784 2206 Dei
803 2165 987 2214 fortem,

144 2223 367 2265 volantem
381 2235 461 2275 per
475 2221 669 2263 medium
682 2221 854 2271 coelum,
864 2233 975 2262 voce

144 2292 302 2331 magna
312 2279 575 2321 clamantem
586 2282 629 2320 et
645 2277 875 2320 dicentem.
886 2277 975 2318 Isti.

453 2343 606 2385 Lectio
627 2358 663 2383 v.

147 2389 390 2512 Quatuor
402 2412 506 2450 ergo
518 2399 653 2441 facies
663 2399 738 2440 uni
748 2402 862 2440 sunt:
875 2398 978 2450 quia

255 2456 292 2497 si
314 2457 512 2508 requiras
535 2455 640 2508 quid
658 2454 895 2497 Matthaeus
922 2453 978 2495 de

147 2512 447 2555 incarnatione
474 2511 654 2553 Domini
682 2511 856 2552 sentiat:
891 2510 979 2551 hoc

148 2570 351 2610 nimirum
371 2567 514 2617 sentit,
543 2567 663 2619 quod
681 2567 868 2617 Marcus
895 2566 978 2608 Lu-

150 2638 239 2675 cas,
274 2629 318 2667 et
345 2625 549 2665 Joannes.
597 2622 643 2664 Si
672 2635 845 2675 quaeras
874 2622 980 2675 quid

149 2682 174 2722 J
177 2683 342 2723 oannes
361 2679 533 2731 sentiat3
552 2678 638 2720 hoc
656 2678 813 2732 procul
832 2677 979 2729 dubio,

152 2737 271 2790 quod
290 2737 444 2787 Lucas
463 2736 649 2786 Marcus,
672 2739 716 2777 et
732 2734 979 2776 Matthaeus.

1775 206 1847 250 [19]

1012 312 1058 353 Si
1078 323 1251 364 quaeras
1273 309 1378 363 quid
1396 309 1588 358 Marcus3
1620 306 1707 348 hoc
1729 305 1850 358 quod

1013 367 1265 417 Matthaeus,
1297 367 1506 415 Joannes,
1540 369 1584 406 et
1606 363 1762 404 Lucas.
1805 362 1850 403 Si

1016 437 1190 477 quaeras
1211 423 1317 476 quid
1334 423 1493 473 Lucas3
1525 421 1612 462 hoc
1638 418 1759 472 quod
1778 419 1803 459 J
1806 431 1849 460 o-

1017 483 1162 530 annes,
1181 480 1430 529 Matthaeus,
1451 482 1495 520 et
1512 477 1688 518 Marcus
1708 475 1851 517 sentit.

1016 538 1215 588 Quatuor
1235 549 1340 588 ergo
1360 535 1495 577 facies
1513 534 1588 575 uni
1607 537 1723 574 sunt:
1750 532 1851 584 quia

1016 594 1173 635 notitia
1198 593 1318 643 fidei,
1357 605 1443 645 qua
1472 592 1798 642 cognoscuntur
1826 601 1851 629 a

1017 651 1132 700 Deo,
1163 650 1260 703 ipsa
1285 653 1352 691 est
1375 649 1420 689 in
1444 660 1548 697 uno,
1582 659 1682 698 quae
1708 649 1775 687 est
1799 645 1852 686 si-

1018 706 1110 748 mul
1127 706 1172 747 in
1192 709 1393 758 quatuor.
1430 702 1655 756 Quidquid
1674 702 1789 744 enim
1809 702 1852 742 in
1900 699 1903 702 ⁴

1019 776 1106 805 uno
1130 763 1364 812 inveneris,
1392 761 1478 802 hoc
1502 761 1547 801 in
1572 759 1776 801 omnibus
1801 758 1853 800 si-

1019 820 1109 861 mul
1131 822 1320 872 quatuor
1340 819 1596 870 cognosces.

1076 891 1122 942 R.
1152 885 1279 927 Beati
1299 884 1404 926 estis
1424 896 1524 925 cum
1548 881 1856 923 maledixerint

1020 941 1146 983 vobis
1182 941 1402 990 homines,
1448 944 1492 981 et
1524 938 1746 991 persecuti
1774 950 1854 978 vos

1021 998 1196 1048 fuerint,
1232 1002 1276 1039 et
1307 996 1498 1038 dixerint
1530 1007 1661 1036 omne
1691 994 1856 1035 malum

1021 1054 1256 1096 adversum
1271 1067 1362 1103 vos,
1381 1052 1656 1101 mentientes,
1670 1055 1856 1103 propter

1021 1124 1106 1153 me:
1131 1115 1154 1139 *
1178 1110 1380 1152 Gaudete
1410 1114 1454 1151 et
1482 1108 1715 1158 exsultate,
1751 1109 1855 1159 quo-

1020 1167 1138 1208 niam
1161 1180 1330 1209 merces
1350 1170 1498 1207 vestra
1517 1164 1702 1217 copiosa
1722 1168 1790 1205 est
1812 1163 1857 1203 in

1021 1223 1156 1265 coelis.
1196 1224 1244 1274 V.
1278 1223 1388 1265 Cum
1414 1235 1495 1263 vos
1521 1220 1695 1262 oderint
1719 1220 1855 1261 homi-

1021 1293 1115 1330 nes,
1152 1284 1195 1322 et
1221 1293 1321 1321 cum
1350 1278 1653 1331 separaverint
1678 1289 1775 1326 VOS,
1813 1281 1857 1318 et

1023 1336 1399 1389 exprobraverint,
1416 1340 1460 1377 et
1476 1334 1682 1386 ejecerint
1696 1346 1857 1375 nomen

1022 1397 1219 1435 vestrum
1233 1397 1460 1445 tamquam
1479 1391 1654 1440 malum,
1673 1394 1858 1444 propter

1022 1449 1183 1491 Filium
1201 1449 1402 1491 hominis.
1431 1447 1644 1489 Gaudete.

1329 1534 1481 1575 Lectio
1502 1534 1554 1573 vi.

1109 1603 1127 1639 t
1147 1599 1337 1650 quatuor
1355 1609 1514 1650 pennae
1534 1596 1625 1637 uni:
1655 1597 1756 1649 quia
1774 1597 1860 1638 Dei

1127 1653 1442 1706 omnipotentis
1451 1652 1610 1693 Filium
1620 1653 1861 1694 Dominum

1023 1716 1224 1753 nostrum
1242 1711 1268 1752 J
1270 1723 1394 1752 esum
1415 1709 1640 1751 Christum
1664 1709 1793 1750 simul
1817 1722 1860 1751 o-

1024 1781 1148 1810 mnes
1164 1766 1445 1809 concorditer
1464 1766 1723 1819 praedicant:
1743 1771 1787 1808 et
1804 1766 1861 1808 ad

1025 1824 1299 1866 divinitatem
1323 1824 1414 1874 ejus
1437 1823 1597 1864 mentis
1622 1822 1777 1864 oculos
1802 1823 1860 1864 le-

1025 1883 1191 1931 vantes,
1217 1892 1363 1932 penna
1382 1879 1766 1931 contemplationis
1786 1892 1860 1921 vo-

1025 1937 1127 1978 lant.
1171 1935 1554 1987 Evangelistarum
1587 1948 1694 1986 ergo
1726 1935 1861 1977 facies

1026 1993 1084 2035 ad
1106 1993 1427 2034 humanitatem
1451 1992 1631 2033 Domini
1658 1993 1861 2045 pertinet,

1025 2062 1171 2103 penna
1190 2049 1247 2091 ad
1263 2048 1552 2090 divinitatem:
1573 2048 1675 2101 quia
1689 2049 1733 2089 in
1750 2061 1862 2099 eum,

1029 2119 1160 2159 quem
1183 2107 1448 2158 corporeum
1473 2105 1707 2157 aspiciunt,
1737 2105 1862 2158 quasi

1028 2163 1162 2204 facies
1197 2161 1449 2203 intendunt:
1491 2160 1579 2217 sed.
1608 2161 1714 2202 dum
1746 2161 1863 2203 hunc

1029 2232 1126 2261 esse
1166 2218 1593 2270 incircumscriptum
1630 2221 1763 2270 atque
1801 2218 1862 2259 in-

1029 2277 1294 2328 corporeum
1335 2287 1390 2316 ex
1430 2273 1656 2316 divinitate
1700 2278 1862 2316 annun-

1028 2332 1148 2381 tiant,
1171 2344 1252 2384 per
1270 2330 1655 2383 contemplationis
1673 2343 1864 2383 pennam

1031 2388 1157 2441 quasi
1174 2387 1219 2428 in
1235 2389 1338 2428 aera
1355 2387 1567 2429 levantur.
1587 2386 1700 2437 Quia
1714 2389 1864 2439 itaque

1029 2457 1117 2485 una
1140 2449 1208 2486 est
1230 2443 1342 2486 fides
1366 2443 1678 2485 incarnationis
1705 2444 1797 2496 ejus
1818 2443 1864 2483 in

1031 2500 1245 2551 omnibus,
1268 2505 1312 2542 et
1328 2513 1411 2553 par
1426 2499 1740 2553 contemplatio
1757 2500 1864 2541 divi-

1030 2557 1291 2609 nitatis'ejus
1315 2557 1359 2598 in
1379 2556 1576 2608 singulis,
1603 2561 1724 2598 recte
1748 2568 1869 2596 nunc.

1031 2613 1204 2655 dicitur:
1233 2614 1432 2664 Quatuor
1447 2612 1582 2654 facies
1597 2611 1681 2662 uni,
1701 2616 1745 2653 et
1761 2613 1863 2664 qua-

1030 2674 1133 2712 tuor
1150 2683 1309 2723 pennae
1332 2670 1416 2711 uni.

1081 2733 1133 2785 R..
1161 2735 1241 2777 Isti
1261 2739 1362 2777 sunt
1379 2733 1735 2787 triumphatores.
1763 2732 1847 2785 [10]
