2040 2976
876 835 958 876 Die
986 835 1052 876 25.
1080 834 1194 876 Julii.

724 917 893 958 Sancti
920 916 1096 958 Jacobi
1131 918 1348 970 Apostoli.

842 993 995 1035 Duplex
1020 994 1050 1025 2.
1077 992 1227 1031 elassis.

225 1068 362 1101 Omnia
391 1068 435 1101 dc
461 1068 605 1101 (lomim.
632 1068 769 1110 Apost.
794 1067 840 1110 [2]
869 1075 1010 1109 praeter

173 1124 386 1160 sequeutia.
703 1124 707 1127 ·

180 1225 356 1246 μ
503 1190 667 1229 Oratio.

178 1233 433 1313 ¹2³¹}
451 1254 642 1296 Damine
662 1254 782 1307 plebi
802 1260 891 1296 tuae
912 1268 1005 1295 san-

180 1311 211 1366 ξξ
248 1306 357 1376 ᾗῑῇῇξ
391 1311 611 1353 ctifieator
656 1317 700 1353 et
746 1317 915 1352 eustos:
958 1316 1007 1352 ut

183 1361 358 1405 2—*43
390 1367 599 1420 Apostoli
632 1369 696 1410 tui
728 1368 884 1409 Jaec3bi
915 1381 1006 1408 mu-

172 1427 263 1465 nita
305 1424 543 1477 praesidiis,
588 1430 632 1466 et
669 1425 1007 1466 conversatic'me

172 1480 253 1522 tibi
281 1480 473 1533 placeat,
502 1487 546 1523 et
575 1485 731 1523 secura
759 1486 905 1523 mente
934 1480 1006 1523 de-

172 1537 346 1578 serviat.
401 1538 486 1579 Per
527 1538 766 1580 Daminum
806 1544 1007 1580 nostrum

172 1594 197 1635 J
200 1606 324 1635 esum
345 1593 568 1636 Christum
587 1595 747 1636 Filium
765 1600 902 1636 tuum:
923 1595 1007 1645 Qui

171 1656 319 1692 tecum
353 1650 460 1691 vivit
498 1656 542 1693 et
574 1657 728 1702 regnat
763 1651 807 1692 in
838 1651 1006 1692 unitate

173 1706 361 1758 Spiritus
398 1708 538 1749 sancti
570 1708 709 1758 Deus,
743 1721 823 1760 per
861 1708 1007 1749 amnia

173 1762 335 1805 saecula
355 1763 629 1806 saeculorum.

226 1841 266 1874 In
294 1841 318 1874 Ι.
346 1840 582 1874 Noct..Leet.
616 1842 679 1877 Sic
702 1853 775 1877 nos
802 1843 1005 1878 existimet.

174 1890 219 1922 de
247 1890 382 1923 codem
409 1889 553 1923 Comm.
583 1890 630 1934 [7]

407 1986 455 2023 In
479 1985 529 2023 Π.
554 1984 779 2023 Nocturno.

477 2058 628 2098 Lectio
652 2058 703 2097 iv.

249 2141 274 2177 fc
287 2125 467 2175 aeolius,
492 2125 702 2167 Zebedaei
720 2126 851 2175 filius,
877 2127 902 2167 J
905 2129 1006 2168 oan-

177 2178 213 2237 ἱ,ἦ
243 2175 269 2232 ,ἑ
303 2182 369 2223 nis
385 2183 591 2235 Apastoli
608 2185 842 2233 germanus
862 2183 1006 2238 frater,

236 2235 275 2255 ῥ’
305 2238 530 2289 Galilaeus‚
556 2239 670 2281 inter
693 2240 861 2292 primos
886 2241 1005 2293 Apa-

175 2295 315 2337 Stolos
335 2298 519 2337 vocatus
544 2309 643 2337 cum
668 2297 818 2346 fratre,
843 2297 1007 2338 relictis

174 2356 300 2404 patre
317 2364 368 2393 ac
383 2352 560 2401 retibus,
581 2356 759 2394 secutus
776 2358 843 2394 est
858 2353 1006 2394 Dami-

173 2421 292 2458 num‚
319 2414 364 2450 et
383 2408 515 2450 ambo
538 2408 593 2450 ab
619 2410 719 2461 ipso
739 2410 763 2450 J
767 2422 845 2450 esu
863 2409 1005 2451 Boan-

175 2466 314 2516 ergeS‚
338 2463 385 2506 id
405 2470 486 2514 est,
513 2466 694 2506 tonitrui
713 2465 791 2506 filii
812 2470 912 2506 sunt
932 2478 1006 2518 ap-

173 2520 338 2573 pellati.
375 2522 419 2562 Is
434 2534 546 2562 unus
562 2521 641 2562 fuit
661 2534 715 2562 ex
729 2521 871 2563 tribus
886 2523 1006 2574 Apa-

140 2576 148 2586 '
174 2578 315 2627 stolis,
341 2591 453 2630 quos
473 2577 674 2619 Salvator
692 2578 882 2619 maxime
903 2578 1005 2619 dile-

174 2635 249 2684 xit,
269 2640 312 2676 et
327 2640 464 2676 testes
485 2647 582 2675 esse
603 2633 742 2675 valuit
762 2647 853 2674 suae
868 2640 1005 2675 trans-

174 2691 462 2742 figurati6nis,
489 2696 532 2732 et
550 2691 762 2732 interesse
782 2690 1006 2739 miraculo,

175 2761 274 2789 cum
301 2747 639 2799 archisynagdgi
667 2746 802 2787 filiam
836 2760 860 2787 a
892 2749 1005 2788 mar·

1059 1065 1147 1107 tuis
1164 1065 1383 1115 excitavit,
1404 1070 1448 1107 et
1463 1064 1619 1107 adesse
1636 1078 1735 1106 cum
1751 1066 1891 1107 seces-

1061 1123 1117 1163 sit
1135 1122 1179 1162 in
1196 1127 1392 1163 montem
1408 1122 1580 1171 Oliveti,
1600 1122 1777 1163 Patrem
1797 1135 1892 1163 ora-

1058 1181 1194 1227 turus,
1215 1180 1451 1231 antequam
1471 1191 1496 1219 a
1511 1178 1536 1219 J
1537 1178 1678 1220 udaeis
1695 1191 1891 1231 compre-

1059 1234 1339 1276 henderetur.

1119 1310 1167 1360 Rv.
1182 1305 1287 1346 Vidi
1304 1305 1563 1356 conjunctos
1582 1304 1713 1353 viros,
1731 1303 1892 1344 haben-

1059 1366 1126 1403 tes
1153 1359 1409 1414 splendidas
1436 1367 1599 1410 vestes,
1626 1365 1669 1402 et
1695 1359 1892 1410 Angelus

1060 1418 1237 1459 Domini
1257 1418 1433 1459 locutus
1453 1422 1520 1459 est
1539 1417 1597 1458 ad
1615 1430 1702 1466 me,
1728 1416 1893 1458 dicens:

1065 1478 1087 1502 *
1112 1474 1193 1515 Isti
1221 1479 1322 1515 sunt
1353 1474 1435 1515 viri
1462 1473 1602 1515 saneti
1631 1473 1734 1515 facti
1765 1472 1893 1514 amici

1059 1531 1154 1572 Dei.
1194 1527 1245 1578 V.
1261 1530 1367 1573 Vidi
1382 1531 1601 1581 Angelum
1619 1530 1704 1571 Dei
1721 1530 1893 1579 fortem,

1059 1587 1284 1629 volantem
1298 1600 1379 1640 per
1390 1587 1583 1628 medium
1594 1586 1765 1634 coelum‚
1781 1598 1892 1627 voce

1058 1657 1217 1695 magna
1259 1644 1524 1686 clamantem
1569 1649 1614 1685 et
1663 1642 1893 1684 dicentem.

1059 1700 1140 1742 Isti
1159 1706 1271 1742 sunt.

1376 1763 1526 1803 Lectio
1548 1777 1584 1802 v.

1063 1836 1213 1942 Post
1245 1844 1269 1884 J
1273 1856 1352 1885 esu
1385 1843 1547 1885 Christi
1583 1845 1814 1885 ascensum
1848 1843 1893 1884 in

1167 1900 1343 1950 coelum,
1372 1900 1416 1940 in
1443 1899 1599 1942 Judaea
1627 1905 1671 1941 et
1697 1899 1893 1941 Samaria

1060 1958 1151 2009 ejus
1171 1955 1446 1999 divinitatem
1470 1955 1734 2009 praedicans,
1758 1955 1891 2008 pluri-

1059 2026 1156 2055 mos
1183 2012 1240 2055 ad
1265 2013 1548 2055 christianam
1571 2012 1705 2054 fidem
1730 2011 1889 2065 perdu-

1059 2071 1133 2111 xit.
1184 2071 1290 2112 Mox
1309 2071 1353 2112 in
1372 2070 1636 2123 Hispaniam
1654 2069 1892 2122 profectus,

1059 2126 1121 2168 ibi
1141 2127 1313 2179 aliquos
1341 2127 1398 2168 ad
1419 2127 1640 2169 Christum
1660 2125 1891 2168 convertit:

1060 2196 1115 2225 ex
1135 2196 1323 2236 quorum
1340 2187 1524 2225 numero
1543 2189 1715 2236 septem
1734 2184 1893 2235 postea

1061 2241 1261 2293 episcopi
1285 2253 1310 2281 a
1328 2240 1462 2283 beato
1481 2241 1616 2282 Petro
1637 2239 1829 2281 ordinati
1848 2239 1892 2279 in

1059 2298 1323 2350 Hispaniam
1338 2298 1467 2350 primi
1484 2297 1639 2339 directi
1660 2301 1772 2338 sunt.
1806 2295 1891 2337 De-

1058 2353 1160 2396 inde
1188 2354 1510 2406 Jeros6lymam
1540 2355 1759 2403 reversus,
1793 2365 1892 2394 eum

1060 2411 1174 2452 inter
1210 2410 1322 2452 alios
1354 2411 1682 2461 Hermdgenem
1716 2422 1892 2460 magum

1060 2466 1164 2508 fidei
1192 2467 1380 2509 veritate
1408 2467 1653 2516 imbuisset,
1687 2465 1891 2507 Herddes

1060 2524 1260 2575 Agrippa
1298 2523 1483 2565 Claudio
1521 2523 1790 2575 imperatare
1834 2521 1891 2563 ad

1060 2592 1242 2630 regnum
1259 2579 1410 2630 elatus,
1425 2585 1473 2621 ut
1489 2578 1690 2621 aJudaeis
1705 2579 1891 2630 gratiam

1060 2636 1198 2686 iniret,
1218 2636 1243 2676 J
1246 2636 1433 2677 acabum
1452 2636 1588 2677 libere
1603 2636 1627 2676 J
1630 2647 1754 2676 esum
1770 2634 1889 2676 Chri-

1060 2697 1176 2733 stum
1214 2692 1358 2733 Deum
1404 2692 1687 2734 confitentem
1732 2691 1890 2743 capitis

1060 2748 1382 2790 condemnavit.
1437 2749 1577 2798 Quem
1605 2761 1704 2789 cum
1730 2748 1786 2797 is,
1815 2748 1890 2800 qui
