2040 2976
200 227 262 262 122

320 339 539 381 sabbato
560 339 625 379 ad
644 339 909 388 vesperas.

255 413 348 450 Ant.
383 409 657 451 Benedictus.

460 484 653 522 l'salmus
683 484 763 521 1433.

207 545 537 595 fenedictus
556 543 771 584 Dominus
793 543 914 583 Deus
939 554 1024 582 me-

211 595 298 656 ]
326 615 393 650 us,
414 601 488 653 qui
507 600 638 642 docet
656 611 811 639 manus
829 610 950 639 meas
969 597 1026 638 ad

211 656 217 670 '
295 673 297 675 ·
323 658 534 710 praelium,
548 657 572 682 *
588 660 631 697 et
650 655 811 706 digitos
827 667 951 695 meos
969 653 1025 694 ad

196 713 370 755 bellum.

248 770 548 812 Misericordia
578 781 693 818 mea,
736 772 779 809 et
810 766 1024 817 refugium

197 840 356 869 meum:
375 828 399 853 *
419 828 650 878 susceptor
678 837 816 874 meus,
848 828 891 864 et
920 822 1022 864 libe-

197 886 317 925 rator
335 897 473 925 meus:

248 941 479 982 Protector
501 951 639 987 meus,
670 942 712 978 et
741 938 784 977 in
808 936 906 988 ipso
927 949 1021 988 spe-

195 997 303 1038 ravi:
322 998 345 1022 *
371 997 445 1049 qui
471 994 617 1037 subdit
640 993 853 1046 populum
876 1005 1022 1034 meum

197 1053 278 1095 sub
296 1067 377 1095 me.

247 1110 436 1151 Domine
456 1108 561 1161 quid
581 1112 646 1149 est
665 1107 813 1156 homo,
837 1106 939 1158 quia
962 1106 1021 1146 in-

195 1167 376 1207 notuisti
415 1164 475 1207 ei?
507 1165 531 1190 *
563 1168 638 1205 aut
670 1163 783 1204 filius
818 1162 1021 1212 hominis,

196 1223 296 1275 quia
315 1224 493 1275 reputas
513 1219 633 1262 eum?

245 1280 391 1320 Homo
411 1278 592 1319 vanitati
611 1276 762 1318 similis
781 1276 922 1317 factus
942 1281 1021 1317 est:

193 1335 217 1360 *
228 1335 322 1376 dies
339 1336 430 1386 ejus
445 1335 558 1376 sicut
572 1333 727 1374 umbra
741 1334 1022 1385 praetereunt.

244 1392 432 1432 Domine
465 1390 624 1431 inclina
657 1389 795 1431 coelos
827 1394 944 1439 tuos,
978 1394 1022 1431 et

193 1447 426 1489 descende:
445 1448 469 1473 *
487 1452 617 1497 tange
636 1450 821 1495 montes,
841 1450 884 1487 et
900 1446 1021 1487 fumi-

192 1503 368 1555 gabunt

243 1560 435 1611 Fulgura
454 1560 815 1608 coruscationem,
835 1564 879 1600 et
899 1559 1020 1600 dissi-

192 1616 319 1669 pabis
340 1629 431 1658 eos:
445 1618 468 1642 *
485 1618 633 1658 emitte
654 1618 834 1666 sagittas
849 1620 959 1666 tuas,
979 1620 1022 1657 et

193 1673 476 1715 conturbabis
497 1686 588 1714 eos:

244 1730 407 1771 Emitte
442 1742 619 1770 manum
659 1733 781 1770 tuam
823 1729 878 1770 de
915 1729 1021 1779 alto,

193 1786 312 1838 eripe
339 1799 426 1836 me,
466 1790 509 1827 et
540 1785 677 1827 libera
708 1799 778 1827 me
813 1785 867 1827 de
896 1787 1021 1838 aquis

191 1842 352 1884 multis:
371 1843 395 1868 *
415 1842 470 1884 de
493 1855 624 1883 manu
647 1841 837 1883 filiorum
862 1842 1020 1884 alieno-

194 1912 301 1940 rum.

245 1957 441 2006 Quorum
466 1968 516 1997 os
544 1955 740 1997 locutum
765 1959 832 1997 est
857 1956 1020 1996 vanita-

192 2016 296 2053 tem:
320 2012 343 2037 *
368 2017 411 2054 et
436 2011 616 2054 dextera
641 2014 810 2062 eorum,
839 2011 1021 2053 dextera

191 2068 442 2120 iniquitatis.

239 2125 360 2166 Deus
389 2125 606 2166 canticum
638 2137 801 2166 novum
831 2124 1019 2166 cantabo

190 2180 283 2222 tibi:
293 2182 317 2206 *
327 2182 370 2222 in
381 2181 600 2234 psalterio,
612 2180 893 2223 decachordo
906 2181 1018 2234 psal·
1028 2214 1040 2223 .

190 2236 277 2277 lam
295 2237 384 2279 tibi.
999 2278 1005 2283 .

242 2294 329 2343 Qui
354 2293 434 2335 das
462 2294 647 2336 salutem
674 2294 864 2345 regibus:
892 2294 915 2320 *
945 2295 1019 2347 qui

190 2349 413 2391 redemisti
437 2350 581 2392 David
610 2364 784 2392 servum
811 2355 935 2392 tuum
963 2350 1019 2392 de

189 2405 336 2456 gladio
355 2406 560 2458 maligno:
580 2408 700 2460 eripe
718 2420 800 2449 me.

241 2462 298 2502 Et
330 2464 431 2504 erue
465 2476 534 2504 me
568 2463 623 2505 de
660 2477 791 2505 manu
826 2463 1017 2505 filiorum

189 2517 439 2568 alienorum,
461 2532 646 2571 quorum
665 2533 716 2561 os
735 2520 931 2561 locutum
951 2525 1019 2561 est

189 2574 439 2615 vanitatem:
449 2575 473 2600 *
485 2580 528 2616 et
539 2575 719 2618 dextera
737 2579 900 2626 eorum,
916 2575 1017 2617 dex-

188 2635 281 2671 tera
300 2631 553 2682 iniquitatis:

239 2688 435 2737 Quorum
454 2687 541 2737 fssii,
560 2688 672 2729 sicut
690 2689 876 2730 novellae
895 2689 1015 2741 plan-

188 2743 377 2784 tationes
395 2744 419 2768 *
439 2743 481 2783 in
500 2744 721 2795 juventute
742 2758 831 2786 sua.

816 220 986 253 sabbam
1012 220 1059 252 ud
1087 219 1288 261 Vespera&

1130 314 1252 354 Filiae
1285 315 1438 354 eorum
1472 312 1748 365 compositae:
1776 312 1800 338 *
1833 312 1911 353 cir-

1079 371 1350 412 cumornatae
1368 374 1417 410 ut
1437 367 1676 410 similitudo
1695 368 1861 421 templi.

1130 426 1439 479 Promptuaria
1454 427 1607 467 eorum
1622 425 1764 478 plena,
1778 426 1802 451 *
1818 437 1911 467 eru-

1079 483 1243 524 ctantia
1262 495 1316 524 ex
1335 482 1421 523 hoc
1439 482 1483 522 in
1502 481 1621 524 illud.

1131 539 1248 581 Oves
1264 541 1417 580 eorum
1431 538 1617 589 foetosae,
1636 537 1911 580 abundantes

1078 596 1120 636 in
1146 595 1397 647 egressibus
1423 595 1527 636 suis:
1546 595 1570 621 *
1594 595 1734 637 boves
1758 596 1912 636 eorum

1078 665 1251 693 crassae.

1128 709 1230 750 Non
1263 713 1331 750 est
1363 711 1488 750 ruina
1515 708 1735 758 maceriae,
1766 720 1911 760 neque

1076 766 1303 807 transitus:
1331 765 1355 791 *
1382 778 1527 818 neque
1555 764 1720 807 clamor
1747 764 1793 805 in
1819 763 1910 818 pla-

1076 822 1159 863 teis
1179 824 1343 864 eorum.

1127 879 1317 921 Beatum
1345 878 1550 920 dixerunt
1577 878 1812 931 populum,
1840 878 1911 919 cui

1075 935 1172 977 haec
1192 940 1306 977 sunt:
1325 935 1349 961 *
1373 934 1531 977 beatus
1554 934 1764 988 populus,
1788 935 1910 987 cujus

1075 993 1291 1034 Dominus
1310 992 1432 1033 Deus
1453 992 1555 1044 ejus.

1128 1048 1229 1087 Ant.
1258 1047 1528 1091 Benedictus
1550 1048 1768 1090 Dominus
1787 1048 1910 1090 Deus

1074 1118 1210 1147 meus.

1126 1162 1226 1201 Ant.
1259 1162 1342 1204 Per
1361 1162 1557 1214 singulos
1577 1161 1683 1204 dies.

1340 1218 1539 1259 Psalmus
1559 1218 1647 1257 144.

1161 1276 1341 1318 xaltabo
1360 1281 1405 1318 te
1424 1277 1548 1318 Deus
1565 1289 1690 1318 meus
1710 1287 1802 1317 rex:
1820 1275 1846 1301 *
1866 1279 1911 1317 et

1178 1331 1439 1375 benedicam
1466 1333 1633 1374 nomini
1656 1336 1734 1374 tuo
1761 1331 1807 1372 in
1831 1333 1909 1373 sae-

1075 1389 1232 1439 culum,
1253 1394 1296 1431 et
1314 1389 1358 1430 in
1378 1389 1590 1430 saeculum
1610 1388 1771 1431 saeculi.

1126 1446 1211 1487 Per
1228 1446 1424 1498 singulos
1439 1445 1534 1487 dies
1544 1445 1806 1488 benedicam
1815 1444 1911 1487 tibi:

1074 1502 1098 1527 *
1114 1507 1158 1544 et
1176 1502 1369 1544 laudabo
1389 1515 1550 1544 nomen
1569 1506 1695 1544 tuum
1712 1502 1758 1542 in
1774 1503 1909 1543 saecu-

1075 1558 1175 1609 lum,
1196 1563 1240 1601 et
1258 1559 1302 1599 in
1322 1558 1533 1600 saeculum
1552 1558 1713 1600 saeculi.

1126 1615 1313 1667 Magnus
1344 1615 1562 1657 Dominus
1600 1619 1646 1657 et
1674 1613 1910 1656 laudabilis

1074 1673 1217 1714 nimis:
1240 1673 1264 1698 *
1288 1677 1333 1714 et
1358 1671 1674 1723 magnitudinis
1702 1671 1794 1724 ejus
1819 1683 1910 1712 non

1076 1734 1144 1770 est
1162 1728 1272 1770 finis.

1128 1785 1367 1828 Generefio
1393 1790 1437 1827 et
1459 1785 1687 1836 generatio
1709 1783 1910 1826 laudabit

1075 1844 1212 1895 opera
1247 1847 1338 1884 tua:
1373 1842 1398 1868 *
1430 1846 1474 1883 et
1508 1841 1754 1894 potentiam
1788 1845 1910 1883 tuam

1074 1898 1434 1951 pronuntiabunt.

1126 1955 1499 2007 Magnificentiam
1522 1955 1676 2006 gloriae
1704 1954 1908 1996 sanctita-

1075 2012 1131 2053 tis
1159 2017 1248 2054 tuae
1283 2011 1534 2064 loquentur:
1562 2011 1587 2037 *
1617 2015 1662 2053 et
1693 2010 1910 2052 mirabilia

1074 2073 1151 2110 tua
1168 2067 1420 2110 narrabunt.

1125 2125 1183 2166 Et
1210 2125 1418 2166 virtutem
1445 2123 1704 2166 terribilium
1731 2125 1909 2166 tuorum

1074 2181 1236 2223 dicent:
1267 2181 1292 2207 *
1324 2185 1368 2223 et
1403 2179 1752 2233 magnitudinem
1787 2185 1909 2222 tuam

1073 2237 1326 2280 narrabunt.

1125 2295 1384 2337 Memoriam
1409 2293 1693 2335 abundantiae
1718 2293 1905 2335 suavita-

1073 2351 1130 2392 tis
1148 2356 1238 2393 tuae
1257 2350 1533 2395 eructabunt:
1547 2350 1571 2376 *
1587 2355 1631 2392 et
1649 2350 1813 2402 justitia
1831 2354 1907 2392 tua

1074 2407 1367 2449 exsultabunt.

1124 2464 1358 2506 Miserator
1388 2467 1433 2504 et
1464 2463 1714 2506 misericors
1743 2463 1854 2504 Dfis:
1881 2463 1906 2488 *

1073 2521 1263 2572 patiens,
1292 2525 1336 2562 et
1363 2519 1551 2561 multum
1577 2520 1838 2562 misericors.

1124 2577 1280 2618 Suavis
1306 2576 1524 2618 Dominus
1552 2576 1781 2618 universis:
1808 2576 1832 2602 *
1861 2580 1906 2618 et

1072 2633 1376 2675 miserationes
1405 2633 1496 2685 ejus
1525 2646 1658 2686 super
1686 2633 1833 2674 omnia
1861 2634 1904 2673 ό-

1072 2702 1179 2740 pera
1199 2691 1300 2742 ejus.
1669 2719 1672 2722 -

1126 2746 1428 2789 confiteantur
1450 2746 1531 2789 tibi
1548 2746 1739 2787 Domine
1759 2745 1905 2787 omnia
