2040 2976
195 199 285 244 [232]

245 298 418 348 Rogate
447 309 546 349 quae
574 296 631 339 ad
653 310 809 350 pacem
833 302 933 339 sunt
951 298 977 338 J
979 310 1018 339 6-

194 353 398 395 rusalem:
425 355 449 382 *
478 359 522 396 et
548 353 815 396 abundantia
843 353 1018 405 diligen-

193 410 309 453 tibus
328 415 387 452 te:

244 467 341 508 Fiat
363 479 451 520 pax
474 467 518 507 in
542 466 706 508 virtute
728 470 818 508 tua:
836 467 860 494 *
880 472 924 510 et
947 467 1019 509 ab·

193 522 402 565 undantia
420 523 465 564 in
483 523 677 565 turribus
696 523 794 564 tuis.

244 581 432 633 Propter
457 580 614 622 fratres
641 592 776 630 meos,
803 585 848 622 et
874 579 1018 632 proxi-

193 650 289 679 mos
303 650 438 687 meos,
453 637 477 663 *
491 636 706 689 loquebar
719 649 876 690 pacem
892 635 946 678 de
960 641 1019 678 te:

243 694 431 747 Propter
450 693 630 735 domum
646 693 824 734 Domini
842 693 926 735 Dei
945 705 1018 733 no-

193 751 283 801 stri,
302 751 326 776 *
347 750 529 804 quaesivi
547 749 664 792 bona
682 749 772 791 tibi.

246 812 346 852 Ant.
375 811 441 851 Tu
459 806 598 858 gloria
611 805 863 856 Jerusalem,
881 810 929 847 tu
946 805 1018 846 lae-

192 863 289 905 titia
316 863 471 913 Israel,
506 867 554 904 tu
580 862 915 904 honorificentia
942 864 1018 915 po-

145 971 147 973 >
192 920 285 973 puli
303 920 454 962 nostri.

247 982 344 1022 Ant.
377 975 614 1020 Benedicta
633 989 680 1018 es
699 980 757 1017 tu.

459 1038 654 1079 Psalmus
676 1041 759 1079 126.

289 1087 342 1129 isi
377 1089 590 1131 Dominus
627 1088 911 1130 aedificaverit
943 1087 1018 1129 do-

320 1159 448 1197 mum,
474 1146 498 1172 *
529 1145 573 1186 in
607 1158 766 1187 vanum
795 1144 1018 1187 laborave-

193 1206 292 1242 runt
313 1203 387 1254 qui
407 1202 626 1244 aedificant
645 1214 750 1244 eam.

243 1258 340 1299 Nisi
358 1259 571 1301 Dominus
591 1257 850 1300 custodierit
871 1258 1019 1300 civita-

192 1319 291 1364 tem,
314 1315 338 1341 *
364 1316 525 1358 frustra
552 1315 703 1367 vigilat
729 1315 803 1367 qui
829 1313 1021 1357 custodit

194 1383 300 1412 eam.

244 1428 417 1470 Vanum
462 1434 528 1471 est
569 1428 696 1471 vobis
738 1432 837 1470 ante
877 1427 1021 1469 lucem

193 1487 388 1535 surgere:
407 1487 430 1512 *
449 1485 613 1536 surgite
637 1489 874 1538 postquam
896 1484 1019 1526 sede-

192 1541 296 1591 ritis,
307 1542 381 1594 qui
391 1541 663 1584 manducatis
674 1554 833 1594 panem
844 1541 1020 1583 doloris.

245 1597 354 1638 Cum
395 1597 566 1640 dederit
608 1597 778 1640 dilectis
820 1598 910 1639 suis
952 1611 1019 1639 so-

193 1667 355 1695 mnum:
387 1656 411 1681 *
445 1667 547 1696 ecce
580 1653 815 1696 haereditas
844 1654 1020 1696 Domini

194 1709 284 1751 filii:
302 1723 483 1761 merces,
502 1711 669 1753 fructus
688 1711 862 1753 ventris.

244 1767 363 1809 Sicut
391 1770 563 1819 sagittae
588 1768 632 1808 in
655 1781 787 1809 manu
811 1767 1021 1820 potentis:

194 1825 217 1851 *
235 1824 296 1865 ita
314 1824 391 1865 filii
411 1826 706 1866 excussorum.

245 1881 409 1923 Beatus
434 1881 499 1923 vir
525 1881 599 1933 qui
626 1880 824 1934 implevit
851 1880 1020 1923 deside-

193 1937 305 1978 rium
325 1950 450 1979 suum
470 1950 524 1979 ex
546 1937 668 1990 ipsis:
687 1939 710 1964 *
730 1950 818 1979 non
843 1938 1019 1979 confun-

195 1993 320 2035 detur
353 2007 451 2035 cum
478 1994 685 2046 loquetur
717 1994 902 2036 inimicis
929 1995 1019 2036 suis

195 2050 239 2091 in
256 2055 394 2103 porta.

247 2110 283 2148 Α
291 2116 345 2149 nt.
380 2107 614 2150 Benedicta
634 2120 681 2149 es
699 2112 758 2157 tu,
774 2107 913 2159 Virgo
931 2107 1019 2148 Ma-

194 2165 272 2212 ria,
311 2176 335 2204 a
362 2164 552 2205 Domino
588 2165 684 2205 Deo
718 2164 893 2206 excelso
927 2177 1020 2217 prae

196 2219 396 2262 omnibus
421 2220 671 2262 mulieribus
699 2233 831 2274 super
849 2226 1021 2263 terram.

250 2277 347 2317 Ant.
381 2276 523 2318 Trahe
542 2290 633 2318 nos.

460 2333 656 2375 I’salmus
678 2336 759 2375 147.

264 2388 378 2431 auda
423 2389 666 2432 Jerusalem
709 2391 961 2432 Dominum:
997 2391 1020 2417 *

298 2445 430 2487 lauda
447 2446 591 2487 Deum
609 2452 732 2488 tuum
750 2448 867 2489 Sion.

247 2502 462 2552 Quoniam
485 2502 750 2545 confortavit
775 2516 895 2544 seras
920 2516 1019 2556 por-

195 2560 339 2600 tarum
373 2561 562 2601 tuarum:
599 2559 622 2584 *
658 2559 881 2601 benedixit
920 2560 1020 2601 filiis

196 2615 282 2656 tuis
302 2615 346 2656 in
362 2620 418 2657 te.

247 2672 332 2722 Qui
359 2672 507 2725 posuit
535 2672 643 2713 fines
670 2676 771 2713 tuos
798 2685 970 2725 pacem:
997 2674 1020 2699 *

197 2735 240 2773 et
267 2729 398 2782 adipe
426 2729 630 2771 frumenti
657 2729 787 2770 satiat
812 2734 867 2770 te.

484 204 661 238 Officium
685 204 858 238 votivum
884 205 930 238 de
955 204 1202 238 Immaculata
1228 204 1409 246 Concept.
1436 203 1476 238 B.
1502 203 1548 237 M.
1572 203 1615 237 V.

1124 297 1208 347 Qui
1234 297 1392 339 emittit
1418 296 1639 350 eloquium
1663 310 1790 339 suum
1813 303 1896 340 ter-

1072 366 1147 395 rae:
1164 354 1188 379 *
1206 353 1418 396 velociter
1437 353 1571 396 currit
1590 366 1734 396 sermo
1754 355 1855 407 ejus.

1124 410 1208 460 Qui
1241 409 1317 452 dat
1352 410 1498 452 nivem
1534 411 1647 453 sicut
1681 410 1843 452 lanam:
1874 411 1898 438 *

1071 466 1275 509 nebulam
1304 467 1417 509 sicut
1442 469 1633 510 cinerem
1660 467 1838 521 spargit.

1123 523 1256 566 Mittit
1271 523 1526 576 crystallum
1540 537 1663 566 suam
1679 523 1791 566 sicut
1803 523 1900 566 buc·

1072 579 1221 621 cellas:
1247 582 1271 607 *
1297 585 1397 622 ante
1424 580 1582 623 faciem
1609 580 1783 632 frigoris
1807 581 1899 633 eius

1073 636 1169 688 quis
1190 636 1444 679 sustinebit?

1122 693 1306 735 Emittet
1330 693 1512 736 verbum
1533 707 1671 744 suum,
1696 698 1740 736 et
1763 693 1897 746 lique-

1072 750 1203 792 faciet
1231 763 1296 792 ea:
1323 751 1347 778 *
1375 750 1499 792 flabit
1527 750 1706 804 spiritus
1729 749 1830 802 erS,
1855 755 1900 793 et

1072 806 1207 849 fluent
1227 819 1363 860 aquae.

1123 864 1207 914 Qui
1229 863 1456 905 annuntiat
1478 862 1661 905 verbum
1684 877 1810 907 suum
1829 865 1855 907 J
1857 878 1899 907 a·

1072 920 1171 962 cob:
1181 921 1205 948 *
1215 921 1413 973 justitias,
1429 923 1473 961 et
1487 918 1646 972 judicia
1662 933 1740 963 sua
1751 921 1900 964 Israel.

1122 977 1224 1019 Non
1248 976 1352 1019 fecit
1375 975 1522 1018 taliter
1542 977 1660 1018 omni
1678 978 1857 1020 nationi:
1875 978 1900 1004 *

1072 1039 1116 1076 et
1134 1034 1293 1086 judicia
1311 1047 1390 1076 sua
1407 1046 1495 1075 non
1514 1034 1807 1077 manifestavit
1825 1035 1899 1077 eis.

1127 1105 1225 1145 Ant.
1263 1099 1405 1142 Trahe
1428 1111 1510 1140 nos
1532 1098 1672 1150 Virgo
1695 1099 1899 1142 immacu-

1072 1155 1172 1206 lata,
1197 1160 1302 1208 post
1324 1160 1369 1197 te
1396 1157 1620 1197 curremus
1644 1155 1689 1196 in
1718 1154 1901 1198 odorem

1072 1214 1392 1263 unguentorum
1409 1214 1595 1254 tuorum.

1155 1292 1413 1344 Capitulum.
1589 1293 1714 1334 Prov.
1732 1294 1768 1333 8.
1789 1306 1823 1334 c.

1167 1360 1337 1402 ominus
1372 1358 1571 1412 possedit
1601 1371 1672 1400 me
1702 1358 1747 1400 in
1778 1358 1902 1401 initio

1163 1417 1333 1458 viarum
1343 1417 1531 1466 suarum,
1542 1417 1777 1468 antequam
1788 1414 1903 1467 quid-

1075 1486 1206 1526 quam
1224 1473 1389 1515 faceret
1407 1485 1432 1514 a
1448 1471 1675 1526 principio.
1700 1471 1771 1513 Ab
1787 1472 1903 1513 aeter-

1073 1543 1129 1572 no
1159 1530 1361 1571 ordinata
1392 1542 1504 1579 sum,
1539 1533 1582 1570 et
1615 1541 1669 1571 ex
1701 1528 1902 1580 antiquis,

1077 1590 1313 1639 antequam
1348 1591 1466 1628 terra
1501 1585 1638 1627 fieret.
1694 1584 1903 1627 Nondum

1075 1649 1198 1685 erant
1222 1643 1383 1695 abyssi,
1409 1648 1454 1685 et
1477 1655 1559 1694 ego
1583 1643 1668 1695 jam
1688 1642 1903 1694 concepta

1075 1713 1204 1742 eram.

1381 1764 1591 1815 Hymnus.

1228 1851 1283 1881 ve
1301 1837 1433 1880 maris
1453 1836 1590 1887 stella,

1255 1896 1339 1937 Dei
1357 1895 1499 1936 Mater
1519 1893 1643 1944 alma,

1203 1953 1350 2005 Atque
1370 1964 1544 2004 semper
1561 1951 1711 2003 Virgo,

1202 2009 1327 2051 Felix
1349 2008 1450 2050 coeli
1467 2013 1608 2061 porta.

1152 2081 1334 2121 Sumens
1354 2077 1462 2120 illud
1481 2078 1579 2119 Ave

1205 2134 1422 2177 Gabrielis
1442 2147 1530 2184 ore,

1203 2191 1358 2233 Funda
1376 2203 1458 2233 nos
1477 2191 1520 2231 in
1538 2203 1660 2244 pace,

1202 2249 1376 2291 Mutans
1395 2248 1534 2289 Hevae
1552 2260 1723 2290 nomen.

1154 2319 1288 2360 Solve
1306 2317 1449 2360 vincla
1467 2317 1563 2366 reis,

1202 2375 1356 2417 Profer
1374 2374 1521 2416 lumen
1541 2373 1681 2424 caecis,

1203 2431 1319 2473 Mala
1337 2436 1489 2473 nostra
1507 2430 1633 2484 pelle,

1204 2489 1328 2530 Bona
1347 2493 1504 2530 cuncta
1521 2499 1669 2541 posce.

1155 2562 1349 2602 Monstra
1367 2563 1412 2600 te
1432 2570 1528 2600 esse
1546 2562 1742 2606 matrem,

1203 2617 1353 2658 Sumat
1371 2627 1451 2668 per
1470 2619 1514 2657 te
1532 2626 1698 2667 preceS,

1203 2673 1288 2724 Qui
1307 2685 1389 2725 pro
1409 2671 1536 2714 nobis
1554 2676 1692 2721 natus,

1202 2729 1323 2771 Tulit
1344 2741 1440 2771 esse
1459 2733 1572 2770 tuus.
