2002 2956
167 201 261 229 Beatis
277 201 399 228 nondum
418 198 593 231 canonizatis,
610 197 678 224 nihil
691 197 804 232 propria
818 196 982 224 auctoritate

167 240 362 272 constituatur,
385 239 433 266 sed
456 237 568 266 omnino
585 236 746 263 consulatur
763 235 848 262 Sacra
866 235 981 262 Rituum

167 279 356 312 Congregatio.
921 312 927 318 .

219 318 367 344 Decretum
386 323 495 351 quoque
514 322 602 349 nuper
620 315 724 341 editum
749 321 834 348 super
850 313 983 340 electione

166 355 329 384 Sanctorum
348 356 375 382 in
394 356 543 387 Patronus,
559 358 587 380 et
605 354 778 388 impressum,
797 352 909 380 omnino
927 359 983 378 ser-

167 399 254 461 vengt.
266 435 324 461 haec
337 433 428 460 omnia
441 432 572 466 decrevit,
586 431 691 463 statuit,
707 435 734 458 et
743 430 894 463 mandavit,
908 429 983 456 inno·

167 474 258 501 vando
276 480 372 507 poenas
390 471 602 499 constitutionis
621 470 648 498 S.
666 470 710 498 Pii
723 470 756 497 V.
775 469 934 503 respective.

1086 197 1170 224 Facta
1197 197 1309 224 demum
1331 197 1466 225 relatione
1491 197 1593 225 horum
1611 196 1798 224 Decretorum
1817 195 1860 225 Ss.

1035 235 1069 262 D.
1085 236 1117 263 N.
1133 237 1248 264 Urbano
1262 236 1348 270 Papae
1358 236 1444 270 VIII,
1458 244 1490 263 ea
1504 236 1630 264 laudavit
1643 239 1670 263 et
1684 235 1861 270 approbavit,

1035 278 1118 308 atque
1136 276 1172 301 ab
1190 275 1320 302 omnibus
1337 275 1440 309 ubique
1458 276 1512 303 sub
1530 275 1672 310 praedictis
1689 274 1781 309 poenis
1804 282 1861 302 ser-

1034 314 1094 340 vari
1112 314 1257 348 praecepit:
1282 322 1389 341 necnon
1411 315 1439 341 in
1462 315 1544 342 novis
1560 314 1712 342 Breviariis
1731 314 1766 341 de
1785 321 1860 340 man-

1034 353 1099 379 dato
1117 352 1277 380 Sanctitatis
1294 352 1359 380 Suae
1377 353 1570 388 imprimendis
1588 352 1690 388 apponi
1710 353 1798 387 jussit.

1086 391 1139 418 Die
1158 392 1197 418 13.
1217 392 1345 419 Januarii
1365 393 1439 420 1631.

1137 431 1213 458 Loco
1228 438 1245 467 ψ
1261 430 1356 465 Sigilli.

1136 468 1170 498 Τ.
1185 469 1376 507 Tegrimius,
1391 473 1546 507 Episcopus
1560 473 1704 505 Assisien„
1717 472 1820 500 Secret.

547 553 772 589 EJUSDEM
795 553 892 588 PRO
917 551 1130 588 SANCTIS
1154 552 1224 586 AD
1248 551 1468 586 LIBITUM.

226 648 244 668 τ,
271 636 351 663 adem
370 635 455 663 Sacra
473 635 589 662 Rituum
608 633 805 668 Congregatio,
823 633 917 661 habita
937 633 982 660 die

218 672 250 706 ·‘[“;
288 675 312 701 2.
326 674 489 702 Decembris
507 675 586 707 1673,
607 674 703 700 statuit
722 682 756 700 ex
774 673 905 700 mandato
924 672 982 700 Cle-

219 708 243 731 ⁷2¹
288 713 388 740 mentis
412 713 446 740 X.
471 713 551 740 Festa
574 713 738 740 Sanctorum
762 713 797 739 ad
819 712 928 739 libitum
953 712 981 738 in

164 757 306 788 posterum
325 761 380 779 non
398 760 458 779 esse
472 752 673 786 transferenda,
691 752 714 778 si
732 759 828 779 eorum
845 751 982 778 festivitas

164 792 267 820 incidat
289 792 318 818 in
336 791 408 818 diem
427 791 613 825 Dominicam,
635 791 679 818 vel
698 790 818 824 aliquem
841 791 914 817 diem
932 790 981 817 Fe-

164 834 270 859 storum
289 831 444 864 mobilium,
461 831 510 857 sed
529 835 594 857 tunc
610 830 658 857 illo
676 838 748 857 anno
766 838 863 857 eorum
881 829 980 856 Officia

164 878 225 898 esse
251 869 410 897 omittenda.
455 870 535 903 Quod
563 870 653 904 ipsum
680 873 776 904 postea
803 869 980 896 Innocentius

165 909 242 944 Papa
255 909 304 936 XI.
323 909 351 935 in
364 908 582 943 Congregatione
600 908 694 935 habita
713 909 753 935 24.
772 908 899 936 Januarii
914 907 980 934 1682

164 948 284 983 generali
311 948 421 975 decreto
447 948 634 982 confirmavit,
665 951 692 974 et
712 948 841 977 ,extendit
866 947 981 982 insuper

164 987 247 1014 etiam
265 987 301 1014 ad
319 987 438 1014 Octavas
460 990 487 1014 et
505 987 636 1015 Natalitia
653 986 830 1020 Sanctorum,
853 986 889 1013 de
911 994 980 1021 prae-

1033 635 1113 667 cepto
1137 633 1165 659 in
1189 633 1281 667 aliqua
1301 633 1445 667 Religione
1467 634 1512 662 vel
1530 634 1666 668 Dioecesi‚
1691 643 1725 662 ex
1749 635 1859 663 indulto

1033 671 1195 706 Apostolico
1210 673 1360 700 recitanda.
1392 674 1435 700 Ita
1452 678 1483 701 ut
1495 682 1530 701 ne
1544 674 1657 708 quidem
1671 674 1753 701 dictis
1767 675 1858 702 Festis

1033 711 1078 737 vel
1093 711 1205 738 Octavia
1219 711 1301 739 Festa
1319 712 1355 739 ad
1372 712 1483 740 libitum
1502 717 1567 740 tunc
1586 713 1735 741 incidentia
1748 714 1857 748 possint

1033 750 1151 783 recitari,
1170 750 1219 777 sed
1238 751 1327 778 omitti
1346 759 1462 786 prorsus
1481 752 1608 779 debeant.

1083 789 1215 816 Permisit
1227 793 1328 824 tamen,
1346 794 1378 817 ut
1391 791 1504 818 Festum
1518 791 1684 819 translatum
1698 792 1775 826 quod
1789 792 1860 820 alias

1033 836 1066 854 eo
1085 828 1130 854 die
1147 828 1343 856 celebrandum
1364 830 1445 864 foret,
1464 830 1492 857 in
1510 830 1595 858 alium
1615 831 1689 858 diem
1703 839 1760 858 non
1773 831 1867 866 impe>

1032 867 1121 893 ditum
1139 867 1337 895 transferatur:
1356 859 1472 896 item⁸ut
1490 870 1588 897 eodem
1607 870 1652 897 die
1666 870 1756 898 omitti
1770 870 1860 906 possit

1033 905 1163 933 Officium
1183 907 1267 933 semel
1286 915 1337 941 per
1354 908 1558 936 hebdomadam
1583 913 1632 936 aut
1649 917 1773 936 mensem
1791 910 1859 937 reci-

1033 945 1149 972 tandum
1167 953 1202 972 ex
1219 946 1328 973 indulto
1346 946 1518 983 Apostolico,
1537 951 1568 975 ut
1585 948 1624 975 ita
1641 949 1720 976 locus
1738 949 1774 976 sit
1792 950 1860 977 cele-

1033 984 1141 1011 brando
1159 984 1259 1012 Officio
1279 986 1315 1012 ad
1334 986 1451 1014 libitum.

235 1070 459 1105 EJUSDEM
485 1071 580 1105 PRO
605 1071 817 1106 SANCTIS
840 1072 893 1106 IN
919 1072 1322 1108 MARTYROLOGIO
1347 1073 1454 1108 NON
1478 1073 1784 1109 DESCRIPTIS.

182 1160 207 1198 s
222 1146 345 1200 ’Χῆἰοὶε
365 1146 528 1174 Sanctorum
550 1147 656 1174 ratione
677 1148 823 1182 Corporis,
847 1156 896 1175 seu
919 1147 982 1174 insi-

182 1187 236 1238 xf„
288 1185 348 1219 gnis
362 1185 510 1219 Reliquiae,
532 1186 685 1221 recitanda,
707 1195 742 1214 ex
761 1188 880 1214 Decreto
899 1186 925 1214 S.
947 1187 981 1214 R.

188 1239 192 1242 «
221 1203 254 1243 ).
289 1225 515 1258 Congregationis
548 1226 588 1252 11.
619 1225 737 1259 Augusti
769 1227 834 1253 1691
867 1225 981 1259 intelligi

163 1263 263 1290 debere
277 1263 312 1290 de
321 1262 428 1290 Sanctis
442 1263 586 1291 dumtaxat
600 1263 627 1290 in
642 1265 839 1300 Martyrologio
854 1265 980 1292 Romano

164 1302 321 1337 descriptis,
344 1306 372 1329 et
395 1303 546 1330 dummodo
569 1307 677 1330 constet
700 1304 734 1330 de
752 1304 896 1330 identitate
914 1304 980 1330 Cor-

163 1341 253 1375 poris,
276 1349 325 1368 seu
349 1341 485 1375 Reliquiae
508 1341 622 1375 insignis
646 1342 777 1370 illiusmet
800 1342 907 1376 Sancti,
931 1342 979 1376 qui

163 1380 300 1414 reperitur
326 1380 353 1407 in
377 1380 573 1414 Martyrologio
595 1381 723 1408 Romano
750 1381 917 1416 descriptus:
945 1381 980 1407 de

162 1418 260 1446 ceteris
277 1423 368 1446 autem
386 1418 494 1446 Sanctis
510 1419 539 1446 in
557 1420 690 1454 praedicto
708 1420 906 1454 Martyrologio
924 1428 980 1447 non

163 1457 315 1492 descriptis,
332 1461 380 1484 aut
397 1457 498 1492 quibus
517 1465 533 1484 a
546 1458 645 1486 Sancta
659 1458 731 1486 Sede
743 1467 799 1486 non
819 1459 902 1486 fuerit
920 1467 980 1493 spe—

163 1495 268 1523 cialiter
290 1504 463 1530 concessum,
489 1497 588 1524 Officia
611 1498 721 1525 recitari
744 1502 771 1526 et
792 1498 892 1525 Missas
914 1498 981 1524 cele-

164 1535 239 1562 brari
261 1539 421 1569 vetuerunt,
445 1543 500 1563 non
523 1537 650 1564 obstante
675 1537 751 1571 quod
772 1537 898 1572 ipsorum
915 1537 981 1564 Cor-

1033 1153 1111 1180 pora,
1129 1145 1172 1172 vel
1191 1145 1312 1180 insignes
1325 1146 1462 1181 Reliquiae
1480 1146 1509 1174 in
1522 1148 1653 1175 Ecclesiis
1667 1154 1860 1178 asserventur:

1033 1185 1136 1219 quibus
1149 1188 1241 1212 tamen
1255 1186 1291 1212 ab
1301 1185 1457 1213 Ordinariis
1467 1186 1593 1214 locorum
1607 1189 1770 1222 approbatis
1783 1189 1860 1216 debi-

1033 1228 1090 1251 tam
1114 1224 1236 1251 fidelium
1261 1225 1467 1252 venerationem
1493 1227 1588 1260 (prout
1610 1227 1744 1255 hactenus
1766 1236 1860 1256 serva-

1033 1267 1092 1290 tum
1110 1266 1163 1296 est)
1188 1263 1373 1290 exhibendam
1395 1272 1456 1291 esse
1473 1269 1655 1300 censuerunt,
1679 1267 1729 1294 sed
1753 1269 1860 1303 absque

1033 1302 1133 1330 Officio
1157 1306 1184 1329 et
1208 1302 1306 1336 Missa,
1331 1304 1384 1330 sub
1408 1303 1498 1337 poenis
1522 1305 1557 1331 de
1581 1313 1638 1332 non
1661 1306 1860 1335 satisfaciendo

1032 1345 1172 1376 praecepto
1196 1341 1331 1368 recitandi
1356 1341 1501 1377 Officium,
1525 1343 1643 1378 aliisque
1666 1345 1695 1372 in
1719 1345 1860 1374 Constitu-

1032 1380 1106 1407 tione
1124 1380 1150 1407 S.
1170 1380 1213 1407 Pii
1228 1380 1261 1407 V.
1280 1381 1425 1408 contentis
1461 1382 1516 1409 Die
1535 1383 1575 1410 ll.
1593 1383 1715 1418 Augusti
1734 1386 1815 1420 1691,
1833 1389 1861 1413 et

1032 1418 1229 1446 Sanctissimus
1251 1419 1419 1454 approbavit
1443 1420 1488 1448 die
1513 1422 1553 1450 19.
1579 1422 1709 1451 Octobris
1736 1425 1861 1460 ejusdem
1916 1451 1918 1453 .

1032 1458 1098 1485 anni
1118 1459 1192 1486 1691.

1136 1498 1212 1525 Loco
1229 1504 1245 1532 ἦ·
1257 1498 1352 1532 Sigilli.

1311 1535 1340 1565 J.
1355 1538 1575 1575 Vsllemanus,
1584 1546 1611 1573 S.
1627 1547 1660 1573 R.
1675 1546 1704 1573 C.
1719 1546 1822 1574 secret.

417 1683 690 1725 DECRETA
720 1686 1066 1730 GENERALIA
1095 1692 1271 1734 CIRCA
1301 1661 1607 1739 ltUBRICAS.

170 1756 343 1816 ‘'(Qhum
369 1773 517 1801 Sacrorum
547 1774 663 1802 Rituum
695 1776 906 1811 Congregationi
937 1777 982 1804 de

170 1800 290 1877 ἐξίῃ
313 1812 601 1878 ἒοῑέῗέηῖιὲξρὶίωωω
625 1814 708 1842 fuerit
729 1816 874 1850 sequentia
895 1817 981 1844 dubia

215 1889 347 1917 Primum.
370 1890 424 1923 An,
437 1898 499 1917 cum
513 1891 606 1918 multis
619 1891 894 1928 Congregationibus,
907 1895 980 1922 Reli—

162 1927 303 1962 gionibus,
327 1929 385 1955 sive
403 1929 543 1964 Ecclesiis,
565 1930 608 1957 vel
630 1930 796 1959 Nationibus
818 1940 980 1961 concessum

163 1967 199 1994 sit
217 1975 233 1994 a
250 1967 350 1995 Sancta
368 1967 438 1995 Sede
456 1968 629 2003 Apostolica,
651 1973 682 1997 ut
699 1971 796 2005 semel,
814 1972 858 1998 vel
876 1972 980 2006 pluries

163 2005 192 2032 in
215 2006 328 2040 singulis
352 2007 546 2041 hebdomadis,
571 2009 615 2035 vel
641 2009 783 2036 mensibus
806 2011 981 2039 celebrentur

163 2044 239 2072 varia
254 2045 351 2072 Officia
366 2053 415 2080 per
427 2054 538 2080 annum,
552 2055 578 2074 v.
592 2055 625 2081 g.‚
643 2047 678 2074 de
691 2047 871 2077 Sanctissimo
884 2049 980 2078 Sacra-

163 2087 263 2116 mento,
279 2084 322 2111 vel
335 2085 370 2111 de
382 2084 497 2118 Sanctis,
512 2086 539 2112 in
553 2086 651 2114 diebus
665 2095 720 2114 non
733 2087 872 2122 impeditis
885 2090 980 2124 aliquo

163 2121 246 2148 Festo
264 2122 364 2157 duplici
380 2124 422 2150 vel
441 2124 620 2159 semiduplici,
638 2126 717 2153 liceat
730 2127 865 2160 ejusmodi
880 2128 979 2155 Officia

164 2159 255 2188 facere
272 2162 354 2188 etiam
377 2162 404 2189 in
427 2163 524 2191 diebus
542 2168 644 2192 sanctae
662 2165 900 2200 Quadragesimae,
922 2167 979 2195 Ad-

163 2203 270 2233 ventus,
287 2200 462 2234 Vigiliarum,
479 2206 506 2229 et
525 2202 650 2235 Quatuor
669 2204 852 2239 Temporum,
871 2206 979 2233 etiamsi

162 2237 198 2264 de
214 2238 258 2264 his
276 2239 373 2266 diebus
392 2240 465 2267 nulla
483 2241 518 2268 sit
538 2242 610 2269 facta
627 2243 752 2277 specialis
766 2245 869 2272 mentio
887 2245 915 2272 in
934 2246 980 2273 ali-

164 2276 267 2311 quibua
285 2277 446 2306 Officiorum
464 2281 707 2309 concessionibus?

213 2314 378 2343 Secundum.
414 2318 459 2345 An
479 2319 538 2346 dies
556 2320 704 2354 impeditus
717 2322 800 2349 Festo
818 2323 920 2358 duplici
935 2325 979 2352 vel

162 2354 331 2389 semiduplici
348 2363 398 2390 pro
412 2357 492 2384 dictis
505 2358 604 2386 officiis
619 2360 774 2394 recitandis,
793 2362 980 2397 intelligantur

161 2392 244 2420 etiam
258 2394 317 2420 dies
330 2394 357 2421 iu
372 2395 473 2429 quibus
486 2398 643 2431 ponendum
658 2403 699 2426 est
709 2399 838 2427 Officium
853 2402 887 2428 de
897 2402 979 2430 Festo

161 2430 263 2465 duplici
274 2432 316 2459 vel
327 2433 496 2468 semiduplici
511 2437 651 2470 translato,
665 2439 898 2471 quemadmodum
914 2441 979 2468 dici-

162 2473 208 2497 tur
230 2477 392 2505 responsum
416 2473 500 2501 fuisse
523 2475 587 2502 olim
609 2484 625 2502 a
646 2475 730 2504 Sacra
749 2478 978 2513 congregatione:

161 2507 243 2542 Quod
265 2509 366 2537 scilicet
384 2511 495 2540 Festum
519 2514 620 2548 duplex
639 2516 681 2542 vel
705 2517 876 2552 semidupiex
895 2519 978 2546 etiam

161 2547 338 2582 translatum,
362 2557 467 2578 necnon
490 2552 549 2579 dies
568 2553 679 2581 Octavae
698 2555 732 2582 sit
751 2556 811 2583 dies
829 2557 978 2592 impeditus

160 2590 286 2621 respectu
306 2587 401 2615 talium
421 2589 602 2619 officiorum?

212 2625 346 2653 Tertium.
386 2628 432 2654 An
455 2629 605 2663 Regulares
629 2632 733 2667 absque
758 2634 868 2668 speciali
894 2636 976 2670 privi-

160 2662 242 2698 legio,
265 2665 314 2692 sed
338 2666 398 2693 sola
420 2669 666 2697 communicatione
684 2672 889 2706 privilegiorum
912 2675 976 2701 alia-

1033 1789 1095 1808 rum
1114 1781 1298 1816 Religionum,
1316 1783 1425 1818 possint
1443 1785 1547 1812 addere
1563 1793 1666 1813 nomen
1679 1786 1775 1814 Sancti
1788 1788 1861 1815 Fun-

1033 1820 1140 1847 datoris
1162 1821 1190 1848 in
1213 1821 1344 1856 Litaniis‚
1367 1826 1394 1850 et
1413 1823 1575 1852 Confiteor?
1598 1825 1721 1860 itemque
1743 1827 1863 1854 recitare

1033 1858 1134 1886 Officia
1151 1863 1179 1886 et
1196 1860 1296 1888 Missas
1314 1864 1461 1890 concessas
1477 1863 1539 1890 aliis
1557 1865 1769 1899 Religionibus?

1083 1906 1233 1935 Sacrorum
1247 1908 1363 1936 Rituum
1378 1910 1475 1937 eadem
1489 1911 1682 1947 Congregatio,
1700 1913 1737 1940 ad
1750 1913 1861 1942 relatio-

1031 1953 1095 1972 nem
1114 1947 1333 1975 Emineutissimi
1351 1952 1379 1976 et
1396 1949 1633 1978 Reverendissimi
1647 1951 1761 1980 Domini
1776 1953 1860 1981 Card.

1031 1984 1188 2020 Colloredo,
1206 1987 1364 2021 respondit:

1082 2033 1129 2060 Ad
1146 2033 1276 2069 primum,
1294 2036 1437 2071 Negative‚
1455 2040 1483 2064 et
1500 2037 1659 2072 hujusmodi
1677 2039 1785 2067 indulta
1802 2047 1860 2068 non

1031 2071 1135 2099 habere
1157 2073 1249 2100 locum
1273 2074 1302 2101 in
1325 2075 1415 2102 Feriis
1438 2076 1600 2111 Adventus,
1623 2078 1860 2114 Quadragesimae,

1031 2110 1159 2144 Quatuor
1178 2113 1362 2148 Temporum,
1385 2115 1562 2150 Vigiliarum,
1585 2117 1644 2144 sive
1667 2126 1731 2145 cum
1750 2119 1860 2152 jejunio,

1031 2150 1091 2177 sive
1109 2152 1216 2186 absque
1233 2152 1346 2187 jejunio,
1370 2162 1422 2181 nec
1440 2154 1469 2181 in
1488 2155 1569 2182 Feria
1588 2157 1709 2184 secunda
1728 2157 1859 2192 Rogatio-

1031 2197 1112 2223 num,
1134 2198 1185 2218 nec
1206 2191 1235 2218 in
1258 2192 1303 2219 illa
1322 2193 1402 2220 Feria
1426 2193 1454 2220 in
1473 2203 1528 2228 qua
1547 2196 1700 2223 secundum
1720 2197 1860 2224 Rubricas

1031 2228 1067 2255 sit
1085 2231 1277 2263 reponendum
1297 2231 1427 2259 Officium
1447 2233 1610 2262 Dominicae.

1083 2276 1129 2304 Ad
1147 2278 1309 2313 secuudum,
1327 2279 1515 2308 Affirmative.

1082 2323 1129 2351 Ad
1148 2326 1269 2360 tertium,
1287 2327 1421 2361 Negative
1439 2328 1467 2355 in
1486 2329 1624 2356 omnibus.

1083 2371 1118 2398 Et
1136 2372 1174 2399 ita
1193 2374 1354 2408 declaravit,
1371 2383 1404 2402 ac
1422 2377 1528 2403 servari
1548 2377 1645 2404 voluit.
1681 2377 1724 2404 Ac
1742 2377 1859 2412 insuper

1031 2413 1061 2436 ut
1089 2410 1312 2447 Declarationes,
1340 2422 1388 2441 seu
1417 2415 1536 2443 Decreta
1564 2417 1699 2451 praedicta
1726 2417 1858 2444 omnibus

1031 2448 1212 2485 innotescant,
1231 2453 1306 2487 typis
1323 2461 1356 2480 ca
1374 2453 1495 2488 imprimi
1515 2455 1666 2483 mandavit.

1083 2505 1136 2532 Die
1154 2506 1195 2533 20.
1214 2507 1306 2535 Martii
1326 2510 1400 2536 1706.

1208 2564 1255 2601 G.
1282 2565 1403 2602 Card.
1430 2567 1677 2617 Carpineus.

1132 2624 1209 2651 Loco
1223 2623 1240 2650 †
1256 2624 1350 2659 sigilli.

1192 2671 1239 2700 ·Β.
1253 2672 1442 2710 Ῑῃςὴὶιαωί,
1456 2674 1516 2701 Sac.
1532 2675 1587 2701 Rit.
1602 2676 1702 2711 Congr.
1717 2678 1819 2705 Secret.
1854 2674 1856 2676 ’

750 2736 1123 2772 &Q-
