2040 2976
688 206 757 239 Die
783 205 813 238 7.
840 206 936 245 Aug.

212 311 262 359 V.
303 308 453 350 Gleria
486 311 529 348 et
564 306 733 347 honore
767 303 989 346 coronasti

161 379 260 408 eum
292 364 491 406 Demine.
544 366 594 417 R.
631 362 689 403 Et
722 360 990 403 constituisti

162 435 260 464 eum
280 434 412 474 super
432 423 567 473 Opera
582 420 790 460 manuum
805 419 989 459 tuarum.

497 478 658 519 Oratio.

161 530 337 637 Deus,
352 536 529 576 tuarum
544 533 682 584 glotia
697 530 989 574 sacerdetum:

274 596 436 645 praesta
470 593 739 643 quaesumus;
771 593 819 629 ut
851 586 990 627 sancti

160 649 366 700 Martyris
398 648 463 689 tui
497 652 539 688 et
571 645 785 699 Episcopi
815 642 988 691 Donati,

161 706 281 755 cujus
301 705 413 746 festa
431 703 636 755 gerimus⁷
662 701 899 743 sentiamus
919 712 989 740 au-

160 761 320 802 xilium.
351 761 435 802 Per
454 759 701 801 Dominum.

212 821 253 853 In
286 820 311 854 Ι.
342 820 542 853 Nocturno
579 818 782 852 Lectiones
814 817 859 851 dc
890 816 987 851 Scri-

160 875 270 911 ptura
298 874 530 902 occurrente.

386 926 434 963 In
462 926 511 963 Π.
541 925 762 963 Nocturno.

463 986 612 1026 Lectio
634 985 685 1024 iv.

505 1041 640 1083 nebili
661 1040 871 1081 Thienzea
890 1052 989 1090 gen-

294 1108 338 1143 te
365 1099 583 1142 Vicentiae
613 1097 751 1148 ortus,
789 1096 937 1138 statim
967 1109 991 1136 a

170 1153 183 1173 ρ’
208 1150 266 1183 2⁵²⁴·
296 1163 434 1199 matre
454 1157 659 1208 Deiparae
679 1154 851 1204 Virgini
870 1153 990 1194 obla-

162 1223 232 1258 tus
262 1221 339 1257 est.
376 1215 486 1255 Mira
514 1226 538 1254 a
563 1212 725 1254 teneris
753 1211 875 1252 annis
901 1223 990 1251 mo-

162 1286 257 1314 rum
280 1271 528 1313 innocentia
548 1270 591 1310 in
615 1282 668 1311 eo
694 1268 847 1316 eluxit,
877 1266 990 1309 adeo

162 1336 209 1371 ut
237 1330 421 1370 Sanetus
450 1327 504 1370 ab
535 1325 737 1367 omnibus
770 1337 990 1377 nuncupa-

161 1388 291 1427 retur.
320 1386 343 1426 J
347 1386 435 1426 uris
457 1384 685 1435 utriusque
705 1382 900 1423 lauream
919 1381 991 1422 Pa·

161 1443 265 1483 tavii
298 1442 501 1494 adeptus,
542 1441 732 1481 Romam
763 1439 990 1491 profectus

162 1505 242 1541 est:
266 1499 340 1541 ubi
364 1499 476 1540 inter
503 1497 714 1550 praelatos
741 1509 766 1537 a
785 1495 900 1536 Julio
926 1507 990 1536 se-

162 1556 307 1597 cundo
346 1555 607 1603 collocatus,
652 1559 695 1595 et
738 1551 989 1593 sacerdotio

160 1613 371 1662 initiatus,
395 1617 518 1653 tanto
543 1610 677 1652 divini
697 1609 858 1652 ameris
879 1615 989 1651 aestu

161 1671 397 1710 succensus
432 1674 515 1716 est,
548 1673 595 1709 ut
627 1667 780 1709 relicta
812 1666 911 1708 aula
942 1679 990 1708 se

161 1731 303 1767 totum
322 1726 419 1767 Deo
439 1725 766 1777 mancipaverit.
791 1724 989 1765 Nosoco-

162 1783 258 1823 miis
286 1782 467 1835 pr6prio
497 1794 583 1823 aere
612 1781 821 1829 fundatis,
859 1781 990 1822 etiam

161 1838 316 1880 morbo
332 1838 552 1891 pestilenti
566 1837 880 1886 laborantibus
901 1837 990 1878 suis

160 1896 255 1947 ipse
282 1895 482 1937 manibus
510 1894 785 1936 inserviebat.
839 1894 990 1935 Proxi-

161 1954 332 1993 m6rum
352 1951 482 1993 saluti
506 1951 681 1993 assidua
701 1964 806 1992 cura
824 1951 987 1992 incum-

162 2007 312 2072 bebat,
346 2008 489 2050 dictus
520 2010 759 2061 propterea
790 2008 990 2049 Venator

163 2077 414 2105 ammarum.

219 2122 268 2173 R.
292 2122 537 2163 Honestum
566 2121 668 2163 fecit
695 2121 817 2162 illum
840 2121 988 2162 Domi-

164 2189 260 2226 nus,
285 2183 327 2219 et
347 2177 583 2219 custodivit
603 2191 701 2219 eum
719 2178 774 2220 ab
794 2177 989 2227 inimicis,

163 2238 207 2275 et
235 2246 260 2274 a
287 2233 591 2276 seductoribus
621 2236 781 2277 tutavit
810 2235 946 2276 illum:
968 2235 990 2259 ¹*

163 2289 219 2330 Et
254 2289 376 2331 dedit
406 2290 469 2330 illi
502 2291 743 2333 claritatem
771 2294 990 2333 aeternam.

166 2341 216 2392 V.
231 2346 255 2386 J
258 2351 404 2387 ustum
419 2346 601 2388 deduxit
615 2348 708 2389 Dfis
724 2361 803 2400 per
818 2349 910 2389 vias
926 2361 990 2390 re-

163 2408 268 2453 ctas,
283 2407 327 2445 et
341 2402 535 2444 ostendit
549 2403 611 2444 illi
622 2417 803 2456 regnum
814 2405 908 2446 Dei.
923 2405 990 2447 Et.

474 2459 625 2499 Lectio
647 2473 683 2499 v.

168 2509 457 2617 collapsam
495 2516 893 2557 ecclesiasticarum
929 2515 989 2557 di-

263 2572 491 2625 sciplinam
518 2571 575 2613 ad
602 2572 787 2613 formam
816 2575 989 2624 aposto-

163 2630 259 2671 licae
295 2629 397 2670 vitae
438 2629 680 2670 instaurare
719 2627 991 2677 desiderans,

164 2685 362 2727 ordinem
407 2684 676 2725 Clericerum
729 2684 993 2734 regularium

163 2742 361 2791 instituit,
382 2741 465 2794 qui,
481 2739 684 2782 abdicata
698 2753 843 2781 rerum
859 2740 992 2781 omni-

983 205 1017 237 δ’.
1045 201 1218 243 Cujctani
1245 200 1354 234 Conf.

1041 315 1115 342 um
1143 301 1418 343 terrenarum
1445 298 1757 349 sollicitudine,
1794 312 1875 341 nec

1042 357 1208 399 reditus
1227 356 1524 410 possiderent,
1549 368 1632 397 nec
1651 356 1754 398 vitae
1776 356 1874 396 sub-

1042 414 1153 455 sidia
1173 426 1198 454 a
1217 412 1421 454 fidelibus
1439 414 1652 464 peterent,
1672 411 1751 454 sed
1766 412 1874 454 solis

1043 470 1333 522 eleemesynis
1368 474 1528 522 sponte
1564 468 1725 510 oblatis
1758 471 1872 510 vive-

1042 533 1148 569 rent.
1176 528 1332 578 Itaque
1352 525 1631 578 approbante
1650 524 1875 567 Clemente

1042 584 1230 636 septimo
1260 582 1317 625 ad
1345 595 1468 624 aram
1495 582 1733 623 maximam
1761 581 1874 623 basi-

1042 640 1138 681 licae
1176 640 1410 682 Vaticanae
1446 652 1533 680 una
1570 651 1670 680 cum
1706 638 1875 680 Joanne

1041 696 1174 739 Petro
1208 696 1366 738 Carafa
1399 698 1613 748 episcopo
1645 694 1876 745 Theatino,

1044 754 1118 806 qui
1146 756 1305 807 postea
1329 752 1492 794 Paulus
1523 757 1704 805 quartus
1729 751 1876 794 Ponti·

1042 810 1115 852 fex
1139 811 1356 852 Maximus
1381 810 1476 859 fuit,
1507 814 1550 851 et
1576 809 1672 850 aliis
1701 808 1876 851 duobus

1045 868 1216 910 eximiae
1227 867 1405 920 pietatis
1417 867 1531 916 viris,
1546 871 1652 907 vota
1665 865 1878 908 solemnia

1044 924 1197 966 emisit.
1232 925 1282 965 In
1302 923 1436 966 Urbis
1456 922 1705 975 direptiene
1725 935 1751 963 a
1769 922 1876 963 mili-

1042 981 1160 1023 tibus
1191 980 1493 1023 crudelissime
1516 982 1702 1022 vexatus
1728 984 1777 1021 ut
1802 992 1875 1032 pe-

1044 1038 1216 1080 cuniam
1235 1037 1461 1091 proderet,
1489 1050 1621 1090 quam
1646 1035 1813 1078 dudum
1834 1036 1877 1077 in

1044 1096 1249 1138 coelestes
1272 1095 1507 1138 thesauros
1530 1107 1686 1135 manus
1711 1097 1876 1146 paupe-

1045 1166 1141 1194 rum
1170 1151 1530 1206 deportaverant,
1557 1150 1760 1200 verbera,
1788 1157 1875 1192 tor-

1045 1211 1208 1259 menta,
1238 1215 1282 1251 et
1306 1211 1506 1251 carceres
1530 1209 1692 1249 invicta
1709 1207 1876 1260 patien-

1042 1267 1103 1308 tia
1129 1266 1345 1308 sustinuit.
1382 1266 1434 1306 In
1461 1267 1669 1317 suscepto
1690 1265 1793 1306 vitae
1816 1264 1875 1305 in-

1043 1324 1200 1365 stituto
1234 1322 1590 1364 constantissime
1621 1322 1875 1374 persevera-

1043 1381 1120 1430 vit,
1147 1380 1231 1422 soli
1251 1380 1412 1422 divinae
1431 1378 1725 1432 providentiae
1743 1377 1876 1418 inhae-

1043 1451 1154 1487 rens,
1176 1450 1309 1490 quam
1329 1437 1414 1478 sibi
1428 1448 1668 1489 numquam
1683 1434 1876 1476 defuisse

1043 1493 1281 1547 aliquando
1293 1493 1505 1535 miracula
1519 1491 1876 1545 comprobarunt.

1096 1553 1147 1603 R.
1173 1551 1352 1592 Amavit
1373 1563 1473 1592 eum
1492 1549 1724 1598 Deminus,
1744 1553 1789 1589 et
1809 1560 1876 1589 or-

1041 1609 1162 1650 navit
1200 1621 1312 1650 eum:
1355 1606 1513 1648 stolam
1553 1605 1707 1658 gleriae
1735 1603 1877 1645 induit

1042 1678 1160 1715 eum,
1183 1665 1206 1690 *
1235 1665 1292 1706 Et
1320 1662 1377 1705 ad
1403 1668 1556 1716 portas
1583 1660 1779 1715 paradisi
1807 1672 1876 1702 co-

1043 1722 1217 1764 ronavit
1238 1734 1349 1763 eum.
1374 1716 1426 1768 Y.
1445 1719 1594 1761 Induit
1611 1731 1712 1760 eum
1725 1717 1875 1759 Demi-

1042 1792 1125 1820 nus
1148 1779 1332 1820 loricam
1356 1777 1478 1826 fidei,
1505 1781 1549 1818 et
1572 1775 1745 1818 ornavit
1765 1787 1876 1816 eum.

1042 1836 1099 1877 Et
1123 1835 1180 1877 ad
1204 1840 1381 1888 portas„

1350 1888 1502 1930 Lectio
1523 1887 1576 1928 vi.

1135 1948 1239 1990 ivini
1269 1947 1411 1990 cultus
1442 1945 1650 1995 studium,
1688 1945 1878 1986 niterem

1150 2005 1308 2047 domus
1335 2005 1435 2054 Dei,
1463 2004 1689 2045 sacrorum
1715 2004 1878 2044 rituum

1043 2062 1386 2111 observantiam,
1412 2065 1457 2102 et
1480 2059 1768 2101 sanctissimae
1793 2058 1876 2099 Eu-

1043 2119 1262 2162 charistiae
1282 2117 1627 2170 frequentiorem
1645 2128 1774 2156 usum
1788 2115 1876 2155 ma-

1042 2177 1158 2218 xime
1173 2175 1406 2229 promovit.
1431 2174 1665 2214 Haeresum
1678 2175 1877 2213 monstra

1043 2238 1087 2275 et
1111 2232 1305 2274 latebras
1332 2243 1420 2272 non
1447 2229 1584 2271 semel
1611 2227 1793 2277 detexit,
1825 2239 1876 2268 ac

1042 2289 1304 2342 profligavit.
1367 2287 1624 2329 Oratic'mem
1668 2284 1725 2326 ad
1773 2288 1876 2326 octo

1042 2346 1208 2399 passim
1225 2345 1356 2386 horas
1376 2344 1549 2396 jugibus
1569 2342 1761 2383 lacrimis
1776 2353 1875 2394 pro-

1041 2402 1260 2444 trahebat:
1287 2413 1407 2454 saepe
1432 2401 1475 2441 in
1503 2399 1688 2441 extasim
1712 2402 1876 2450 raptus,

1043 2472 1094 2500 ac
1121 2458 1371 2512 prophetiae
1401 2456 1520 2499 dono
1548 2455 1742 2497 illustris.
1787 2454 1875 2495 Ro-

1043 2529 1127 2557 mae
1169 2520 1299 2557 nocte
1341 2514 1538 2556 natalitia
1579 2511 1637 2554 ad.
1672 2511 1877 2572 praesepe

1043 2572 1238 2621 D6mini‚
1265 2571 1477 2612 infantem
1500 2571 1523 2611 J
1527 2582 1651 2611 esum
1675 2569 1876 2620 accipere

1043 2629 1200 2670 meruit
1239 2641 1264 2669 a
1296 2628 1492 2679 Deipara
1524 2626 1570 2666 in
1601 2625 1727 2667 ulnas
1765 2636 1877 2665 suaS.

1046 2685 1218 2737 Corpus
1251 2687 1445 2735 integras
1473 2687 1629 2724 noctes
1657 2679 1877 2723 interdum

1045 2740 1424 2782 verberationibus
1441 2737 1680 2789 affligebat,
1698 2749 1780 2778 nec
1794 2748 1878 2777 um-
