2040 2976
497 211 567 244 Die
592 210 650 243 230.
676 210 774 250 Aug.

187 312 413 364 perpetuae
429 306 688 358 virginitatis
705 304 859 347 emisit.
879 302 1013 344 Adul-

188 368 290 416 tior,
322 379 377 407 ne
408 378 433 406 a
463 363 719 416 parentibus
751 361 808 402 ad
839 359 1013 412 nuptias

188 424 433 474 cogeretur,
462 420 574 462 clam
602 419 777 460 sibimet
803 418 1013 458 venustis-

188 481 340 522 simam
360 478 516 531 capitis
535 475 761 517 caesariem
780 471 1014 526 praescidit.

187 536 366 587 Jejuniis
399 546 532 586 supra
564 532 802 573 humanum
834 527 1014 570 modum

187 591 378 640 addicta,
419 593 611 640 integras
648 585 1013 638 Quadragesimas

187 648 408 699 transegit,
423 658 537 699 pane
550 644 784 691 abstinens,
799 654 850 682 ac
866 640 1014 681 dietim

189 705 294 746 solis
319 704 511 756 quinque
534 700 728 753 granulis
750 697 852 754 mali
874 695 1013 738 citrini

188 762 399 803 victitans.

243 826 291 877 Ru
325 826 513 877 Propter
544 822 790 869 veritatem,
823 824 866 860 et
898 830 1014 858 man-

189 882 478 931 suetudinem,
504 885 547 922 et
571 878 791 931 justitiam:
819 880 841 902 *
862 875 918 916 Et
942 873 1014 915 de-

189 939 321 981 ducet
351 944 395 980 te
427 935 680 978 mirabiliter
716 934 897 975 dextera
928 935 1014 972 tua.

192 993 240 1042 V
257 995 411 1048 Specie
431 999 506 1035 tua
526 999 569 1034 et
587 988 910 1044 pulchritudine
928 992 1014 1035 tua,

189 1051 379 1101 intende,
407 1053 619 1103 prospere
644 1045 852 1100 procede,
880 1049 924 1085 et
951 1056 1015 1084 re-

189 1122 283 1160 gna.
311 1109 368 1149 Et
387 1106 587 1149 deducet.

500 1184 649 1225 Lectio
670 1197 706 1222 v.

192 1250 405 1355 Habitu
428 1259 545 1301 tertii
573 1257 738 1300 ordinis
766 1255 905 1296 sancti
927 1251 1014 1295 D‘o-

309 1316 454 1357 minici
473 1317 711 1366 assumpto,
730 1312 938 1365 pristinas
957 1310 1016 1351 vi-

188 1380 246 1416 tae
262 1372 539 1415 austeritates
555 1369 809 1423 duplicavit:
824 1367 1016 1418 oblongo

190 1430 518 1483 asperrimoque
551 1427 694 1469 cilicio
723 1424 910 1478 sparsim
942 1424 1017 1464 mi-

191 1486 394 1528 nusculas
427 1498 530 1526 acus
563 1482 774 1524 innexuit:
807 1480 889 1522 sub
918 1479 1017 1522 velo

192 1545 399 1585 coronam
432 1540 579 1583 densis
611 1539 775 1581 aculeis
803 1538 1019 1579 introrsus

193 1599 466 1641 obarmatam
489 1596 678 1638 interdiu
701 1597 924 1646 noctuque
948 1605 1018 1644 ge-

193 1656 337 1697 stavit.
365 1655 535 1696 Sanctae
554 1652 800 1694 Catharinae
816 1650 1019 1692 Senensis

193 1711 330 1753 ardua
344 1722 549 1764 premens
560 1709 754 1759 vestigia,
770 1709 925 1749 catena
940 1707 1019 1747 fer-

192 1781 277 1817 rea,
292 1767 454 1820 triplici
468 1779 584 1808 nexu
599 1763 908 1814 circumducta,
922 1763 1022 1804 lum·

192 1824 274 1866 bos
290 1824 434 1866 cinxit.
461 1822 692 1864 Lectulum
712 1821 795 1862 sibi
815 1833 838 1862 e
855 1820 1021 1862 truncis

193 1879 372 1922 nodosis
396 1879 655 1932 composuit,
680 1877 926 1929 horumque
949 1878 1019 1917 va-

194 1950 297 1978 cuas
322 1935 631 1978 commissuras
655 1933 937 1984 fragminibus
960 1938 1020 1974 te·

195 1995 358 2035 starum
378 1992 583 2044 implevit.
615 1990 827 2032 Cellulam
847 1989 929 2030 sibi
949 2003 1019 2030 an-

194 2049 488 2099 gustissimam
533 2047 691 2089 struxit
735 2047 779 2087 in
821 2047 1019 2087 extremo

195 2105 310 2147 horti
338 2104 513 2155 angulo,
543 2104 619 2145 ubi
647 2102 892 2144 coelestium
919 2115 1019 2143 con-

194 2161 468 2213 templationi
500 2160 662 2210 dedita,
695 2159 862 2201 crebris
894 2158 1020 2200 disci-

195 2217 336 2270 plinis,
355 2215 509 2266 inedia,
531 2216 689 2266 vigiliis
710 2215 1021 2268 corpusculum

197 2274 447 2321 extenuans,
472 2277 516 2314 at
534 2272 689 2324 spiritu
706 2274 921 2322 vegetata,
939 2271 1019 2312 lar-

195 2342 272 2371 vas
298 2328 558 2377 daemonum,
582 2328 797 2379 frequenti
821 2328 1019 2369 certami-

195 2398 250 2427 ne
281 2384 454 2433 victrix,
485 2383 705 2435 impavide
736 2384 942 2435 protrivit
969 2396 1021 2425 ac

196 2441 431 2495 superavit.

250 2499 301 2551 Rr·
334 2503 538 2546 Dilexisti
566 2503 788 2554 justitiam,
816 2508 859 2545 et
888 2503 1020 2545 odisti
1085 2493 1163 2556 ιζ

197 2561 489 2614 iniquitatem:
539 2556 562 2582 *
606 2560 845 2611 Propterea
897 2561 1021 2600 unxit
1092 2552 1148 2577 υ

196 2624 240 2660 te
268 2619 403 2667 Deus,
431 2617 552 2658 Deus
579 2621 690 2664 tuus,
718 2615 816 2657 oleo
846 2616 1020 2658 laetitiae.

198 2662 249 2714 V·
275 2675 462 2726 Propter
481 2672 725 2720 veritatem,
754 2677 797 2713 et
823 2684 1020 2712 mansue—

197 2730 404 2779 tudinem,
425 2734 467 2771 et
486 2728 700 2780 justitiam.
728 2728 979 2780 Propterea.

821 208 855 241 S
884 207 997 241 Rosae
1023 217 1043 240 a
1069 207 1103 240 S.
1130 204 1249 239 Maria
1274 203 1379 245 Virg.
1402 201 1583 236 Limanae.

1368 295 1523 337 Lectio
1545 293 1598 334 vi.

1068 351 1463 457 AEgritudinum
1482 350 1724 399 tormentis,
1749 348 1895 390 dome-

1222 411 1433 452 sticorum
1458 407 1705 457 insultibus,
1732 405 1894 456 lingua-

1065 482 1160 510 rum
1192 466 1411 509 morsibus
1447 465 1542 507 dire
1575 463 1757 515 agitata,
1792 474 1895 502 non-

1065 525 1169 566 dum
1206 524 1312 565 satis
1349 535 1431 575 pro
1477 521 1636 563 merito
1676 532 1723 561 se
1761 517 1897 569 affligi

1066 580 1342 633 querebatur.
1375 580 1460 621 Per
1484 576 1735 630 quindecim
1758 587 1896 616 annos

1065 637 1122 679 ad
1138 637 1360 690 plusculas
1375 636 1508 677 horas
1524 633 1797 677 desolatione
1812 633 1897 684 spi-

1065 695 1173 736 ritus
1195 699 1239 736 et
1262 693 1466 735 ariditate
1485 690 1727 732 miserrime
1750 693 1898 730 conta-

1065 750 1266 799 bescens,
1298 749 1403 791 forti
1431 748 1577 790 animo
1605 746 1707 789 tulit
1734 746 1898 796 agones

1067 808 1186 849 omni
1230 812 1372 848 morte
1417 804 1668 847 amariores.
1726 800 1898 843 Exinde

1067 864 1203 917 coepit
1235 862 1436 915 supernis
1465 859 1690 903 abundare
1719 857 1899 907 deliciis,

1066 920 1273 962 illustrari
1299 918 1552 964 visionibus,
1582 916 1899 968 colliquescere

1067 977 1308 1030 seraphicis
1328 975 1572 1017 ardoribus.
1599 971 1772 1024 Angelo
1787 975 1899 1013 tute-

1067 1034 1165 1084 lari,
1210 1038 1374 1075 sanctae
1421 1031 1671 1073 Catharinae
1707 1027 1900 1077 Senensi,

1067 1090 1238 1142 Virgini
1252 1090 1460 1143 Deiparae
1479 1088 1592 1130 inter
1611 1085 1812 1128 assiduas
1826 1097 1900 1138 ap-

1067 1147 1308 1200 paritiones
1333 1145 1442 1187 mire
1467 1143 1703 1194 familiaris,
1731 1155 1757 1183 a
1782 1141 1900 1183 Chri-

1068 1209 1137 1246 sto
1156 1203 1236 1244 has
1255 1215 1391 1244 voces
1411 1201 1564 1244 audire
1582 1199 1756 1242 meruit:
1777 1198 1901 1240 Rosa

1069 1259 1216 1303 cordis
1243 1259 1347 1309 mei,
1378 1264 1428 1301 tu
1459 1257 1566 1299 mihi
1597 1268 1762 1309 sponsa
1794 1259 1901 1296 esto.

1068 1317 1269 1369 Denique
1289 1315 1450 1369 Sponsi
1467 1314 1595 1367 hujus
1615 1309 1824 1366 paradiso
1843 1310 1901 1353 fe-

1068 1373 1208 1416 liciter
1231 1373 1460 1422 invectam‚
1488 1370 1776 1424 plurimisque
1802 1372 1902 1410 ante

1071 1436 1114 1473 et
1127 1434 1233 1483 post
1245 1429 1415 1471 obitum
1429 1426 1650 1469 miraculis
1661 1427 1902 1474 coruscam,

1071 1487 1272 1530 Clemens
1307 1484 1503 1527 decimus
1534 1482 1739 1525 Pontifex
1768 1480 1903 1522 Muxi-

1070 1557 1167 1585 mus
1187 1544 1438 1584 sanctarum
1451 1541 1684 1593 Virginum
1699 1537 1902 1589 catalogo

1071 1601 1157 1643 ritu
1177 1599 1361 1642 solemni
1380 1597 1625 1651 adscripsit.

1127 1663 1179 1716 R.
1192 1661 1445 1702 Afferentur
1464 1658 1588 1710 Regi.
1606 1657 1683 1711 [91]

1290 1740 1339 1780 In
1365 1739 1438 1780 ΠΙ.
1465 1737 1690 1779 Nocturno.

1075 1801 1226 1843 Lectio
1250 1800 1390 1842 sancti
1411 1798 1639 1850 Evangelii
1660 1796 1903 1839 secundum

1350 1855 1619 1899 Matthaeum.

1183 1918 1338 1960 Lectio
1358 1918 1427 1958 vii.
1611 1915 1715 1967 Cap.
1730 1913 1796 1954 25.

1072 1973 1148 2080 In
1167 1978 1242 2020 illo
1257 1981 1474 2032 tempore:
1493 1977 1616 2019 Dixit
1629 1977 1654 2017 J
1656 1988 1759 2018 esus
1779 1975 1904 2017 disei-

1137 2036 1252 2088 pulis
1283 2036 1373 2077 suis
1397 2034 1658 2088 parabolam
1684 2032 1815 2074 hanc:
1843 2032 1904 2073 Si-

1073 2092 1174 2134 mile
1201 2093 1284 2134 erit
1307 2105 1490 2143 regnum
1516 2091 1731 2133 coelorum
1750 2088 1905 2131 decem

1073 2149 1331 2199 virginibus:
1369 2162 1468 2202 quae
1505 2147 1771 2200 accipientes
1800 2145 1905 2187 lam·

1072 2205 1210 2258 pades
1231 2219 1343 2255 suas,
1364 2207 1562 2248 exierunt
1582 2203 1758 2246 obviam
1776 2215 1905 2255 spon-

1073 2275 1122 2303 so
1143 2267 1187 2304 et
1206 2276 1393 2315 sponsae.
1421 2263 1478 2304 Et
1497 2262 1676 2314 reliqua.

1122 2335 1312 2377 Homilia
1332 2337 1471 2378 sancti
1492 2333 1695 2386 Gregorii
1714 2333 1861 2385 Papae.

1290 2396 1402 2430 Hom.
1421 2395 1471 2429 12.
1488 2394 1529 2429 in
1544 2394 1690 2437 Evang.

1080 2453 1272 2500 ‘cz-ssss'liaepe
1291 2461 1382 2497 VOS,
1402 2448 1558 2490 fratres
1578 2446 1803 2495 carissimi,
1830 2445 1904 2487 ad-

1165 2499 1169 2561 l
1192 2506 1351 2546 moneo
1388 2518 1526 2557 prava
1569 2507 1706 2557 opera
1742 2503 1904 2555 fugere,

1192 2560 1342 2602 mundi
1399 2561 1525 2613 hujus
1578 2560 1905 2612 inquinamenta

1074 2617 1287 2658 devitare:
1315 2617 1394 2659 sed
1420 2617 1634 2659 hodierna
1658 2616 1797 2658 sancti
1820 2615 1902 2656 Ev-

1075 2674 1231 2724 angelii
1258 2674 1445 2715 lectione
1474 2673 1718 2726 compellor
1745 2671 1903 2721 dicere,

1074 2734 1120 2769 ut
1139 2735 1182 2771 et
1200 2729 1318 2771 bona
1341 2743 1440 2781 quae
1459 2729 1599 2781 agitis,
1627 2742 1727 2771 cum
1745 2740 1905 2780 magna
