2040 2976
191 206 281 250 [214]

246 306 343 345 Ant.
356 300 549 342 Audiens
557 300 581 340 J
584 298 723 351 oseph
735 296 855 350 quod
862 296 1017 338 Arche-

191 359 285 400 laus
300 360 502 409 regnaret
515 357 559 397 in
572 357 596 397 J
599 356 726 397 uda'ea
739 367 821 407 pro
836 353 1015 395 Herode

190 421 315 468 patre
334 427 426 463 suo,
444 414 586 455 timuit
604 413 680 453 illo
699 412 773 453 ire.

243 487 341 526 Ant.
374 483 632 526 Admonitus
650 483 694 523 in
713 481 886 523 somnis.

462 566 660 607 Psalmus
679 566 749 606 20.

190 632 423 737 Domine
446 641 490 681 in
513 639 672 680 virtute
697 643 772 680 tua
796 636 1015 678 laetabitur

310 711 402 740 rex:
425 698 449 723 *
473 702 516 739 et
535 708 666 749 super
686 695 874 736 salutare
892 698 1015 735 tuum

192 754 426 797 exsultabit
444 753 734 795 vehementer.

242 811 519 853 Desiderium
543 809 689 851 cordis
714 809 804 860 ejus
827 806 1015 848 tribuisti

192 869 282 910 ei:*
259 869 341 910 *et
355 867 578 909 voluntate
593 865 809 907 labiorum
824 864 913 915 ejus
927 875 1015 904 non

191 924 402 966 fraudasti
421 937 530 966 eum.

243 981 458 1032 Quoniam
479 978 732 1033 praevenisti
756 990 855 1019 eum
877 976 922 1016 in
943 975 1015 1017 be-

191 1037 509 1080 nedictionibus
523 1034 778 1078 dulcedinis:
792 1034 815 1059 *
830 1031 1016 1086 posuisti

191 1095 234 1135 in
262 1094 405 1147 capite
433 1094 523 1145 ejus
551 1093 760 1134 coronam
787 1089 842 1132 de
868 1087 1015 1141 lapide

191 1151 397 1204 pretioso.

242 1207 390 1249 Vitam
409 1206 533 1259 petiit
552 1217 578 1246 a
596 1204 696 1246 te:*
716 1208 759 1245 et
772 1201 963 1245 tribuisti
977 1201 1016 1242 ei

189 1263 503 1328 longitudinem
529 1261 696 1303 dierum
723 1261 767 1301 in
795 1259 1015 1308 saeculum,

191 1326 234 1362 et
251 1321 294 1361 in
315 1319 523 1362 saeculum
547 1318 706 1360 saeculi.

242 1377 401 1428 Magna
425 1381 491 1418 est
508 1375 647 1427 gloria
666 1375 756 1426 ejus
774 1373 818 1414 in
837 1371 1016 1414 salutari

189 1439 280 1475 tuo:
295 1434 516 1485 *gloriam
532 1438 574 1474 et
588 1444 794 1482 magnum
810 1429 1016 1471 decorem

190 1491 390 1543 impones
410 1503 541 1542 super
560 1502 671 1531 eum.

242 1547 457 1597 Quoniam
490 1546 614 1588 dabis
645 1558 744 1586 eum
771 1544 814 1584 in
840 1541 1015 1584 benedi-

191 1604 379 1645 ctionem
399 1604 443 1644 in
464 1602 673 1644 saeculum
695 1599 858 1642 saeculi:
872 1599 896 1624 *
910 1598 1015 1640 laeti-

190 1660 342 1702 ficabis
371 1673 469 1702 eum
500 1660 544 1700 in
575 1658 736 1710 gaudio
766 1670 866 1699 cum
893 1654 1016 1697 vultu

191 1721 280 1758 tuo.

242 1773 457 1823 Quoniam
481 1785 559 1813 rex
582 1775 730 1823 sperat
747 1770 791 1810 in
810 1768 1016 1810 Domino:

190 1829 214 1855 *
238 1834 282 1871 et
304 1829 348 1870 in
370 1827 669 1870 misericordia
691 1826 906 1868 Altissimi
928 1837 1013 1866 non

190 1885 547 1927 commovebitur.

241 1942 491 1984 Inveniatur
522 1954 676 1982 manus
707 1945 783 1982 tua
814 1938 1016 1980 omnibus

191 1999 373 2040 inimicis
388 1999 487 2040 tuis:
502 1999 525 2024 *
541 1998 722 2040 dextera
735 2001 812 2038 tua
824 1995 1016 2037 inveniat

192 2068 353 2105 omneS,
375 2056 447 2108 qui
465 2061 509 2097 te
529 2054 726 2096 oderunt.

242 2112 385 2153 Pones
414 2125 490 2153 eos
517 2117 565 2153 ut
592 2110 810 2153 clibanum
837 2109 948 2160 ignis
971 2108 1014 2149 in

191 2169 389 2220 tempore
412 2168 557 2210 vultus
580 2168 657 2209 tui:
680 2167 704 2193 *
728 2166 944 2208 Dominus
972 2165 1015 2206 in

191 2223 255 2264 ira
275 2237 352 2265 sua
371 2223 648 2266 conturbabit
667 2236 755 2273 θοε,
775 2228 818 2265 θῖ
834 2222 1014 2264 devora-

191 2280 256 2322 bit
275 2293 352 2322 eos
370 2281 491 2331 ignis.

242 2337 452 2378 Fructum
471 2338 622 2378 eorum
642 2336 696 2378 de
711 2341 828 2377 terra
841 2334 1015 2388 perdes:

190 2393 214 2419 *
230 2398 273 2435 et
293 2406 441 2435 semen
460 2394 611 2435 eorum
626 2405 651 2433 a
665 2392 765 2433 filiis
779 2392 1016 2433 hominum.

243 2449 458 2500 Quoniam
510 2448 836 2490 declinaverunt
881 2448 925 2488 in
971 2453 1015 2489 te

190 2506 319 2547 mala:
337 2507 360 2531 *
380 2506 681 2556 cogitaverunt
701 2504 891 2554 consilia,
916 2517 1014 2556 quae

190 2575 278 2604 non
296 2564 533 2615 potuerunt
553 2561 757 2602 stabilire.

243 2619 457 2670 Quoniam
492 2630 631 2671 pones
667 2629 744 2658 eos
777 2616 970 2657 dorsum:
992 2616 1015 2641 *

190 2676 233 2716 111
252 2675 444 2728 reliquiis
463 2675 549 2716 tuis
563 2672 834 2727 praeparabis
850 2672 1015 2713 vultum

191 2744 353 2773 eorum.

522 202 696 236 Officium
721 202 893 235 votivum
919 201 964 235 de
991 202 1025 234 S.
1050 200 1198 242 Joseph
1223 199 1376 242 Sponso
1400 199 1441 232 B.
1466 199 1512 233 M.
1537 199 1579 232 V.

1120 294 1325 336 Exaltare
1335 294 1433 335 Dfie
1446 293 1490 334 in
1502 293 1662 334 virtute
1673 297 1762 334 tua:
1771 292 1794 317 *
1806 304 1897 333 can-

1068 351 1259 393 tabimus
1276 355 1320 391 et
1338 349 1573 402 psallemus
1588 349 1772 390 virtutes
1787 352 1895 389 tuas.

1126 420 1223 460 Ant.
1260 415 1521 457 Admonitus
1547 414 1592 455 in
1619 413 1798 464 somnis,
1825 413 1896 455 Jo-

1069 472 1179 525 seph
1199 472 1379 513 secessit
1397 471 1440 512 in
1459 476 1607 524 partes
1627 469 1834 519 Galilaeae,
1853 474 1897 510 et

1070 529 1247 570 ve'niens
1274 527 1490 569 habitavit
1519 527 1563 568 in
1591 527 1768 568 civitate
1797 539 1896 578 quae

1068 587 1252 627 vocatur
1264 583 1501 635 Nazareth3
1521 588 1570 625 ut
1584 582 1897 636 adimpleretur

1070 641 1189 694 quod
1223 640 1387 682 dictum
1422 646 1489 682 est
1521 653 1601 693 per
1632 638 1896 692 Prophetas:

1069 698 1285 749 Quoniam
1303 697 1542 739 Nazaraeus
1561 695 1801 739 vocabitur.

1124 766 1222 806 Ant.
1248 765 1354 805 Erat
1372 768 1499 816 pater
1517 763 1542 804 J
1545 775 1632 805 esu.

1338 844 1535 886 Psalmus
1563 846 1627 886 23.

1159 911 1292 953 omini
1324 916 1391 953 est
1418 917 1554 962 terra,
1592 916 1636 953 et
1666 909 1895 963 plenitudo

1173 969 1279 1020 ejus:
1298 970 1321 996 *
1346 968 1467 1010 orbis
1485 969 1716 1017 terrarum,
1745 971 1790 1008 et
1805 966 1896 1008 uni—

1068 1025 1184 1066 versi
1204 1025 1278 1076 qui
1296 1024 1497 1067 habitant
1515 1025 1559 1066 in
1579 1037 1644 1066 eo.

1121 1081 1233 1131 Quia
1254 1081 1351 1134 ipse
1378 1094 1511 1134 super
1534 1081 1673 1122 maria
1698 1080 1897 1123 fundavit

1069 1150 1182 1179 eum:
1207 1138 1231 1163 *
1257 1142 1300 1179 θῖ
1325 1151 1458 1191 super
1477 1137 1656 1179 flumina
1675 1138 1895 1191 praepara-

1069 1194 1132 1235 vit
1151 1206 1261 1235 eum.

1122 1251 1229 1300 Quis
1249 1250 1458 1293 ascendet
1475 1251 1520 1292 in
1537 1255 1733 1293 montem
1747 1248 1857 1292 Dfii?
1872 1250 1896 1276 *

1069 1312 1144 1349 aut
1160 1307 1257 1359 quis
1272 1308 1405 1350 stabit
1422 1308 1467 1348 in
1485 1307 1586 1350 loco
1604 1312 1757 1350 sancto
1778 1305 1895 1360 ejus?

1121 1366 1339 1406 Innocens
1387 1363 1589 1406 manibus
1639 1369 1683 1406 et
1732 1363 1896 1406 mundo

1070 1422 1219 1472 corde,
1243 1422 1267 1447 *
1296 1421 1371 1474 qui
1397 1434 1485 1463 non
1513 1421 1684 1474 accepit
1710 1421 1755 1462 in
1781 1433 1896 1462 vano

1069 1479 1258 1520 animam
1281 1491 1419 1528 suam,
1446 1490 1528 1520 nec
1551 1477 1709 1530 juravit
1727 1478 1772 1519 in
1791 1476 1897 1519 dolo

1068 1536 1270 1588 proximo
1291 1548 1383 1577 suo.

1119 1593 1204 1634 Hic
1247 1592 1433 1644 accipiet
1474 1590 1828 1633 benedictionem
1871 1603 1897 1632 a

1068 1649 1274 1690 Domino:
1287 1650 1312 1676 *
1327 1652 1371 1689 et
1388 1647 1735 1725 misericordiam
1755 1660 1781 1688 a
1798 1647 1896 1689 Deo

1069 1705 1250 1746 salutari
1269 1717 1361 1746 suo.

1120 1762 1230 1803 Haec
1258 1765 1326 1802 est
1353 1760 1578 1813 generatio
1609 1760 1896 1813 quaerentium

1069 1831 1207 1916 ffumb
1222 1818 1246 1843 *
1290 1817 1579 1869 quaerentium
1620 1816 1777 1859 faciem
1811 1816 1898 1858 Dei

1096 1887 1176 1916 aco
1210 1906 1218 1914 .

1119 1930 1323 1972 Attollite
1367 1934 1521 1983 portas
1561 1929 1785 1983 principes
1825 1942 1895 1971 ve-

1068 1991 1196 2037 stras,
1229 1992 1272 2029 et
1297 1986 1528 2028 elevamini
1550 1990 1693 2039 portae
1715 1987 1896 2028 aeterna·

1069 2043 1149 2085 les:
1168 2044 1191 2069 *
1212 2048 1255 2085 et
1273 2042 1469 2085 introibit
1487 2043 1586 2085 Rex
1604 2042 1767 2094 gloriae.

1121 2100 1228 2150 Quis
1255 2104 1322 2141 est
1341 2100 1424 2141 iste
1444 2100 1542 2142 Rex
1565 2097 1740 2151 gloriae?
1760 2100 1785 2127 *
1807 2098 1895 2140 Do-

1067 2157 1209 2198 minus
1238 2156 1362 2198 fortis
1393 2161 1437 2198 et
1470 2161 1646 2209 potens:
1682 2155 1896 2197 Dominus

1068 2218 1228 2266 potens
1246 2213 1290 2254 in
1306 2212 1472 2266 praelio.

1119 2269 1323 2312 Attollite
1363 2274 1516 2323 portas
1559 2269 1780 2322 principes
1825 2281 1895 2311 ve-

1069 2331 1200 2376 straS‚
1242 2331 1287 2368 et
1322 2326 1553 2368 elevamini
1592 2330 1735 2379 portae
1772 2330 1895 2367 aeter-

1068 2383 1207 2424 nales:
1234 2383 1258 2409 *
1286 2388 1329 2426 et
1356 2382 1553 2424 introibit
1579 2382 1677 2424 Rex
1704 2381 1866 2433 gloriae.

1120 2439 1227 2490 Quis
1272 2444 1340 2481 est
1387 2439 1470 2481 iste
1510 2439 1608 2481 Rex
1647 2437 1826 2490 gloriae?
1871 2439 1895 2464 *

1067 2496 1284 2593 Dlominus
1316 2496 1528 2537 virtutum
1562 2496 1659 2549 ipse
1695 2499 1763 2537 est
1797 2495 1894 2536 Rex

1067 2566 1095 2604 g
1113 2565 1219 2593 oriae

1118 2617 1218 2658 Ant.
1252 2617 1363 2659 Erat
1395 2623 1521 2670 pater
1547 2617 1652 2659 Jesu
1683 2621 1727 2658 et
1755 2620 1895 2658 mater

1067 2673 1274 2715 mirantes
1293 2686 1426 2726 super
1440 2673 1507 2714 his
1523 2686 1622 2726 quae
1638 2672 1895 2715 dicebantur

1069 2728 1124 2771 de
1142 2729 1233 2780 illo;
1255 2735 1298 2772 et
1316 2729 1539 2772 benedixit
1555 2729 1640 2771 illis
1658 2729 1845 2771 Simeon.
