2040 2976
643 183 647 188 ι
681 212 753 246 Dic
776 212 806 246 7.
831 212 929 255 Aug.
976 211 1011 246 S.
1037 210 1214 254 Cajetani
1240 211 1348 245 Conf.

438 314 507 351 Ad
530 314 731 351 Primam.

217 372 269 412 In
295 373 347 425 Rz.
371 371 434 412 br.
459 367 511 419 V.
540 371 624 421 Qui
652 369 896 423 apparuisti
921 368 996 410 ho-

167 428 248 471 die.

433 488 500 524 Ad
523 488 723 524 Tertiam.

220 545 321 586 Ant.
350 545 639 598 Resplenduit
658 544 791 585 facies
812 544 914 595 ejus.

217 610 476 662 Capitulum.
503 611 788 653 Salvatorem.
807 610 901 650 482.

218 672 268 724 R.
303 671 366 712 br.
409 673 643 715 Gloriosus
677 670 921 725 apparuisti
952 670 997 711 in

166 732 408 784 conspectu
426 730 615 780 Domini,
635 730 658 755 *
677 728 877 780 Allehija,
897 726 997 769 alle-

164 788 261 840 laja.
299 787 540 830 Gloriosus.
580 781 631 833 Ys'.
655 786 899 838 Propterea
925 784 996 825 de-

166 847 314 887 corem
332 845 472 886 induit
490 849 535 886 te
549 843 777 885 Dominus.
798 841 997 893 Alleluia,

165 902 348 955 allelaja.
379 901 530 942 Gloria
547 901 677 942 Patri.
705 898 950 940 Gloriosus.

217 954 267 1006 V·
306 962 459 1005 Gloria
493 966 536 1004 et
570 961 740 1003 honore
774 959 1011 1001 coronasti.

167 1032 266 1061 eum
284 1020 490 1069 Domine,
518 1018 701 1070 allelaja.
736 1020 787 1071 R.
814 1017 872 1058 Et
897 1028 997 1057 con-

103 1107 106 1111 ·
164 1076 344 1118 stituisti
363 1089 462 1118 eum
482 1088 615 1128 super
635 1077 771 1128 opera
790 1076 998 1114 manuum

163 1135 349 1184 tuarum,
369 1133 551 1183 allel1'1ja.

446 1221 514 1257 Ad
539 1220 727 1257 Sextam.

215 1275 315 1318 Ant.
347 1278 405 1318 Et
425 1290 529 1319 ecce
549 1278 859 1330 apparuerunt.

216 1341 474 1394 Capitulum.
684 1342 720 1381 2.
738 1342 833 1383 Cor.
850 1343 886 1383 3.
903 1341 941 1382 d.

264 1417 315 1446 os
343 1417 511 1453 omnes,
548 1403 744 1446 revelata
770 1403 881 1444 facie
909 1402 998 1453 glo-

289 1462 398 1502 riam
424 1461 603 1503 Domini
631 1460 924 1513 speculantes,
956 1459 1000 1499 in

168 1517 369 1560 eamdem
387 1518 621 1569 imaginem
638 1516 1000 1558 transformamur

169 1588 194 1616 a
213 1575 411 1617 claritate
430 1575 474 1615 in
494 1574 754 1623 claritatem,
773 1578 1000 1625 tamquam

168 1645 193 1674 a
211 1631 389 1674 Domini
407 1631 583 1684 Spiritu.

215 1692 266 1744 R.
284 1691 348 1734 br.
382 1692 538 1734 Gloria
561 1697 604 1734 et
626 1691 795 1734 honore
819 1693 999 1733 corona-

169 1750 226 1792 sti
257 1762 356 1791 eum
387 1750 591 1799 Domine,
610 1750 633 1774 *
662 1748 865 1801 Alleluia,
899 1748 999 1789 alle-

167 1806 265 1858 laia.
291 1806 454 1848 Gloria.
475 1801 527 1853 V.
546 1807 604 1847 Et
619 1805 884 1847 constituisti
900 1818 1000 1846 eum

169 1876 303 1916 super
322 1865 458 1916 opera
481 1865 690 1904 manuum
708 1864 893 1904 tuarum.
931 1862 999 1902 Al-

168 1919 312 1971 leluia,
339 1919 522 1972 alleluja.
556 1919 711 1960 Gloria
730 1919 860 1961 Patri.
896 1918 999 1960 Glo-

169 1976 235 2017 ria
253 1981 297 2017 et
315 1975 495 2018 honore.

215 2029 268 2082 V.
291 2037 452 2088 Magna
471 2042 539 2079 est
557 2037 697 2088 gloria
716 2038 808 2089 ejus
826 2037 870 2078 in
889 2037 1000 2079 salu-

169 2093 254 2135 tari
279 2097 374 2143 tuo,
407 2093 589 2146 allelaja.
644 2094 697 2146 R.
730 2093 929 2136 Gloriam
958 2098 1002 2134 et

170 2162 377 2201 magnum
404 2149 612 2192 decorem
639 2151 841 2203 impones
870 2162 1003 2202 super

171 2218 282 2256 eum,
301 2205 483 2258 alleluja.

450 2285 518 2321 Ad
542 2286 726 2321 Nonam.

220 2346 318 2387 Ant.
356 2345 513 2388 Adhuc
532 2359 584 2388 eo
604 2346 824 2399 loquente.

219 2409 479 2461 Capitulum.
680 2411 820 2462 Apoc.
835 2411 893 2450 21.
910 2423 943 2450 c.

242 2470 396 2512 astulit
415 2484 486 2512 me
505 2471 549 2512 in
569 2472 725 2524 spiritu
743 2472 787 2512 in
807 2476 1004 2513 montem

217 2576 221 2583 ι
265 2540 470 2578 magnum
498 2532 541 2569 et
566 2528 720 2578 altum,
747 2533 791 2570 et
808 2526 1003 2570 ostendit

172 2583 280 2624 mihi
298 2584 520 2625 civitatem
538 2589 735 2626 sanctam
748 2584 1002 2634 Jerusalem,

175 2638 518 2681 descendentem
537 2640 592 2682 de
612 2640 727 2682 coelo
748 2653 773 2681 a
791 2641 904 2690 Deo,
930 2640 1002 2682 ha-

175 2695 351 2738 bentem
376 2697 620 2739 claritatem
638 2697 734 2738 Dei:
761 2702 804 2739 et
826 2697 1004 2739 lucerna

175 2752 267 2804 ejus
288 2758 356 2794 est
374 2753 538 2804 Agnus.

1104 313 1155 364 Η.
1178 312 1241 353 br.
1273 311 1434 362 Magna
1463 316 1531 352 est
1558 311 1699 362 gloria
1726 312 1816 361 eius
1841 311 1885 351 in

1051 367 1232 409 salutari
1267 373 1361 417 tuo,
1400 369 1422 391 *
1459 367 1663 419 Alleluja,
1700 367 1884 420 alleluja.

1049 424 1220 475 Magna.
1274 421 1325 471 V.
1362 424 1562 466 Gloriam
1599 430 1643 467 et
1678 437 1885 476 magnum

1050 480 1259 522 decorem
1282 481 1484 534 impones
1510 495 1643 535 super
1665 495 1774 523 eum.
1810 481 1883 523 Al-

1048 537 1196 589 leh'ija,
1226 537 1408 591 alleh'ija.
1451 538 1602 580 Gloria
1626 539 1757 580 Patri.
1795 538 1884 581 Ma-

1049 606 1133 644 gna
1154 599 1231 636 est.

1107 647 1157 699 V.
1195 651 1371 693 Corona
1409 654 1543 693 afirea
1581 665 1714 705 super
1752 659 1886 707 caput

1051 708 1157 759 ejus,
1190 708 1374 761 allelaJa.
1427 711 1478 763 R».
1505 709 1731 762 Expressa
1759 711 1885 762 signo

1050 765 1308 815 sanctitatis,
1327 765 1491 817 gloriae,
1507 770 1551 808 et
1565 766 1759 817 honoris,
1775 768 1885 809 allel.

1253 839 1315 879 In
1341 839 1403 880 11.
1428 839 1683 890 vesperis.

1107 900 1192 933 Ant.
1220 903 1256 933 et
1281 898 1405 942 Capit.
1432 898 1478 933 dc
1504 898 1624 932 Laud.
1644 898 1728 942 482;
1759 899 1819 932 I‘s.
1846 903 1886 932 ut

1054 948 1090 981 in
1124 948 1150 982 I.
1183 949 1368 991 Vesperis
1403 948 1449 981 dc
1482 947 1626 981 Comm.
1660 947 1798 990 Apost.
1838 947 1885 991 [2]

1051 996 1191 1040 Hymn.
1218 1003 1253 1031 ct
1280 993 1323 1038 Y.
1350 1002 1390 1031 ut
1415 997 1454 1029 in
1478 996 1504 1030 Ι.
1530 995 1647 1038 Vcsp.
1670 995 1745 1030 471.

1103 1049 1176 1091 Ad
1208 1050 1382 1099 Magnis.
1423 1051 1523 1090 Ant.
1568 1049 1625 1090 Et
1657 1048 1885 1090 audientes

1051 1102 1255 1155 discipuli
1282 1103 1537 1146 ceciderunt
1566 1105 1610 1145 in
1635 1105 1793 1147 faciem
1817 1119 1884 1146 su-

1051 1173 1132 1210 am,
1152 1165 1196 1201 et
1214 1160 1453 1211 timuerunt
1472 1161 1617 1203 valde:
1637 1167 1680 1204 et
1699 1163 1887 1204 accessit

1050 1217 1075 1257 J
1079 1229 1195 1266 esus,
1225 1222 1269 1259 et
1292 1218 1437 1269 tetigit
1463 1231 1558 1268 eos,
1589 1219 1788 1272 dixitque
1809 1220 1886 1261 eis:

1051 1273 1237 1324 Surgite,
1258 1279 1302 1316 et
1320 1274 1456 1316 nolite
1475 1275 1641 1325 timere,
1661 1276 1845 1328 alleluja.

1103 1337 1253 1371 Deinde
1276 1337 1316 1371 fit
1340 1347 1535 1370 commem.
1556 1347 1678 1379 sequ..
1704 1341 1739 1370 ct
1757 1336 1792 1370 S.
1809 1336 1885 1369 Do-

1051 1386 1133 1419 nati
1156 1386 1284 1429 Episc.
1311 1385 1478 1426 ctMart.

1291 1462 1375 1503 Die
1395 1462 1430 1503 7.
1451 1463 1652 1514 Augusti.

1166 1526 1208 1567 S.
1234 1526 1461 1577 cajetani
1487 1527 1775 1568 Confossoris.

1382 1587 1548 1631 Duplex.

1106 1639 1243 1674 Omnia
1276 1640 1321 1674 dc
1353 1640 1497 1675 Comm.
1529 1640 1637 1675 Conf.
1668 1652 1745 1675 non
1775 1642 1884 1676 Pont.

1053 1685 1122 1729 [67]
1148 1693 1290 1731 practer
1312 1699 1417 1732 sequ.

1102 1741 1166 1775 Ad
1190 1742 1347 1784 Magnif.
1375 1742 1413 1775 in
1437 1742 1614 1785 utrisque
1639 1742 1757 1785 Vesp.

1103 1793 1204 1833 Ant.
1248 1791 1443 1841 Quaerite
1480 1792 1670 1845 primum
1705 1805 1888 1843 regnum

1052 1847 1152 1897 Dei,
1189 1852 1233 1889 et
1261 1848 1470 1900 justitiam
1498 1849 1604 1900 ejus,
1643 1854 1686 1890 et
1717 1848 1814 1890 haec
1844 1851 1887 1891 o-

1053 1904 1170 1945 mnia
1190 1903 1449 1956 adjicientur
1466 1905 1606 1947 vobis.

1103 1959 1154 2011 V.
1183 1961 1363 2004 Amavit
1388 1975 1488 2004 eum
1508 1963 1618 2012 Dfis,
1646 1968 1690 2005 et
1714 1964 1887 2005 ornavit

1054 2030 1165 2059 eum.
1194 2020 1245 2071 R».
1263 2018 1432 2060 Stolam
1446 2019 1599 2071 gloriae
1615 2019 1756 2061 induit
1776 2033 1887 2062 eum.

1391 2073 1555 2114 Oratio.

1139 2145 1232 2182 euS,
1266 2133 1340 2184 qui
1372 2133 1505 2175 beato
1535 2134 1745 2184 Caietano
1776 2134 1886 2176 Con-

1148 2189 1308 2230 fessori
1317 2194 1395 2231 tuo
1408 2190 1700 2242 apostolicam
1711 2190 1887 2232 vivendi

1053 2246 1241 2287 formam
1260 2246 1423 2288 imitari
1441 2246 1648 2288 tribuisti:
1672 2247 1729 2288 da
1747 2247 1886 2298 nobis,

1055 2303 1147 2354 ejus
1174 2302 1492 2345 intercessione
1520 2308 1565 2345 et
1593 2304 1815 2359 exemplo,
1842 2304 1887 2344 in

1053 2363 1098 2400 te
1117 2371 1292 2411 semper
1312 2359 1552 2410 confidere,
1579 2365 1622 2402 et
1644 2360 1739 2402 sola
1758 2360 1885 2402 coele—

1055 2414 1139 2456 stia
1157 2414 1422 2457 desiderare.
1450 2417 1535 2458 Per
1553 2417 1803 2458 Dominum.

1106 2475 1153 2510 Et
1176 2476 1218 2510 fit
1242 2487 1375 2512 comm.
1400 2478 1435 2512 S.
1455 2477 1610 2521 Donati,
1632 2478 1701 2522 Ep.
1724 2482 1760 2512 et
1776 2478 1884 2512 Mart.

1107 2529 1208 2570 Ant.
1242 2529 1333 2570 Iste
1362 2534 1539 2571 sanctus
1566 2543 1649 2583 pro
1677 2530 1775 2580 lege
1802 2529 1886 2569 Dei

1055 2584 1122 2625 sui
1146 2585 1332 2627 certavit
1358 2598 1499 2638 usque
1527 2586 1584 2628 ad
1608 2591 1814 2634 mortem,
1842 2589 1887 2626 et

1055 2654 1080 2682 a
1098 2640 1244 2682 verbis
1263 2641 1498 2695 impiorum
1514 2655 1603 2684 non
1616 2642 1774 2684 timuit:
1793 2641 1884 2682 fun-

1055 2697 1185 2739 datus
1211 2698 1327 2739 enim
1350 2704 1445 2740 erat
1468 2710 1602 2754 supra
1620 2699 1792 2739 firmam
1810 2709 1884 2749 pe-

1053 2759 1178 2796 tram.
