2040 2976
184 209 251 243 412

185 305 423 347 temnendo
450 304 651 357 corporis
676 307 852 354 ornatu,
884 305 927 345 in
953 305 1014 346 fu-

186 361 358 413 giendis
401 361 720 414 voluptatibus,
762 361 805 401 in
848 362 1014 413 jejuniis

186 417 532 471 frequentandis,
558 418 603 458 in
629 417 787 460 divinis
810 418 1015 471 precibus

186 474 363 516 assidue
378 474 626 525 recitandis,
644 475 688 515 in
704 475 896 517 caritatis
912 476 1015 527 ope-

186 531 306 573 ribus
323 531 591 581 exercendis,
606 534 852 581 veneratus,
870 544 1016 573 rerum

186 590 365 629 suarum
382 590 592 640 regnique
616 588 868 630 felicitatem
889 590 1015 629 unius

186 644 289 685 filiae
322 645 489 686 meritis
525 645 746 687 referebat
777 646 1015 697 acceptam.

186 701 386 743 Tandem
410 701 574 754 ubique
599 707 722 751 nota,
750 706 795 743 et
819 714 845 742 a
868 701 1017 742 multis

186 758 458 810 principibus
473 761 694 811 exoptata,
710 758 926 810 Dionysio
942 758 1018 799 Lu·

187 814 357 856 sitaniae
394 815 487 865 regi
525 814 772 868 christianis
810 817 1016 856 caeremo-

186 871 268 968 piis
296 872 377 913 rite
406 877 473 913 est
506 872 551 913 in
578 872 902 913 matrimonium
931 871 1016 913 col-

206 930 343 970 ocata.

243 1003 289 1051 Ιῇ.
318 998 436 1039 Audi
459 998 563 1048 fflia,
592 1003 635 1040 et
654 997 771 1048 vide,
795 1003 839 1040 et
858 998 1017 1039 inclina

187 1067 338 1096 aurem
356 1061 494 1106 tuam,
525 1061 568 1097 et
594 1055 853 1097 obliviscere
879 1057 1016 1108 popu—

186 1110 278 1152 lum
300 1116 439 1162 tuum,
465 1117 508 1154 et
533 1111 713 1154 domum
735 1113 873 1164 patris
896 1112 975 1153 tui:
994 1115 1016 1138 *

187 1167 245 1209 Et
260 1172 544 1222 concupiscet
554 1170 653 1211 Rex
667 1170 874 1212 decorem
884 1175 1019 1212 tuum.

190 1223 239 1274 Y.
261 1225 417 1277 Specie
437 1231 512 1268 tua
536 1231 579 1268 et
596 1226 924 1279 pulchritudine
943 1232 1019 1268 tua

187 1281 382 1333 intende,
407 1285 622 1335 prospere
648 1283 858 1336 procede,
887 1288 930 1325 et
954 1296 1018 1325 re-

187 1351 283 1390 gna.
310 1339 367 1381 Et
386 1342 681 1393 concupiscet.

500 1423 649 1464 Lectio
670 1438 707 1463 v.

190 1489 387 1596 Juncta
421 1497 641 1548 conjugio,
680 1509 768 1538 non
805 1498 1020 1540 minorem

271 1552 525 1594 excolendis
544 1554 795 1604 virtutibus,
821 1567 953 1606 quam
971 1554 1018 1596 li-

187 1608 305 1651 beris
355 1609 594 1652 educandis
641 1613 822 1663 Operam
868 1611 1019 1662 dabat,

188 1666 283 1708 viro
316 1667 492 1720 placere
525 1666 722 1717 studens,
765 1667 845 1710 sed
880 1669 1019 1720 magis

188 1723 298 1765 Deo.
356 1723 548 1766 Mediam
584 1724 676 1766 fere
712 1725 813 1765 anni
848 1731 1021 1778 partem

189 1780 286 1821 solo
311 1793 426 1833 pane
450 1781 672 1823 tolerabat
697 1786 741 1823 et
760 1794 890 1834 aqua:
919 1795 1019 1835 quae

188 1836 232 1876 in
258 1837 451 1888 quodam
474 1838 612 1890 ipsius
635 1838 791 1880 morbo
813 1838 1020 1881 divinitus

189 1906 317 1935 versa
344 1898 410 1935 est
434 1894 479 1935 in
504 1894 671 1942 vinum,
699 1908 799 1936 cum
823 1895 870 1937 id
889 1908 914 1936 a
932 1898 1018 1938 me-

191 1950 299 1992 dicis
318 1953 628 2004 praescriptum
651 1952 804 1994 bibere
823 1955 1018 1994 recusas-

191 2013 268 2049 set.
316 2008 532 2061 Pauperis
564 2009 736 2050 feminae
768 2009 892 2051 ulcus
921 2010 1019 2051 hor-

190 2064 374 2105 rendum
395 2065 667 2116 exosculata,
694 2066 936 2119 derepente
956 2079 1020 2108 sa·

190 2120 320 2162 navit.
354 2122 569 2164 Pecunias
588 2123 858 2176 pauperibus
879 2123 1019 2165 distri-

189 2177 399 2228 buendas,
423 2185 472 2220 ut
491 2192 640 2230 regem
658 2180 856 2231 laterent,
880 2180 1021 2222 hiber-

190 2247 248 2276 no
265 2237 466 2288 tempore
482 2236 524 2276 in
539 2249 663 2278 rosas
677 2238 904 2279 convertit.
923 2237 1020 2279 Vir-

191 2291 337 2342 ginem
365 2305 529 2334 caecam
561 2307 586 2335 a
613 2294 840 2336 nativitate
868 2294 1021 2335 illumi-

191 2349 327 2390 navit:
371 2350 532 2392 multos
579 2350 691 2392 alios
736 2351 833 2392 solo
880 2351 1022 2393 crucis

192 2405 317 2456 signo
343 2419 368 2448 a
393 2407 662 2457 gravissimis
681 2407 847 2449 morbis
866 2407 1020 2449 libera-

191 2462 271 2503 vit:
293 2462 483 2515 plurima
499 2462 545 2505 id
563 2476 700 2514 genus
718 2464 929 2505 miracula
946 2477 1021 2516 pa-

187 2519 335 2561 travit.
396 2519 680 2570 Monasteria,
730 2520 932 2571 collegia,
979 2526 1022 2562 et

192 2576 358 2628 templa
390 2589 478 2618 non
510 2576 646 2619 modo
676 2578 908 2627 exstruxit,
943 2577 1022 2619 sed

193 2632 325 2674 etiam
342 2633 574 2684 magnifice
594 2633 773 2676 dotavit.
802 2634 853 2674 In
870 2646 1022 2684 regum

193 2689 426 2733 discordiis
452 2690 770 2743 componendis
790 2689 1022 2732 admirabi-

192 2748 247 2789 lis
261 2748 354 2790 fuit:
371 2748 415 2789 in
429 2747 611 2801 privatis
626 2747 903 2799 publicisque
917 2759 1024 2788 mor-

495 214 565 246 Die
591 214 622 246 S.
648 212 752 245 Julii.
800 212 834 245 S.
864 211 1060 245 Elisabeth
1090 210 1177 250 Καρ.
1203 207 1412 250 Portugall.
1437 207 1586 241 Viduze.

1067 305 1220 346 talium
1257 304 1540 347 sublevandis
1573 305 1895 348 calamitatibus

1066 361 1297 418 indefessa.

1121 422 1171 472 R.
1196 418 1376 460 Manum
1394 431 1519 459 suam
1537 417 1656 460 misit
1675 418 1733 460 ad
1751 419 1897 460 fortia:

1070 481 1092 503 *
1119 475 1297 516 Manum
1324 487 1448 516 suam
1476 474 1648 527 aperuit
1675 475 1812 527 inopi,
1854 481 1898 517 et

1068 531 1238 585 palmas
1274 543 1376 573 suas
1414 529 1611 572 extendit
1647 530 1704 572 ad
1734 534 1896 584 paupe-

1067 601 1171 629 rem.
1213 588 1263 637 Ψ.
1282 587 1519 640 Dispersit,
1551 585 1673 628 dedit
1698 587 1897 640 pauperi-

1067 644 1161 694 bus,
1181 643 1343 696 justitia
1363 644 1454 695 ejus
1468 648 1616 685 manet
1630 643 1674 684 in
1689 643 1899 685 saeculum

1069 701 1229 742 saeculi.
1258 700 1447 742 Manum.

1372 760 1523 801 Lectio
1544 759 1596 799 vi.

1072 814 1334 920 Defuncto
1371 826 1475 865 rege
1512 813 1744 865 Dionysio,
1787 814 1899 855 sicut

1173 870 1413 922 virginibus
1440 871 1484 911 in
1511 871 1653 923 prima
1681 872 1828 920 aetate,
1855 871 1900 911 in

1069 928 1349 970 matrimonio
1375 927 1648 979 conjugibus,
1675 927 1737 968 ita
1755 926 1899 968 viduis

1069 985 1132 1034 in·
1151 984 1389 1026 solitudine
1425 984 1506 1026 fuit
1543 984 1736 1026 emnium
1768 983 1900 1026 virtu·

1070 1047 1164 1084 tum
1183 1042 1419 1095 exemplar.
1446 1041 1573 1082 Illico
1595 1041 1709 1082 enim
1729 1040 1898 1091 religie-

1071 1099 1131 1140 sis
1158 1103 1321 1140 sanctae
1348 1098 1489 1140 Clarae
1513 1097 1710 1139 vestibus
1734 1097 1900 1147 induta,

1070 1156 1191 1207 regio
1225 1155 1365 1197 funeri
1403 1156 1657 1196 constanter
1689 1154 1899 1203 interfuit,

1071 1225 1122 1254 ac
1146 1212 1280 1265 paulo
1303 1217 1407 1265 post
1431 1210 1777 1263 Compostellam
1799 1223 1899 1263 pro-

1070 1270 1287 1319 ficiscens,
1311 1269 1447 1310 multa
1467 1281 1522 1310 ex
1539 1267 1809 1318 holoserico,
1835 1280 1899 1309 ar-

1070 1329 1221 1379 gento,
1254 1338 1379 1375 auro,
1412 1327 1685 1377 gemmisque
1718 1323 1900 1366 donaria

1070 1396 1153 1437 pro
1178 1384 1294 1436 regis
1320 1382 1463 1424 anima
1489 1381 1658 1423 obtulit.
1701 1381 1810 1422 Inde
1836 1393 1900 1422 re-

1070 1442 1200 1482 versa
1232 1439 1429 1489 domum,
1471 1437 1686 1491 quidquid
1717 1437 1801 1479 sibi
1833 1450 1900 1479 ca-

1071 1511 1168 1539 rum
1200 1502 1275 1538 aut
1306 1496 1550 1550 pretiesum
1583 1496 1825 1548 supererat,
1857 1494 1901 1534 in

1071 1567 1224 1596 sacros
1249 1566 1301 1595 ac
1323 1553 1422 1606 pios
1445 1565 1551 1594 usus
1571 1551 1802 1593 convertit:
1828 1550 1900 1592 ab·

1071 1609 1375 1662 solvendoque
1413 1621 1494 1650 suo
1526 1621 1629 1650 vere
1661 1608 1783 1658 regio
1819 1608 1900 1649 Co-

1071 1666 1351 1709 nimbricensi
1371 1665 1589 1717 virginum
1608 1663 1833 1714 coenubio,
1858 1668 1902 1705 et

1072 1724 1240 1766 alendis
1259 1721 1537 1776 pauperibus,
1558 1727 1601 1763 et
1616 1719 1903 1774 protegendis

1073 1781 1228 1830 viduis,
1252 1778 1540 1823 defendendis
1563 1777 1753 1831 pupillis,
1777 1779 1902 1819 mise-

1073 1839 1132 1880 ris
1157 1837 1359 1880 omnibus
1383 1834 1584 1888 juvandis
1605 1835 1786 1883 intenta,
1814 1846 1903 1875 non

1074 1895 1172 1945 sibi,
1197 1894 1277 1936 sed
1295 1894 1409 1943 Deo,
1435 1897 1480 1934 et
1497 1891 1749 1933 mortalium
1769 1890 1903 1932 omni-

1073 1966 1147 1994 um
1162 1950 1407 1993 commodis
1421 1948 1609 1990 vivebat.
1628 1948 1775 1998 Reges
1790 1946 1902 1989 duos

1073 2009 1211 2050 filium
1257 2012 1301 2049 et
1345 2009 1554 2058 generum
1597 2004 1903 2058 pacificatura,

1072 2065 1357 2107 Stremetium
1380 2062 1527 2106 nebile
1551 2060 1766 2115 Oppidum
1789 2060 1903 2102 veni-

1074 2134 1167 2172 ens,
1198 2121 1354 2163 morbo
1387 2133 1442 2162 ex
1473 2119 1630 2160 itinere
1664 2118 1904 2166 contracto,

1073 2179 1238 2221 ibidem
1261 2191 1287 2220 a
1307 2177 1490 2228 Virgine
1513 2176 1707 2228 Deipara
1729 2174 1904 2216 visitata

1074 2236 1349 2278 sanctissime
1375 2233 1503 2283 ebiit,
1531 2245 1644 2274 anno
1670 2230 1903 2272 millesimo

1073 2292 1383 2336 trecentesimo
1414 2290 1640 2341 trigesimo
1673 2293 1800 2330 sexto
1833 2286 1903 2329 die

1075 2354 1232 2402 quarta
1257 2347 1371 2389 Julii.
1408 2348 1517 2388 Post
1544 2350 1732 2388 mortem
1755 2344 1904 2386 multis

1074 2405 1295 2447 miraculis
1327 2404 1499 2453 claruit,
1531 2401 1777 2456 praesertim
1808 2412 1903 2441 sua-

1074 2463 1255 2504 vissimo
1294 2461 1495 2513 corporis
1534 2461 1619 2512 jam
1654 2470 1734 2511 per
1766 2470 1904 2499 annos

1075 2520 1166 2562 fere
1202 2520 1426 2561 trecentos
1467 2516 1712 2569 incorrupti
1749 2512 1903 2563 odore3

1075 2589 1249 2629 semper
1275 2576 1406 2617 etiam
1431 2576 1594 2626 reginae
1619 2576 1781 2614 sanctae
1804 2582 1903 2621 cog-

1075 2635 1284 2675 nomento
1317 2631 1515 2673 celebris.
1555 2628 1755 2671 Tandem
1787 2639 1903 2668 anno

1075 2690 1246 2742 jubilaei,
1263 2694 1306 2731 et
1320 2693 1485 2730 nostrae
1503 2686 1656 2728 salutis
1671 2684 1903 2725 millesimo

1076 2746 1394 2788 sexcentesimo
1422 2743 1808 2794 vigesimoquinto‚
1839 2746 1903 2782 to-
