2040 2976
800 200 1005 233 Commune
1032 210 1105 234 non
1135 199 1340 239 Virginum.

278 299 376 336 Ant.
410 296 551 338 Trahe
576 309 646 338 me
670 301 772 349 post
790 300 850 346 te,
875 296 919 336 in
939 295 1043 337 odo-

224 367 316 396 rem
351 354 573 394 curremus
605 355 923 405 unguentorum
951 354 1043 394 tuo-

224 424 333 452 rum:
362 409 506 451 oleum
529 409 714 451 effusum
734 422 892 451 nomen
911 413 1043 450 tuum.

275 466 374 505 Ant.
411 466 516 508 Veni
544 478 705 519 sponsa
732 466 910 515 Christi,
928 466 952 491 *
977 467 1043 506 30-

224 524 320 577 cipe
340 525 559 572 0010113111,
583 536 712 575 quam
731 522 811 564 tibi
829 522 1043 564 Dominus

223 579 489 632 praeparavit
510 579 554 619 in
574 581 796 620 aeternum.

273 652 281 663 ·
496 635 691 676 l'salmus
711 636 774 675 97.

226 685 441 793 Cant-ate
481 692 670 733 Domino
715 691 930 732 canticum
970 701 1044 730 no-

309 762 426 790 vum:
444 748 467 774 *
489 748 590 800 quia
607 747 822 789 mirabilia
840 746 951 788 fecit.

274 804 467 846 Salvavit
495 804 578 845 sibi
609 804 789 846 dextera
818 803 922 854 ejus:
950 803 973 828 *
1002 805 1045 842 et

223 861 449 903 brachium
468 865 665 902 sanctum
685 861 784 912 ejus.

274 917 441 959 Notum
474 917 577 959 fecit
608 917 823 958 Deminus
857 914 1045 956 salutare

224 987 363 1016 suum:
382 974 405 999 *
424 974 467 1014 in
492 975 730 1026 conspectu
754 972 958 1014 Gentium
981 983 1045 1012 re-

223 1030 384 1072 velavit
401 1030 617 1082 justitiam*
630 1042 764 1071 suam.

274 1085 551 1128 Recordatus
610 1090 676 1127 est
713 1082 1045 1126 ¹misericordiae

225 1155 330 1192 suae,
349 1144 372 1169 *
396 1146 439 1184 et
466 1142 662 1184 veritatis
690 1155 782 1183 suae
810 1140 959 1183 demui
985 1140 1044 1180 Is-

224 1199 326 1240 rael.
436 1201 440 1205 '

275 1254 491 1296 Viderunt
509 1267 660 1296 omnes
679 1254 853 1296 termini
872 1258 1002 1295 terrae
1021 1252 1044 1278 *

225 1311 414 1353 salutare
432 1311 516 1353 Dei
533 1311 684 1353 nostri.

274 1368 299 1409 J
301 1367 463 1410 ubilate
481 1368 578 1410 Deo
599 1367 738 1410 omnis
757 1371 887 1408 terra:
906 1367 929 1392 *
949 1378 1045 1407 0311-

223 1427 323 1474 1310,
343 1430 386 1466 01
405 1424 632 1474 0151111310,
651 1428 695 1465 01
712 1423 898 1476 psallite.

275 1480 452 1523 Psallite
483 1481 672 1522 Domino
707 1480 752 1520 in
785 1479 966 1529 cithara,
1002 1478 1045 1519 in

225 1537 390 1579 cithara
418 1542 461 1579 et
488 1550 597 1579 voce
622 1536 797 1590 psalmi:
816 1536 839 1562 *
858 1536 902 1576 in
928 1534 1045 1577 tubis

225 1593 471 1644 ductilibus,
492 1598 534 1635 et
551 1605 661 1635 voce
679 1592 797 1634 tubae
818 1594 1002 1634 corneae.

276 1650 300 1690 J
302 1649 465 1691 ubilate
488 1649 532 1690 in
557 1650 796 1702 conspectu
820 1648 935 1699 regis
959 1648 1045 1688 Do-

224 1706 342 1747 mini:
361 1707 384 1733 *
402 1707 629 1747 moveatur
647 1717 778 1754 mare,
798 1710 842 1746 et
860 1704 1045 1757 plenitu-

225 1762 283 1804 do
303 1762 407 1814 ejus:
432 1761 551 1803 orbis
570 1763 800 1811 terrarum,
819 1765 863 1802 et
881 1761 955 1813 qui
972 1760 1045 1801 113-

223 1818 365 1860 bitant
382 1818 426 1859 in
446 1830 510 1859 eo.

275 1875 475 1917 Flumina
502 1873 712 1928 plaudent
740 1886 886 1924 manu,
919 1872 1046 1914 simul

224 1936 396 1973 montes
435 1930 714 1973 exsultabunt
748 1943 774 1971 a
806 1931 1046 1982 conspectu

225 1988 416 2030 Domini:
432 1988 455 2014 *
477 1988 682 2041 quoniam
708 1987 827 2029 venit
854 1986 1046 2038 judicare

223 2049 394 2086 terram.

275 2100 493 2142 Judicabit
515 2100 667 2142 orbem
690 2102 904 2142 terrarum
926 2099 970 2140 in
988 2100 1045 2151 ju-

226 2157 352 2206 stitia,
370 2157 394 2182 *
414 2162 457 2198 et
475 2157 665 2210 pepulos
683 2157 728 2198 in
746 2156 964 2209 aequitate.

277 2210 376 2250 Ant,
400 2211 507 2254 Veni
526 2225 687 2266 sponsa
707 2213 875 2263 Christi,
895 2212 1046 2265 accipe

226 2271 445 2318 coronam,
466 2282 594 2321 quam
612 2269 691 2311 tibi
704 2269 918 2311 Dominus
936 2281 1045 2321 prae-

225 2324 396 2385 paravit
413 2324 456 2365 in
475 2327 694 2366 aeternum.

278 2380 326 2425 Y.
354 2380 498 2432 Elegit
522 2394 617 2423 eam
639 2382 775 2432 Deus,
803 2387 846 2424 et
869 2382 1045 2435 praeele-

226 2438 289 2490 git
307 2450 415 2479 eam.
436 2438 485 2489 Rg.
505 2438 556 2478 In
573 2437 855 2480 tabernaculo
874 2451 954 2480 suo
974 2438 1045 2480 ha-

226 2493 366 2536 bitare
384 2493 486 2535 facit
506 2506 612 2535 eam.

279 2549 406 2592 Pater
426 2554 585 2591 noster.

278 2604 519 2664 absolutio.
548 2607 587 2646 A
608 2606 800 2647 vinculis.

278 2661 327 2706 δ’.
354 2661 464 2704 Jube
484 2661 653 2704 domne.

279 2716 439 2757 Bencd.
470 2717 733 2770 livangelica
750 2717 891 2759 lectio.

1099 296 1247 337 Lectio
1274 296 1411 338 sancti
1430 294 1655 347 Evangelii
1673 295 1914 337 secundum

1371 351 1637 393 Matthaeum.

1202 413 1350 454 Lectio
1372 413 1438 453 vii.
1602 412 1701 465 Cap.
1718 414 1774 454 13.
1790 413 1814 453 f.

1093 469 1169 576 In
1187 473 1261 515 1110
1281 476 1495 526 tempore:
1513 473 1635 514 Dixit
1647 473 1672 514 J
1675 485 1774 514 esus
1790 472 1914 514 disci-

1157 530 1270 583 pulis
1299 531 1386 571 suis
1415 529 1672 583 parabolam
1698 529 1824 570 hanc:
1855 529 1915 570 Si-

1093 587 1194 628 mile
1212 591 1277 628 est
1289 600 1470 638 regnum
1484 586 1696 628 coelorum
1709 585 1915 627 thesauro

1095 643 1351 685 abscondito
1371 644 1416 684 in
1435 655 1551 695 agro.
1578 643 1635 684 Et
1653 642 1832 695 reliqua.

1147 717 1335 761 Homilia
1354 717 1492 772 sancti
1511 716 1713 769 Gregorii
1730 716 1874 769 Papae.

1295 783 1434 818 Homil.
1454 783 1502 817 11.
1521 783 1558 817 111
1576 783 1719 827 Evang.

1100 846 1130 889 :7
1412 851 1602 890 regnum,
1617 837 1772 879 fratres
1788 839 1915 879 caris-

1130 905 1132 915 *
1190 895 1206 928 ἰ
1229 895 1340 945 511111,
1374 894 1539 936 idcirco
1570 894 1754 936 terrenis
1785 893 1915 936 rebus

1161 960 1174 976 -'
1229 951 1367 993 simile
1387 951 1560 1002 dicitur,
1583 955 1631 992 ut
1654 963 1708 992 ex
1730 950 1797 992 his
1818 963 1916 1003 quae

1096 1008 1263 1049 animus
1282 1008 1418 1058 novit,
1447 1012 1595 1059 surgat
1617 1007 1673 1049 ad
1697 1007 1917 1058 incognita

1097 1077 1195 1117 quae
1213 1077 1301 1106 non
1319 1065 1455 1106 novit:
1481 1067 1694 1117 quatenus
1715 1062 1916 1116 exemplo

1095 1120 1328 1163 visibilium
1355 1134 1403 1163 se
1430 1121 1486 1163 ad
1509 1120 1740 1162 invisibilia
1763 1121 1916 1173 rapiat,

1097 1181 1140 1219 et
1161 1190 1240 1230 per
1266 1190 1333 1228 03,
1367 1190 1465 1230 quae
1490 1191 1572 1219 usu
1597 1176 1764 1227 didicit,
1794 1176 1918 1229 quasi

1097 1234 1360 1275 confricatus
1379 1233 1628 1276 incalescat:
1651 1237 1699 1275 ut
1720 1245 1799 1286 per
1822 1232 1917 1279 hoc,

1098 1290 1217 1343 quod
1236 1291 1318 1332 scit
1335 1295 1488 1332 notum
1507 1290 1696 1342 diligere,
1716 1289 1856 1331 discat
1875 1293 1918 1331 et

1096 1348 1316 1399 incognita
1348 1349 1505 1389 amare.
1544 1347 1661 1388 Ecce
1689 1347 1803 1388 0111111
1832 1358 1917 1388 coe-

1096 1404 1238 1445 lorum
1274 1417 1455 1455 regnum
1494 1403 1700 1445 thesauro
1737 1402 1917 1445 abscon-

1097 1459 1189 1502 dito
1209 1460 1252 1501 in
1268 1473 1373 1512 agro
1389 1462 1680 1513 comparatur:
1701 1471 1830 1512 quem
1846 1459 1919 1512 qui

1097 1518 1259 1559 invenit
1288 1517 1438 1568 homo,
1470 1516 1716 1567 abscondit,
1752 1520 1796 1558 et
1824 1527 1918 1569 prae

1097 1573 1257 1625 gaudio
1281 1573 1394 1615 illius
1418 1573 1553 1624 vadit,
1588 1577 1631 1615 et
1654 1572 1804 1615 vendit
1827 1572 1918 1614 uni-

1097 1631 1223 1671 versa
1253 1643 1350 1682 quae
1377 1629 1524 1680 habet,
1567 1634 1609 1671 et
1637 1629 1740 1671 emit
1767 1641 1918 1681 agrum

1097 1686 1226 1727 illum.

1150 1746 1199 1798 Rv-
1231 1747 1293 1789 Os
1326 1761 1451 1789 suum
1478 1747 1648 1800 aperuit
1679 1746 1917 1800 sapientiae,

1098 1808 1141 1845 et
1175 1804 1247 1845 lex
1283 1804 1524 1846 clementiae
1560 1804 1604 1844 in
1634 1803 1780 1855 lingua
1812 1803 1918 1855 ejus:

1098 1860 1391 1902 consideravit
1422 1861 1597 1902 semitas
1629 1859 1785 1902 domus
1817 1871 1919 1910 suae,

1098 1914 1121 1939 *
1153 1917 1209 1958 Et
1241 1930 1399 1970 panem
1427 1917 1568 1959 otiosa
1598 1929 1686 1958 non
1718 1915 1918 1958 comedit.

1098 1966 1147 2018 V.
1173 1974 1376 2015 Gustavit
1403 1978 1447 2016 et
1466 1973 1574 2016 vidit
1595 1973 1697 2026 quia
1713 1973 1831 2015 bona
1853 1976 1919 2014 est

1097 2031 1334 2081 negotiatio
1367 2031 1471 2083 ejus:
1503 2043 1592 2072 non
1623 2030 1919 2081 exstinguetur

1097 2087 1140 2127 in
1167 2091 1296 2129 nocte
1322 2087 1499 2129 lucerna
1526 2088 1626 2139 ejus.
1670 2087 1727 2128 Et
1750 2099 1920 2140 panem.

1148 2143 1307 2185 Bened.
1338 2144 1468 2195 Cujus
1490 2144 1669 2186 Festum
1692 2143 1884 2185 colimus.

1382 2209 1531 2251 Lectio
1552 2209 1634 2250 viii.

1100 2251 1239 2375 Qua
1258 2268 1301 2309 in
1320 2281 1367 2310 re
1386 2268 1471 2310 hoc
1490 2281 1666 2321 quoque
1679 2266 1919 2309 notandum

1201 2330 1282 2375 051,
1316 2324 1435 2377 quod
1463 2325 1664 2366 inventus
1690 2323 1919 2366 thesaurus

1098 2381 1391 2431 abscenditur‚
1411 2387 1458 2423 ut
1477 2383 1688 2423 servetur:
1713 2381 1813 2433 quia
1831 2383 1918 2422 stu-

1098 2438 1218 2480 dium
1242 2437 1433 2480 coelestis
1457 2437 1660 2480 desiderii
1678 2451 1704 2479 a
1720 2437 1918 2488 malignis

1098 2494 1321 2548 spiritibus
1358 2494 1579 2537 custodire
1619 2507 1707 2536 non
1743 2493 1918 2543 sufficit,

1099 2552 1172 2604 qui
1195 2551 1280 2593 hoc
1304 2550 1358 2593 ab
1382 2551 1580 2593 humanis
1607 2550 1808 2593 laudibus
1830 2562 1918 2593 non

1098 2607 1339 2649 abscondit.
1362 2609 1413 2648 In
1425 2608 1632 2661 praesenti
1647 2607 1805 2649 etenim
1818 2606 1918 2655 vita,

1100 2665 1223 2716 quasi
1241 2665 1283 2705 in
1298 2665 1367 2705 via
1383 2677 1542 2714 sumus,
1563 2677 1648 2717 qua
1661 2663 1719 2705 ad
1731 2662 1918 2716 patriam

1097 2720 1329 2772 pergimus.
1365 2721 1542 2772 Maligni
1569 2725 1715 2762 autem
1740 2718 1917 2771 spiritus
