2040 2976
822 226 934 259 chta
960 227 1063 260 Julii.
1088 229 1163 265 424.)
1801 223 1844 257 3*

145 323 441 371 inardescunt,
484 322 700 362 terrorem
739 319 973 372 potestatis

147 378 370 428 exhibent,
404 382 448 419 et
476 376 633 429 quibus
659 375 872 428 prodesse
901 374 972 417 de-

145 436 342 484 buerant,
365 438 538 476 nocent.
573 433 629 474 Et
655 432 757 484 quia
780 432 974 473 caritatis

146 494 316 534 viscera
339 503 428 532 non
446 489 621 538 habent,
647 487 812 529 domini
835 487 975 529 videri

148 551 381 602 appetunt,
412 550 564 599 patres
596 557 644 586 se
677 557 772 586 esse
799 544 974 586 minime

147 606 481 656 recognoscunt,
499 600 753 643 humilitatis
771 600 918 642 locum
930 600 975 640 in

148 661 384 703 elationem
403 657 711 701 dominationis
730 657 975 698 immutant:

149 718 232 760 etsi
257 716 435 770 quando
461 717 732 757 extrinsecus
750 713 975 755 blandiun-
1030 712 1039 752 ’ζ
1064 724 1084 746 a·

148 780 234 824 tur,
261 775 524 816 intrinsecus
553 771 749 812 saeviunt.
789 770 856 811 De
886 770 975 822 qui·
1037 786 1041 812 ι

148 831 232 873 bus
250 831 357 872 alias
371 829 548 871 Veritas
569 827 689 870 dicit:
708 827 902 868 Veniunt
921 825 976 867 ad

149 901 230 930 vos
248 888 292 928 in
311 885 582 928 vestimentis
603 884 761 933 ovium,
779 883 974 925 intrinse-

150 958 227 987 cus
246 949 393 986 autem
412 947 512 984 sunt
530 941 623 994 lupi
642 942 835 993 rapaces.

203 1011 253 1060 R·
280 1005 375 1046 Sint
392 1002 529 1045 lumbi
549 1002 695 1044 vestri.

453 1072 605 1113 Lectio
628 1072 679 1111 ix.

230 1131 356 1168 ontra
389 1138 488 1178 quae
521 1124 666 1166 omnia
703 1122 977 1165 consideran-

257 1183 361 1225 dum
378 1181 508 1223 nobis
529 1186 605 1230 est,
630 1180 730 1233 quia
749 1179 861 1220 sicut
881 1178 979 1229 agni

152 1241 264 1283 inter
293 1239 423 1292 lupos
454 1237 683 1287 mittimur,
719 1241 767 1278 ut
803 1248 979 1277 sensum

155 1299 380 1339 servantes
395 1294 666 1343 innocentiae,
685 1305 878 1334 morsum
892 1304 978 1332 ma-

154 1354 259 1396 litiae
282 1365 369 1394 non
389 1351 640 1394 habeamus.
677 1350 760 1400 Qui
783 1349 897 1390 enim
919 1348 980 1389 lo-

155 1423 254 1452 cum
280 1407 610 1462 praedicationis
638 1406 836 1458 suscipit,
867 1404 982 1445 mala

154 1466 313 1508 inferre
331 1478 420 1507 non
440 1464 583 1513 debet,
608 1462 688 1505 sed
706 1462 910 1511 tolerere3
933 1466 981 1502 ut

157 1536 211 1565 ex
225 1523 323 1576 ipsa
337 1535 416 1563 sua
430 1519 763 1562 mansuetudine
778 1519 887 1559 iram
903 1530 980 1558 sae-

155 1580 364 1622 vientium
394 1578 582 1629 mitiget,
620 1581 663 1618 et
699 1577 982 1629 peccatorum

156 1636 338 1678 vulnera
361 1635 405 1676 in
429 1635 527 1677 aliis
551 1634 647 1687 ipse
673 1631 981 1674 afflictionibus

155 1692 410 1734 vulneratus
434 1696 568 1733 sanet.
600 1689 730 1740 Quod
749 1694 852 1730 tunc
870 1687 982 1730 bene

157 1754 303 1792 rector
327 1748 520 1798 exhibet,
548 1760 646 1789 cum
671 1748 865 1799 seipsum
889 1743 980 1786 dili-

155 1818 260 1857 gere
281 1818 362 1859 per
381 1807 574 1847 amorem
595 1804 815 1857 privatum
832 1801 981 1849 nescit,

158 1875 258 1904 cum
281 1862 409 1914 nulla,
429 1874 529 1914 quae
547 1859 698 1902 mundi
718 1863 828 1908 sunt,
852 1860 983 1910 appe—

157 1918 229 1961 tit:
247 1931 347 1961 cum
365 1920 552 1961 terrenae
571 1915 825 1968 cupidita‘cis
847 1914 982 1955 oneri-

157 1974 241 2017 bus
263 1977 543 2028 nequaquam
565 1972 724 2015 mentis
747 1971 860 2013 colla
883 1984 981 2023 sup-

157 2031 293 2084 ponit.
345 2030 472 2073 Unde
505 2036 549 2072 et
583 2028 800 2071 subditur:
836 2027 983 2068 Nolite

160 2090 340 2141 portare
359 2087 595 2129 sacculum.
646 2088 709 2127 Te
727 2085 881 2126 Deum.

424 2174 508 2216 Die
526 2175 591 2215 24.
610 2173 635 2214 J
636 2172 722 2214 ulii.

160 2243 203 2284 S.
226 2243 483 2286 Francisci
507 2242 676 2284 Solani
699 2242 982 2283 Confessoris.

491 2307 650 2349 Duplex.

214 2363 349 2398 Omnia
384 2364 430 2397 dc
461 2364 603 2397 Comm.
635 2361 742 2395 Cous.
774 2369 847 2392 non
875 2357 979 2390 l‘ont.

161 2415 301 2453 praeter
325 2412 535 2454 sequentia.

497 2470 659 2511 Oratio.

162 2528 349 2633 Deus,
398 2525 471 2578 qui
515 2523 725 2577 plurimas
770 2521 984 2561 Americae

278 2586 431 2633 gentes
474 2593 554 2633 per
598 2579 777 2621 beatum
811 2577 984 2617 Franci-

161 2651 285 2681 scum
307 2637 364 2680 ad
388 2638 529 2678 sinum
547 2634 758 2677 Ecclesiae
783 2632 984 2685 perduxi-

163 2695 234 2737 sti:
260 2695 351 2746 ejus
373 2693 539 2735 meritis
565 2697 608 2734 et
635 2689 852 2744 precibus,
878 2686 984 2729 indi-

163 2751 414 2803 gnationem
431 2755 551 2792 tuam
570 2761 596 2790 a
613 2745 806 2800 peccatis
824 2743 986 2786 nostris

1025 321 1189 369 averte3
1221 323 1264 360 et
1291 318 1335 359 in
1361 322 1527 369 gentes,
1561 330 1659 370 quae
1685 321 1730 358 te
1757 328 1845 357 non

1026 377 1333 426 cognoverunt,
1355 375 1556 416 timorem
1577 373 1763 414 nominis
1782 372 1846 414 tui

1024 430 1234 482 benignus
1259 431 1454 472 immitte.
1492 431 1576 471 Per
1600 429 1844 470 Dominum.

1080 496 1118 528 ln
1152 497 1173 529 l.
1200 496 1305 529 Noct.
1333 496 1430 529 licet.
1462 496 1507 529 dc
1537 496 1670 537 Script.
1700 506 1841 529 occurs.

1253 566 1301 603 In
1326 566 1374 603 II.
1400 566 1617 604 Nocturno.

1327 631 1474 670 Lectio
1497 630 1546 669 iv.

1105 712 1113 717 ->
1144 691 1364 730 ranciscus
1390 688 1591 736 Solanus,
1625 686 1846 735 Montiliae,

1079 774 1086 784 -,
1097 752 1131 803 >⁵⁷:¹5
1159 745 1384 797 Hispaniae
1395 744 1573 786 Baetieae
1589 743 1766 796 oppido,
1781 744 1848 783 no·

1158 802 1236 844 bili
1255 803 1412 852 genere
1436 805 1578 849 natus,
1603 812 1653 841 ac
1671 798 1848 840 Domini

1028 860 1231 901 timerem
1246 858 1328 909 jam
1347 855 1447 898 inde
1462 869 1487 897 a
1500 860 1637 908 puero
1654 855 1847 903 edoctus,

1029 914 1290 968 Apostolico
1304 913 1482 962 muneri,
1499 911 1618 964 quod
1633 917 1724 953 erat
1738 913 1850 963 post-

1030 985 1081 1013 ea
1108 973 1408 1023 suscepturus,
1435 969 1478 1009 in
1506 981 1557 1009 ea
1583 970 1712 1009 aetate
1740 980 1849 1019 prae-

1028 1029 1140 1069 lusit.
1182 1027 1296 1068 Nam
1323 1023 1648 1076 condiscipulos
1676 1029 1719 1065 et
1746 1028 1850 1064 natu

1028 1086 1215 1137 majores
1236 1082 1404 1125 ardenti
1423 1081 1620 1123 oratione
1640 1079 1696 1121 ad
1715 1079 1850 1132 poeni-

1029 1142 1210 1183 tentiam
1235 1139 1419 1188 hortari,
1446 1136 1709 1179 dissidentes
1735 1148 1849 1176 com·

1029 1200 1206 1251 ponere,
1231 1209 1301 1238 res
1326 1195 1536 1236 humanas
1562 1194 1850 1239 contemnere,

1031 1255 1200 1297 divinas
1220 1252 1335 1294 serio
1353 1250 1555 1293 meditari
1574 1249 1727 1290 solitus
1747 1253 1850 1289 erat.

1032 1310 1303 1352 Adolescens
1339 1309 1383 1349 in
1418 1306 1615 1349 ordinem
1650 1305 1850 1346 Fratrum

1031 1368 1248 1421 Minorum
1264 1364 1587 1407 observantium
1606 1374 1763 1403 nomen
1781 1359 1851 1402 de-

1033 1424 1112 1475 dit,
1131 1424 1175 1464 in
1195 1425 1334 1475 eoque
1352 1420 1584 1474 asperioris
1601 1417 1852 1469 disciplinae,

1032 1479 1304 1528 humilitatis,
1345 1491 1396 1519 ac
1429 1475 1605 1530 pietatis
1642 1473 1851 1525 exemplis

1034 1537 1185 1579 oculos
1210 1535 1401 1577 omnium
1425 1533 1481 1574 ad
1505 1544 1552 1573 se
1575 1531 1747 1572 trahere
1768 1541 1851 1570 coe-

1033 1595 1109 1647 pit.
1145 1592 1351 1634 Lectulus
1374 1590 1436 1631 illi
1459 1590 1683 1641 juncorum
1702 1590 1852 1634 strues,

1033 1664 1114 1704 pro
1140 1649 1314 1691 indusio
1340 1646 1535 1694 cilicium,
1563 1643 1683 1696 quod
1701 1641 1854 1693 grandi

1035 1709 1135 1749 fune
1158 1707 1219 1748 ita
1238 1703 1488 1755 stringebat,
1513 1706 1561 1742 ut
1582 1701 1719 1741 latera
1739 1700 1853 1739 acer-

1035 1765 1142 1806 rime
1157 1761 1450 1805 discruciaret.
1474 1758 1620 1799 Noctu
1636 1768 1682 1797 se
1698 1754 1855 1804 flagris,

1036 1826 1079 1863 et
1099 1819 1262 1862 catenis
1282 1815 1490 1864 caedebat,
1511 1814 1604 1855 dies
1624 1811 1722 1853 anni
1741 1823 1854 1852 com—

1034 1878 1183 1931 plures
1206 1886 1319 1928 pane
1341 1876 1519 1920 tantum,
1543 1874 1586 1911 et
1605 1880 1718 1919 aqua
1736 1866 1854 1908 victi-

1034 1933 1160 1982 tavit3
1177 1942 1311 1983 seque
1327 1925 1560 1979 aliquando
1575 1925 1617 1966 in
1634 1923 1854 1976 spinarum

1035 1991 1192 2031 acervo
1234 1984 1398 2027 nudum
1433 1981 1635 2035 projecit,
1678 1979 1855 2020 beatum

1035 2046 1316 2087 Franciscum
1338 2040 1541 2087 imitatus,
1567 2041 1614 2078 ut
1639 2047 1791 2077 sensus
1811 2046 1854 2074 o-

971 2147 974 2148 γ
1035 2101 1146 2145 mnis
1164 2097 1373 2152 patientia
1393 2093 1558 2136 doloris
1576 2091 1854 2142 frangeretur.

1036 2159 1087 2199 In
1106 2155 1241 2198 sacris
1261 2158 1404 2195 autem
1420 2147 1702 2192 concionibus
1718 2147 1855 2198 ipsius

1036 2214 1192 2257 caritas
1215 2210 1402 2252 maxime
1422 2206 1591 2262 enituit,
1617 2216 1701 2256 qua
1724 2201 1853 2255 pluri-

1033 2283 1131 2312 mos
1152 2267 1325 2311 Christo
1341 2263 1564 2307 lucrifecit.

1090 2335 1140 2384 152.
1162 2328 1409 2370 Honestum
1427 2323 1541 2366 fecit.

1346 2393 1495 2433 Lectio
1518 2406 1553 2431 v.

1122 2457 1338 2501 estilentia
1354 2467 1434 2508 per
1449 2452 1658 2495 Baeticam
1677 2447 1853 2489 saevien-

1143 2521 1203 2564 te,
1227 2513 1284 2556 ad
1308 2515 1496 2565 corpora
1521 2506 1648 2549 simul
1670 2503 1852 2566 animas-

1037 2586 1122 2626 que
1146 2568 1360 2614 curandas
1388 2579 1434 2609 se
1460 2569 1601 2608 totum
1627 2561 1853 2621 conver-tlt,

1038 2635 1080 2671 et
1101 2629 1196 2681 ipse
1223 2626 1294 2667 lue
1319 2621 1492 2665 mortali
1515 2617 1690 2662 tandem
1713 2612 1851 2666 imph-

1037 2688 1172 2735 catus,
1192 2696 1243 2724 ac
1257 2681 1340 2723 Dei
1358 2691 1486 2720 manu
1506 2689 1529 2717 e
1548 2671 1742 2727 periculo
1763 2670 1851 2711 ere-

1036 2747 1158 2795 ptus,
1195 2740 1238 2780 in
1268 2735 1452 2790 pristino
1482 2728 1718 2773 ministerio
1753 2737 1851 2767 con-
