2040 2976
396 204 464 236 Dic
486 204 537 235 24.
562 202 661 244 Muji.
699 202 739 235 B.
766 202 811 235 M.
831 202 872 235 V.
896 202 966 235 sub
989 201 1101 234 titulo
1128 199 1325 233 Auxilium
1349 198 1670 232 Christianorum.

385 325 446 366 In
473 325 510 366 1.
530 325 783 376 vesperis.

481 398 694 448 Hymnus.

172 465 340 525 sjssssaepe
368 461 473 503 dum
498 461 658 503 Christi
688 462 880 514 populus
909 475 1002 503 cru-

203 557 206 558 .
484 517 596 559 entis

221 574 376 615 Hostis
396 574 552 615 infensi
571 577 845 627 premeretur
860 575 1003 624 armis,

222 631 356 672 Venit
375 630 565 683 adjutrix
583 631 658 684 pia
676 632 816 683 Virgo
835 632 950 673 coelo

325 687 472 740 Lapsa
493 689 660 729 sereno.

171 771 318 812 Prisca
335 770 398 811 sic
413 770 594 812 Patrum
608 771 894 811 monumenta
908 783 1002 810 nar-

483 832 590 876 rant,

222 883 410 936 Templa
429 886 647 925 testantur
668 883 822 935 spoliis
845 882 1003 935 opimis

225 940 368 988 Clara,
393 942 544 981 votivo
569 942 757 992 repetita
781 939 901 980 cultu

326 997 460 1038 Festa
480 996 725 1048 quotannis.

169 1080 238 1119 En
258 1078 361 1119 novi
379 1083 527 1128 grates
546 1078 677 1119 liceat
694 1078 847 1119 Mariae

224 1135 393 1176 Cantici
412 1135 526 1176 laetis
545 1134 736 1176 modulis
755 1135 919 1176 referre

221 1191 307 1232 Pro
319 1191 446 1232 novis
457 1191 596 1241 donis,
605 1194 840 1232 resonante
847 1191 1005 1243 plausu

326 1247 459 1289 Urbis
480 1252 523 1289 et
543 1247 686 1289 Orbis.

171 1325 238 1367 Oh
258 1324 353 1367 dies
372 1325 487 1375 felix,
506 1325 795 1367 memoranda
814 1326 947 1376 fastis,

223 1383 319 1432 Qua
334 1383 454 1424 Petri
469 1381 608 1424 Sedes
627 1382 733 1424 fidei
746 1386 1005 1434 magistrum

221 1439 367 1480 Triste
417 1444 522 1491 post
569 1439 756 1480 lustrum
795 1439 1004 1481 reducem

483 1496 613 1538 beata

325 1552 453 1594 Sorte
472 1553 657 1605 recepit!

172 1634 374 1684 Virgines
395 1640 542 1683 castae,
561 1638 776 1687 puerique
795 1636 905 1688 puri,

224 1690 430 1732 Gestiens
490 1691 653 1742 clerus,
719 1693 1004 1745 populusque

483 1754 611 1798 grato

222 1803 368 1845 Corde
387 1804 570 1855 Reginae
591 1805 816 1847 celebrare
836 1805 940 1848 coeli
1003 1836 1008 1840 -

327 1860 510 1902 Munera
529 1867 709 1904 certent.

173 1942 401 1993 Virginum
420 1944 571 1995 Virgo,
591 1944 826 1987 benedicta
846 1945 871 1986 J
874 1958 952 1987 esu

224 2110 283 2152 Ut
297 2124 475 2163 gregem
484 2071 647 2156 Cljldlsltltgr
661 2114 765 2155 Pius
781 2114 838 2156 ad
849 2114 1002 2156 salutis

327 2168 498 2211 Pascua
517 2170 659 2213 ducat.

171 2245 234 2286 Te
258 2258 339 2298 per
363 2250 552 2290 aeternos
571 2252 829 2292 veneremur
853 2263 1003 2300 annOS,

223 2302 434 2353 Trinitas,
506 2318 676 2347 summo
739 2306 1003 2348 celebranda

481 2361 653 2413 plausu:

222 2415 287 2456 Te
315 2415 404 2458 fide
431 2423 618 2467 mentes,
647 2423 896 2473 resonoque
923 2421 1000 2462 lin-

482 2486 582 2524 guae

328 2530 531 2572 Carmine
550 2531 739 2574 laudent.
772 2534 925 2575 Amen.

225 2599 275 2651 Y·
295 2610 490 2659 Dignare
508 2622 578 2651 me
597 2609 779 2651 laudare
798 2616 842 2652 te
862 2612 1001 2663 Virgo

171 2669 354 2708 sacrata.
389 2662 439 2713 R*-
465 2667 534 2708 Da
554 2666 659 2707 mihi
676 2666 882 2708 virtatem
903 2681 1002 2709 con-

170 2728 238 2764 tra
260 2723 412 2765 hostes
432 2728 544 2765 tuos.

1113 305 1183 346 Ad
1217 304 1391 354 Magnis.
1446 305 1546 345 Ant.
1600 303 1716 343 Ecce
1750 301 1890 343 Maria

1055 358 1149 395 erat
1173 367 1275 406 spes
1300 360 1469 406 nostra,
1498 355 1555 397 ad
1581 368 1713 408 quam
1740 357 1888 399 confu-

1055 410 1196 461 gimus
1215 411 1259 451 in
1275 411 1494 462 auxilium,
1513 418 1562 454 ut
1574 412 1783 455 liberaret
1797 426 1889 462 nos

1056 471 1100 508 et
1117 467 1238 508 venit
1260 467 1304 508 in
1324 467 1589 519 adjutorium
1607 468 1746 511 nobis.

1396 535 1561 577 Oratio.

1140 595 1392 646 mnipotens
1417 599 1461 636 et
1483 594 1735 636 misericors
1757 595 1891 646 Deus,

1161 650 1235 702 qui
1285 649 1342 691 ad
1389 649 1692 692 defensionem
1737 651 1892 704 populi

1057 705 1283 747 christiani
1324 707 1368 747 in
1411 706 1666 748 beatissima
1709 708 1891 759 Virgine

1057 762 1195 804 Maria
1227 764 1493 815 perpetuum
1526 763 1735 805 auxilium
1764 764 1891 805 mira-

1056 818 1202 861 biliter
1223 820 1504 861 constituisti:
1528 820 1724 862 concede
1743 823 1891 874 propi-

1057 876 1160 926 tius;
1187 882 1236 918 ut
1261 876 1339 918 tali
1363 876 1575 929 praesidio
1603 877 1774 926 muniti,
1803 889 1892 918 cer-

1057 934 1203 974 tantes
1226 933 1270 974 in
1294 933 1401 983 vita,
1429 933 1660 975 victoriam
1685 933 1740 974 de
1762 933 1892 976 hoste

1057 988 1251 1041 maligno
1307 991 1519 1042 consequi
1571 990 1796 1032 valeamus
1848 989 1893 1031 in

1058 1051 1212 1087 morte.
1252 1047 1337 1087 Per
1362 1047 1612 1088 Dominum.

1219 1144 1307 1184 Ad
1339 1144 1728 1185 matutinum.

1109 1221 1235 1262 Invit.
1279 1220 1438 1261 Sancta
1465 1219 1619 1269 Maria,
1651 1219 1736 1261 Dei
1764 1219 1892 1261 Geni-

1057 1276 1144 1318 trix
1163 1276 1321 1328 Virgo,
1341 1281 1364 1304 *
1388 1276 1622 1318 Intercede
1646 1289 1728 1328 pro
1753 1275 1893 1318 nobis.

1109 1347 1177 1387 Ps.
1206 1347 1370 1396 Venite,
1391 1345 1672 1388 exsultemus.
1690 1347 1728 1387 2.

1110 1419 1324 1471 Hymnus.
1353 1415 1481 1468 Saepe
1501 1415 1618 1457 dum.
1640 1422 1851 1470 utsupra.

1110 1487 1154 1521 In
1182 1487 1209 1521 I.
1238 1487 1439 1522 Nocturno
1470 1486 1676 1522 Lectiones
1715 1486 1800 1530 Ego
1833 1496 1894 1521 sa-

1056 1534 1215 1578 pientia.
1241 1534 1332 1578 [137]

1289 1612 1338 1651 In
1362 1612 1413 1651 11.
1438 1611 1663 1651 Nocturno.

1080 1683 1231 1724 Sermo
1261 1682 1401 1723 sancti
1428 1681 1643 1724 Bernardi
1669 1681 1871 1724 Abbatis.

1190 1746 1249 1780 Ex
1274 1745 1458 1781 Sermone
1484 1746 1531 1780 de
1558 1746 1599 1780 12
1623 1746 1765 1782 Stellis.

1362 1818 1515 1859 Lectio
1535 1817 1589 1858 iv.

1062 1902 1081 1920 n
1103 1877 1467 1936 «Jagqehmnemter
1519 1876 1699 1928 quidem
1745 1877 1892 1927 nobis,

1176 1933 1202 1967 δέ
1232 1934 1524 1984 dilectissimi,
1578 1934 1645 1975 vir
1689 1947 1802 1975 unus
1847 1939 1893 1976 et

1071 1934 1094 1964 *gu

1070 1963 1086 2006 ζ,
1103 1983 1112 1990 r
1141 1970 1143 1973 ,
1161 1964 1210 2000 ³7?

223 1999 380 2049 Mater,
408 1999 505 2042 haec
528 2014 639 2052 auge
658 2001 790 2052 bona;
818 2002 887 2043 fac
905 2015 1002 2054 pre·
1067 1990 1127 2016 ’·
1165 2013 1199 2015 ”
1231 1991 1388 2032 mlfflel‘
1429 2003 1515 2031 una
1555 1992 1763 2031 nocuere:
1813 1989 1893 2032 sed

1057 2047 1223 2097 gratias
1251 2047 1365 2095 Deo,
1402 2059 1483 2104 per
1514 2060 1651 2087 unum
1678 2045 1891 2087 nihilomi-

1058 2116 1140 2144 nus
1175 2103 1317 2144 virum
1351 2108 1395 2145 et
1428 2102 1656 2144 mulierem
1687 2116 1818 2144 unam
1848 2105 1892 2144 o-

1057 2160 1176 2201 mnia
1209 2162 1527 2209 restaurantur,
1564 2173 1647 2201 nec
1680 2159 1773 2201 sine
1803 2170 1892 2200 ma-

1058 2230 1145 2267 gno
1166 2217 1336 2258 foenore
1356 2216 1607 2267 gratiarum.
1635 2216 1692 2258 Et
1713 2215 1892 2269 quidem

1059 2272 1262 2315 sufficere
1293 2275 1471 2326 poterat
1507 2273 1720 2315 Christus:
1760 2273 1890 2325 siqui-

1058 2328 1159 2371 dem
1180 2335 1223 2372 et
1242 2343 1357 2371 nunc
1377 2330 1518 2371 omnis
1539 2329 1801 2371 sufficientia
1816 2342 1891 2371 no·

1058 2391 1149 2428 stra
1177 2399 1231 2428 ex
1261 2399 1314 2428 eo
1344 2391 1425 2428 est:
1459 2386 1538 2428 sed
1570 2385 1698 2427 nobis
1726 2385 1892 2428 bonum

1058 2455 1145 2484 non
1192 2448 1286 2485 erat
1332 2456 1429 2484 esse
1475 2443 1699 2484 hominem
1736 2441 1890 2484 solum.

1059 2499 1312 2550 Congruum
1348 2500 1487 2551 magis
1519 2505 1568 2541 ut
1605 2498 1782 2540 adesset
1814 2510 1889 2539 no-

1058 2561 1162 2597 strae
1208 2556 1476 2608 reparationi
1523 2568 1654 2597 sexus
1693 2557 1890 2607 uterque.

1056 2613 1081 2653 J
1084 2626 1154 2654 am
1176 2615 1325 2665 itaque
1349 2625 1430 2654 nec
1455 2613 1552 2665 ipsa
1579 2612 1736 2653 mulier
1759 2611 1889 2653 bene-

1057 2669 1175 2711 dicta
1198 2670 1243 2710 in
1266 2669 1521 2711 mulieribus
1540 2669 1762 2710 videbitur
1781 2668 1888 2709 otio-

1057 2738 1119 2766 sa:
1143 2725 1388 2767 invenietur
1414 2724 1621 2777 equidem
1645 2725 1769 2766 locus
1796 2724 1887 2776 ejus

2033 641 2040 682 1
