2040 2976
408 196 479 230 Dic
504 198 536 229 8.
564 196 659 237 Aug.

246 292 320 326 I'ro
345 292 380 325 S.
405 291 569 330 Donato,
594 292 721 333 Episc.
748 296 784 325 et
808 291 915 325 Mart.

466 348 619 388 Lectio
639 348 691 387 ix.

173 418 246 485 fg)
258 407 427 454 enatus,
448 404 704 457 parentibus
720 409 906 457 propter
923 405 948 445 J
952 417 990 445 e-

169 438 250 508 la’)
281 476 331 503 su
366 461 527 504 Christi
564 461 698 503 fidem
733 461 990 507 interfectis,

162 519 385 560 Arretium
419 518 462 558 in
491 518 712 560 Etri'iriam
746 531 846 559 cum
874 517 990 558 Hila-

163 577 258 616 rino
283 574 500 617 monacho
525 587 579 616 ex
603 574 705 625 fuga
725 587 772 616 se
792 574 992 618 contulit:

163 633 283 683 cujus
309 632 441 673 etiam
466 631 586 673 urbis
612 633 848 683 episcopus
873 633 991 672 crea-

161 694 232 729 tus
261 694 338 730 est.
392 687 478 730 Ubi
511 701 610 729 cum
638 701 663 729 a
691 687 990 738 Quadratiano

161 745 374 797 praefecto
411 745 454 785 in
486 744 647 785 Juliani
683 744 990 796 persecutiene

162 803 348 853 uterque
379 800 498 843 idola
529 801 727 842 venerari
759 800 991 852 juberetur,

163 857 423 907 negantibus
455 857 539 898 illis
575 870 623 899 se
655 862 745 898 tam
776 856 991 897 nefarium

164 913 307 955 scelus
337 914 667 962 commissuros,
698 912 920 954 Hilarinus
947 913 991 954 in

163 970 302 1011 oculis
339 968 625 1020 Quadratiani
662 968 830 1011 tamdiu
869 969 990 1010 fasti-

162 1026 245 1067 bus
274 1039 415 1068 caesus
449 1031 530 1076 est,
564 1026 669 1067 dum
700 1025 871 1067 efflaret
905 1026 990 1067 ani-

162 1095 293 1124 mam:
311 1083 513 1124 Donatus
532 1082 813 1124 vehementer
834 1087 877 1124 et
895 1082 991 1134 ipse

163 1139 399 1189 cruciatus,
443 1138 592 1190 gladio
635 1142 872 1191 percassus
913 1145 991 1181 est.

163 1196 359 1245 Quorum
412 1198 603 1248 corpora
653 1209 678 1237 a
729 1195 990 1237 Christianis

162 1264 303 1304 prope
337 1264 433 1293 eam
467 1251 621 1293 urbem
654 1251 898 1294 honorifice
926 1265 989 1294 se-

161 1307 284 1359 palta
303 1313 414 1349 sunt.
469 1311 531 1350 Te
550 1308 704 1350 Deum.
724 1309 782 1349 13.

216 1371 287 1413 Ad
313 1370 474 1412 Bened.
508 1372 607 1412 Ant.
640 1369 788 1411 Nolite
813 1370 990 1412 solliciti
1047 1347 1049 1397 ἶ

163 1437 275 1473 esse,
314 1425 524 1468 dicentes:
561 1426 677 1477 Quid
708 1426 988 1470 manducabi-

160 1494 272 1531 muS‚
296 1487 371 1524 aut
391 1483 496 1534 quid
515 1482 738 1525 bibemus?
765 1484 855 1525 Scit
875 1485 989 1526 enim

160 1538 290 1579 Pater
301 1543 459 1588 vester,
471 1538 576 1592 quid
587 1540 714 1581 vobis
725 1541 907 1582 necesse
923 1542 989 1582 sit.

215 1603 262 1636 Et
287 1603 326 1637 fit
352 1613 547 1637 commem.
573 1603 607 1637 S.
632 1603 785 1638 Donati.

216 1655 315 1695 Ant.
350 1652 433 1704 Qui
463 1650 558 1693 odit
583 1653 772 1694 animam
798 1666 922 1694 suam
947 1654 990 1694 in

160 1707 246 1748 hoc
264 1706 445 1757 mundo,
472 1709 515 1749 in
535 1709 670 1750 vitam
690 1711 900 1750 aeternam
920 1723 989 1751 cu-

161 1763 299 1805 stodit
317 1777 423 1805 eam.

207 1823 256 1875 V.
269 1825 420 1866 Justus
430 1831 478 1867 ut
490 1826 635 1878 palma
646 1827 830 1868 florebit.
850 1829 901 1880 lx’g.
909 1827 991 1869 Sic-

162 1885 207 1922 ut
228 1881 385 1923 cedrus
405 1882 559 1924 Libani
579 1883 951 1936 multiplicabitur.

217 1944 381 1985 Oratio,
412 1945 531 1985 Deus
549 1946 736 1986 tuorum.
760 1946 856 1986 484.

366 2015 427 2056 In
445 2016 508 2058 11.
527 2017 781 2068 vesperis.

218 2075 289 2116 Ad
321 2076 493 2125 Magnis.
537 2079 636 2117 Ant.
680 2075 871 2128 Quaerite
904 2076 989 2129 pri·

163 2140 281 2168 mum
300 2140 481 2178 regnum
495 2130 578 2172 Dei
598 2136 641 2173 et
660 2132 868 2184 justitiam
888 2133 989 2184 ejus,

164 2188 207 2225 et
226 2183 322 2225 haec
342 2186 487 2227 omnia
506 2187 760 2239 adjicientur
780 2188 918 2231 vobis.

218 2243 263 2278 Et
288 2245 327 2278 fit
352 2255 536 2280 commem
561 2258 666 2291 sequ.

400 2324 483 2366 Die
502 2327 540 2365 8.
560 2327 757 2377 Augusti.

116 2403 118 2406 ·
164 2386 233 2428 Ss.
252 2387 636 2478 cyriaciMLargi
660 2396 703 2430 et
724 2391 989 2442 smaragdi

458 2458 481 2476 .=
503 2450 549 2477 ar
574 2452 705 2481 vrum.

451 2484 711 2543 Semiduplex.

219 2551 357 2585 Omnia
390 2551 436 2585 de
468 2551 671 2587 Communi
701 2555 852 2597 plurim.
882 2558 989 2594 Mart.

164 2598 233 2643 [35]
260 2604 402 2642 praeter
427 2601 637 2643 sequentia.

216 2653 317 2692 Ant.
355 2652 545 2693 Isterum
573 2658 641 2694 est
668 2654 782 2695 enim
810 2667 990 2705 regnum

165 2707 392 2757 coelerum,
430 2709 502 2761 qui
540 2712 899 2763 contempserunt
931 2713 989 2754 vi·

708 196 763 229 ss.
790 195 955 239 Cyriaci,
980 196 1095 238 Largi
1120 201 1156 230 et
1180 196 1383 238 Smaragdi
1408 195 1628 239 Martyrum.

1044 296 1133 332 tam
1148 290 1311 340 mundi,
1329 295 1373 332 et
1387 291 1682 343 pervenerunt
1696 289 1753 331 ad
1767 291 1876 342 prae-

1044 347 1131 388 mia
1156 347 1293 397 regni,
1320 353 1363 389 et
1388 347 1590 388 laverunt
1614 346 1751 388 stolas
1775 359 1877 388 suas

1044 405 1087 445 in
1106 403 1316 454 sanguine
1335 403 1462 453 Agni.

1102 456 1150 508 W.
1173 459 1407 502 Laetamini
1432 460 1476 500 in
1495 459 1706 509 Domino,
1735 464 1780 500 et
1805 471 1875 501 ex—

1045 517 1206 558 sultate
1234 517 1345 568 justi.
1394 518 1444 569 Ra
1472 516 1529 557 Et
1557 515 1805 566 gloriamini
1833 528 1877 558 0-

1044 586 1168 615 mnes
1188 573 1297 614 recti
1317 572 1462 614 eorde.

1383 634 1548 675 Oratio.

1138 698 1229 735 eus,
1258 686 1332 738 qui
1355 698 1435 727 nos
1458 687 1601 726 annua
1625 687 1877 726 sanctorum

1154 742 1396 794 Martyrum
1454 743 1632 783 tuorum
1687 741 1877 793 Cyriaci‚

1044 799 1175 849 Largi
1195 804 1238 840 et
1258 798 1488 850 Smaragdi
1507 798 1785 840 solemnitate
1803 798 1875 840 lae·

1044 855 1201 897 tificas:
1221 855 1418 897 concede
1437 854 1675 908 propitius3
1701 859 1750 896 ut
1770 867 1876 906 quo-

1044 925 1141 953 rum
1183 912 1379 954 natalitia
1417 911 1621 960 malimus,
1668 911 1877 953 virtutem

1045 980 1222 1020 quoque
1254 968 1475 1020 passienis
1506 967 1737 1009 imitemur.
1791 967 1877 1008 Per

1043 1025 1284 1066 Deminum
1303 1029 1513 1066 nostrum.

1099 1087 1143 1121 In
1174 1087 1202 1122 Ι.
1233 1087 1434 1122 Nocturno
1466 1087 1671 1123 Lectiones
1705 1089 1752 1124 de
1781 1089 1879 1124 Scri-

1048 1139 1161 1179 ptura
1186 1140 1420 1171 occurrente.

1277 1193 1327 1232 In
1351 1193 1402 1231 ΙΙ.
1428 1192 1652 1232 Nocturno.

1350 1248 1504 1290 Lectio
1524 1249 1577 1289 iv.

1050 1307 1088 1353 ³22]
1100 1307 1147 1349 »μς
1159 1303 1334 1354 yriacus
1349 1301 1573 1352 diaeonus,
1592 1314 1692 1343 cum
1706 1302 1876 1351 Sisinio,

1054 1409 1059 1415 ¹
1087 1350 1154 1416 Q'J'T
1176 1358 1339 1409 Largo,
1366 1362 1411 1400 et
1438 1358 1681 1410 Smaragdo
1711 1358 1877 1402 diatius

1050 1409 1153 1439 *2³³2
1176 1415 1372 1457 inclasus
1416 1415 1461 1456 in
1498 1418 1693 1466 carcere,
1738 1416 1875 1458 multa

1044 1471 1182 1513 edidit
1205 1472 1433 1522 miracula,
1461 1473 1506 1513 in
1532 1472 1691 1525 quibus
1717 1473 1874 1515 Arthe-

1042 1529 1175 1569 miam
1203 1529 1470 1570 Diocletiani
1502 1529 1638 1570 filiam
1669 1530 1876 1583 precibus

1043 1598 1069 1626 a
1089 1584 1292 1627 daemone
1310 1585 1532 1628 liberavit:
1549 1586 1800 1639 missasque
1819 1587 1876 1629 ad

1043 1642 1257 1694 Saporem
1271 1642 1505 1683 Persarum
1521 1655 1683 1693 regem,
1701 1643 1723 1684 J
1729 1643 1876 1685 obiam

1043 1699 1175 1740 etiam
1201 1699 1292 1750 ejus
1317 1698 1453 1740 filiam
1477 1711 1502 1740 a
1525 1699 1694 1741 nefario
1718 1701 1875 1753 spiritu

1043 1755 1215 1807 eripuit.
1248 1755 1372 1806 Rege
1391 1767 1498 1797 vero
1518 1756 1611 1807 ejus
1630 1761 1757 1809 patre
1776 1770 1876 1799 cum

1044 1810 1374 1863 quadringentis
1399 1824 1452 1854 ac
1476 1812 1655 1863 triginta
1681 1813 1778 1855 aliis
1801 1813 1874 1855 ba-

1043 1868 1222 1920 ptizatis
1248 1869 1437 1911 Romam
1463 1869 1609 1911 rediit:
1638 1869 1715 1912 ubi
1739 1870 1873 1912 Maxi-

1042 1924 1176 1966 miani
1208 1925 1490 1978 imperatoris
1522 1927 1643 1978 jussu
1677 1939 1874 1980 compre-

1042 1981 1222 2031 hensus,
1252 1982 1419 2024 catenis
1447 1982 1622 2025 vinctus
1649 1989 1751 2026 ante
1779 1983 1874 2026 rhe-

1043 2037 1144 2079 dam
1176 2051 1300 2080 suam
1331 2038 1536 2081 trahitur:
1569 2044 1613 2082 et
1644 2045 1750 2093 post
1778 2040 1874 2083 dies

1043 2096 1232 2146 quatuor
1267 2107 1291 2137 e
1325 2097 1505 2138 carcere
1537 2095 1742 2148 eductuS,
1774 2097 1874 2151 pice

1041 2151 1208 2203 liquata
1226 2151 1448 2204 perfflsus,
1478 2157 1521 2194 et
1544 2153 1587 2194 in
1612 2156 1783 2196 catasta
1802 2167 1872 2196 ex-

1041 2209 1203 2258 tensus,
1223 2206 1401 2250 demum
1417 2221 1517 2251 cum
1530 2209 1676 2261 Largo
1696 2215 1740 2252 et
1754 2211 1872 2253 Sma-

1041 2263 1196 2314 ragdo‚
1226 2264 1411 2317 aliisque
1436 2266 1589 2317 viginti
1616 2267 1760 2309 securi
1777 2281 1873 2321 per-

1042 2324 1198 2362 cussus
1226 2326 1294 2364 est
1322 2322 1393 2364 via
1417 2322 1604 2373 Salaria,
1633 2322 1691 2366 ad
1718 2324 1874 2367 hortos

1041 2376 1342 2420 Sallustianos.
1388 2379 1585 2430 Quorum
1613 2382 1804 2434 cerpora
1829 2381 1873 2422 in

1042 2433 1197 2475 eadem
1215 2435 1296 2485 via,
1316 2435 1489 2478 decimo
1510 2437 1700 2490 septimo
1715 2438 1873 2480 Kalen-

1042 2489 1122 2532 das
1137 2491 1314 2543 Aprilis,
1336 2493 1510 2545 sepiilta
1529 2507 1555 2535 a
1568 2494 1593 2535 J
1596 2496 1739 2536 oanne
1754 2507 1873 2547 pres-

1042 2546 1213 2599 bytero,
1232 2550 1390 2601 postea
1411 2555 1538 2592 sexto
1557 2549 1664 2592 Idus
1683 2551 1875 2602 Augnsti

1042 2615 1067 2644 a
1104 2603 1314 2647 Marcello
1351 2605 1584 2657 Pontifice‚
1629 2612 1673 2649 et
1707 2608 1874 2650 Lucina

1043 2659 1179 2701 nebili
1203 2661 1363 2704 femina
1387 2663 1513 2705 lineis
1532 2664 1641 2705 velis
1665 2664 1872 2714 involata‚

1044 2721 1086 2757 et
1112 2717 1318 2769 pretiosis
1344 2720 1578 2770 unguentis
1606 2721 1802 2772 condita,
1830 2721 1873 2762 in
