2040 2976
675 202 785 236 Fcria
812 202 943 245 quinta
970 202 1019 236 ad
1044 202 1279 238 Matutinum.
1789 203 1833 238 73

173 301 332 342 Parcet
372 300 558 353 pauperi
596 305 639 342 et
674 300 812 352 inopi:
848 301 872 327 *
910 304 953 341 et

123 358 291 399 animas
319 360 564 410 pauperum
591 357 736 398 salvas
765 356 906 398 faciet.

173 415 241 455 Ex
267 414 414 455 usuris
441 418 485 456 et
509 413 740 466 iniquitate
766 412 953 455 redimet

124 471 291 512 animas
333 473 500 512 eerum:
541 472 564 498 *
606 475 650 512 et
691 469 952 511 honorabile

122 540 283 569 nomen
313 529 466 569 eerum
493 540 643 569 coram
669 526 758 568 illo.

174 584 231 625 Et
258 584 388 634 vivet,
417 589 461 626 et
488 583 666 625 dabitur
691 583 731 624 ei
759 582 814 624 de
843 595 950 624 auro

123 640 313 691 Arabiae,
329 645 373 682 et
388 640 634 682 adorabunt
652 639 708 681 de
726 639 825 692 ipso
843 652 951 681 sem-

122 710 217 749 per:
245 698 270 724 *
296 701 391 738 tota
419 696 490 739 die
517 695 781 738 benedicent
809 696 859 737 ei.

168 754 226 795 Et
249 753 332 795 erit
354 754 677 794 firmamentum
703 753 748 793 in
771 757 890 794 terra
908 753 952 793 in

123 811 304 851 summis
329 811 556 860 mentium,
581 809 952 862 superextolletur

123 879 255 919 super
282 866 498 908 Libanum
524 867 692 908 fructus
722 867 829 918 ejus:
856 868 880 894 *
909 871 952 908 et

123 923 343 980 florebunt
369 923 425 966 de
449 924 628 966 civitate
654 923 768 964 sicut
786 923 952 965 foenum

122 984 265 1022 terrae.
345 1013 349 1016 ,

174 1037 240 1079 Sit
273 1050 433 1080 nomen
468 1039 558 1090 ejus
590 1037 874 1080 benedictum
908 1037 951 1077 in

124 1093 300 1136 saecula:
341 1096 365 1122 *
404 1099 506 1136 ante
547 1095 686 1136 solem
724 1096 952 1147 permanet

123 1163 284 1193 nomen
312 1152 415 1203 ejus.

174 1208 232 1249 Et
255 1207 572 1250 benedicentur
600 1208 644 1249 in
670 1208 768 1261 ipso
799 1219 952 1249 omnes

122 1263 265 1306 tribus
287 1269 435 1306 terrae:
460 1266 484 1292 *
504 1277 657 1306 omnes
676 1265 842 1306 Gentes
864 1276 952 1304 ma-

123 1320 392 1372 gnificabunt
421 1334 530 1362 eum.

175 1376 443 1419 Benedictus
482 1377 698 1418 Deminus
733 1377 854 1418 Deus
890 1376 951 1416 Is—

123 1433 227 1483 rael,
254 1434 278 1461 *
306 1434 382 1486 qui
408 1434 513 1475 facit
540 1433 757 1475 mirabilia
785 1432 923 1474 solus:

176 1489 234 1531 Et
259 1489 542 1532 benedictum
568 1503 729 1532 nomen
752 1490 952 1542 majesta-

123 1546 181 1588 tis
219 1546 310 1598 ejus
342 1546 387 1587 in
419 1549 647 1589 aeternum:
679 1548 703 1574 *
737 1551 781 1588 et
813 1545 951 1598 reple-

123 1602 242 1645 bitur
267 1604 499 1656 maiestate
532 1605 623 1656 ejus
650 1603 792 1645 omnis
819 1607 952 1644 terra:

123 1659 216 1711 fiat,
243 1659 331 1702 fiat.

178 1726 277 1766 Ant.
297 1728 333 1767 E
341 1730 411 1767 sto
430 1725 537 1767 mihi
551 1725 741 1767 Demine
754 1726 800 1767 in
809 1726 953 1768 Deum

123 1784 434 1834 protectorem.

176 1844 276 1885 Ant.
318 1843 539 1886 Liberasti
567 1844 744 1896 virgam.

394 1923 593 1964 Psalmus
621 1923 683 1963 72.

126 1982 311 2106 Quam
338 1999 482 2042 bonus
509 2000 647 2041 Israel
673 2000 793 2042 Deus
821 2002 845 2029 *
872 2000 952 2051 his,

247 2057 322 2109 qui
349 2062 472 2099 recto
501 2061 603 2099 sunt
630 2057 779 2099 corde!

177 2113 264 2155 Mei
278 2118 426 2155 autem
435 2126 550 2167 pene
559 2114 670 2156 moti
684 2119 785 2155 sunt
800 2114 952 2167 pedes:

125 2170 149 2196 *
175 2181 289 2221 pene
317 2170 443 2212 effusi
470 2175 572 2212 sunt
599 2184 776 2223 gressus
803 2171 901 2213 mei.

178 2226 291 2276 Quia
310 2227 451 2268 zelavi
476 2240 608 2280 super
626 2227 814 2280 iniquos,
837 2229 861 2255 *
878 2240 952 2281 pa-

127 2294 223 2323 cem
249 2285 534 2335 peccaterum
562 2283 728 2326 videns.

179 2338 291 2389 Quia
325 2352 414 2381 non
450 2345 517 2382 est
555 2342 783 2393 respectus
819 2340 954 2382 morti

127 2396 294 2436 eerum:
313 2396 337 2423 *
357 2400 401 2437 et
420 2397 742 2438 firmamentum
761 2396 805 2437 in
823 2396 954 2449 plaga

127 2464 289 2493 eorum.

178 2508 230 2549 In
257 2507 410 2550 labere
437 2508 662 2551 heminum
688 2522 776 2551 non
800 2513 911 2559 sunt,
930 2511 954 2537 *

128 2569 173 2606 et
209 2577 308 2606 cum
343 2565 593 2608 hominibus
632 2579 722 2608 non
763 2566 953 2616 flagella-

127 2619 308 2663 blintur:

179 2677 288 2720 Ideo
304 2679 444 2720 tenuit
456 2691 532 2720 eos
547 2679 764 2731 superbia,
775 2680 799 2707 *
810 2680 954 2732 operti

129 2738 230 2776 sunt
246 2735 478 2787 iniquitate
498 2740 542 2777 et
560 2735 788 2788 impietate
807 2749 896 2778 sua.

282 2877 345 2902 Pars
362 2877 469 2903 AEstiva.

1057 299 1230 340 Prediit
1269 299 1395 351 quasi
1426 312 1480 340 ex
1513 299 1644 351 adipe
1678 299 1832 350 iniqui-

1004 359 1073 396 tas
1103 357 1271 397 eerum:
1304 357 1328 383 *
1355 356 1621 397 transierunt
1653 355 1697 396 in
1733 355 1832 396 affe-

1006 417 1126 453 ctum
1154 411 1310 454 cordis.

1058 468 1384 520 Cogitaverunt‚
1410 473 1453 510 et
1476 468 1614 510 locuti
1637 473 1738 510 sunt
1762 482 1832 510 ne-

1006 525 1202 577 quitiam:
1227 527 1251 553 *
1280 525 1558 577 iniquitatem
1585 526 1629 566 in
1659 526 1833 568 excelso

1004 581 1142 623 locuti
1170 586 1283 623 sunt.

1056 639 1306 681 Posuerunt
1328 638 1373 679 in
1392 638 1552 680 coelum
1578 652 1628 680 os
1648 653 1790 681 suum:
1810 641 1833 666 *

1006 701 1049 738 et
1067 696 1217 748 lingua
1239 698 1391 737 cerum
1412 696 1615 738 transivit
1638 697 1682 737 in
1706 702 1833 738 terra.

1056 753 1165 795 Ideo
1187 754 1468 794 convertetur
1492 753 1682 805 pepulus
1710 767 1833 795 meus

1004 810 1090 852 hic:
1114 811 1138 837 *
1162 814 1206 851 et
1231 809 1326 851 dies
1347 809 1467 862 pleni
1489 809 1765 851 invenientur
1790 810 1834 850 in

1006 880 1079 909 e1s.

1056 925 1113 966 Et
1128 923 1348 965 dixerunt:
1360 923 1594 974 Quemodo
1608 924 1691 966 scit
1702 925 1834 974 Deus,

1004 983 1028 1009 *
1058 986 1101 1022 et
1130 981 1167 1022 si
1196 985 1263 1022 est
1292 980 1475 1022 scientia
1503 980 1547 1021 in
1576 981 1773 1023 excelso?

1055 1038 1172 1079 Ecce
1204 1037 1289 1090 ipsi
1318 1040 1592 1090 peccateres,
1626 1043 1669 1079 et
1702 1037 1833 1079 abun-

1006 1094 1162 1136 dantes
1198 1094 1243 1137 in
1277 1094 1458 1145 saeculo,
1495 1097 1518 1123 *
1552 1095 1835 1137 obtinuerunt

1005 1151 1192 1193 divitias.

1056 1207 1113 1248 Et
1142 1207 1248 1249 dixi:
1285 1208 1403 1260 Ergo
1433 1208 1526 1249 sine
1555 1221 1687 1249 causa
1715 1208 1833 1260 justi-

1004 1263 1134 1305 ficavi
1162 1276 1238 1305 cor
1269 1277 1431 1315 meum,
1468 1265 1491 1290 *
1529 1270 1572 1306 et
1606 1265 1693 1306 lavi
1720 1265 1834 1306 inter

1004 1321 1261 1362 innocentes
1290 1334 1444 1362 manus
1471 1334 1606 1363 meas:

1056 1378 1113 1419 Et
1140 1377 1202 1418 fui
1229 1377 1476 1429 flagellatus
1504 1383 1599 1419 tota
1628 1377 1710 1427 die,
1738 1379 1762 1405 *
1790 1383 1834 1419 et

1005 1434 1238 1485 castigatio
1266 1447 1365 1476 mea
1392 1435 1436 1475 in
1463 1434 1701 1476 matutinis.

1056 1490 1102 1531 Si
1121 1490 1336 1532 dicebam:
1363 1491 1567 1533 Narrabo
1590 1491 1667 1532 sic:
1687 1493 1710 1518 *
1731 1503 1834 1532 6666

1004 1547 1228 1588 natienem
1259 1547 1452 1588 filierum
1478 1550 1654 1589 tuerum
1685 1560 1833 1600 repro·
1885 1593 1887 1595 ¹

1003 1603 1117 1645 bavi.

1056 1660 1376 1702 Existimabam
1425 1665 1473 1702 ut
1518 1663 1832 1712 cognescerem

1004 1716 1101 1767 hoc,
1129 1718 1152 1744 *
1180 1717 1306 1759 labor
1335 1722 1402 1759 est
1431 1722 1532 1759 ante
1558 1730 1645 1759 me:

1055 1774 1211 1816 Donec
1251 1774 1411 1816 intrem
1446 1774 1490 1815 in
1527 1774 1833 1816 Sanctuarium

1003 1830 1105 1872 Dei:
1127 1831 1150 1856 *
1173 1835 1217 1873 et
1245 1830 1485 1882 intelligam
1511 1831 1555 1872 in
1583 1831 1833 1872 novissimis

1005 1889 1168 1928 cerum.

1056 1943 1374 1985 Verumtamen
1396 1948 1580 1997 propter
1605 1944 1734 1986 dolos
1757 1957 1832 1996 po-

1005 2001 1133 2042 suisti
1151 2001 1228 2042 eis:
1247 2001 1271 2027 *
1292 2000 1490 2053 dejecisti
1510 2013 1586 2042 eos
1608 2001 1712 2043 dum
1732 2001 1832 2043 alle-

1005 2059 1221 2098 varentur.

1057 2113 1292 2164 Quemodo
1325 2114 1429 2156 facti
1462 2119 1563 2156 sunt
1590 2114 1635 2155 in
1663 2113 1831 2156 desola-

1005 2170 1181 2220 ti6nem,
1209 2169 1357 2212 subito
1391 2170 1658 2212 defecerunt:
1685 2171 1710 2197 *
1737 2183 1832 2223 per-

1004 2227 1148 2268 ierunt
1175 2231 1361 2279 propter
1392 2227 1670 2280 iniquitatem
1698 2240 1832 2268 suam.

1056 2283 1192 2325 Velut
1216 2284 1434 2325 samnium
1452 2284 1724 2336 surgentium
1745 2284 1831 2324 De-

1005 2340 1136 2390 mine‚
1164 2341 1188 2367 *
1215 2340 1260 2381 in
1287 2340 1467 2382 civitate
1495 2346 1571 2382 tua
1598 2340 1832 2392 imaginem

1005 2397 1204 2450 ipserum
1231 2397 1289 2439 ad
1315 2397 1498 2438 nihilum
1525 2396 1709 2448 rediges.

1059 2454 1172 2504 Quia
1180 2453 1497 2495 inflammatum
1508 2458 1575 2495 est
1590 2466 1666 2495 cor
1676 2465 1831 2502 meum,

1007 2515 1050 2552 et
1069 2523 1196 2552 renes
1215 2511 1302 2552 mei
1321 2510 1581 2552 commutati
1601 2514 1716 2551 sunt:
1739 2509 1762 2535 *
1788 2512 1831 2550 et

1007 2579 1089 2619 ego
1118 2566 1175 2608 ad
1201 2567 1384 2608 nihilum
1411 2567 1618 2609 redactus
1647 2579 1758 2615 sum,
1787 2569 1830 2606 et

1005 2636 1181 2665 nescivl.

1058 2680 1118 2722 Ut
1149 2681 1388 2732 iumentum
1414 2680 1556 2721 factus
1589 2692 1684 2720 sum
1711 2676 1830 2730 apud

1005 2741 1066 2778 te:
1093 2737 1118 2764 *
1146 2741 1190 2778 et
1218 2749 1299 2788 ego
1328 2749 1501 2788 semper
1527 2740 1683 2778 tecum.

1604 2867 1623 2898 6
