2040 2976
540 225 717 259 Officium
744 223 919 258 votivum
944 222 991 255 de
1016 222 1205 256 Passione
1230 222 1273 256 D.
1295 223 1340 256 N.
1362 223 1395 256 J.
1417 224 1455 255 C.

1760 214 1851 258 [221]

164 319 394 366 Accincta,
423 315 529 357 heu!
561 315 718 367 gladiis
744 314 875 356 turba
902 325 966 353 sa-

448 371 635 413 tellitum

216 429 453 481 Arreptum
497 427 735 469 D6minum
779 424 966 467 fustibus

448 484 631 536 impetit,

215 542 342 583 Nunc
358 541 491 583 caedit
506 539 716 592 colaphis,
735 551 850 580 nunc
866 549 967 590 qua-

448 597 502 638 tit
518 595 709 637 h6rridis

294 654 503 694 Divinum
523 656 656 704 caput
674 650 844 692 ictibus.

166 718 298 762 Haud
329 718 427 758 finis
464 716 637 758 sceleri:
673 715 862 758 traditur
893 717 967 755 im-

449 772 592 826 probo

218 829 419 871 Christus
460 828 671 878 carnifici;
715 840 797 869 nec
834 840 968 878 mora,

449 884 664 926 barbarus

216 942 268 983 In
299 954 447 994 regem
485 944 694 993 superum
725 953 813 982 non
845 940 969 981 timet

448 1009 584 1050 impio

185 1083 187 1087 Α
294 1054 418 1095 Ausu
436 1054 609 1094 vertere
628 1052 866 1094 dexteram.

167 1118 338 1167 Audite,
358 1130 385 1159 ο
400 1117 564 1170 pepuli,
578 1117 754 1158 Numen
768 1116 967 1167 amabile,

216 1174 423 1215 Manante
461 1186 515 1215 ex
546 1173 740 1214 humeris
775 1172 969 1225 undique

450 1229 670 1280 sanguine,

217 1286 405 1328 Lict6ris
437 1285 579 1327 rabidi
614 1285 803 1326 sustinet
835 1286 968 1337 impe-

450 1346 554 1391 tum,

295 1399 352 1440 Et
371 1411 527 1439 vocem
545 1397 707 1450 premit
726 1399 947 1439 innocens.

167 1463 274 1513 Quis
305 1476 391 1505 non
423 1460 680 1504 illacrimet?
726 1462 823 1503 Jam
854 1474 970 1503 nova

454 1518 652 1560 condidit

217 1576 456 1617 Tormenta
480 1574 707 1640 indemitae
731 1575 873 1626 gentis
895 1575 970 1615 ini-

219 1688 367 1739 Infigit
391 1636 721 1752 cegffigfbroh
746 1686 888 1728 dolor!
915 1686 970 1727 ef-

296 1744 699 1852 Sertugegiispribus
719 1802 935 1852 asperum.

174 1867 273 1907 Heu
292 1864 471 1906 crimen!
494 1864 682 1906 trahitur
703 1864 879 1906 funibus
897 1867 972 1904 im-

452 1920 604 1973 probis

220 1977 401 2018 Funesti
430 1977 648 2018 Deminus
681 1976 885 2029 supplicii
917 1975 974 2016 ad

454 2032 617 2082 locum3

222 2088 317 2130 Illic
337 2089 522 2141 oppetiit
541 2089 704 2138 funere,
726 2088 925 2140 spiritum

299 2145 421 2186 Patri
439 2147 673 2187 restituens
693 2157 783 2186 suo.

178 2210 310 2251 Passo
321 2222 402 2262 pro
410 2210 580 2251 miseris
592 2214 682 2250 tam
694 2209 785 2250 fera
795 2198 976 2250 vulnera

223 2266 276 2306 In
298 2265 426 2308 terris
451 2267 628 2307 resonet
652 2264 800 2306 debita
822 2264 975 2315 gleria3

223 2323 494 2373 Sacrumque
531 2320 706 2362 assidue
742 2332 902 2361 nomen
933 2320 975 2359 in

457 2377 621 2418 aethera

225 2434 477 2474 Humanum
491 2445 628 2483 genus
645 2431 807 2473 efferat.
824 2431 977 2471 Amen.

199 2490 250 2539 V.
277 2493 464 2534 Oblatus
489 2497 556 2534 est
581 2493 683 2544 quia
707 2491 804 2545 ipse
828 2490 976 2532 veluit.

148 2549 198 2600 Rz.
226 2549 282 2591 Et
301 2549 439 2590 livere
460 2549 550 2600 ejus
570 2549 710 2590 sanati
728 2560 888 2589 sumus.

203 2610 273 2651 Ad
292 2611 464 2661 Magnif.
486 2612 585 2653 Ant.
614 2613 651 2652 O
676 2625 757 2654 vos
782 2623 934 2653 omnes
954 2611 977 2636 *

149 2670 224 2722 qui
240 2669 435 2711 transitis
448 2682 528 2721 per
544 2669 670 2717 viam,
690 2667 914 2716 attendite,
935 2671 978 2708 et

149 2726 296 2767 videte
311 2725 347 2766 si
360 2730 427 2766 est
437 2724 566 2766 dolor
581 2725 693 2766 sicut
704 2724 833 2766 dolor
842 2736 977 2764 meus.

1354 312 1516 353 Oratio.

1113 367 1256 409 emine
1277 368 1301 408 J
1305 380 1381 408 esu
1398 367 1581 416 Christe,
1606 366 1678 418 qui
1696 365 1751 406 de
1766 377 1851 406 coe·
1900 380 1902 383 ·

1140 423 1193 464 lis
1222 423 1279 465 ad
1306 428 1470 465 terram
1499 422 1555 464 de
1583 423 1681 463 sinu
1708 421 1852 462 Patris

1020 479 1304 529 descendisti,
1347 484 1390 521 et
1432 479 1688 530 sanguinem
1728 482 1853 519 tuum

1019 536 1265 589 pretidsum
1293 535 1337 575 in
1365 535 1672 576 remissionem
1698 545 1852 586 pecca-

1019 595 1165 634 torum
1184 594 1437 633 nostrorum
1460 591 1624 632 fudisti:
1647 595 1692 632 te
1715 590 1852 630 humi-

1020 649 1119 690 liter
1139 648 1445 700 deprecamur3
1470 652 1518 689 ut
1536 647 1580 687 in
1600 647 1670 687 die
1693 645 1851 698 judicii,

1021 704 1077 746 ad
1106 703 1333 746 dexteram
1361 708 1482 744 tuam
1508 703 1660 744 audire
1688 704 1852 743 merea-

1019 774 1136 801 mur:
1163 761 1326 802 Venite
1350 759 1588 801 benedicti:
1617 760 1702 809 Qui
1730 758 1853 799 vivis.

1074 826 1137 860 Ad
1155 825 1459 868 Completorium
1477 831 1513 859 et
1530 836 1599 868 per
1619 826 1745 860 Horas
1764 827 1852 863 diei,

1022 874 1060 907 in
1086 875 1159 907 finc
1184 874 1426 916 Hymnorum
1452 874 1607 907 dieitur:

1074 924 1138 966 Sit
1157 923 1252 964 laus
1271 923 1402 971 Patri,
1422 935 1474 963 ac
1492 921 1725 971 Paraclito,

1123 980 1331 1031 Nat6que
1350 978 1495 1019 Patris
1514 978 1645 1019 unico

1122 1036 1302 1077 Nostrae
1322 1034 1445 1076 dedit
1465 1035 1539 1086 qui
1559 1032 1770 1086 prodigus

1124 1092 1320 1133 Pretium
1339 1090 1492 1131 salutis
1513 1089 1780 1140 sanguinem.

1334 1146 1487 1188 Amen.

1199 1223 1284 1263 Ad
1311 1221 1676 1263 Matutinum.

1080 1285 1206 1325 Invit.
1237 1283 1462 1326 Christum
1490 1283 1659 1333 Regem
1687 1281 1854 1322 erucifi-

1022 1354 1137 1391 xum,
1160 1341 1182 1364 *
1199 1341 1361 1382 Venite
1381 1339 1626 1381 adoremus.

1082 1398 1149 1452 Ps.
1172 1399 1336 1446 Venite,
1356 1395 1634 1437 exsultemus.
1653 1395 1689 1435 2.

1116 1477 1119 1481 ’
1338 1473 1547 1523 Hymnus.

1039 1532 1240 1637 Kpice,
1270 1530 1419 1572 infami
1443 1530 1564 1571 Deus
1583 1529 1679 1581 ipse
1697 1528 1815 1578 ligno

1169 1587 1350 1636 Pendet,
1375 1586 1514 1628 effuso
1536 1584 1741 1626 madidus
1763 1596 1855 1624 cru-

1336 1645 1429 1684 Ore:

1103 1700 1279 1753 Aspice,
1298 1699 1408 1740 iffiiti
1426 1710 1581 1739 manus
1599 1697 1714 1738 alma
1730 1695 1856 1737 clavo

1286 1755 1486 1796 Finditur
1506 1754 1604 1795 alte.

1054 1821 1201 1868 Hunc,
1231 1817 1352 1859 velut
1378 1816 1504 1868 pravi
1531 1814 1709 1856 sceleris
1737 1813 1857 1853 mini-

1338 1877 1487 1921 strum,

1103 1931 1223 1971 Inter
1238 1929 1440 1979 indignos
1455 1927 1649 1969 medium
1663 1926 1859 1966 latrdnes
1906 1940 1908 1943 ·

1105 1986 1259 2027 Cerne:
1280 1984 1469 2026 crudelis
1489 1984 1569 2025 fuit
1587 1983 1671 2024 ista
1689 1981 1832 2032 gentis

1285 2041 1393 2081 Dira
1412 2040 1628 2081 voluntas.

1060 2102 1197 2144 Pallet
1232 2101 1338 2143 heu!
1377 2101 1543 2150 vultus3
1586 2103 1719 2152 caput
1756 2110 1859 2140 ecce

1339 2157 1503 2198 lassum

1105 2214 1334 2255 Flectitur:
1372 2213 1531 2254 clausis
1569 2211 1708 2253 oculis
1744 2209 1858 2251 Red-

1339 2271 1513 2321 emptor

1106 2326 1317 2378 Spiritum
1332 2338 1458 2366 sacro
1473 2324 1639 2366 meritis
1654 2326 1858 2371 onustum

1286 2381 1450 2423 Fundit
1469 2381 1523 2422 ab
1545 2393 1632 2422 ore.

1058 2442 1095 2481 O
1129 2455 1225 2492 cor,
1261 2455 1323 2483 aes
1355 2442 1514 2483 durum
1550 2445 1753 2493 superas,
1789 2451 1859 2489 ge—

1339 2497 1500 2539 mendo

1105 2554 1163 2595 Ni
1177 2554 1320 2595 scelus
1335 2559 1497 2605 tergas;
1511 2558 1587 2594 tua
1602 2551 1731 2603 culpa
1747 2550 1860 2591 Chri-

1340 2614 1455 2651 stum

1106 2666 1253 2719 Stipiti
1272 2666 1420 2715 affixit,
1440 2670 1515 2706 tua
1536 2664 1664 2715 culpa
1682 2662 1815 2703 morti

1286 2721 1491 2763 subdidit
1509 2726 1627 2762 atrae.
