2040 2976
181 196 253 231 30*
536 205 606 239 Die
635 206 684 239 15».
711 206 887 247 Augusti.

402 293 485 335 Die
505 295 565 335 19.
585 295 784 346 Augusti.

248 366 300 406 B.
320 365 516 408 Urbani
534 367 595 408 11.
619 366 749 416 Papae
771 370 813 405 et
834 365 954 405 Gonf.

521 430 684 473 Duplex.

239 492 373 525 Omnia
401 492 446 524 de
473 491 617 525 Comm.
643 491 751 525 Conf.
774 490 893 528 Pont..
917 503 1014 536 pra:-

186 546 242 574 101
267 540 477 582 sequentia.
500 538 560 579 (m.
586 540 610 572 t.
631 540 680 581 v.)

518 600 681 642 Oratio.

271 658 414 700 omine
438 659 463 699 J
467 671 544 700 esu
570 658 752 710 Christe,
781 660 855 712 qui
879 660 1012 702 beato

312 715 514 757 Pontifici
542 716 723 758 Urbano
751 730 834 769 pro
863 717 1012 759 Eccle-

183 772 258 812 siae
284 776 372 813 tuae
398 771 603 814 libertate
628 777 672 814 et
697 773 857 815 decore
882 774 1013 815 felici-

181 834 249 870 ter
273 827 502 870 decertare
522 829 723 879 tribuisti,
748 833 937 883 eumque
957 830 1013 872 ad

182 884 438 927 redimenda
458 885 513 927 ab
532 885 774 927 infidelium
791 890 1013 939 potestate

181 947 271 982 tuae
290 942 393 983 vitae
412 942 611 983 mortalis
631 947 675 984 et
689 943 907 995 passionis
923 957 1013 986 mo-

182 1000 390 1039 numenta
408 1011 488 1051 per
502 999 709 1040 virtutem
728 1000 869 1041 crucis
885 1000 1013 1042 robo-

181 1054 303 1096 rasti:
332 1055 542 1106 concede;
570 1061 618 1098 ut
643 1056 781 1108 ipsius
807 1057 1012 1099 interces-

183 1111 316 1160 sione,
336 1116 489 1152 contra
507 1112 660 1154 hostes
676 1113 833 1154 animae
848 1119 1013 1155 nostrae

184 1166 444 1210 dimicantes
473 1169 516 1209 in
544 1169 690 1220 terris,
719 1171 897 1211 aeternae
922 1170 1012 1221 glo-

183 1224 259 1265 riae
290 1224 491 1266 bravium
519 1228 722 1278 accipere
751 1229 1014 1268 mereamur:

183 1280 265 1331 Qui
286 1281 394 1324 vivis
415 1286 459 1323 01
477 1295 646 1333 regnas.

240 1365 278 1397 In
315 1364 340 1397 l.
369 1364 568 1397 Noc-turno
599 1362 803 1396 Lectiones
840 1362 886 1396 de
917 1361 1014 1396 Scri-

186 1419 296 1456 ptura
322 1416 554 1446 occurrente.

415 1482 463 1520 In
487 1482 537 1519 ΙΙ.
562 1481 784 1520 Nocturno.

594 1559 635 1585 10
656 1560 668 1585 1

186 1595 423 1651 fff‘xlaeculo
451 1546 709 1645 11ιῖἶὲἕὲωᾶ
730 1595 927 1638 fervente
952 1597 1013 1638 lu-

195 1638 277 1703 {53³³
301 1652 580 1693 ctuosissimo
614 1651 797 1694 dissidio
826 1653 1013 1695 Ecclesi-

247 1721 265 1733 ν’
301 1721 371 1749 3111
386 1708 498 1750 111101
512 1714 556 1750 01
568 1709 817 1761 Imperium,
833 1722 922 1750 non
937 1710 1012 1750 mi-

182 1766 279 1807 nori
303 1764 562 1807 fortitudine
589 1778 720 1818 quam
745 1766 880 1807 ceteri
903 1766 1013 1808 Pon-

184 1822 337 1872 tifices,
362 1821 437 1873 qui
459 1834 539 1874 per
564 1834 616 1864 03
634 1823 835 1875 tempora
853 1823 1013 1864 Roma-

133 1915 138 1928 ,
184 1891 285 1919 113111
320 1878 602 1920 obtinuerunt
637 1878 816 1929 Sedem,
861 1880 1015 1922 enituit

185 1935 390 1977 Urbanus
414 1935 646 1986 secundus,
667 1934 768 1977 Odo
793 1938 921 1978 311103
939 1949 1013 1978 vo-

185 1994 322 2041 catus,
343 2004 366 2033 e
386 1991 522 2033 nobili
537 1991 700 2034 familia
718 1991 838 2045 apud
858 1993 1016 2035 Castel-

185 2048 346 2090 lionem
371 2061 505 2101 supra
529 2048 777 2091 Matronam
802 2062 889 2091 non
913 2063 1014 2103 pro-

185 2104 255 2146 cul
270 2117 295 2145 a
311 2104 550 2146 Rhemensi
564 2105 673 2147 urbe
689 2111 822 2148 ortus.
846 2107 891 2148 Is
907 2107 1013 2149 Bru-

184 2163 298 2202 none
312 2164 534 2212 magistro,
555 2162 841 2205 celeberrimo
856 2166 1014 2216 postea

136 2231 137 2234 ¹
184 2217 574 2259 Carthusianorum
591 2219 853 2270 institutore,
875 2220 1014 2273 philo-

185 2273 378 2327 sophicis
396 2286 447 2315 ac
462 2274 722 2326 theologicis
739 2276 896 2318 studiis
912 2279 1013 2330 ope-

185 2343 278 2371 ram
302 2329 434 2379 dedit,
461 2336 505 2372 et
532 2331 589 2372 ob
613 2333 810 2384 egregias
829 2334 1014 2375 virtutes

183 2387 226 2427 in
260 2387 446 2429 ecclesia
479 2387 717 2429 Rhemensi
754 2391 1015 2432 canonicatu

184 2446 352 2496 potitus
381 2449 459 2486 est.
496 2445 557 2485 At
585 2445 735 2486 saeculi
762 2459 890 2488 curas
917 2460 1014 2500 per-

185 2502 330 2550 taesus,
350 2513 402 2542 30
420 2500 616 2551 regulam
635 2503 773 2544 sancti
788 2503 1015 2545 Benedicti

185 2557 423 2609 professus,
448 2557 637 2610 primum
661 2558 705 2598 in
730 2558 1015 2610 Cluniacensi,

187 2613 287 2655 dein
306 2614 350 2654 in
364 2614 654 2655 Bainsonensi
670 2619 714 2656 et
729 2615 914 2657 Cavensi
929 2629 1014 2658 coe-

168 2669 329 2713 nobiis
365 2670 692 2721 religiosissime
729 2675 1015 2715 conversatus

187 2731 264 2768 est.
295 2727 495 2778 Vestigia
517 2729 730 2779 sequutus
750 2728 890 2769 sancti
910 2730 1016 2771 Gre-

935 206 974 240 B.
999 206 1146 241 Urbani
1171 206 1215 239 II.
1240 206 1359 248 Papae
1383 210 1420 240 et
1444 206 1552 240 Conf.

1064 298 1174 348 gorii
1194 298 1381 350 septimi,
1404 298 1485 339 viri
1510 289 1653 351 opere>
1667 304 1711 341 et
1731 301 1893 341 sermo·

1064 367 1118 395 ne
1134 354 1340 406 potentis,
1361 367 1386 395 a
1403 366 1490 406 quo
1506 355 1550 395 in
1564 355 1800 407 majoribus
1815 356 1894 398 Ec-

1012 412 1017 417 ”
1066 410 1211 451 clesiae
1255 411 1444 461 negotiis
1482 411 1703 453 adhibitus
1742 412 1896 462 fuerat,

1065 471 1198 518 atque
1221 466 1472 520 Episcopus
1493 468 1709 510 Ostiensis
1734 474 1778 511 01
1802 481 1895 510 8311-

1066 528 1150 564 ctae
1175 523 1390 565 Romanae
1413 525 1625 566 Ecclesiae
1652 524 1896 567 Cardinalis

1066 581 1256 629 creatus,
1284 581 1380 633 pari
1408 581 1540 622 animi
1569 582 1818 624 constantia
1846 595 1897 624 ac

1066 635 1323 678 fortitudine
1361 638 1454 689 jura
1490 637 1702 685 Ecclesiae
1743 643 1898 680 contra

1065 692 1222 734 laicam
1249 696 1519 746 potestatem
1546 694 1794 736 vindicavit.

1123 753 1173 803 R.
1190 750 1342 790 Inveni
1368 749 1514 792 David
1541 763 1717 792 servum
1738 751 1896 799 meum,

1066 805 1166 847 oleo
1192 811 1345 848 8311010
1366 819 1466 848 11100
1491 807 1596 848 unxi
1622 820 1735 848 eum:
1760 810 1783 834 *
1806 807 1895 848 Ma-

1065 875 1146 903 nus
1159 862 1274 903 enim
1287 876 1386 904 mea
1398 863 1679 905 auxiliabitur
1691 864 1741 905 ei.
1762 860 1894 912 V.Ni-

1065 918 1127 959 hil
1144 919 1349 971 proficiet
1363 920 1563 961 inimicus
1577 921 1622 960 in
1638 933 1702 970 eo,
1724 926 1768 962 et
1781 920 1897 962 filius

1065 975 1307 1027 iniquitatis
1326 988 1415 1017 non
1439 976 1617 1018 nocebit
1637 977 1687 1018 ei.
1730 977 1897 1017 Manus.

1380 1035 1532 1076 Lectio
1553 1050 1590 1075 v.

1136 1101 1310 1129 ummus
1355 1088 1562 1131 Pontifex
1613 1090 1897 1139 renuntiatus,

1170 1145 1340 1186 Cassini
1358 1150 1556 1187 montem
1573 1146 1733 1195 invisit,
1749 1159 1898 1188 sacras

1066 1201 1127 1244 ibi
1149 1201 1393 1243 beatissimi
1416 1202 1556 1254 patris
1574 1201 1807 1244 Benedicti
1828 1216 1898 1244 ex-

1066 1258 1191 1299 uvias
1219 1261 1523 1309 veneraturus,
1551 1259 1732 1311 ejusque
1760 1272 1846 1312 ope
1873 1272 1898 1301 a

1066 1314 1226 1367 lapidis
1251 1314 1425 1365 morbo,
1455 1328 1543 1367 quo
1572 1315 1647 1357 diu
1671 1315 1899 1358 laborave-

1066 1376 1148 1421 rat,
1180 1371 1339 1422 insigni
1366 1370 1573 1424 prodigio
1601 1374 1780 1414 sanatus
1808 1372 1898 1415 fuit.

1068 1428 1278 1469 Cavensis
1311 1428 1568 1470 monasterii
1596 1428 1827 1470 ecclesiam
1855 1434 1899 1471 et

1067 1485 1207 1527 sancti
1234 1484 1408 1527 Nicolai
1435 1485 1643 1527 Barensis
1670 1485 1898 1528 basilicam

1067 1542 1354 1593 consecravit,
1368 1541 1518 1594 ibique
1529 1555 1692 1596 corpus
1703 1541 1899 1596 ejusdem

1066 1598 1364 1650 thaumaturgi
1386 1611 1546 1650 magna
1572 1613 1672 1641 cum
1697 1599 1898 1642 solemni-

1066 1657 1158 1697 tate
1189 1656 1398 1724 reposuit.
1443 1657 1495 1697 In
1527 1656 1684 1698 eadem
1714 1655 1898 1698 Barensi

1065 1711 1248 1754 basilica
1274 1712 1443 1767 insigne
1473 1713 1704 1755 concilium
1734 1712 1898 1764 habuit,

1067 1773 1115 1810 ut
1143 1768 1403 1810 Graecorum
1435 1771 1608 1811 errores
1640 1769 1898 1819 confutaret,

1067 1824 1334 1867 doctissimis
1361 1826 1611 1879 praesertim
1638 1839 1744 1867 usus
1773 1839 1897 1878 argu-

1066 1882 1240 1932 mentis,
1270 1882 1429 1935 quibus
1458 1888 1635 1924 sanctus
1662 1883 1898 1924 Anselmus

1066 1938 1429 1992 archiepiscopus
1474 1939 1800 1980 Cantuariensis
1850 1939 1897 1980 fi-

1067 1995 1168 2037 dem
1179 1995 1441 2037 catholicam
1451 1996 1649 2037 asseruit.
1664 1996 1775 2037 Aliis
1786 2008 1896 2049 prae-

1065 2054 1187 2094 terea
1220 2051 1405 2094 diversis
1432 2053 1476 2093 in
1502 2052 1613 2094 locis
1641 2052 1897 2094 convocatis

1067 2108 1281 2159 conciliis,
1310 2109 1625 2151 ecclesiasticae
1654 2109 1898 2162 disciplinae

1067 2165 1395 2207 observantiam
1415 2168 1590 2208 strenue
1606 2166 1784 2208 curavit.
1810 2165 1898 2208 Sed

1067 2222 1260 2264 omnium
1284 2222 1617 2264 celeberrimum
1642 2223 1722 2264 fuit
1750 2222 1896 2264 Claro-

1066 2280 1323 2320 montanum
1347 2278 1595 2329 concilium,
1623 2279 1666 2320 in
1692 2291 1780 2331 quo
1805 2278 1896 2320 illa-

1066 2348 1162 2376 rum
1193 2337 1417 2376 sacrarum
1447 2334 1778 2388 expeditionum
1807 2334 1896 2376 feli-

1067 2392 1243 2433 cissimo
1281 2393 1490 2433 successu
1527 2397 1683 2433 auctor
1718 2391 1897 2441 exstitit,

1068 2461 1167 2500 quae
1205 2461 1259 2490 ex
1291 2447 1529 2490 salutiferae
1562 2448 1704 2490 crucis
1737 2447 1898 2490 Christi

1067 2505 1208 2556 signo,
1241 2517 1328 2556 quo
1358 2503 1696 2555 decorabantur,
1725 2505 1897 2546 Crucia-

1066 2563 1212 2602 tarum
1242 2561 1419 2603 nomine
1448 2561 1623 2603 fuerunt
1651 2561 1898 2614 appellatae.

1068 2618 1134 2659 Ac
1152 2630 1256 2660 sane
1270 2618 1429 2659 mirum
1444 2623 1511 2660 est
1526 2618 1786 2659 Pontificem
1801 2621 1898 2670 pau-

1067 2687 1228 2726 perem,
1247 2675 1312 2716 uti
1331 2679 1426 2716 erat
1444 2679 1548 2716 tunc
1566 2674 1782 2723 Urbanus,
1801 2674 1896 2716 abs-

1069 2743 1153 2782 que
1174 2743 1326 2782 regum
1340 2744 1438 2784 ope,
1457 2732 1550 2773 sine
1566 2731 1654 2772 ulla
1669 2731 1896 2773 exactione
