2040 2976
602 197 674 231 Die
699 196 729 230 2.
753 195 858 229 Julii.
904 194 948 228 In
971 192 1205 227 Visitatione
1229 192 1271 225 B.
1296 191 1342 225 M.
1366 191 1410 225 V.

379 295 428 334 In
446 295 517 334 111.
537 295 759 333 Nocturno.

156 353 313 397 Lectio
337 355 479 397 sancti
498 354 725 405 Evangelii
744 352 984 395 secundum

484 411 661 453 Lucam.

234 466 385 508 Lectio
408 465 476 505 vii.
701 462 805 514 Cap.
820 462 851 501 1.
868 460 907 501 d.

155 523 233 630 In
260 527 336 569 illo
365 527 583 579 tempore:
615 525 870 574 Exsurgens
897 521 986 562 Ma-

223 587 287 626 ria
314 583 420 626 abiit
443 583 488 623 in
511 583 722 623 montana
747 593 847 622 cum
871 577 986 619 festi-

158 642 335 683 nati6ne
363 640 408 681 in
438 639 660 681 civitatem
685 635 810 678 Juda.
846 635 903 676 Et
926 634 987 675 in-

156 697 290 740 travit
313 697 357 738 in
383 696 562 738 domum
580 693 825 743 Zachariae,
854 695 898 733 et
922 703 987 732 53-

157 754 314 796 lutavit
332 752 572 794 Elisabeth.
598 751 657 793 Et
676 750 854 802 reliqua.

272 817 463 860 Homilia
489 816 629 859 sancti
655 814 880 858 Ambrosii

461 873 686 927 Episcopi.

215 933 298 968 Lib.
320 934 351 968 2.
377 932 587 968 Comment.
612 931 651 965 in
675 930 765 964 Luc.
791 940 872 972 cap.
900 928 927 962 1.

433 984 524 1024 post
548 979 709 1014 initium.

163 1033 548 1096 zontuendum
571 1037 639 1074 est
663 1033 765 1085 quia
789 1031 990 1084 superior

163 1126 175 1146 Α,
193 1085 270 1150 (vl
293 1092 414 1134 venit
439 1090 497 1133 ad
520 1090 786 1139 inferiorem,
814 1093 863 1130 ut
886 1088 989 1129 infe-

167 1147 207 1168 ·““
293 1149 384 1190 rior
403 1149 648 1200 adjuvetur:
669 1147 809 1188 Maria
828 1145 885 1187 ad
903 1145 988 1186 Eli-

161 1205 326 1257 sabeth,
348 1205 547 1247 Christus
567 1202 625 1245 ad
643 1203 668 1244 J
671 1205 871 1245 oannem.
905 1203 989 1244 De-

159 1263 294 1315 nique
319 1262 451 1304 etiam
476 1263 651 1314 postea,
675 1265 725 1301 ut
749 1259 991 1301 sanctifica-

159 1325 227 1361 ret
253 1319 522 1371 baptismum
548 1317 573 1358 J
576 1317 743 1367 oannis,
775 1316 991 1357 Dominus

161 1376 280 1418 venit
305 1374 361 1417 ad
378 1374 658 1427 baptismum.
694 1374 792 1415 Cito
814 1385 991 1425 quoque

163 1431 378 1474 adventus
396 1431 565 1481 Mariae,
594 1435 638 1472 et
658 1429 910 1483 praesentiae
933 1429 993 1470 di-

162 1491 276 1531 vinae
302 1488 519 1530 beneficia
547 1486 837 1529 declarantur.
876 1485 994 1527 Vide

163 1545 499 1594 distinctionem,
519 1543 880 1596 singulorumque
899 1555 991 1584 ver-

161 1602 319 1644 borum
335 1602 665 1655 proprietatem.
684 1601 857 1642 Vocem
870 1600 994 1653 prior

162 1658 390 1701 Elisabeth
441 1657 625 1708 audivit,
678 1656 758 1699 sed
802 1657 827 1697 J
830 1659 994 1698 oannes

162 1717 285 1770 prior
312 1715 498 1768 gratiam
526 1715 675 1756 sensit.
715 1714 797 1755 Illa
825 1716 994 1755 naturae

166 1772 319 1814 ordine
345 1771 529 1822 audivit,
548 1770 641 1813 'iste
668 1770 905 1812 exsultavit
931 1783 995 1811 ra-

163 1829 282 1871 tione
299 1828 505 1881 mysterii.
532 1827 615 1869 Illa
628 1827 791 1877 Mariae,
809 1827 892 1868 iste
907 1828 995 1868 Do-

163 1885 268 1926 mini
299 1885 436 1927 sensit
469 1884 716 1926 adventum.
760 1885 865 1925 Istae
879 1886 994 1934 ‘gra-

163 1942 270 1983 tiam
292 1942 557 1994 loquuntur,
582 1941 645 1982 illi
668 1941 786 1982 intus
813 1942 995 1993 operan-

164 2003 250 2049 tur,
275 1999 541 2052 pietatisque
566 1997 822 2050 mysterium
839 1998 996 2038 mater-

165 2056 232 2096 nis
257 2055 517 2097 adoriuntur
538 2054 828 2107 profectibus,
858 2053 997 2106 dupli-

166 2114 295 2164 cique
314 2111 524 2153 miraculo
544 2111 812 2164 prophetant
833 2115 997 2151 matres

168 2168 325 2222 spiritu
342 2168 639 2222 parvulorum.
665 2167 917 2209 Exsultavit
937 2166 997 2206 in-

168 2225 278 2275 fans,
302 2225 472 2278 repleta
491 2229 559 2266 est
577 2229 727 2266 mater.
755 2224 859 2265 Non
877 2223 998 2276 prius

167 2287 308 2324 mater
343 2281 530 2334 repleta,
574 2293 706 2334 quam
745 2280 876 2321 filius:
920 2278 999 2320 sed

169 2351 268 2379 cum
303 2337 419 2379 filius
457 2341 574 2379 esset
606 2337 801 2390 repletus
833 2335 999 2388 Spiritu

170 2399 334 2443 sancto,
353 2393 540 2446 replevit
560 2398 603 2435 et
620 2398 818 2434 matrem.

220 2450 271 2502 R.
290 2451 477 2491 Beatam
499 2462 570 2491 me
591 2448 737 2491 dicent
757 2460 909 2490 omnes
928 2459 998 2498 ge-

170 2507 434 2548 nerationes:
457 2506 479 2530 *
507 2505 619 2556 Quia
649 2505 752 2547 fecit
783 2504 889 2546 mihi
912 2504 1000 2544 Do-

170 2563 311 2604 minus
337 2575 513 2613 magna,
549 2561 623 2613 qui
650 2566 811 2614 potens
841 2565 925 2610 est,
958 2564 1002 2601 et

171 2625 371 2661 sanctum
395 2631 557 2660 nomen
582 2618 684 2669 ejus.
716 2611 767 2663 V.
794 2616 853 2658 Et
875 2616 1000 2656 mise-

171 2675 362 2717 ricordia
387 2675 477 2725 ejus
503 2687 528 2715 a
551 2673 763 2726 progenie
782 2673 826 2713 in
845 2673 1000 2725 proge-

172 2731 265 2773 nies
283 2729 538 2773 timentibus
559 2743 667 2772 eum.
697 2729 808 2779 Quia
825 2728 939 2770 fecit.

328 2871 393 2895 Pars
407 2872 516 2896 AEstiva.

1801 192 1869 229 397

1097 293 1258 335 Bened.
1304 294 1435 345 Cujus
1470 291 1631 333 festum
1668 289 1870 339 colimus,

1036 352 1135 405 ipsa
1154 351 1293 402 Virgo
1313 349 1541 401 virginum.

1326 410 1479 450 Lectio
1500 408 1583 448 viii.

1127 473 1146 510 t
1163 468 1282 510 unde
1301 468 1387 509 hoc
1404 467 1525 517 mihi,
1548 471 1596 508 ut
1619 466 1766 508 veniat
1783 477 1871 505 ma-

1142 530 1210 567 ter
1237 525 1416 566 Domini
1441 524 1529 566 mei
1556 522 1614 565 ad
1638 521 1732 564 me?
1772 522 1874 563 Hoc

1040 586 1122 632 est,
1150 594 1238 634 quo
1263 586 1434 622 tantum
1453 581 1619 622 bonum
1636 578 1742 620 mihi
1763 578 1872 619 acci-

1041 637 1124 688 dit,
1161 643 1210 679 ut
1241 642 1381 679 mater
1408 636 1587 678 Domini
1612 636 1700 677 mei
1726 635 1875 676 veniat

1042 694 1098 736 ad
1112 693 1206 736 me?
1225 693 1486 735 Miraculum
1506 693 1659 742 sentio,
1680 693 1873 742 agnosco

1041 751 1314 804 mysterium:
1348 755 1488 792 mater
1515 748 1695 790 Domini
1722 747 1874 789 Verbo

1042 808 1166 858 foeta,
1197 808 1295 849 Deo
1328 807 1460 860 plena
1491 811 1568 848 est.
1613 805 1775 847 Mansit
1803 817 1875 845 au-

1042 869 1133 906 tem
1157 865 1298 906 Maria
1324 877 1424 906 cum
1450 863 1525 904 illa
1548 862 1773 904 mensibus
1802 860 1875 903 tri-

1042 921 1144 972 bus,
1174 926 1218 963 et
1242 923 1421 963 reversa
1447 925 1515 962 est
1538 920 1584 960 in
1609 918 1789 960 domum
1809 930 1876 958 su-

1044 991 1125 1020 am.
1162 979 1283 1020 Bene
1309 977 1532 1026 inducitur
1559 980 1713 1017 sancta
1739 975 1879 1016 Maria

1045 1041 1088 1077 et
1117 1034 1370 1078 exhibuisse
1402 1033 1613 1082 officium,
1656 1038 1699 1075 et
1727 1031 1877 1084 mysti-

1046 1106 1145 1134 cum
1172 1095 1403 1134 numerum
1431 1089 1691 1133 custodisse.
1721 1085 1745 1134 5
1778 1089 1880 1130 Non

1046 1151 1161 1191 enim
1196 1149 1291 1192 sola
1318 1147 1623 1190 familiaritatis
1652 1152 1719 1189 est
1748 1158 1881 1188 causa
1925 1171 1927 1173 ·

1048 1207 1168 1259 quod
1193 1206 1269 1248 diu
1293 1206 1471 1255 mansit,
1505 1204 1585 1247 sed
1611 1204 1744 1245 etiam
1768 1202 1881 1244 tanti

1045 1264 1159 1305 vatis
1179 1263 1417 1316 profectus.
1449 1262 1566 1303 Nam
1589 1261 1626 1302 si
1649 1260 1793 1313 primo
1819 1259 1880 1300 in-

1046 1322 1201 1372 gressu
1220 1325 1368 1361 tantus
1386 1318 1612 1372 profectus
1633 1317 1812 1366 exstitit,
1831 1320 1881 1357 ut

1047 1376 1104 1418 ad
1128 1377 1439 1418 salutatiOnem
1462 1376 1615 1417 Mariae
1640 1372 1882 1415 exsultaret

1046 1431 1188 1475 infans
1214 1433 1258 1474 in
1281 1437 1427 1483 utero,
1453 1431 1699 1485 repleretur
1717 1429 1882 1482 Spiritu

1048 1495 1201 1532 sancto
1246 1495 1387 1532 mater
1432 1488 1623 1530 infantis:
1671 1491 1883 1539 quantum

1047 1549 1256 1601 putamus
1288 1560 1371 1588 usu
1402 1546 1514 1588 tanti
1544 1544 1758 1597 temporis
1787 1556 1882 1584 san-

1049 1609 1132 1646 ctae
1152 1604 1304 1645 Mariae
1329 1602 1554 1645 addidisse
1574 1597 1881 1654 praesentiam?

1048 1661 1307 1712 Ungebatur
1325 1662 1491 1712 itaque,
1521 1664 1564 1700 et
1589 1658 1715 1710 quasi
1738 1657 1882 1698 bonus

1049 1717 1215 1759 athleta
1243 1716 1532 1759 exercebatur
1565 1715 1610 1756 in
1638 1718 1765 1756 utero
1793 1725 1882 1754 ma-

1048 1774 1129 1816 tris
1171 1773 1405 1827 propheta:
1451 1771 1724 1824 amplissimo
1768 1770 1883 1812 enim

1049 1831 1189 1872 virtus
1210 1831 1301 1882 ejus
1320 1829 1547 1872 certamini
1566 1827 1817 1881 parabatur.

1100 1887 1152 1938 R.
1169 1887 1294 1929 Felix
1313 1899 1503 1939 namque
1524 1899 1582 1935 es,
1602 1897 1727 1926 sacra
1741 1884 1882 1934 Virgo

1048 1945 1202 1994 Maria,
1235 1949 1278 1985 et
1306 1944 1424 1985 omni
1455 1941 1585 1984 laude
1615 1940 1884 1992 dignissima:

1048 2000 1071 2023 *
1096 2001 1208 2050 Quia
1233 2013 1287 2041 ex
1310 2005 1354 2042 te
1379 2004 1501 2041 ortus
1521 2004 1588 2040 est
1608 1997 1675 2039 sol
1694 1997 1883 2049 justitiae,

1048 2057 1072 2082 *
1092 2056 1290 2098 Christus
1304 2056 1426 2097 Deus
1440 2059 1601 2097 noster.
1622 2047 1673 2099 V.
1697 2053 1787 2095 Ora
1801 2065 1883 2106 pro

1050 2113 1234 2166 populo,
1253 2112 1469 2154 interveni
1488 2124 1571 2164 pro
1593 2111 1728 2160 clero,
1753 2110 1882 2151 inter-

1052 2169 1160 2211 cede
1202 2182 1285 2222 pro
1330 2168 1495 2211 devoto
1532 2168 1722 2210 femineo
1762 2179 1884 2207 sexu:

1052 2225 1242 2267 sentiant
1292 2238 1445 2267 omnes
1493 2229 1617 2266 tuum
1666 2224 1885 2276 juvamen,

1054 2283 1320 2334 quicumque
1361 2281 1588 2323 celebrant
1627 2285 1748 2322 tuam
1789 2291 1884 2320 san-

1054 2343 1170 2380 ctam
1201 2338 1525 2380 Visitationem.
1567 2337 1690 2388 Quia.
1732 2335 1886 2377 Glaria

1052 2395 1183 2437 Patri.
1217 2394 1427 2436 Christus.

1257 2461 1332 2496 Pro
1359 2460 1415 2495 Ss.
1440 2459 1675 2504 Martyribus

1204 2510 1396 2544 Processo
1422 2512 1459 2543 et
1483 2507 1727 2552 Martiniano.

1350 2560 1502 2602 Lectio
1522 2560 1575 2599 ix.

1057 2616 1436 2712 1ἳέηὲῗῖῑὲἲέἕῇ
1457 2609 1884 2710 Ξῗΐὲιῗεῗὲὲῗῗὲέῗ

1053 2727 1228 2769 mertini
1245 2727 1290 2767 in
1307 2730 1457 2767 monte
1476 2724 1681 2776 Tarpeio,
1705 2721 1793 2764 duo
1814 2733 1884 2762 cu-

1611 2853 1678 2887 26*
