2040 2976
685 186 799 221 Feria
824 186 958 230 quinta
984 186 1034 221 ad
1057 186 1296 220 Matutinum.
1793 183 1839 219 69

131 285 156 311 *
191 288 236 325 et
273 295 371 335 quae
406 281 569 324 multos
606 281 798 323 habebat
832 281 958 331 filios,

130 340 348 381 infirmata
376 343 454 381 est.

182 396 398 438 Deminus
444 395 680 437 mortificat
727 399 771 436 et
823 394 958 436 vivifi-

132 458 216 503 cat,
253 454 277 480 *
309 452 488 494 deducit
524 451 580 494 ad
614 451 778 493 inferos
816 456 860 494 et
895 464 959 493 re-

131 509 261 552 ducit.

182 566 398 607 Deminus
425 568 666 618 pauperem
698 565 801 607 facit
828 569 872 607 et
899 564 959 606 di-

130 628 205 674 tat,
234 625 258 651 *
285 622 482 664 humiliat
510 626 554 663 et
582 620 793 663 sublevat.

182 680 373 722 suscitat
405 677 460 720 de
487 677 669 731 pulvere
703 680 904 729 egenum,
936 679 960 706 *

131 742 175 779 et
203 736 258 778 de
286 737 480 778 stercore
509 734 651 776 elevat
677 737 933 787 pauperem:

110 844 112 847 Ι
182 793 242 835 Ut
269 791 421 834 sedeat
448 804 547 834 cum
569 791 849 844 principibus,
872 793 896 819 *
916 796 960 833 et

131 849 289 891 solium
315 849 467 900 gloriae
494 850 652 890 teneat.

181 905 359 962 Domini
387 906 502 948 enim
531 909 631 946 sunt
653 904 854 946 cardines
877 910 959 947 ter-

131 975 203 1012 rae,
231 964 255 990 *
283 967 327 1004 et
353 962 503 1015 posuit
531 974 663 1014 super
691 974 769 1003 eos
798 961 960 1003 orbem.

180 1018 324 1061 Pedes
343 1021 596 1061 sanctorum
617 1020 796 1060 suorum
817 1020 960 1060 serva-

129 1076 210 1127 bit,
243 1080 287 1118 et
318 1076 441 1129 impii
471 1075 516 1116 in
546 1074 739 1117 tenebris
775 1075 960 1117 contice-

131 1138 268 1175 scent:
303 1134 328 1160 *
366 1132 467 1185 quia
502 1144 591 1174 non
626 1131 670 1173 in
706 1131 960 1174 fortitudine

130 1203 210 1231 sua
235 1188 516 1232 roborabitur
542 1189 620 1230 vir.

181 1246 419 1288 Deminum
439 1244 735 1287 formidabunt
758 1245 959 1286 adversa-

130 1303 182 1344 rii
208 1303 313 1355 ejus:
341 1304 365 1329 *
394 1307 437 1344 et
463 1314 597 1354 super
621 1302 743 1354 ipsos
769 1302 812 1342 in
837 1302 960 1343 coelis

130 1359 315 1400 tonabit:

182 1415 397 1456 Deminus
433 1413 642 1466 judicabit
676 1413 786 1456 fines
818 1419 960 1464 terrae,

131 1477 175 1514 et
203 1471 326 1513 dabit
350 1470 582 1523 imperium
609 1470 702 1522 regi
733 1483 829 1520 suo,
861 1472 885 1498 *
917 1476 961 1513 et

131 1526 384 1569 sublimabit
412 1539 549 1568 cornu
578 1526 738 1569 Christi
766 1528 843 1568 sui.

180 1591 281 1632 Ant.
332 1588 545 1630 Dominus
592 1587 802 1640 judicabit
850 1588 960 1630 fines

117 1650 270 1687 terrae.

180 1709 280 1749 Ant.

130 1762 284 1803 Deum.

181 1819 251 1859 Ps.
278 1818 480 1860 Laudate
508 1818 624 1858 Dfim
652 1817 707 1860 de
735 1818 870 1860 coelis
885 1820 945 1860 16.

233 1882 491 1935 Capitulum.
597 1883 723 1923 Rom.
740 1884 797 1923 13.
813 1882 852 1924 d.

129 1942 284 2050 Nox
311 1948 553 2001 praecessit,
586 1948 680 1990 dies
713 1953 859 1990 autem
887 1962 959 2002 ap-

242 2005 564 2058 propinquavit.
574 2005 842 2057 Abjiciamus
854 2018 960 2056 ergo

131 2063 268 2114 opera
282 2061 573 2112 tenebrarum,
593 2067 636 2104 et
650 2061 881 2104 induamur
896 2075 959 2103 ar-

129 2128 202 2159 ma
241 2117 362 2160 lucis.
423 2118 544 2160 Sicut
584 2119 627 2160 in
669 2118 739 2161 die
776 2119 959 2161 honeste

132 2174 413 2216 ambulemus.

442 2238 652 2289 Hymnus.

279 2318 347 2355 ox,
375 2310 420 2347 et
445 2305 652 2356 tenebrae,
681 2310 725 2347 et
751 2305 910 2354 nubila,

304 2361 495 2403 Confusa
522 2361 672 2403 mundi
700 2367 743 2403 et
770 2361 960 2403 turbida:

235 2417 332 2458 Lux
358 2418 500 2467 intrat,
529 2417 712 2460 albescit
739 2418 882 2471 polus:

237 2474 435 2516 Christus
464 2475 597 2516 venit:
626 2474 848 2516 discedite.

190 2538 342 2590 Caligo
370 2543 500 2580 terrae
529 2539 739 2581 scinditur

239 2596 455 2637 Percussa
483 2595 588 2637 solis
617 2597 797 2648 spiculo,

327 1704 438 1748 Coeli
475 1704 688 1747 coelorum
724 1706 748 1732 *
784 1705 959 1747 laudate

237 2651 477 2704 Rebusque
505 2652 589 2703 jam
617 2652 739 2694 color
766 2652 888 2702 redit,

237 2708 374 2750 Vultu
400 2709 576 2751 nitentis
604 2708 770 2750 sideris.

1065 285 1126 326 Te
1158 281 1328 323 Christe
1357 282 1498 323 solum
1525 281 1741 323 novimus:

1115 339 1180 380 Te
1207 343 1352 380 mente
1379 352 1489 391 pura
1516 344 1559 381 et
1586 337 1783 390 simplici,

1115 395 1282 436 Flendo
1301 400 1345 437 et
1363 394 1558 437 canendo
1579 396 1839 447 quaesumus,

1115 451 1300 494 Intende
1327 452 1489 493 nostris
1518 451 1728 493 sensibus.

1063 514 1173 554 Sunt
1198 513 1335 554 multa
1362 513 1471 554 fucis
1498 512 1616 562 illita,

1118 570 1226 619 Quae
1255 569 1352 611 luce
1380 571 1620 622 purgentur
1646 574 1736 610 tua:

1117 626 1186 666 Tu
1213 639 1317 668 vera
1345 626 1420 667 lux
1448 625 1691 667 coelestium

1115 682 1253 724 Vultu
1282 685 1437 724 sereno
1465 682 1669 723 illumina.

1063 745 1161 785 Deo
1190 744 1310 785 Patri
1337 744 1393 785 sit
1419 743 1568 794 gloria,

1117 801 1309 853 Ejusque
1337 800 1419 842 soli
1447 799 1570 848 Filio,

1119 857 1228 898 Cum
1255 857 1419 910 Spiritu
1445 855 1676 905 Paraclito‚

1116 913 1244 955 Nunc
1272 918 1316 956 et
1342 926 1422 966 per
1450 926 1578 955 omne
1607 911 1826 953 saeculum.

1326 971 1480 1012 Amen.

1064 1021 1115 1073 V·
1143 1027 1321 1080 Repleti
1348 1040 1497 1069 sumus
1525 1038 1652 1067 mane
1677 1024 1841 1065 miseri-

1014 1084 1164 1126 cordia
1179 1090 1264 1126 tua.
1288 1085 1340 1136 Rz.
1360 1083 1696 1131 ExsultavimuS‚
1713 1086 1756 1123 et
1771 1080 1841 1121 de-

1013 1140 1162 1182 lectati
1190 1154 1349 1182 sumus.

1065 1198 1136 1239 Ad
1173 1198 1334 1239 Bened.
1371 1199 1470 1239 Ant.
1516 1198 1586 1238 De
1626 1207 1757 1236 manu
1799 1195 1842 1233 ό-

1013 1254 1177 1296 mnium
1204 1255 1228 1281 *
1258 1254 1331 1306 qui
1360 1253 1547 1295 oderunt
1573 1265 1674 1300 nos,
1706 1250 1842 1291 libera

1013 1323 1094 1351 nos
1121 1311 1319 1352 Domine.

1066 1366 1205 1400 Preces
1240 1366 1395 1409 quando
1428 1367 1620 1407 dicuntur.
1653 1369 1842 1403 habentur

1013 1424 1131 1457 supra
1156 1414 1195 1448 in
1220 1415 1333 1449 Feria
1357 1415 1402 1449 Π.
1433 1414 1494 1449 50.

1275 1479 1587 1505 *o-ffi-o—vw*

1029 1538 1178 1580 Feria
1207 1538 1387 1589 quinta
1413 1538 1479 1579 ad.
1505 1537 1824 1578 matutinum.

1064 1605 1190 1647 Invit.
1218 1605 1455 1646 Dominum
1485 1604 1557 1657 qui
1582 1603 1683 1645 fecit
1706 1615 1798 1651 nOS,
1819 1611 1841 1635 *

1012 1662 1172 1704 Venite
1200 1661 1444 1703 adoremus.

1063 1719 1132 1759 Ps.
1165 1719 1330 1768 Venite,
1359 1717 1637 1759 exsultemus.
1664 1717 1700 1756 2.

1323 1780 1533 1831 Hymnus.

1162 1849 1219 1877 ox
1248 1840 1341 1877 atra
1368 1848 1514 1877 rerum
1542 1833 1734 1884 contegit

1194 1892 1344 1934 Terrae
1374 1892 1545 1934 coleres
1574 1890 1780 1931 omnium:

1115 1950 1210 1992 Nos
1239 1949 1498 1991 confitentes
1526 1947 1749 2001 poscimus

1116 2007 1192 2056 Te,
1220 2007 1330 2058 juste
1357 2005 1488 2058 judex
1516 2003 1729 2046 cordium:

1067 2074 1124 2114 Ut
1151 2072 1323 2113 auferas
1351 2069 1534 2123 piacula,

1116 2128 1366 2180 Sordesque
1394 2126 1551 2168 mentis
1581 2125 1749 2167 abluas:

1116 2186 1355 2237 Donesque
1385 2183 1555 2225 Christe
1583 2182 1777 2233 gratiam,

1118 2242 1178 2283 Ut
1205 2243 1437 2283 arceantur
1465 2239 1654 2281 crimina.

1067 2310 1188 2349 Mens
1217 2318 1320 2348 ecce
1347 2309 1495 2358 torpet
1522 2303 1666 2356 impia,

1116 2364 1257 2413 Quam
1285 2362 1415 2415 culpa
1440 2360 1614 2402 mordet
1640 2359 1787 2401 noxia:

1116 2419 1318 2461 Obscura
1344 2417 1476 2469 gestit
1502 2416 1667 2466 tollere,

1116 2477 1172 2517 Et
1198 2481 1242 2517 te
1271 2474 1546 2526 Redemptor
1575 2475 1781 2526 quaerere.

1071 2539 1248 2592 Repelle
1276 2544 1325 2581 tu
1352 2538 1581 2589 caliginem

1115 2598 1383 2638 Intrinsecus
1413 2607 1542 2647 quam
1569 2593 1767 2640 maxime,

1115 2653 1174 2694 Ut
1202 2653 1245 2693 in
1273 2651 1405 2693 beato
1433 2650 1622 2701 gaudeat

1114 2710 1170 2751 Se
1199 2708 1407 2750 collocari
1434 2706 1605 2748 lumine.
