2040 2976
587 212 658 246 Die
682 212 733 245 31.
762 212 858 253 Aug.

413 307 496 348 Die
523 306 582 347 31.
610 304 808 356 Augusti.

232 374 274 414 S.
302 370 590 422 Raymundi
617 367 838 410 Nonnati
867 367 988 408 Conf.

528 429 692 472 Duplex.

250 482 386 517 Omnia
418 481 465 514 de
497 481 640 515 Comm.
671 481 779 516 Conf.
812 490 889 515 non
915 479 1021 514 I'ont.

198 529 265 572 [67]
290 535 430 574 praeter
453 539 559 572 sequ.
583 527 642 567 (m.
659 530 683 560 t.
700 526 749 567 v.)

523 580 687 623 Oratio.

286 648 375 685 eus,
400 635 473 686 qui
498 635 541 675 in
564 632 802 675 liberandis
822 631 1024 673 fidelibus

308 692 395 734 tuis
425 691 479 732 ab
509 690 742 742 impiorum
771 688 1024 741 captivitate

198 750 375 792 beatum
389 746 700 799 Raymi'mdum
716 745 1023 787 Confessorem

198 813 320 848 tuum
345 803 590 845 mirabilem
615 802 812 844 effecisti:
839 802 929 852 ejus
952 813 1025 841 no-

198 863 266 905 bis
302 860 616 903 intercessione
663 856 872 906 concede3
918 863 964 899 ut
1001 870 1026 897 a

199 919 482 972 peccatorum
503 915 685 957 vinculis
705 913 906 963 absoluti,
928 926 1026 965 quae

198 975 278 1017 tibi
305 979 404 1015 sunt
432 972 606 1025 placita,
634 970 782 1012 liberis
810 969 1028 1012 mentibus

203 1032 504 1082 exsequamur.
532 1029 616 1070 Per
635 1027 881 1069 Dominum.

252 1095 299 1130 Et
314 1096 354 1130 fit
369 1105 564 1129 commem.
580 1095 744 1137 praeced.

252 1148 351 1188 Ant.
375 1146 485 1187 Veni
505 1157 669 1197 sponsa
686 1143 857 1194 Christi,
877 1144 1028 1196 accipe

202 1206 422 1251 coronam,
443 1214 573 1254 quam
590 1199 670 1242 tibi
684 1199 899 1240 Dominus
919 1212 1028 1252 prae-

201 1259 372 1312 paravit
390 1259 434 1298 in
454 1259 675 1298 aeternum.

252 1313 303 1364 ys,
344 1313 515 1355 Diffusa
554 1316 621 1354 est
652 1312 794 1362 gratia
825 1312 868 1352 in
900 1311 1028 1353 labiis

200 1372 295 1413 tuis.
351 1374 401 1426 R.
436 1370 677 1422 Propterea
722 1368 948 1410 benedixit
983 1373 1027 1409 te

202 1429 322 1469 Deus
340 1428 384 1468 in
404 1428 625 1469 aeternum.

531 1493 695 1533 Oratio.

202 1539 467 1645 Bonorum
483 1544 675 1585 omnium
686 1543 876 1593 largitor,
893 1544 1027 1583 omni-

308 1605 466 1653 potens
486 1600 623 1648 Deus,
649 1600 722 1651 qui
746 1599 922 1640 beatam
941 1598 1028 1639 Ro-

203 1670 311 1706 sam,
331 1657 522 1698 coelestis
541 1656 693 1707 gratiae
713 1668 812 1697 rore
832 1656 1026 1708 praeven-

202 1719 309 1762 tam,
341 1713 601 1763 virginitatis
633 1718 676 1754 et
705 1711 928 1764 patientiae
958 1711 1028 1753 de-

204 1772 306 1811 core
334 1769 455 1811 Indis
484 1770 716 1811 florescere
742 1768 935 1810 voluisti:
973 1768 1030 1809 da

204 1826 330 1867 nobis
358 1826 530 1866 famulis
558 1826 659 1875 tuis:
693 1830 740 1866 ut
773 1826 815 1865 in
845 1824 1029 1866 odorem

205 1882 431 1924 suavitatis
463 1884 553 1933 ejus
586 1884 830 1931 currentes,
867 1881 1031 1923 Christi

205 1938 345 1980 bonus
374 1939 484 1980 odor
512 1938 625 1980 effici
653 1941 914 1980 mereamur:
948 1938 1031 1988 Qui

205 1998 350 2036 tecum
369 1996 486 2037 vivit.

257 2065 299 2098 In
329 2065 354 2098 Ι.
384 2065 582 2098 Nocturno
618 2065 822 2100 Lectiones
853 2066 899 2099 de
930 2066 1028 2100 Scri-

207 2118 318 2156 ptura
342 2118 571 2147 occurrente.

437 2169 486 2207 In
503 2169 553 2207 II.
573 2169 795 2208 Nocturno.

504 2229 656 2269 Lectio
677 2230 730 2269 iv.

221 2278 590 2340 gzzgfgaymundus,
616 2279 844 2321 Nonnatus
873 2292 1031 2331 cogno-

225 2342 289 2396 ÷†;-·j
307 2346 322 2394 ιζ
354 2337 501 2376 mento
538 2334 696 2385 dietus,
734 2337 835 2388 quia
871 2342 1032 2389 praeter

255 2392 259 2395 ⁷
287 2407 289 2409 ’
355 2395 629 2433 communem
651 2396 818 2434 naturae
843 2393 985 2444 legem
1009 2406 1032 2435 e

208 2449 395 2490 mortuae
427 2448 579 2489 matris
608 2448 798 2490 dissecto
826 2449 963 2491 latere
990 2449 1033 2490 in

210 2504 352 2546 lucem
375 2503 560 2545 eductus
583 2504 674 2553 fuit,
692 2505 872 2546 Portelli
893 2505 936 2546 in
957 2506 1033 2546 Ca-

210 2559 400 2603 talaunia
428 2559 511 2612 piis
538 2565 582 2601 et
606 2560 824 2602 nobilibus
849 2562 1033 2612 parenti—

210 2617 292 2659 bus
318 2622 451 2666 ortus‚
478 2615 532 2657 ab
557 2616 652 2668 ipsa
678 2617 854 2658 infantia
878 2617 1036 2658 futurae

190 2680 195 2686 ‘
211 2672 455 2714 sanctitatis
472 2672 630 2713 indicia
646 2671 778 2713 dedit.
805 2672 918 2713 Nam
934 2686 1035 2724 pue—

212 2728 307 2770 rilia
331 2728 662 2777 oblectamenta,
688 2727 924 2780 mundique
949 2729 1036 2770 ille-

906 211 940 244 S.
966 210 1184 254 Raymundi
1210 208 1381 243 Nonnati
1406 207 1513 243 Conf.

1076 300 1230 342 cebras
1241 301 1464 351 respuens,
1479 298 1539 340 ita
1554 298 1708 351 pietati
1724 300 1906 350 operam

1076 356 1221 405 dabat,
1244 361 1293 397 ut
1315 367 1467 396 omnes
1488 355 1531 396 in
1550 358 1690 407 puero
1710 352 1906 396 adultam

1076 414 1283 454 virtutem
1306 411 1637 453 admirarentur.
1670 410 1906 452 Crescente

1077 482 1181 511 vero
1210 471 1357 517 aetate,
1386 468 1631 510 litterarum
1659 466 1818 509 studiis
1845 466 1905 507 in-

1077 526 1240 568 cubuit:
1266 524 1345 566 sed
1370 537 1474 566 mox
1499 524 1673 576 jubente
1697 529 1823 576 patre
1846 523 1906 564 vi-

1076 589 1165 624 tam
1186 582 1274 623 ruri
1291 594 1437 633 agens,
1456 580 1664 622 sacellum
1680 579 1819 621 sancti
1831 579 1905 621 Ni-

1077 639 1190 681 colai
1214 639 1256 679 in
1275 638 1458 680 Portelli
1481 637 1640 679 finibus
1665 637 1796 679 situm
1815 648 1906 678 cre-

1076 696 1157 738 bro
1193 695 1360 745 adibat,
1408 700 1456 736 ut
1493 707 1664 736 sacram
1700 693 1907 746 Deiparae

1077 753 1321 804 imaginem,
1348 765 1446 804 quae
1471 752 1514 792 in
1540 763 1593 792 eo
1614 762 1783 791 summa
1803 748 1907 791 fide-

1077 809 1180 850 lium
1201 809 1482 850 veneratione
1509 808 1640 850 etiam
1666 819 1782 848 nunc
1806 806 1907 847 coli-

1077 871 1158 915 tur,
1178 866 1387 907 visitaret.
1415 865 1484 906 Ibi
1503 863 1667 906 effusus
1682 863 1726 904 in
1741 875 1908 916 preces,

1076 922 1218 974 ipsam
1245 922 1329 963 Dei
1362 923 1608 974 parentem,
1639 925 1688 962 ut
1715 932 1764 961 se
1790 919 1834 960 in
1861 918 1908 959 fi-

1077 978 1183 1020 lium
1207 978 1422 1031 adoptare
1445 978 1651 1029 viamque
1678 975 1832 1017 salutis
1852 986 1910 1016 'ac

1078 1035 1304 1076 scientiam
1341 1036 1594 1076 sanctorum
1627 1032 1815 1075 edocere
1848 1030 1909 1074 di-

1078 1093 1295 1142 gnaretur,
1313 1093 1440 1133 enixe
1460 1089 1791 1143 deprecabatur.

1133 1168 1184 1219 R.
1206 1165 1454 1206 Honestum
1482 1163 1585 1205 fecit
1612 1162 1735 1204 illum
1761 1162 1909 1203 Domi-

1079 1235 1170 1271 nm,
1195 1226 1239 1263 et
1259 1219 1497 1263 custodivit
1521 1233 1620 1261 eum
1640 1218 1696 1261 ab
1715 1218 1912 1267 inimicis,

1081 1283 1124 1319 et
1152 1291 1177 1319 a
1204 1276 1513 1319 seductoribus
1541 1275 1702 1318 tutavit
1725 1274 1864 1316 illum:
1890 1279 1911 1303 *

1081 1335 1136 1376 Et
1167 1333 1290 1376 dedit
1322 1333 1384 1374 illi
1415 1333 1659 1375 claritatem
1692 1332 1912 1373 aeternam.

1086 1390 1134 1441 V.
1162 1391 1335 1432 Justum
1369 1389 1552 1432 deduxit
1585 1389 1800 1431 Dominus
1832 1399 1912 1440 per

1081 1449 1175 1489 vias
1195 1453 1349 1498 rectas,
1374 1452 1418 1489 et
1438 1445 1631 1489 ostendit
1650 1445 1712 1487 illi
1730 1457 1911 1497 regnum

1081 1505 1174 1546 Dei.
1203 1504 1261 1546 Et
1280 1503 1413 1546 dedit.

1392 1589 1544 1630 Lectio
1565 1603 1602 1629 v.

1178 1670 1228 1700 ec
1252 1657 1390 1699 defuit
1409 1657 1524 1698 votis
1548 1657 1639 1708 ejus
1658 1655 1913 1705 benignissi-

1203 1727 1274 1755 ma
1298 1714 1449 1764 Virgo.
1487 1712 1558 1754 Ab
1587 1713 1686 1764 ipsa
1713 1711 1828 1753 enim
1852 1711 1912 1751 in-

1082 1771 1250 1812 tellexit
1283 1769 1580 1821 gratissimum
1613 1767 1696 1810 sibi
1728 1767 1840 1816 fore,
1877 1767 1914 1808 si

1083 1827 1338 1878 religionem
1362 1825 1444 1867 sub
1467 1825 1597 1867 titulo
1622 1823 1678 1867 de
1698 1822 1914 1873 Mercede,

1083 1896 1161 1925 seu
1187 1882 1242 1925 de
1268 1881 1572 1924 Misericordia
1594 1879 1915 1933 redemptionis

1084 1940 1376 1992 captivorum,
1405 1952 1457 1981 ea
1485 1940 1747 1990 suggerente
1775 1949 1915 1990 nuper

1082 1996 1319 2046 fundatam,
1347 1994 1661 2048 ingrederetur.
1702 1995 1799 2045 Qua
1825 2005 1915 2035 mo-

1083 2053 1248 2095 nitione
1271 2054 1494 2106 percepta,
1515 2051 1808 2093 Barcinonem
1830 2055 1914 2092 sta-

1083 2110 1161 2152 tim
1179 2109 1414 2162 profectus,
1434 2108 1542 2150 illud
1556 2113 1647 2150 tam
1661 2106 1914 2161 praecellen-

1083 2166 1140 2208 tis
1164 2178 1268 2217 erga
1296 2166 1546 2219 proximum
1575 2164 1770 2206 caritatis
1797 2163 1915 2204 insti-

1083 2226 1227 2265 tutum
1250 2222 1480 2275 amplexus
1500 2227 1577 2263 est.
1609 2220 1819 2272 Regulari
1841 2220 1915 2271 igi-

1083 2285 1154 2321 tur
1164 2279 1333 2320 militiae
1341 2278 1602 2331 adscriptus,
1611 2277 1916 2329 virginitatem,

1087 2349 1219 2388 quam
1246 2335 1418 2388 pridem
1446 2335 1589 2377 beatae
1617 2333 1786 2385 Virgini
1815 2345 1914 2374 con-

1087 2395 1351 2442 secraverat,
1383 2394 1600 2444 perpetuo
1630 2391 1776 2440 coluit,
1804 2394 1915 2432 cete-

1087 2451 1235 2501 risque
1264 2448 1498 2491 virtutibus
1531 2448 1702 2496 enituit,
1735 2447 1916 2488 caritate

1087 2505 1334 2558 praesertim
1370 2518 1473 2555 erga
1511 2504 1801 2554 Christianos,
1843 2503 1916 2555 qui

1088 2561 1168 2603 sub
1186 2563 1410 2614 potestate
1426 2563 1699 2614 paganorum
1713 2562 1917 2601 miseram

1088 2618 1131 2658 in
1146 2618 1400 2671 captivitate
1416 2618 1551 2659 vitam
1566 2616 1796 2668 degebant.
1821 2615 1917 2656 Hos

1089 2679 1136 2715 ut
1168 2674 1418 2724 redimeret,
1453 2674 1496 2714 in
1525 2673 1719 2715 Africam
1748 2671 1918 2718 missus,

1090 2743 1188 2771 cum
1215 2731 1299 2782 jam
1330 2730 1494 2772 multos
1522 2743 1547 2771 a
1574 2729 1785 2771 servitute
1813 2726 1917 2769 libe-
