2040 2976
179 200 244 234 262

692 203 792 236 Infra
822 202 1115 237 Hebdomadam
1140 213 1173 235 v.
1199 199 1375 241 Augusti.

180 295 294 344 illos,
322 299 366 335 et
392 295 693 335 ornamentum
717 292 870 343 gratiae
894 294 1002 333 acci-

180 352 274 404 pias
294 353 512 399 coronam‚
532 355 575 391 et
595 349 890 401 dignationem
905 361 1003 389 con-

180 407 378 459 sequaris
415 406 742 457 corrogationis.
802 406 1003 456 Loquere

180 465 316 515 major
334 469 454 505 natu:
474 462 601 504 decet
621 463 734 504 enim
754 468 798 504 te
816 462 1005 515 primum

181 520 364 561 verbum
393 519 589 571 diligenti
618 519 813 569 scientia,
848 525 891 561 et
918 531 1005 559 non

181 576 395 629 impedias
414 576 636 617 musicam.

235 643 285 693 Rg.
309 637 497 678 Domine
514 642 651 689 pater.
670 637 766 677 237.

492 704 643 746 Lectio
666 705 704 744 ii.

304 762 318 802 i
339 761 512 803 auditus
538 775 627 804 non
651 767 733 811 est,
761 774 849 802 non
874 760 1007 802 effun-

296 817 375 859 das
395 821 656 868 sermonem,
692 823 735 860 et
758 818 1008 870 importi'me

183 874 274 915 noli
295 874 446 916 extolli
465 875 508 915 in
530 875 744 928 sapientia
763 879 848 916 tua.
882 873 1009 915 Gem-

183 931 570 979 mulacarbsmeuli
585 932 628 971 in
640 932 893 973 ornamento
906 931 1010 980 auri,

185 992 229 1029 et
254 988 524 1040 comparatio
550 987 815 1028 musicorum
839 988 883 1028 in
910 1000 1009 1029 con-

184 1044 301 1085 vivio
338 1044 436 1084 vini.
488 1044 609 1085 Sicut
644 1044 687 1084 in
724 1043 1010 1085 fabricatione

185 1100 279 1141 auri
303 1100 474 1151 signum
498 1105 565 1141 est
591 1099 825 1151 smaragdi,
854 1100 916 1141 sic
935 1103 1010 1140 nu-

185 1169 331 1198 merus
367 1157 633 1198 musicorum
670 1157 713 1196 in
744 1155 933 1208 jucundo
967 1161 1011 1197 et

183 1212 413 1254 moderato
445 1213 558 1254 vino.
617 1212 735 1254 Audi
767 1217 934 1261 tacens,
967 1217 1011 1254 et

184 1282 266 1323 pro
301 1270 545 1311 reverentia
577 1268 758 1311 accedet
788 1268 867 1310 tibi
893 1268 1011 1310 bona

182 1327 333 1378 gratia,
368 1326 640 1368 Adolescens
664 1326 845 1378 loquere
869 1325 912 1366 in
936 1331 1012 1367 tua

184 1396 316 1424 causa
341 1383 424 1424 vix.
466 1383 510 1425 Si
535 1383 604 1425 bis
628 1383 923 1433 interrogatus
949 1383 1007 1423 fu-

185 1440 279 1490 eris,
291 1439 450 1482 habeat
461 1445 595 1493 caput
606 1442 868 1492 responsum
877 1444 1012 1481 tuum.

237 1503 287 1554 R
314 1501 474 1552 Magna
494 1501 618 1543 enim.
637 1501 729 1542 237.

486 1568 636 1609 Lectio
657 1567 711 1607 iii.

187 1628 259 1734 In
291 1632 438 1673 multis
471 1636 566 1673 esto
600 1635 725 1684 quasi
750 1631 927 1681 inscius,
969 1636 1012 1673 et

241 1688 343 1730 audi
374 1694 526 1730 tacens
559 1687 688 1730 simul
722 1693 766 1729 et
799 1700 1012 1740 quaerens.

186 1746 235 1786 In
254 1744 400 1786 medio
420 1747 726 1795 magnatorum
745 1757 830 1785 non
847 1748 1011 1797 praesu-

186 1814 295 1842 mas:
325 1807 368 1843 et
394 1801 467 1843 ubi
494 1807 593 1843 sunt
620 1814 764 1851 senes,
793 1814 880 1843 non
905 1801 1011 1842 mul-

1058 295 1151 332 tum
1197 290 1402 342 loquaris.
1468 291 1586 333 Ante
1629 291 1886 343 grandinem

1059 347 1235 399 praeibit
1267 347 1530 389 coruscatio:
1562 352 1606 390 et
1637 353 1738 390 ante
1764 361 1884 391 vere-

1060 401 1264 444 cundiam
1283 403 1460 455 praeibit
1478 404 1633 454 gra‘cia,
1659 410 1702 446 et
1719 417 1802 458 pro
1822 418 1885 447 re-

1057 460 1251 500 verentia
1277 458 1458 501 accedet
1485 459 1565 502 tibi
1589 459 1705 502 bona
1727 463 1879 513 gratia.

1058 516 1114 557 Et
1151 515 1259 556 hora
1297 514 1503 566 surgendi
1537 529 1626 558 non
1660 521 1705 559 te
1740 518 1888 561 trices:

1059 576 1282 624 praecurre
1311 577 1459 613 autem
1485 572 1609 625 prior
1635 573 1680 614 in
1708 573 1888 617 domum

1059 634 1190 678 tuam,
1216 634 1259 670 et
1278 628 1365 669 illic
1384 630 1583 678 avocare,
1606 634 1650 671 et
1667 629 1756 672 illic
1773 630 1887 682 lude,

1062 691 1104 727 et
1132 698 1211 736 age
1241 685 1552 738 conceptiones
1580 690 1696 736 tuas,
1729 691 1774 728 et
1800 701 1889 730 non

1060 742 1104 782 in
1132 741 1320 791 delictis,
1350 747 1393 783 et
1420 741 1557 784 verbo
1585 742 1789 795 superbo.
1832 744 1889 787 Et

1062 811 1194 850 super
1219 798 1284 838 his
1310 797 1511 839 omnibus
1529 797 1780 842 benedicito
1801 801 1888 842 Do·

1062 855 1236 904 minum,
1259 855 1331 907 qui
1352 855 1454 896 fecit
1471 860 1526 905 te,
1547 860 1590 897 et
1604 855 1890 899 inebriantem

1063 917 1107 953 te
1126 911 1181 952 ab
1203 911 1402 952 omnibus
1421 911 1550 953 bonis
1570 912 1671 953 suis.

1113 982 1164 1033 Rz.
1194 977 1303 1027 Quae
1322 981 1433 1018 sunt.
1451 977 1542 1017 237.

1338 1107 1366 1144 S
1385 1118 1411 1143 a
1427 1108 1453 1143 b
1470 1108 1496 1144 b
1517 1118 1542 1144 a
1558 1111 1574 1143 t
1593 1117 1618 1143 0

1109 1163 1311 1216 proximo
1332 1162 1545 1203 Kalendis
1564 1161 1846 1215 Septembris.

1116 1228 1187 1270 Ad
1212 1228 1385 1278 Magnis.
1423 1228 1522 1268 Ant.
1559 1227 1669 1268 Cum
1696 1223 1892 1268 audisset

1063 1281 1087 1321 J
1091 1280 1148 1322 ob
1177 1282 1200 1307 *
1228 1281 1481 1323 nuntiorum
1508 1280 1659 1331 verba,
1688 1283 1892 1324 sustinuit

1063 1337 1298 1390 patienter,
1327 1342 1370 1379 et
1395 1337 1468 1379 ait:
1495 1337 1541 1379 Si
1557 1337 1676 1379 bona
1699 1338 1891 1391 suscepi-

1064 1407 1161 1435 mus
1181 1393 1236 1435 de
1255 1407 1387 1435 manu
1405 1394 1595 1444 Domini,
1613 1394 1729 1436 mala
1747 1399 1893 1437 autem

1066 1463 1201 1502 quare
1223 1463 1311 1492 non
1336 1449 1649 1492 sustineamus?
1682 1451 1734 1492 In
1758 1451 1891 1492 omni-

1063 1507 1147 1549 bus
1187 1507 1255 1548 his
1290 1520 1379 1549 non
1414 1508 1616 1560 peccavit
1646 1507 1729 1549 Job
1764 1507 1892 1550 labiis

1066 1565 1171 1615 suis,
1191 1577 1333 1617 neque
1353 1565 1535 1606 stultum
1554 1564 1720 1617 aliquid
1739 1569 1893 1606 contra

1065 1621 1209 1663 Deum
1226 1621 1402 1663 locutus
1422 1626 1500 1663 est.

1115 1687 1167 1738 V.
1203 1688 1471 1740 Vespertina
1507 1686 1649 1728 oratio
1683 1685 1894 1728 ascendat

1067 1744 1123 1786 ad
1155 1749 1198 1786 te
1230 1743 1430 1785 Domine.
1479 1746 1530 1797 R.
1565 1743 1623 1785 Et
1655 1741 1895 1785 descendat

1068 1813 1199 1854 super
1222 1813 1302 1841 nos
1326 1799 1627 1842 misericordia
1649 1804 1736 1841 tua.
