2040 2976
726 190 895 224 Sabbato
920 191 967 224 acl
995 191 1229 225 Matutinum.
1817 187 1861 223 97

156 282 401 325 habuntur:'
419 284 449 321 *.
471 282 642 323 'auferes
676 282 879 335 spiritum
912 285 981 324 eo-

157 353 270 389 rum,
299 344 343 381 et
372 339 594 387 deficient,
623 344 667 380 et
688 339 732 379 in
753 339 981 391 pulverem

157 409 287 442 suum
302 397 587 439 revertentur.

207 453 393 494 Emittes
411 451 615 507 spiritum
631 456 770 502 tuum,
800 457 844 494 et
864 466 981 494 crea-

155 509 332 550 buntur.
324 510 364 536 ·*
373 513 416 550 et
428 505 660 550 renovabis
672 508 829 550 faciem
839 514 981 551 terrae

208 565 272 606 Sit
292 565 431 617 gloria
451 565 659 606 Domini
649 578 693 605 111
714 565 938 606 saeculum:
958 568 981 593 *

156 622 378 663 laetabitur
385 622 600 663 Deminus
609 621 653 661 in
663 621 872 673 operibus
881 623 980 663 suis.

208 679 292 729 Qui
311 679 491 731 respicit
510 683 684 728 terram,
705 683 747 719 et
764 678 867 720 facit
885 692 981 720 eam

157 737 358 776 tremere:
386 737 410 762 *
438 735 512 797 qui
541 736 681 786 tangit
708 740 900 785 montes,
938 740 981 777 et

128 797 131 802 '
155 792 378 843 fumigant

208 848 406 890 Cantabo
426 849 619 889 Demino
648 849 692 888 in
716 849 807 889 vita
824 861 938 889 mea:
958 850 980 875 *

155 904 340 957 psallam
358 905 454 946 Deo
471 917 583 954 meo,
604 904 813 956 quamdiu
833 918 940 945 sum.

206 961 231 1001 J
233 961 455 1002 ucundum
467 961 524 1002 sit
535 962 574 1002 ei
586 961 809 1013 eloquium
820 974 981 1002 meum:

87 1046 93 1048 >
155 1019 178 1045 *
199 1030 280 1069 ego
304 1030 409 1059 vero
433 1017 691 1059 delectabor
713 1018 757 1058 in
778 1018 981 1058 Demino.

198 1074 426 1116 Deficiant
449 1076 708 1127 peccatores
733 1087 758 1115 a
776 1079 908 1123 terra,
938 1079 981 1115 et

155 1131 292 1182 iniqui
324 1131 386 1172 ita
418 1136 466 1172 ut
498 1143 587 1171 non
620 1131 721 1171 sint:
746 1132 768 1158 *
793 1130 981 1172 benedic

156 1188 299 1228 anima
318 1200 416 1228 mea
435 1187 639 1228 Demino.

412 1246 607 1286 psalmus
628 1248 719 1286 104.
746 1247 748 1249 ’
847 1296 849 1298 ¹

154 1298 474 1406 Confitemini
493 1301 696 1350 D6mino,
716 1305 759 1341 et
778 1300 981 1340 invocate

246 1370 405 1398 nomen
426 1358 531 1409 ejus:
550 1359 574 1384 *
593 1357 847 1397 annuntiate
867 1356 981 1397 inter

157 1413 323 1455 Gentes
345 1416 480 1466 Opera
501 1414 601 1465 ejus.

207 1470 392 1513 Cantate
412 1470 467 1519 ei,
496 1475 540 1511 et
567 1469 741 1522 psallite
771 1470 824 1511 ei:
843 1471 866 1496 *
886 1482 981 1510 nar-

155 1528 250 1568 rate
271 1526 422 1567 omnia
435 1526 661 1567 mirabilia-
674 1527 774 1579 ejus.

207 1582 467 1624 Laudamini
516 1583 560 1623 in
606 1583 781 1624 nemine
827 1587 980 1624 sancto

154 1640 264 1691 ejus:
282 1641 318 1668 ·*
348 1638 523 1681 laetetur
568 1652 644 1680 cor
690 1639 981 1691 quaerentium

156 1695 404 1736 Dominum.

205 1750 401 1802 Quaerite
420 1751 669 1802 D6minum,
690 1756 733 1793 et
752 1752 980 1793 confirma-

154 1808 277 1848 mini.
304 1810 328 1835 *
337 1808 540 1881 quaerite
568 1808 725 1870 faciem
753 1809 844 1870 ejus
872 1821 979 1850 sem-

155 1877 274 1916 per

206 1893 475 1962 Mement6te
485 1920 751 1962 mirabilium
760 1922 865 1973 ejus,
880 1934 979 1972 quae

154 1976 272 2018 fecit:
277 1977 519 2029 *prodigia
533 1978 634 2028 ejus,
655 1978 698 2018 et
715 1976 877 2029 judicia
891 1978 980 2018 oris

155 2034 256 2085 ejus.
360 2046 362 2049 ’
420 2048 422 2053 ⁴
638 2062 641 2068 1

206 2089 364 2130 Semen
396 2089 638 2139 Abraham,
673 2090 788 2131 servi
822 2091 929 2142 ejus:
957 2092 980 2118 *

155 2145 234 2185 filii
252 2145 401 2195 Jacob,
421 2145 558 2187 electi
571 2146 672 2197 ejus.

208 2201 309 2254 Ipse
328 2201 544 2243 D6minus
561 2202 681 2243 Deus
710 2207 874 2243 noster:
894 2204 917 2230 *
937 2203 981 2244 in

156 2258 359 2298 universa
377 2263 495 2299 terra
514 2258 673 2310 judicia
693 2259 794 2310 ejus.

207 2313 377 2355 Memor
413 2314 494 2356 fuit
529 2315 573 2354 in
610 2315 819 2356 saeculum
851 2320 981 2356 testa-

156 2370 292 2411 menti
311 2370 391 2411 sui:
411 2371 435 2397 *
453 2370 595 2420 verbi,
619 2370 738 2423 quod
755 2371 981 2413 mandavit

156 2426 199 2466 in
219 2426 338 2467 mille
357 2427 677 2477 generationes:

209 2482 337 2532 Quod
365 2482 584 2535 disposuit
612 2483 669 2524 ad
697 2482 937 2524 Abraham:
958 2486 981 2511 *

157 2543 200 2580 et
219 2539 447 2590 juramenti
467 2539 534 2579 sui
554 2539 610 2580 ad
629 2540 770 2580 Isaac:

207 2595 264 2636 Et
289 2595 444 2636 statuit
468 2594 576 2636 illud
594 2595 732 2636 Jacob
756 2596 800 2635 in
819 2599 981 2648 praece-

157 2656 296 2703 ptum:
315 2653 338 2678 *
359 2656 403 2693 et
430 2651 569 2692 Israel
596 2652 640 2691 in
667 2654 981 2694 testamentum

157 2708 384 2748 aeternum:
420 2723 422 2726 ’

1086 283 1266 324 Dicens:
1300 284 1381 325 tibi
1414 284 1530 326 dabo
1560 285 1723 326 terram
1752 284 1859 325 Chei-

1035 352 1164 389 naan,
1184 341 1207 367 *
1227 340 1465 381 funiculum
1489 341 1761 382 haereditatis
1790 353 1859 381 ve—

1036 401 1150 437 strae.

1087 452 1196 494 Cum
1217 458 1364 494 essent
1378 457 1560 494 numero
1578 453 1860 506 brevi,*pau-

1035 510 1199 550 cissimi
1219 515 1263 551 et
1282 509 1438 550 incolae
1459 510 1559 561 ejus.

1086 566 1142 607 Et
1177 567 1526 618 pertransierunt
1563 566 1617 607 de
1654 571 1783 617 gente
1816 566 1859 606 in

1034 627 1220 674 gentem,
1238 624 1261 650 *
1282 627 1326 664 et
1346 621 1401 663 de
1419 635 1553 673 regno
1574 622 1629 663 ad
1649 622 1860 675 pepulum
1905 658 1908 662 .

1034 679 1231 720 alterum.

1085 735 1188 776 Non
1225 736 1402 788 reliquit
1443 735 1665 776 heminem
1702 737 1860 776 nocere

1035 792 1114 833 eis:
1133 794 1156 819 *
1177 797 1220 833 et
1240 793 1454 844 corripuit
1474 804 1555 844 pro
1577 792 1638 833 eis
1659 805 1795 842 reges.

1086 849 1235 890 Nolite
1264 851 1443 899 tangere
1474 848 1661 889 christos
1681 860 1818 889 meos:
1905 879 1907 882 Α

1035 910 1079 946 et
1106 906 1150 945 in
1178 905 1408 958 prophetis
1439 905 1549 946 meis
1577 904 1713 946 nolite
1741 904 1860 944 mali·
1904 920 1907 931 2

1034 962 1167 1013 gnari.

1086 1018 1142 1059 Et
1162 1018 1338 1059 vocavit
1357 1018 1517 1059 famem
1537 1031 1668 1070 super
1683 1023 1861 1059 terram:

1034 1076 1117 1116 *et
1135 1087 1265 1116 omne
1280 1075 1603 1116 firmamentum
1620 1075 1746 1127 panis
1762 1087 1860 1115 eon-

1034 1132 1167 1173 trivit.

1086 1188 1207 1229 Misit
1235 1192 1336 1228 ante
1365 1200 1441 1228 eos
1469 1188 1625 1228 virum:
1651 1190 1674 1214 *
1702 1188 1745 1228 in
1775 1200 1860 1228 ser·
1906 1200 1908 1204 ’

1034 1258 1136 1296 νιιιιι
1157 1243 1448 1285 venumdatus
1473 1249 1540 1285 est
1556 1245 1580 1284 J
1583 1244 1732 1296 oseph.

1086 1300 1440 1341 Humiliaverunt
1485 1301 1529 1340 in
1571 1301 1859 1353 compedibus

1034 1357 1171 1410 pedes
1191 1357 1291 1408 ejus,
1314 1357 1476 1398 ferrum
1496 1357 1752 1409 pertransiit
1773 1358 1859 1397 ani-

1033 1427 1150 1454 mam
1171 1415 1272 1465 ejus,
1287 1415 1310 1440 *
1327 1412 1467 1454 donec
1488 1416 1656 1454 veniret
1676 1413 1859 1454 verbum

1035 1471 1136 1522 ejus.

1085 1526 1322 1578 Eloquium
1359 1526 1538 1567 Domini
1574 1526 1858 1567 inflammavit

1035 1596 1148 1624 eum:
1177 1584 1200 1610 *
1226 1582 1347 1623 misit
1374 1595 1468 1632 rex,
1502 1588 1548 1624 et
1581 1582 1714 1623 solvit
1742 1595 1856 1633 eum·

1034 1638 1521 1691 princepspopulorum‚
1528 1638 1859 1680 etdimisiteum

1086 1695 1325 1736 Constituit
1345 1708 1444 1736 eum
1461 1694 1686 1736 deminum
1702 1695 1857 1736 domus

1034 1765 1142 1793 suae:
1156 1754 1180 1779 *
1200 1756 1243 1793 et
1260 1752 1505 1804 principem
1525 1752 1666 1792 omnis
1686 1764 1856 1803 posses-

1034 1809 1170 1849 sionis
1191 1821 1310 1849 suae:

1082 1864 1144 1906 Ut
1170 1863 1363 1906 erudiret
1388 1864 1610 1916 principes
1635 1864 1725 1915 ejus
1745 1864 1858 1906 sicut

1033 1923 1337 1973 semetipsum:
1362 1922 1385 1947 *
1412 1925 1455 1961 et
1483 1933 1610 1961 senes
1639 1921 1730 1972 ejus
1757 1933 1855 1973 pru-

1033 1977 1229 2018 dentiam
1249 1976 1439 2018 doceret.

1082 2033 1140 2075 Et
1168 2033 1347 2074 intravit
1373 2032 1510 2073 Israel
1537 2033 1581 2073 in
1600 2033 1856 2085 AEgyptum:

1032 2091 1056 2117 *
1068 2094 1111 2131 et
1122 2089 1259 2131 Jacob
1272 2089 1421 2130 accola
1432 2089 1512 2130 fuit
1526 2089 1570 2129 in
1580 2094 1698 2130 terra
1710 2089 1857 2130 Cham.

1083 2146 1140 2187 Et
1174 2145 1295 2187 auxit
1329 2145 1543 2198 p6pulum
1578 2158 1704 2186 suum
1731 2145 1856 2187 vehe-

1032 2204 1219 2244 menter:
1250 2203 1273 2229 *
1301 2207 1345 2243 et
1378 2202 1568 2244 firmavit
1598 2205 1696 2243 eu‘m
1725 2215 1856 2255 super

1032 2259 1234 2300 inimicos
1255 2259 1356 2310 ejus.

1085 2315 1313 2356 Convertit
1342 2327 1417 2356 cor
1443 2317 1596 2356 eorum
1618 2320 1666 2356 ut
1685 2315 1858 2357 odirent

1032 2371 1246 2436 pdpulum
1266 2372 1370 2422 eius:
1390 2373 1413 2398 *
1433 2376 1476 2412 et
1495 2371 1644 2412 dolum
1663 2372 1858 2413 facerent

1033 2428 1077 2468 in
1098 2440 1249 2469 servos
1268 2429 1369 2480 ejus.
1916 2477 1921 2482 ¹

1085 2484 1206 2525 Misit
1233 2484 1416 2536 M6ysen
1451 2497 1626 2525 servum
1661 2497 1806 2524 suum:
1834 2485 1857 2509 *

1033 2541 1194 2590 Aaron,
1216 2553 1345 2592 quem
1365 2541 1496 2591 elegit
1516 2541 1671 2592 ipsum.

1085 2597 1239 2638 Posuit
1279 2597 1323 2637 in
1365 2597 1427 2638 eis
1465 2596 1598 2637 verba
1634 2596 1856 2647 sign6rum
1900 2626 1901 2629 η

1033 2655 1224 2702 suorum,
1242 2654 1265 2679 *
1285 2658 1328 2694 et
1351 2652 1654 2705 prodigi6rum
1676 2652 1720 2691 in
1740 2656 1856 2692 terra

1033 2708 1180 2750 Cham.
