2040 2976
634 210 732 243 Infra
760 212 941 243 Octavam
971 210 1234 243 hedit-ationis
1264 211 1453 244 lit-elesius.

189 303 317 352 vites,
347 303 420 355 qui
440 302 658 353 volumus,
683 304 719 345 si
743 304 838 346 fieri
856 309 1014 358 potest,

188 361 343 400 sanare
372 372 538 401 omnes:
565 373 620 402 ne
647 361 690 401 in
719 361 872 403 cameli
900 374 1013 403 com-

188 416 415 468 paratione
433 417 679 469 praestricti,
699 422 743 459 et
761 418 805 459 in
823 417 1014 459 Zachaeo

189 473 315 514 citius
337 485 467 525 quam
487 474 697 526 oportuit,
718 473 931 523 derelicti,
956 475 1013 526 ju-

187 534 267 570 stae
308 529 498 571 habeant
539 531 844 572 commotionis
881 530 1012 572 offen-

187 598 291 626 sam.
348 589 396 638 lx’g.
424 586 594 628 Domus
613 600 721 629 mea.
741 587 850 640 [120]

477 645 626 686 Lectio
649 646 730 685 viii.

276 699 415 741 iscant
440 699 597 742 divites
622 713 709 742 non
733 700 777 741 in
802 699 1012 742 facultati-

290 755 373 798 bus
396 757 559 798 crimen
581 756 765 808 haerere,
791 756 869 798 sed
888 757 931 797 in
949 756 1012 806 iis,

187 813 262 865 qui
279 813 343 854 uti
361 814 558 855 nesciant
577 813 868 855 facultatibus.
899 813 1014 854 Nam

187 870 352 911 divitiae
375 875 424 911 ut
452 870 764 923 impedimenta
789 869 1013 923 improbis,

185 926 246 968 ita
272 926 400 968 bonis
427 931 529 968 sunt
555 927 803 978 adjumenta
828 926 1013 968 virtutis.
1074 916 1108 933 *³*

186 983 320 1025 Dives
341 988 459 1025 certe
479 983 709 1033 Zachaeus,
736 988 779 1025 et
805 983 968 1025 electus
988 995 1014 1024 a

187 1039 393 1094 Christo:x
417 1039 495 1081 sed
533 1039 759 1082 dimidium
795 1040 1013 1082 bonorum

186 1098 365 1137 suorum
379 1096 646 1149 pauperibus
661 1096 898 1149 largiendo,
918 1096 1013 1138 red-

186 1152 331 1194 dendo
357 1153 488 1194 etiam
511 1153 554 1194 in
575 1153 884 1206 quadruplum,
914 1166 1013 1205 quae

184 1209 336 1251 fraude
374 1209 624 1260 sustulerat,
661 1210 861 1261 (alterum
898 1210 1013 1251 enim

184 1279 271 1307 non
296 1271 364 1307 sat
389 1271 470 1315 est,
499 1279 580 1308 nec
603 1266 737 1308 habet
762 1266 948 1318 gratiam
966 1266 1012 1307 li-

181 1322 400 1373 beralitas,
421 1323 456 1364 si
467 1323 622 1375 injuria
631 1325 896 1376 perseverat,
913 1323 1013 1376 quia

184 1392 271 1421 non
298 1380 454 1433 spolia,
489 1379 567 1422 sed
597 1380 713 1422 dona
744 1381 1012 1433 quaeruntur)

183 1436 431 1478 uberiorem
450 1436 699 1484 mercedem
719 1450 850 1490 quam
869 1437 1011 1478 confe-

183 1493 319 1543 rebat,
339 1494 519 1547 accepit.

246 1552 294 1602 R.
314 1550 506 1603 Lapides
526 1550 719 1603 pretiosi.
747 1550 843 1603 [121]

488 1612 640 1652 Lectio
671 1612 723 1651 ix.

272 1672 289 1708 t
308 1667 418 1709 bene
437 1668 643 1721 princeps
667 1668 887 1710 inducitur
905 1668 1012 1722 pub-

278 1724 531 1766 licanorum.
565 1725 671 1775 Quis
695 1726 779 1777 jam
800 1725 854 1767 de
874 1739 921 1767 se
942 1725 1012 1767 de-

185 1782 347 1833 speret,
378 1780 554 1833 quando
574 1786 618 1823 et
640 1782 739 1831 iste,
768 1782 837 1823 cui
857 1795 1014 1824 census

186 1850 241 1879 ex
272 1836 442 1887 fraude,
483 1837 539 1879 ad
572 1838 758 1880 salutem
790 1837 1013 1891 pervenit?

187 1894 243 1935 Et
261 1894 366 1947 ipse,
385 1894 535 1946 inquit,
555 1894 689 1936 dives.
717 1895 777 1937 Ut
796 1895 909 1936 scias
926 1908 1014 1937 non

188 1963 340 1992 omnes
369 1950 542 2001 divites,
574 1953 743 1993 avaros.
787 1952 898 2002 Quia
929 1957 1012 1993 sta-

188 2010 285 2047 tura
309 2007 493 2060 pusillus
518 2011 620 2049 erat.
662 2007 777 2058 Quid
801 2008 886 2050 sibi
910 2009 1014 2058 vult,

190 2063 309 2115 quod
322 2063 481 2105 nullius
495 2064 671 2106 alterius
682 2068 894 2106 staturam
904 2066 1013 2107 Scri-

188 2123 333 2172 ptura,
364 2121 446 2161 nisi
471 2120 596 2173 hujus
624 2121 861 2174 expressit?
897 2121 1012 2164 Vide

188 2188 242 2217 ne
262 2176 375 2218 forte
390 2177 553 2219 malitia
567 2178 762 2230 pusillus,
781 2183 856 2220 aut
872 2178 1015 2220 adhuc

189 2232 372 2285 pusillus
400 2233 498 2275 fide.
537 2234 745 2276 Nondum
777 2236 893 2277 enim
920 2235 1014 2277 red-

189 2288 294 2330 dere
320 2292 597 2341 promiserat:
624 2291 820 2333 nondum
845 2292 1015 2334 viderat

191 2345 425 2387 Christum:
457 2347 612 2388 merito
645 2347 788 2390 adhuc
820 2348 1015 2401 pusillus.

188 2402 379 2444 Joannes
411 2407 557 2444 autem
589 2416 788 2454 magnus,
830 2406 931 2458 quia
972 2410 1016 2447 et

189 2458 408 2500 Christum
437 2458 563 2508 vidit,
597 2465 640 2501 et
666 2461 876 2513 Spiritum
905 2462 1016 2503 sicut

189 2515 437 2557 columbam
457 2528 588 2568 super
604 2516 823 2558 Christum
841 2520 1015 2559 manen-

189 2577 296 2622 tem,
324 2572 437 2613 sicut
462 2572 558 2624 ipse
581 2572 656 2613 ait:
685 2573 790 2614 Vidi
808 2574 1015 2626 Spiritum

190 2627 529 2670 descendentem
548 2628 661 2669 sicut
681 2629 943 2679 columbam,
972 2635 1015 2671 et

189 2687 436 2726 manentem
447 2697 578 2737 super
589 2697 699 2726 eum.
722 2687 780 2727 Te
791 2686 945 2727 Deum.
958 2687 1015 2726 13.

549 2756 654 2785 «Q»

1263 308 1299 348 Τ
1318 318 1345 348 e
1363 319 1391 349 r
1410 308 1519 350 tia
1563 308 1688 349 Die

1310 367 1417 406 infra
1439 367 1661 407 Octavam.

1124 438 1163 471 In
1198 438 1223 471 1.
1259 439 1455 472 Nocturno
1486 439 1690 475 Lectiones
1721 440 1766 474 dc
1799 440 1896 475 Scri-

1072 493 1181 527 ptura
1210 493 1440 521 oecurrente.

1297 559 1344 597 In
1373 560 1422 597 ΙΙ.
1451 559 1673 598 Nocturno.

1072 621 1221 661 Sermo
1247 618 1385 659 sancti
1412 617 1646 669 Augustini
1670 617 1890 670 Episcopi.

1229 689 1344 721 Serui.
1370 690 1442 722 23⁴5.
1470 689 1515 722 dc
1539 689 1738 731 Tempore.

1375 746 1523 785 Lectio
1544 746 1595 785 iv.

1074 797 1388 867 elebritas
1428 797 1553 851 hujus
1594 798 1891 850 congregatio-

1069 882 1081 911 ΛΝ
1174 872 1177 889 ι
1200 855 1277 904 nis,
1297 854 1517 897 dedicatio
1539 860 1605 898 est
1625 855 1781 898 domus
1798 867 1892 896 ora-

1073 911 1081 925 *
1200 912 1342 953 tionis.
1383 912 1553 954 Domus
1586 926 1692 964 ergo
1723 913 1891 955 nostra-

1065 981 1161 1009 rum
1180 969 1426 1010 orationum
1445 969 1544 1019 ista,
1570 969 1726 1011 domus
1745 974 1893 1012 autem

1064 1025 1148 1066 Dei
1178 1037 1259 1066 nos
1291 1026 1386 1078 ipsi.
1431 1026 1475 1067 Si
1509 1025 1665 1068 domus
1696 1027 1781 1068 Dei
1811 1039 1892 1068 nos

1064 1082 1159 1134 ipsi,
1178 1095 1259 1123 nos
1275 1082 1319 1123 in
1334 1081 1420 1124 hoc
1435 1083 1597 1124 sa'eculo
1613 1083 1892 1133 aedificamur,

1064 1143 1112 1180 ut
1136 1139 1180 1179 in
1199 1139 1285 1180 fine
1306 1139 1455 1180 saeculi
1474 1139 1737 1181 dedicemur.
1770 1139 1892 1181 AEdi-

1064 1195 1226 1245 ficium,
1252 1196 1339 1236 imo
1365 1195 1598 1238 aedificatio
1622 1196 1756 1238 habet
1774 1195 1892 1238 labo-

1064 1265 1171 1302 rem;
1180 1251 1399 1294 dedicatio
1408 1252 1755 1295 exsultationem.
1763 1252 1893 1303 Quod

1064 1309 1134 1350 hic
1157 1308 1306 1358 fiebat,
1335 1308 1512 1361 quando
1537 1309 1621 1351 ista
1646 1309 1892 1361 surgebant,

1064 1365 1150 1407 hoc
1176 1365 1226 1407 fit
1257 1365 1408 1416 modo,
1441 1378 1540 1407 cum
1572 1368 1892 1417 congregantur

1065 1422 1294 1464 credentes
1319 1422 1363 1463 in
1389 1422 1619 1464 Christum.
1660 1422 1891 1465 Credendo

1065 1480 1195 1529 enim,
1223 1479 1348 1532 quasi
1377 1478 1432 1520 de
1459 1478 1579 1520 silvis
1604 1484 1648 1521 et
1670 1478 1892 1521 montibus

1064 1536 1180 1587 ligna
1200 1541 1243 1577 et
1262 1535 1432 1588 lapides
1451 1535 1764 1588 praeciduntur:
1792 1549 1893 1577 cum

1064 1606 1170 1634 vero
1215 1591 1558 1642 catechizantur,
1602 1593 1892 1646 baptizantur,

1064 1649 1322 1698 formantur,
1350 1653 1575 1700 tamquam
1601 1650 1714 1691 inter
1738 1662 1892 1690 manus

1066 1705 1290 1747 fabrorum
1335 1710 1378 1747 et
1423 1706 1631 1758 opificum
1676 1705 1892 1755 dolantur,

1066 1762 1368 1811 collineantur,
1410 1762 1754 1815 complanantur.
1806 1762 1891 1804 Ve-

1065 1821 1310 1860 rumtamen
1333 1817 1513 1860 domum
1530 1818 1709 1860 Domini
1726 1831 1815 1860 non
1833 1818 1892 1860 fa-

1067 1875 1196 1924 ciunt,
1216 1875 1301 1916 nisi
1322 1874 1497 1927 quando
1517 1875 1698 1928 caritate
1719 1888 1893 1928 compa-

1066 1931 1279 1983 ginantur.
1338 1934 1389 1986 R.
1418 1931 1666 1974 Orantibus.
1685 1931 1782 1985 [118]

1379 1998 1529 2039 Lectio
1550 2012 1587 2037 v.

1070 2052 1235 2158 Egna
1261 2061 1345 2103 ista
1373 2066 1417 2103 et
1443 2060 1612 2113 lapides
1638 2060 1674 2102 si
1699 2073 1788 2102 non
1812 2061 1895 2103 sibi

1153 2123 1273 2160 certo
1291 2117 1442 2159 ordine
1457 2117 1739 2167 cohaererent,
1754 2118 1792 2159 si
1805 2130 1895 2159 non

1068 2187 1116 2216 se
1141 2174 1324 2227 pacifice
1349 2174 1639 2224 innecterent,
1667 2174 1704 2215 si
1730 2187 1819 2216 non
1848 2187 1895 2216 se
1970 2178 1973 2180 '

1066 2231 1263 2280 invicem,
1283 2230 1548 2272 cohaerendo
1567 2230 1660 2280 sibi,
1687 2230 1895 2283 quodam-

1066 2287 1200 2329 modo
1220 2289 1427 2336 amarent,
1451 2299 1579 2329 nemo
1599 2286 1684 2329 huc
1702 2287 1894 2329 intraret.

1066 2344 1267 2396 Denique
1300 2343 1475 2396 quando
1508 2343 1631 2385 vides
1668 2344 1711 2384 in
1749 2343 1895 2396 aliqua

1067 2400 1232 2442 fabrica
1259 2400 1429 2453 lapides
1458 2406 1501 2442 et
1528 2400 1645 2451 ligna
1671 2399 1784 2442 bene
1811 2399 1894 2442 sibi

1067 2456 1308 2507 cohaerere,
1341 2460 1520 2499 securus
1544 2457 1695 2507 intras,
1727 2459 1895 2498 ruinam

1067 2526 1154 2554 non
1181 2514 1320 2555 times.
1357 2514 1524 2556 Volens
1553 2526 1657 2565 ergo
1681 2513 1895 2555 Dominus

1068 2569 1266 2611 Christus
1290 2571 1467 2620 intrare,
1493 2576 1536 2612 et
1559 2571 1603 2611 in
1627 2569 1753 2612 nobis
1777 2569 1895 2611 habi-

1067 2628 1172 2675 tare,
1191 2631 1414 2679 tamquam
1430 2626 1691 2668 aedificando
1708 2625 1894 2668 dicebat:

1067 2682 1322 2724 Mandatum
1356 2696 1519 2725 novum
1555 2683 1612 2725 do
1650 2682 1791 2724 vobis:
1836 2682 1895 2724 Ut

1068 2751 1146 2780 vos
1177 2740 1362 2781 invicem
1389 2739 1590 2791 diligatis.
1630 2738 1895 2788 Mandatum,
