2040 2976
675 208 878 242 Dominiea
906 208 1003 240 VIII.
1030 211 1118 249 post
1143 205 1409 238 Pentecosten.

188 322 300 357 rum,
328 312 373 349 et
396 319 519 356 vasa,
548 307 835 358 reposuitque
858 304 902 344 in
927 303 1019 344 the-

190 364 330 405 sauris
358 362 516 404 domus
541 361 731 402 Domini.
767 361 893 401 Tunc
920 372 1019 401 con-

188 419 358 471 gregati
390 424 491 460 sunt
519 430 672 459 omnes
699 418 887 469 majores
915 420 1021 456 natu

188 475 324 516 Israel
345 488 443 516 cum
462 473 735 527 principibus
753 472 957 521 tribuum,
978 476 1021 512 et

189 532 324 573 duces
361 531 624 572 familiarum
661 530 851 570 fili6rum
882 527 1021 568 Israel

189 588 246 629 ad
278 600 427 638 regem
460 587 742 634 Salomonem
777 586 820 625 in
847 585 1019 626 Jerusa-

188 645 291 685 lem:
328 649 375 685 ut
409 643 629 685 deferrent
662 655 809 683 arcam
841 639 1022 682 fo'ederis

190 700 367 741 Demini
395 699 450 741 de
479 700 657 740 civitate
682 697 843 743 David,
870 697 915 738 id
945 701 1022 746 est,

190 755 246 798 de
278 757 393 798 Sion.
450 756 753 807 Convenitque
786 753 842 795 ad
874 766 1023 803 regem

190 813 471 854 Salomonem
522 812 752 852 universus
797 809 935 850 Israel
979 809 1023 849 in

189 881 340 910 mense
372 868 593 917 Ethanim,
638 867 681 907 in
716 866 900 908 solemni
933 865 1022 915 die,

190 925 286 977 ipse
305 930 372 966 est
390 924 553 965 mensis
573 923 797 976 septimus.

242 982 292 1033 R.
320 980 518 1022 Peccavi.
539 980 623 1020 179.
688 998 692 1002 ·

499 1039 650 1080 Lectio
672 1038 709 1077 ii.

190 1093 556 1199 Veneruntque
576 1091 721 1133 cuncti
741 1103 868 1132 senes
888 1091 943 1132 de
962 1091 1023 1131 Is-

296 1149 402 1195 rael,
431 1154 474 1190 et
499 1148 692 1189 tulerunt
714 1160 861 1188 arcam
885 1160 1024 1188 sacer-

192 1206 338 1255 dotes,
371 1211 415 1247 et
443 1206 734 1257 portaverunt
762 1216 909 1244 arcam
936 1203 1024 1244 Do-

191 1262 312 1311 mini,
340 1267 383 1303 et
401 1260 733 1303 tabernaculum
757 1259 955 1309 fOEderis,
982 1264 1026 1301 et

193 1319 340 1360 emnia
362 1330 468 1359 vasa
487 1316 747 1365 Sanctuarii,
777 1329 876 1367 quae
901 1320 1026 1357 erant

191 1375 236 1415 in
259 1373 560 1416 tabernaculo:
589 1378 632 1414 et
658 1372 858 1414 ferebant
882 1385 934 1414 ea
960 1386 1025 1413 sa-

193 1431 398 1473 cerdotes
433 1436 476 1471 et
508 1430 688 1471 Levitae.
748 1429 846 1470 Rex
879 1434 1026 1470 autem

192 1487 417 1536 Salomon,
454 1491 497 1528 et
530 1485 671 1527 omnis
699 1485 936 1526 multitudo
964 1486 1025 1526 Is·
1086 1474 1179 1532 {225}

193 1543 295 1593 rael,
317 1556 416 1594 quae
437 1543 703 1583 convenerat
723 1540 780 1583 ad
799 1554 909 1590 eum,
930 1554 1025 1592 gra·
1083 1533 1117 1565 ὼ

195 1599 399 1641 diebatur
428 1612 527 1640 cum
553 1598 629 1639 illo
659 1603 759 1639 ante
790 1611 953 1648 arcam,
983 1602 1027 1639 et

194 1654 480 1696 immolabant
504 1667 610 1695 oves
634 1659 676 1695 et
699 1654 838 1695 boves
858 1654 1027 1706 absque

195 1711 486 1753 aestimatione
507 1716 551 1753 et
570 1714 765 1752 numero.
799 1711 855 1752 Et
873 1711 1026 1752 intule-

194 1773 297 1809 runt
315 1767 570 1809 sacerdotes
587 1780 734 1808 arcam
748 1766 929 1808 fo'ederis
939 1767 1027 1808 Do-

197 1824 303 1865 mini
325 1824 369 1864 in
393 1823 538 1865 locum
563 1837 705 1874 suum,
732 1823 776 1864 in
802 1823 1029 1865 oraculum

194 1880 359 1932 templi,
379 1880 422 1920 in
436 1881 643 1921 Sanctum
661 1883 914 1922 sanctorum
929 1880 1028 1922 sub-

195 1941 263 1978 ter
282 1936 374 1977 alas
395 1936 641 1978 Cherubim.
673 1936 900 1988 Siquidem
921 1936 1028 1978 Che-

196 1992 339 2033 rubim
366 1992 674 2044 expandebant
700 1993 791 2033 alas
816 2005 949 2045 super
967 1993 1027 2034 lo-

197 2062 297 2090 cum
321 2062 452 2098 arcae,
481 2054 524 2089 et
551 2048 844 2101 protegebant
871 2062 1028 2099 arcam,

198 2110 242 2146 et
260 2109 410 2146 vectes
430 2106 521 2156 ejus
541 2104 743 2157 desuper.

250 2163 301 2214 R.
329 2160 559 2203 Exaudisti
577 2161 777 2203 Domine.
796 2162 890 2202 180.

501 2218 652 2258 Lectio
675 2218 727 2256 iii.

243 2287 272 2314 n
292 2286 394 2314 arca
414 2278 559 2314 autem
578 2286 666 2314 non
687 2278 780 2314 erat
800 2273 930 2323 aliud,
949 2274 1031 2314 nisi

266 2329 365 2370 duae
392 2328 556 2370 tabulae
583 2329 787 2381 lapideae,
817 2342 925 2382 quas
953 2343 1030 2382 po-

199 2388 348 2426 suerat
391 2385 435 2425 in
480 2397 531 2426 ea
567 2385 745 2436 Moyses
787 2386 830 2426 in
866 2386 1031 2432 Horeb,

201 2441 378 2495 quando
422 2441 591 2494 pepigit
626 2442 841 2483 Dominus
887 2442 1031 2483 foedus

200 2511 301 2540 cum
330 2498 430 2538 filiis
460 2497 616 2547 Israel,
646 2511 745 2539 cum
773 2498 1031 2549 egrederen-

199 2560 271 2597 tur
299 2554 354 2596 de
382 2560 501 2596 terra
526 2555 720 2606 AEgypti.
756 2555 940 2596 Factum
965 2560 1033 2596 est

133 2616 136 2618 ’
201 2617 358 2661 autem,
378 2624 476 2652 cum
496 2613 689 2653 exissent
708 2611 962 2652 sacerdetes
978 2610 1032 2652 de

200 2667 477 2717 Sanctuario‚
523 2667 683 2709 nebula
723 2667 921 2719 implevit
958 2667 1032 2708 do-

200 2738 320 2766 mum
339 2724 532 2774 Domini,
561 2728 604 2765 et
628 2736 716 2765 non
741 2725 948 2777 peterant
966 2736 1032 2765 sa-

1073 300 1278 343 cerdetes
1306 304 1425 341 stare
1453 303 1496 340 et
1523 297 1771 339 ministrare
1804 309 1905 349 pro·

1071 362 1172 410 pter
1212 355 1432 397 nebulam:
1485 353 1745 406 impleverat
1791 352 1906 394 enim

1071 413 1213 464 gloria
1261 410 1441 453 Domini
1493 409 1674 452 domum
1718 408 1908 450 Demini.

1072 470 1199 510 Tunc
1223 468 1283 510 ait
1306 467 1531 509 Salomon:
1557 465 1774 507 Deminus
1799 464 1909 506 dixit

1072 532 1120 568 ut
1138 525 1360 567 habitaret
1378 523 1423 564 in
1441 521 1613 564 nebula.

1127 588 1178 638 R..
1205 584 1324 627 Audi
1342 583 1543 625 Domine.
1562 583 1656 623 180.

1126 651 1198 692 Ad
1219 650 1393 700 Magnis.
1428 650 1529 690 Ant.
1563 646 1797 688 Exaudisti
1820 646 1908 687 Do-

1074 708 1191 749 mine
1210 708 1234 732 *
1260 705 1506 748 orationem
1532 704 1649 746 servi
1671 703 1752 753 tui,
1779 707 1828 744 ut
1854 714 1908 743 ae-

1075 764 1301 806 dificarem
1319 762 1534 815 templum
1553 759 1719 802 nemini
1737 763 1826 800 tuo.

1128 822 1178 873 Υ.
1222 825 1487 876 Vespertina
1520 822 1664 864 oratio
1698 819 1910 862 ascendat

1076 882 1133 923 ad
1164 887 1208 923 te
1240 881 1442 922 Domine.
1493 881 1544 933 R.
1574 879 1632 919 Et
1669 874 1911 919 descendat

1076 951 1210 991 super
1228 950 1310 978 nos
1329 934 1633 977 misericordia
1652 939 1741 976 tua.

1335 1018 1651 1044 —fflffi

1275 1091 1554 1141 Dominica
1575 1088 1716 1139 VIII.

1182 1166 1324 1213 post
1366 1161 1807 1201 Pentecosten.

1318 1239 1367 1277 In
1391 1238 1421 1277 Ι.
1446 1238 1670 1278 Nocturno.

1209 1302 1278 1342 De
1301 1300 1415 1342 libro
1440 1298 1574 1341 tertio
1599 1298 1784 1348 Regum.

1156 1366 1310 1407 Lectio
1330 1366 1355 1406 i.
1678 1366 1782 1418 Cap.
1797 1367 1835 1407 9.

1139 1432 1344 1468 actum
1369 1429 1437 1467 est
1461 1428 1626 1474 autem,
1654 1436 1755 1465 cum
1773 1421 1914 1475 perfe-

1178 1486 1185 1534 :3
1215 1486 1348 1526 cisset
1361 1481 1571 1524 Salomon
1586 1479 1824 1522 aedificium
1839 1477 1915 1519 do-

1214 1552 1311 1580 mus
1326 1538 1514 1587 Domini,
1535 1541 1580 1579 et
1599 1535 1836 1578 aedificium
1850 1546 1914 1576 re-

1079 1597 1164 1648 gis,
1205 1602 1248 1638 et
1286 1607 1416 1637 omne
1451 1593 1573 1647 quod
1606 1594 1840 1646 optaverat
1871 1596 1916 1633 et

1080 1653 1281 1695 voluerat
1299 1652 1461 1701 facere,
1481 1649 1688 1703 apparuit
1707 1649 1747 1690 ei
1765 1647 1915 1689 Demi-

1080 1723 1161 1751 nus
1190 1708 1405 1757 secundo,
1439 1707 1552 1748 sicut
1580 1708 1849 1759 apparuerat
1876 1704 1917 1746 ei

1080 1767 1124 1807 in
1149 1765 1348 1808 Gabaon.
1380 1764 1592 1815 Dixitque
1616 1761 1834 1804 Dominus
1859 1760 1917 1802 ad

1082 1836 1196 1864 eum:
1221 1820 1442 1863 Exaudivi
1466 1819 1712 1861 orationem
1731 1822 1854 1860 tuam
1872 1822 1917 1860 et

1082 1878 1442 1932 deprecationem
1458 1881 1591 1926 tuam,
1612 1888 1745 1927 quam
1761 1874 1915 1928 depre-

1082 1938 1206 1977 catus
1246 1948 1293 1977 es
1330 1947 1480 1976 coram
1511 1945 1598 1974 me:
1644 1931 1917 1973 sanctificavi

1082 1992 1264 2034 domum
1284 1991 1413 2040 hanc,
1443 2002 1575 2041 quam
1594 1987 1840 2037 aedificasti,
1867 1992 1917 2029 ut

1079 2051 1295 2101 penerem
1312 2059 1474 2088 nomen
1492 2058 1640 2086 meum
1663 2043 1724 2086 ibi
1742 2043 1788 2084 in
1805 2056 1916 2085 sem-

1082 2105 1313 2157 piternum,
1333 2107 1376 2144 et
1396 2107 1522 2144 erunt
1540 2100 1658 2143 Oculi
1675 2100 1762 2141 mei
1781 2104 1825 2142 et
1839 2112 1917 2142 cor

1082 2174 1229 2203 meum
1250 2160 1311 2201 ibi
1331 2158 1500 2200 cunctis
1520 2157 1687 2199 diebus.
1720 2157 1790 2198 Tu
1811 2169 1916 2209 quo-

1084 2230 1170 2270 que
1189 2217 1226 2258 si
1245 2214 1541 2258 ambulaveris
1562 2226 1714 2255 coram
1731 2226 1817 2263 me,
1837 2213 1916 2254 sic-

1082 2279 1131 2315 ut
1150 2272 1392 2315 ambulavit
1410 2275 1538 2324 pater
1557 2275 1674 2320 tuus,
1692 2269 1737 2310 in
1756 2269 1916 2321 simpli-

1084 2331 1217 2372 citate
1237 2328 1398 2378 cordiS‚
1419 2332 1463 2369 et
1481 2327 1525 2368 in
1546 2327 1771 2378 aequitate:
1796 2330 1841 2367 et
1859 2325 1916 2366 fe-

1085 2387 1197 2428 ceris
1218 2385 1379 2434 omnia,
1409 2396 1509 2436 quae
1534 2382 1730 2436 praecepi
1746 2381 1843 2432 tibi,
1873 2386 1917 2423 et

1083 2443 1279 2494 legitima
1296 2454 1394 2482 mea
1414 2445 1457 2482 et
1476 2439 1636 2492 judicia
1654 2451 1753 2480 mea
1772 2440 1916 2479 serva-

1084 2500 1217 2549 veris,
1257 2510 1422 2550 ponam
1457 2496 1665 2538 thronum
1700 2492 1823 2545 regni
1853 2494 1917 2536 tui

1085 2568 1217 2608 super
1236 2554 1374 2596 Israel
1392 2555 1436 2594 in
1456 2553 1781 2605 sempiternum,
1804 2550 1918 2592 sicut

1084 2612 1260 2653 locutus
1291 2624 1388 2652 sum
1414 2608 1560 2651 David
1586 2608 1702 2662 patri
1729 2612 1823 2658 tuo,
1856 2605 1916 2648 di-

1086 2681 1203 2709 cens:
1226 2668 1329 2709 Non
1353 2667 1574 2708 auferetur
1593 2665 1659 2706 vir
1683 2664 1738 2706 de
1757 2665 1916 2715 genere

1085 2728 1162 2765 tuo
1183 2723 1238 2766 de
1259 2723 1371 2766 selio
1391 2721 1539 2765 Israel.
