2040 2976
743 219 951 250 Commune
980 216 1268 259 Apostolorum.

1814 203 1862 247 [9]

150 312 293 365 plagae
322 312 488 352 eorum:
506 310 530 335 *
554 314 598 351 et
620 309 851 350 infirmatae
880 313 980 350 sunt

153 373 306 410 contra
324 380 401 409 eos
420 367 579 418 linguae
599 368 761 407 eorum.

206 423 463 466 Conturbati
482 428 582 464 sunt
602 435 753 464 omnes
775 423 849 475 qui
864 422 980 464 vide-

152 481 258 524 bant
283 493 374 522 eos:
393 480 416 506 *
438 485 482 522 et
504 479 647 521 timuit
671 479 812 520 omnis
835 478 980 520 homo.

204 538 262 579 Et
286 537 648 578 annuntiaverunt
677 537 813 588 opera
835 535 933 585 Dei,
957 535 980 560 *

154 599 198 637 et
216 594 332 636 facta
352 594 442 645 ejus
461 591 777 634 intellexerunt.

203 649 446 692 Laetabitur
469 650 607 701 justus
633 648 676 688 in
700 648 909 698 Domino,
938 652 982 689 et

155 706 350 760 sperabit
367 706 411 746 in
432 718 500 755 eo,
519 706 543 731 *
563 709 607 746 et
626 704 920 746 laudabuntur
938 717 981 745 o-

154 777 277 806 mnes
296 763 404 805 recti
423 761 568 803 corde.

210 826 306 865 Ant.
331 819 709 863 Annuntiaverunt
731 820 865 871 Opera
884 818 982 859 Dei:

155 882 199 920 et
218 877 334 918 facta
355 877 445 928 ejus
463 875 782 917 intellexerunt.

207 934 254 986 Y.
268 933 517 974 Constitues
529 945 605 973 eos
615 931 836 984 principes
851 944 983 984 super

156 1003 331 1032 omnem
349 995 522 1031 terram.
552 996 597 1045 R,
620 989 839 1030 Memores
857 993 984 1030 erunt

155 1047 342 1088 numinis
361 1046 424 1087 tui
441 1046 640 1087 Domine.

213 1108 338 1148 Pater
356 1108 516 1144 noster.

209 1165 450 1206 Absolutio.
484 1162 623 1212 Ipsius
642 1162 794 1212 pietas.

209 1217 254 1269 Y.
292 1218 403 1260 Jube
442 1217 612 1259 domne.
666 1222 821 1263 Bened.
868 1223 984 1261 l)eus

155 1275 287 1317 Pater
315 1277 605 1328 omnipotens.

220 1346 372 1383 Sermo
393 1340 533 1382 sancti
552 1340 755 1390 Gregorii
773 1341 918 1393 Papae.

156 1401 295 1434 Homil.
312 1401 371 1433 330.
391 1400 428 1433 in
446 1401 668 1443 Evangelia.
695 1407 782 1442 post
804 1400 979 1433 medium.

457 1450 606 1490 Lectio
627 1450 679 1489 iv.

162 1509 446 1563 J<÷3sg.y<:1·1ptm11
474 1509 555 1546 est:
588 1504 774 1557 Spiritus
803 1505 981 1545 Domini

168 1560 251 1619 &245
274 1561 446 1602 ornavit
465 1561 614 1602 coelos
656 1560 925 1602 Ornamenta
944 1574 984 1602 e-

177 1621 195 1626 ”’
233 1635 235 1637 ’
275 1618 364 1659 nim
406 1618 621 1659 coelorum
662 1622 763 1659 sunt
798 1618 984 1659 virtutes

155 1674 501 1729 praedicantium.
544 1675 652 1725 Quae
680 1673 884 1716 videlicet
917 1687 983 1715 or-

157 1733 360 1773 namenta
379 1731 541 1772 Paulus
561 1734 798 1781 enumerat,
819 1730 984 1773 dicens:

156 1788 243 1830 Alii
268 1788 396 1830 datur
419 1801 499 1841 per
523 1787 731 1840 Spiritum
755 1801 899 1829 sermo
920 1801 983 1829 sa-

157 1846 346 1898 pientiae,
364 1845 435 1886 alii
454 1857 599 1886 sermo
619 1845 813 1886 scientiae
833 1848 983 1886 secun-

157 1901 262 1944 dum
277 1901 480 1944 eumdem
494 1901 714 1954 Spiritum,
734 1901 858 1943 alteri
872 1901 984 1943 fides

156 1959 200 1999 in
229 1958 386 2000 e6dem
405 1958 578 2010 Spiritu,
608 1958 679 1999 alii
706 1959 847 2009 gratia
875 1959 984 1999 sani-

156 2017 297 2057 tatum
314 2016 359 2056 in
378 2027 465 2056 uno
484 2015 665 2067 Spiritu,
695 2015 767 2056 alii
786 2015 984 2067 operatio

157 2072 385 2121 virtutum,
419 2071 490 2113 alii
517 2071 768 2124 prophetia,
801 2071 874 2112 alii
902 2071 984 2113 dis-

158 2129 295 2170 cretio
329 2129 575 2181 spirituum,
614 2128 685 2170 alii
717 2130 878 2180 genera
910 2128 985 2169 lin-

157 2187 355 2236 guarum,
392 2185 464 2226 alii
490 2186 795 2238 interpretatio
824 2187 986 2227 sermo-

158 2255 273 2284 num.
308 2242 419 2284 Haec
442 2247 589 2284 autem
614 2242 760 2283 Omnia
779 2244 986 2295 operatur

158 2311 271 2340 unus
290 2303 422 2351 atque
435 2298 553 2340 idem
567 2299 765 2352 Spiritus,
785 2298 986 2340 dividens

159 2355 340 2406 singulis
359 2360 490 2408 prout
508 2355 611 2397 vult.

215 2415 261 2466 Rt·
278 2410 385 2453 Vidi
403 2412 660 2463 conjunctos
675 2412 804 2461 viros,
822 2411 987 2453 haben-

160 2472 226 2508 tes
254 2467 508 2520 splendidas
536 2472 699 2517 vestes,
729 2473 772 2510 et
792 2468 988 2519 Angelus

160 2524 338 2565 Dumini
356 2523 528 2565 locutus
549 2529 616 2566 est
639 2524 696 2566 ad
715 2537 795 2574 me,
825 2524 988 2566 dicens:

161 2586 181 2608 *
216 2581 295 2622 Isti
322 2585 423 2622 sunt
453 2580 533 2621 viri
561 2581 700 2622 sancti
728 2581 833 2622 facti
860 2581 989 2622 amici

159 2637 254 2678 Dei.
288 2635 335 2687 Υ.
360 2636 463 2678 Vidi
481 2637 697 2688 Angelum
716 2637 800 2679 Dei
819 2637 988 2687 fortem,

160 2693 382 2735 volantem
396 2706 476 2746 per
491 2693 684 2735 medium
695 2694 868 2743 coelum,
878 2707 988 2735 voce

160 2762 317 2802 magna
328 2750 591 2793 clamantem
602 2754 645 2792 et
660 2749 889 2795 dicentem,
899 2751 988 2794 Isti.

1090 311 1246 351 ssened.
1276 302 1479 349 christus
1498 304 1738 356 perpetuae.

1342 367 1492 407 Lectio
1515 381 1550 405 v.

1035 403 1198 526 Quot
1223 432 1328 470 ergo
1354 422 1456 460 sunt
1478 417 1598 458 bona
1621 415 1864 469 praedican-

1139 477 1264 526 tium,
1292 480 1359 517 tot
1378 479 1480 516 sunt
1499 475 1758 515 ornamenta
1778 485 1863 514 coe-

1031 534 1186 575 lOrum.
1226 533 1342 574 Hinc
1366 544 1516 573 rursus
1542 531 1755 583 scriptum
1780 530 1865 570 est:

1033 590 1184 632 Verbo
1216 589 1395 631 Demini
1429 588 1531 629 coeli
1563 587 1725 628 firmati
1753 591 1864 628 sunt.

1032 647 1232 689 Verbum
1271 646 1386 688 enim
1418 645 1597 686 Dumini
1629 643 1765 685 Filius
1799 648 1866 684 est

1033 704 1187 746 Patris.
1201 702 1289 745 Sed
1305 703 1487 744 eosdem
1501 701 1650 750 coelos,
1661 700 1866 741 videlicet

1034 766 1212 803 sanctos
1240 759 1503 813 Apostolos,
1540 763 1588 799 ut
1615 762 1710 799 tota
1739 757 1865 798 simul

1035 823 1185 860 sancta
1194 818 1387 859 Trinitas
1399 815 1659 857 ostendatur
1670 815 1865 866 operata,

1034 877 1215 928 repente
1245 875 1300 917 de
1328 874 1469 915 sancti
1497 872 1683 925 Spiritus
1713 870 1866 912 divini-

1034 935 1124 974 tate
1141 932 1404 984 adjungitur:
1428 931 1484 971 Et
1500 929 1656 982 spiritu
1671 928 1759 968 oris
1777 928 1866 978 ejus

1035 990 1176 1030 omnis
1187 989 1326 1031 virtus
1343 990 1506 1030 eurum.
1525 985 1750 1027 Coelorum
1761 997 1866 1033 ergo

1036 1047 1174 1087 virtus
1195 1045 1250 1088 de
1270 1045 1435 1098 Spiritu
1459 1048 1634 1095 sumpta
1655 1046 1738 1083 est:
1767 1042 1868 1093 quia

1035 1102 1187 1144 mundi
1202 1103 1328 1154 hujus
1340 1099 1635 1154 potestatibus
1647 1100 1867 1140 contraire

1036 1173 1125 1201 non
1153 1162 1490 1212 praesumerent,
1516 1156 1600 1198 nisi
1625 1168 1703 1197 eos
1729 1155 1869 1196 sancti

1036 1217 1223 1269 Spiritus
1242 1214 1456 1258 fortitudo
1478 1213 1723 1255 solidasset.
1757 1212 1868 1262 Qua-

1036 1274 1101 1315 les
1131 1286 1322 1325 namque
1355 1272 1564 1314 doctores
1595 1274 1760 1310 sanetae
1789 1269 1868 1309 Ec-

1037 1330 1182 1371 clesiae
1207 1334 1309 1371 ante
1334 1328 1574 1370 adventum
1593 1326 1719 1378 hujus
1738 1325 1868 1378 Spiri-

1036 1393 1107 1434 tus
1127 1387 1298 1436 fuerint,
1320 1386 1497 1427 scimus:
1526 1389 1569 1425 et
1588 1388 1691 1436 post
1711 1382 1868 1424 adven-

1037 1449 1130 1485 tum
1158 1443 1284 1492 illius,
1317 1443 1438 1494 cujus
1466 1440 1737 1482 fortitudinis
1766 1439 1869 1480 facti

1038 1501 1135 1549 sint,
1164 1499 1469 1552 conspicimus.

1094 1565 1138 1604 R
1159 1557 1287 1598 Beati
1307 1556 1423 1604 estis,
1444 1568 1544 1596 cum
1562 1552 1870 1595 maledixerint

1038 1614 1164 1660 vobis
1185 1613 1397 1662 homines,
1418 1617 1461 1653 et
1475 1610 1697 1664 persecuti
1711 1622 1791 1650 vos
1808 1609 1869 1649 fu-

1038 1672 1161 1720 erint,
1190 1675 1234 1712 et
1254 1669 1443 1711 dixerint
1462 1681 1592 1710 omne
1613 1667 1777 1708 malum
1798 1665 1869 1707 ad-

1038 1730 1213 1769 versum
1242 1740 1338 1776 VOS,
1374 1726 1652 1774 mentientes,
1686 1728 1870 1776 propter

1037 1799 1122 1827 me:
1147 1792 1167 1813 *
1196 1783 1398 1825 Gaudete
1425 1787 1468 1824 et
1493 1782 1728 1830 exsultate,
1764 1782 1869 1832 quo—

1038 1843 1153 1884 niam
1176 1854 1346 1883 merces
1365 1845 1513 1882 vestra
1532 1839 1716 1891 copiosa
1736 1842 1803 1879 est
1825 1837 1868 1877 in

1038 1899 1173 1941 coelis.
1187 1900 1236 1950 Y.
1255 1898 1364 1939 Cum
1374 1910 1454 1938 vos
1470 1896 1644 1938 oderint
1658 1895 1867 1943 humines,

1038 1962 1082 1998 et
1102 1969 1202 1998 cum
1222 1954 1525 2008 separaverint
1543 1965 1634 2002 vos,
1655 1956 1698 1993 et
1714 1964 1868 2004 expro-

1037 2013 1277 2061 braverint,
1310 2017 1353 2053 et
1380 2010 1584 2063 ejecerint
1611 2021 1771 2050 nomen
1799 2021 1869 2050 ve—

1039 2075 1177 2112 strum
1219 2074 1444 2120 tamquam
1484 2066 1647 2107 malum
1686 2070 1870 2119 propter

1039 2127 1197 2168 Filium
1216 2125 1414 2166 hominis.
1444 2123 1646 2165 Gaudete
1667 2127 1710 2165 et
1730 2122 1869 2165 exsul-

1038 2186 1141 2225 tate.

1090 2245 1248 2286 Bened.
1283 2247 1431 2290 Ignem
1451 2239 1517 2280 sui
1536 2238 1708 2280 amaris.

1238 2298 1241 2302 ⁵
1342 2302 1494 2343 Lectio
1516 2302 1566 2341 vi.

1041 2353 1207 2460 Certe
1235 2354 1318 2395 iste
1344 2354 1439 2406 ipse
1467 2357 1620 2406 pastor
1638 2348 1870 2399 Ecclesiae,

1132 2410 1189 2452 ad
1210 2411 1330 2462 cujus
1352 2409 1695 2451 sacratissimum
1710 2420 1871 2460 corpus

1042 2467 1256 2517 sedemus,
1277 2471 1452 2519 quantae
1468 2465 1716 2516 debilitatis,
1740 2476 1870 2516 quan-

1041 2526 1187 2576 taeque
1220 2523 1462 2565 formidinis
1497 2527 1597 2564 ante
1635 2521 1872 2562 adventum

1041 2581 1227 2633 Spiritus
1252 2580 1397 2628 fuerit,
1426 2578 1583 2620 ancilla
1606 2577 1784 2620 ostiaria
1808 2588 1871 2616 re-

1043 2637 1202 2690 quisita
1235 2636 1364 2679 dicat.
1408 2637 1505 2678 Una
1535 2635 1649 2678 enim
1680 2633 1872 2674 mulieris

1041 2707 1152 2736 voce
1171 2697 1424 2747 percussus,
1462 2692 1566 2734 dum
1584 2691 1698 2732 mori
1718 2689 1871 2740 timuit,

1041 2751 1176 2793 vitam
1189 2750 1375 2803 negavit.
1394 2750 1451 2790 Et
1464 2747 1751 2804 pensandum,
1769 2746 1871 2800 quia
