2040 2976
599 222 809 256 Commune
835 220 1082 255 Confessoris
1106 230 1184 254 non
1209 219 1418 253 Pontificis.

369 322 419 362 In
442 323 513 363 111.
543 323 767 362 Nocturno.

209 388 307 428 Ant.
340 386 543 435 Domine,
566 386 591 413 *
609 385 694 425 iste
718 387 896 424 sanctus
915 381 987 422 ha-

157 444 317 486 bitabit
341 443 387 484 in
408 440 694 484 tabernaculo
714 444 810 488 tuo,
837 439 988 491 opera-

159 505 230 542 tus
276 504 343 542 est
383 499 611 551 justitiam,
653 496 901 548 requiescet
944 494 989 534 in

158 561 308 598 monte
337 560 492 597 sancto
521 558 608 596 tuo.

426 623 624 664 Psalmus
654 623 711 663 14.

168 689 381 731 ”
472 687 569 740 quis
601 685 820 727 habitabit
853 685 897 725 in
927 689 988 725 ta-

310 744 549 787 bernaculo
583 741 685 784 tuo?
721 742 744 768 *
782 745 858 782 aut
892 740 989 792 quis

171 798 174 814 '¹
306 801 556 853 requiescet
582 800 628 840 in
654 802 806 840 monte
835 801 988 838 sancto

160 856 263 900 tuo?

214 914 299 964 Qui
316 913 559 965 ingreditur
585 912 678 953 sine
697 910 885 959 macula,
904 911 928 936 *
948 914 991 950 et

162 972 371 1023 operatur
390 969 614 1022 justitiam:
761 972 764 974 “
862 992 864 995 .

214 1026 298 1076 Qui
320 1026 516 1078 loquitur
534 1025 769 1066 veritatem
792 1023 837 1063 in
856 1022 990 1063 corde

162 1095 260 1132 suo,
279 1082 303 1108 *
325 1082 400 1134 qui
427 1094 517 1123 non
546 1081 635 1132 egit
664 1079 815 1121 dolum
842 1079 886 1119 in
914 1078 991 1118 lin-

161 1151 247 1190 gua
266 1151 359 1180 sua:
808 1165 814 1168 -

212 1195 308 1236 Nec
327 1194 431 1236 fecit
449 1194 653 1245 proximo
675 1205 755 1233 suo
776 1191 950 1240 malum,
969 1192 992 1217 *

163 1256 207 1293 et
227 1250 517 1304 opprobrium
536 1263 625 1291 non
649 1249 822 1301 accepit
841 1247 991 1289 adver-

163 1321 236 1349 sus
255 1306 483 1360 proximos
504 1318 618 1347 suos.

214 1363 288 1405 Ad
306 1362 488 1403 nihilum
508 1361 726 1403 deductus
747 1365 814 1402 651
834 1360 878 1400 111
893 1372 993 1401 con-

164 1421 320 1472 spectu
353 1419 443 1470 ejus
476 1418 710 1469 malignus:
737 1418 760 1444 *
788 1414 994 1458 timentes

164 1480 312 1529 autem
329 1474 570 1516 Dominum
588 1474 822 1525 glorificat:

218 1532 303 1582 Qui
328 1532 440 1584 jurat
467 1530 672 1583 proximo
702 1542 800 1579 suo,
834 1533 878 1570 et
905 1541 995 1569 non

166 1587 344 1640 decipit,
362 1589 386 1615 *
407 1587 481 1639 qui
503 1586 738 1639 pecuniam
761 1598 886 1626 suam
906 1597 994 1626 non

166 1643 289 1685 dedit
308 1643 365 1685 ad
382 1646 572 1695 usuram,
596 1647 640 1684 et
658 1645 842 1683 munera
862 1654 994 1693 super

165 1700 442 1741 innocentem
459 1711 548 1740 non
567 1699 751 1751 accepit:

218 1756 304 1806 Qui
327 1755 432 1797 facit
457 1755 570 1805 haec,
589 1756 613 1781 *
632 1767 721 1796 11011
745 1753 995 1795 movebitur

165 1812 211 1852 in
230 1814 453 1854 aeternum.

217 1874 317 1915 Ant.
344 1872 551 1922 Domine,
578 1872 662 1913 1516
681 1875 857 1912 sanctus
875 1870 995 1912 habi-

166 1928 280 1971 tabit
297 1929 342 1969 in
361 1928 646 1970 tabernaculo
666 1933 761 1978 tuo,
786 1929 995 1979 operatus

169 1989 237 2027 est
261 1985 487 2037 justitiam,
512 1985 760 2037 requiescet
782 1985 827 2025 in
845 1988 996 2025 monte

169 2045 322 2082 5311610
342 2045 432 2082 1110.

216 2102 316 2142 Ant.
350 2102 501 2143 Vitam
524 2101 652 2154 petiit
671 2102 694 2128 *
713 2114 739 2142 a
764 2105 825 2150 te,
855 2105 899 2142 et
923 2101 996 2142 tri-

170 2157 304 2199 buisti
330 2158 370 2199 ei
392 2158 597 2199 Domine:
625 2157 811 2208 gloriam
839 2162 884 2198 et
910 2170 997 2198 ma-

168 2227 302 2265 gnum
339 2214 545 2255 decorem
580 2214 830 2266 imposuisti
867 2226 1000 2266 super

171 2283 285 2311 eum:
308 2270 498 2322 posuisti
521 2270 566 2310 in
591 2270 736 2322 capite
762 2270 852 2321 ejus
876 2271 999 2310 coro-

170 2338 272 2366 nam
290 2325 346 2367 de
363 2325 513 2378 lapide
530 2326 742 2378 pretioso.

433 2394 632 2435 Psalmus
652 2394 722 2433 20.

168 2448 405 2554 Domine
430 2454 474 2494 in
499 2454 663 2495 virtute
686 2459 762 2495 tua
780 2454 1001 2496 laetabitur

274 2523 368 2551 rex:
386 2511 411 2538 *
431 2515 475 2551 et
501 2522 633 2561 super
659 2510 851 2552 salutare
877 2515 1003 2551 tuum

173 2565 410 2607 exsultabit
429 2565 720 2607 vehementer.

224 2621 505 2663 Desiderium
529 2621 676 2662 cordis
701 2622 791 2672 ejus
810 2620 1002 2662 tribuisti

175 2678 229 2719 ei:
262 2679 286 2705 *
317 2681 361 2718 et
393 2677 620 2718 voluntate
657 2676 874 2718 labiorum
912 2677 1002 2728 ejus

173 2745 260 2774 non
279 2732 492 2774 fraudasti
515 2745 624 2774 eum.

1093 314 1310 365 Quoniam
1335 310 1590 365 praevenisti
1615 322 1715 350 eum
1735 308 1780 348 in
1798 307 1871 349 be-

1039 369 1367 412 nedictionibus
1400 365 1661 409 dulcedinis:
1689 366 1714 392 *
1741 377 1871 416 posu-

1040 427 1113 468 isti
1136 427 1181 467 in
1204 426 1350 478 capite
1375 425 1466 476 ejus
1493 424 1706 464 coronam
1732 420 1787 462 de
1814 420 1872 461 la-

1040 483 1145 536 pide
1163 483 1374 535 pretioso.

1092 539 1243 581 Vitam
1266 538 1394 590 petiit
1422 550 1447 577 3
1474 541 1532 577 te:
1559 536 1582 562 *
1610 538 1653 575 et
1678 532 1873 575 tribuisti

1042 597 1081 638 61
1108 594 1430 646 longitudinem
1463 592 1634 633 dierum
1667 590 1712 630 in
1739 591 1873 630 saecu-

1041 653 1142 702 lum,
1164 657 1208 694 et
1226 652 1271 692 in
1291 649 1502 691 saeculum
1521 646 1683 688 saeculi.

1093 709 1252 760 Magna
1272 711 1340 748 est
1359 705 1500 758 gloria
1520 705 1610 756 ejus
1629 703 1675 743 in
1692 701 1875 742 salutari

1042 771 1135 807 tuo:
1159 766 1183 792 *
1205 764 1392 816 gloriam
1427 766 1471 803 et
1503 772 1711 811 magnum
1746 757 1874 799 deco-

1042 835 1137 863 rem
1153 822 1354 873 impones
1375 830 1507 870 super
1528 829 1638 858 611111.

1098 877 1316 927 Quoniam
1345 874 1470 916 dabis
1501 886 1601 914 eum
1628 872 1674 912 in
1697 869 1875 912 benedi-

1046 936 1238 977 ctionem
1265 933 1310 973 in
1336 930 1548 973 saeculum
1573 927 1738 969 saeculi:
1757 928 1781 954 *
1804 926 1875 966 lae-

1043 990 1235 1033 tificabis
1262 1002 1362 1030 eum
1384 988 1429 1028 in
1448 985 1611 1038 gaudio
1632 997 1732 1025 cum
1751 982 1876 1023 vultu

1044 1053 1134 1089 tuo.

1097 1103 1316 1154 Quoniam
1335 1114 1414 1142 rex
1434 1103 1582 1152 sperat
1605 1098 1650 1138 in
1668 1095 1877 1137 Domino:

1045 1163 1068 1188 *
1089 1166 1133 1202 et
1156 1160 1201 1201 in
1224 1155 1530 1200 misericordia
1549 1152 1767 1195 Altissimi
1788 1164 1877 1192 non

1046 1215 1409 1259 commovebitur.
1706 1241 1710 1245 .

1097 1272 1353 1314 Inveniatur
1386 1281 1542 1310 manus
1569 1271 1646 1308 tua
1674 1264 1879 1306 omnibus

1045 1329 1232 1370 inimicis
1260 1327 1366 1369 tuis:
1394 1328 1416 1351 *
1447 1325 1629 1366 dextera
1658 1327 1735 1363 tua
1762 1321 1878 1362 inve-

1046 1387 1137 1435 niat
1157 1397 1321 1433 omnes,
1342 1383 1416 1435 qui
1435 1387 1479 1423 te
1499 1379 1698 1422 oderunt.

1097 1443 1243 1483 Pones
1271 1453 1348 1481 eos
1376 1443 1425 1480 ut
1453 1437 1673 1479 clibanum
1697 1434 1809 1485 ignis
1835 1434 1880 1474 in

1046 1501 1249 1550 tempore
1272 1496 1420 1537 vultus
1445 1494 1524 1535 tui:
1545 1494 1569 1520 *
1593 1491 1810 1532 Dominus
1836 1490 1881 1530 in

1046 1556 1111 1596 ira
1131 1567 1209 1595 sua
1229 1550 1510 1594 conturbabit
1530 1561 1619 1598 eOS‚
1639 1552 1682 1589 61
1698 1546 1879 1588 devora-

1046 1611 1113 1653 bit
1133 1623 1210 1652 eos
1229 1609 1352 1661 ignis.

1097 1667 1308 1708 Fructum
1329 1667 1481 1707 eorum
1501 1662 1556 1703 de
1572 1666 1691 1703 terra
1705 1659 1881 1712 perdes:

1047 1725 1071 1751 *
1087 1728 1130 1765 et
1151 1735 1300 1764 semen
1318 1723 1471 1763 eorum
1487 1732 1512 1760 3
1526 1718 1626 1759 filiis
1642 1717 1880 1758 hominum.

1101 1779 1319 1830 Quoniam
1369 1776 1700 1818 declinaverunt
1747 1773 1792 1813 in
1836 1778 1880 1814 te

1048 1837 1177 1878 mala:
1195 1837 1219 1863 *
1239 1835 1544 1886 cogitaverunt
1563 1829 1755 1880 consilia,
1782 1842 1880 1881 quae

1048 1906 1137 1934 non
1155 1893 1395 1945 potuerunt
1415 1887 1623 1930 stabilire.

1103 1949 1321 1999 Quoniam
1352 1958 1493 1999 pones
1527 1956 1603 1985 eos
1637 1942 1830 1983 dorsum:
1857 1942 1881 1968 *

1048 2006 1094 2046 in
1126 2004 1322 2056 reliquiis
1359 2002 1446 2044 tuis
1484 1998 1760 2053 praeparabis
1791 1998 1880 2039 vul-

1048 2067 1142 2103 tum
1166 2062 1329 2102 eorum.

1099 2117 1310 2158 Exaltare
1330 2114 1520 2156 Domine
1538 2113 1584 2153 in
1603 2112 1767 2153 virtute
1791 2115 1881 2152 tua:

1050 2175 1074 2201 *
1102 2172 1375 2214 cantabimus
1409 2174 1453 2212 et
1480 2168 1720 2222 psallemus
1748 2169 1881 2210 virtu-

1049 2234 1117 2271 tes
1138 2234 1248 2270 tuas.

1101 2285 1200 2326 Ant.
1228 2285 1381 2326 Vitam
1400 2283 1530 2336 petiit
1556 2296 1581 2324 a
1598 2286 1658 2333 te,
1685 2286 1729 2323 et
1747 2281 1882 2323 tribu-

1050 2342 1123 2383 isti
1138 2342 1178 2383 ei
1191 2341 1396 2382 Domine:
1414 2339 1598 2391 gloriam
1618 2343 1663 2380 et
1677 2352 1883 2390 magnum

1053 2397 1261 2439 decorem
1271 2396 1520 2449 imposuisti
1534 2408 1666 2448 super
1678 2408 1792 2436 eum:
1805 2407 1882 2446 po-

1054 2454 1180 2494 suisti
1211 2454 1255 2493 in
1288 2453 1434 2505 capite
1467 2453 1557 2504 ejus
1589 2453 1798 2493 coronam
1827 2450 1882 2492 de

1052 2509 1200 2562 lapide
1219 2510 1429 2562 pretioso.

1102 2567 1201 2607 Ant.
1244 2566 1327 2606 Hic
1353 2565 1540 2618 accipiet
1566 2565 1590 2590 *
1615 2562 1881 2605 benedictio-

1053 2633 1154 2662 nem
1181 2634 1206 2662 a
1230 2622 1509 2672 Domino‚*et
1536 2618 1884 2661 misericordiam

1055 2690 1080 2718 3
1105 2678 1203 2719 Deo
1233 2678 1412 2719 salutari
1441 2690 1537 2718 suo:
1566 2677 1667 2728 quia
1694 2675 1790 2715 haec
1817 2679 1884 2715 651

1054 2734 1280 2784 generatio
1301 2734 1590 2785 quaerentium
1609 2732 1857 2773 Dominum.
