2040 2976
788 203 1027 247 l'raeparatio

231 301 345 336 Fiant
374 310 488 336 aures
519 304 598 335 tuae
630 299 889 344 intendentes,
921 300 943 325 *
972 300 1013 334 111

178 361 316 387 vocem
340 350 628 395 deprecationis
652 360 760 385 meae.

231 400 272 436 Si
296 399 522 444 iniquitates
540 399 814 435 observaveris
830 399 1011 435 Domine:

178 451 199 476 ²²²
223 450 388 485 Domine
412 450 500 494 quis
525 449 752 485 sustinebit?

231 500 331 542 Quia
359 499 465 544 apud
492 504 530 535 te
558 499 788 544 propitiatio
819 502 893 534 est:
924 499 945 524 *
976 504 1013 534 et

178 555 339 595 propter
361 551 489 594 legem
511 554 618 585 tuam
639 550 806 585 sustinui
827 554 865 584 te
888 549 984 584 Dfie.

231 601 421 637 Sustinuit
443 601 572 636 anima
594 611 680 636 mea
704 601 745 635 in
767 601 890 636 verbo
913 601 1011 644 ejus:

178 653 198 677 ²⁸
223 652 397 696 speravit
421 651 549 686 anima
574 661 661 686 mea
684 650 725 685 in
747 651 925 686 Domino.

230 703 267 737 A
295 702 475 737 custodia
501 702 689 736 matutina
716 711 840 745 usque
867 701 918 735 ad
945 711 1011 736 no-

179 756 291 787 ctem:
316 752 337 777 *
362 756 492 796 speret
514 751 636 786 Israel
660 752 700 786 in
723 751 903 786 Domino.

230 802 330 844 Quia
361 802 467 846 apud
489 802 698 837 Dominum
725 801 1011 836 misericordia:

178 853 199 877 ²³⁵
223 857 260 887 et
287 852 450 897 copiosa
474 852 580 896 apud
603 862 691 886 eum
714 851 941 895 redemptio.

230 904 278 939 Et
301 904 386 947 ipse
415 903 578 938 redimet
600 902 737 945 Israel,
765 902 786 926 *
815 911 864 936 ex
891 901 1011 936 omni—

177 955 251 990 bus
275 953 547 998 iniquitatibus
572 953 665 997 ejus.

229 1005 365 1041 Gloria
388 1005 505 1040 Patri.

233 1068 382 1101 Deinde
407 1067 593 1110 repetitur
609 1067 846 1109 Antiphona.
872 1065 926 1100 Ne
954 1076 1011 1101 re-

176 1119 396 1154 miniscaris
420 1118 586 1153 Domine
612 1117 752 1151 delicta
775 1120 924 1158 nostra,
947 1117 1012 1151 vel

176 1171 379 1215 parentum
395 1169 631 1204 nostrorum:
655 1177 781 1211 neque
798 1167 1011 1203 vindictam

177 1230 308 1255 sumas
333 1219 380 1254 de
404 1217 577 1263 peccatis
601 1217 757 1252 nostris.

230 1274 350 1319 Kyrie
375 1273 534 1308 eleison.
567 1271 717 1308 Christe
743 1271 900 1306 eleison.
932 1272 1009 1317 Ky-

175 1325 231 1360 rie
256 1324 414 1359 eleison.
463 1323 568 1358 I‘ater
587 1326 730 1357 noster.

228 1370 272 1415 V.
292 1374 340 1408 Et
355 1384 403 1408 ne
419 1383 493 1407 nos
511 1371 702 1407 inducas
691 1382 731 1406 m
747 1371 1009 1407 tentationem.

176 1425 218 1469 R.
245 1424 323 1459 Sed
346 1424 469 1458 libera
490 1433 563 1458 nos
589 1433 611 1457 a
634 1422 748 1457 malo.

228 1471 272 1516 V.
298 1474 382 1518 Ego
406 1473 504 1517 dixi,
528 1473 693 1508 Domine
717 1473 899 1507 miserere
922 1472 1009 1507 mei.

176 1527 218 1569 R.
244 1525 347 1560 Sana
372 1523 541 1559 animam
563 1533 706 1566 meam,
731 1523 823 1567 quia
848 1523 1010 1567 peccavi

173 1575 255 1611 tibi.

228 1623 272 1667 V.
287 1625 523 1660 Convertere
535 1624 700 1659 Domine
716 1624 1008 1668 aliquantulum.

179 1677 218 1719 R.
244 1675 293 1710 Et
317 1675 526 1719 deprecare
551 1684 670 1718 super
693 1684 830 1710 servos
854 1678 954 1709 tuos.

227 1722 281 1766 V:
315 1725 404 1759 Fiat
437 1724 708 1759 misericordia
741 1728 809 1759 tua
843 1724 1009 1759 Domine

174 1785 292 1820 super
314 1785 398 1810 1105.
447 1776 490 1821 R.
520 1774 856 1816 Quemadmodum
879 1777 1009 1819 spera-

174 1826 302 1860 vimus
327 1825 367 1859 in
390 1828 437 1859 te.

228 1874 273 1918 V.
307 1873 538 1909 Sacerdotes
572 1874 630 1909 tui
662 1874 871 1909 induantur
903 1875 1009 1918 justi-

173 1925 277 1960 tiam.
324 1928 367 1970 R
392 1925 441 1960 Et
465 1925 592 1960 sancti
614 1925 671 1960 tui
695 1925 899 1960 exsultent.

228 1971 273 2016 V
298 1974 361 2010 Ab
379 1975 543 2010 occultis
560 1975 657 2010 meis
674 1975 819 2010 munda
834 1985 895 2010 me
911 1975 1008 2011 Dfie.

176 2026 219 2069 R.
244 2024 292 2059 Et
317 2026 365 2060 ab
391 2025 529 2060 alienis
554 2036 670 2070 parce
693 2036 808 2061 servo
825 2030 910 2067 tuo.

228 2074 273 2116 V
295 2075 460 2110 Domine
481 2076 625 2111 exaudi
643 2076 858 2111 orationem
873 2087 1008 2112 meam.

176 2125 219 2169 R.
245 2124 293 2159 Et
317 2126 463 2161 clamor
484 2137 592 2161 meus
618 2127 668 2161 ad
692 2130 729 2161 te
753 2126 894 2162 Veniat.

228 2170 273 2215 V.
295 2175 486 2211 Dominus
512 2177 725 2212 vobiscum.

226 2223 271 2267 R.
294 2225 342 2260 Et
365 2235 453 2260 cum
477 2227 615 2270 spiritu
636 2231 714 2262 tuo.

510 2282 680 2318 Oremus.

224 2346 315 2371 ures
342 2339 421 2371 tuae
450 2336 623 2381 pietatis,
657 2338 860 2373 mitissime
891 2338 1009 2381 Deus,

255 2386 399 2421 inclina
422 2387 604 2431 precibus
628 2389 792 2432 nostris,
823 2393 860 2424 et
884 2389 1010 2432 gratia

176 2437 301 2471 sancti
326 2436 493 2481 Spiritus
522 2437 698 2473 illumina
729 2449 796 2473 cor
817 2443 1009 2483 nostrum;

175 2491 217 2521 ut
241 2487 319 2521 tuis
343 2487 540 2532 mysteriis
563 2487 679 2531 digne
703 2488 933 2533 ministrare,
957 2493 1010 2524 te-

177 2548 251 2581 que
271 2538 415 2572 aeterna
431 2538 590 2573 caritate
608 2538 768 2582 diligere
785 2541 1008 2574 mereamur.

231 2605 315 2638 eus,
347 2595 409 2629 cui
439 2605 551 2630 omne
577 2605 644 2630 cor
666 2599 789 2639 patet,
822 2601 859 2631 et
883 2597 1009 2631 omnis

257 2645 440 2680 voluntas
463 2645 645 2689 loquitur,
669 2649 706 2680 et
728 2656 842 2690 quem
862 2647 1010 2681 nullum

175 2695 269 2730 latet
287 2697 487 2739 secretum,
511 2696 671 2739 purifica
690 2706 761 2740 per
776 2695 1011 2731 infusionem

178 2745 303 2781 sancti
319 2745 484 2791 Spiritus
510 2746 766 2792 cogitationes
791 2745 922 2781 cordis
943 2757 1010 2781 no-

1056 206 1104 239 ad
1129 206 1299 239 Missam.

1066 300 1151 342 stri;
1182 303 1224 335 ut
1249 303 1286 335 te
1315 299 1486 344 perfecte
1511 300 1689 345 diligere,
1721 305 1759 336 et
1782 301 1899 346 digne

1064 350 1224 385 laudare
1248 352 1474 388 mereamur.

1070 413 1163 488 Ure
1199 405 1288 449 igne
1324 407 1450 442 sancti
1482 406 1649 451 Spiritus
1685 417 1798 443 renes
1832 418 1900 443 no-

1146 460 1248 491 stros
1277 459 1314 491 et
1343 466 1411 491 cor
1440 460 1618 492 nostrum
1646 457 1828 502 Domine,
1858 461 1901 493 ut

1065 506 1137 541 tibi
1162 510 1270 541 casto
1295 507 1458 550 corpore
1482 507 1714 552 serviamus,
1739 511 1776 544 et
1793 519 1900 544 mun-

1067 557 1117 592 do
1142 556 1259 592 corde
1284 556 1519 600 placeamus,

1068 617 1244 695 Mentes
1273 617 1443 658 nostras,
1476 615 1700 659 quaesumus
1723 614 1900 660 Domine,

1156 663 1374 699 Paraclitus
1400 664 1468 708 qui
1491 675 1514 699 a
1538 668 1576 699 te
1599 664 1791 709 procedit,
1815 665 1900 700 11111-

1065 714 1194 758 minet,
1219 718 1257 749 et
1273 714 1433 749 inducat
1448 714 1489 748 in
1506 724 1669 758 omnem,
1694 715 1795 750 sieut
1809 718 1899 751 tuus

1065 765 1244 809 promisit
1267 764 1400 809 Filius,
1424 765 1637 800 veritatem.

1069 821 1191 902 Adsit
1217 821 1348 865 nobis,
1374 822 1598 866 quaesumus
1619 821 1802 867 Domine,
1822 821 1900 857 vir-

1146 875 1208 906 tus
1233 870 1400 916 Spiritus
1425 872 1564 916 sancti;
1596 883 1684 917 quae
1713 877 1751 908 et
1781 872 1901 908 corda

1066 926 1201 958 nostra
1218 922 1425 957 clementer
1441 924 1641 967 expurget,
1661 927 1699 958 et
1715 923 1763 958 ab
1780 923 1901 958 omni-

1065 973 1139 1008 bus
1163 974 1317 1008 tueatur
1339 972 1527 1007 adversis.

1069 1035 1211 1110 Deus,
1237 1029 1305 1074 qui
1329 1029 1449 1065 corda
1471 1029 1645 1064 fidelium
1668 1029 1794 1065 sancti
1817 1029 1900 1075 Spi-

1148 1079 1247 1114 ritus
1270 1080 1530 1115 illustratione
1552 1079 1734 1124 doeu1'sti;
1760 1080 1810 1115 da
1833 1090 1900 1116 no-

1064 1129 1126 1164 bis
1151 1130 1191 1164 in
1215 1130 1353 1165 eodem
1376 1130 1522 1174 Spiritu
1549 1134 1655 1165 recta
1679 1132 1833 1175 sapere,
1863 1135 1901 1167 et

1066 1179 1113 1214 de
1143 1180 1225 1223 eius
1250 1190 1405 1224 semper
1428 1180 1696 1216 consolatione
1713 1181 1899 1226 gaudere.

1070 1237 1351 1317 Conscientias
1374 1241 1546 1281 nostras,
1575 1238 1800 1282 quaesumus
1823 1237 1899 1273 Do-

1139 1287 1252 1331 mine,
1269 1288 1469 1323 visitando
1486 1288 1664 1332 purifica;
1679 1292 1723 1323 ut
1737 1288 1899 1324 veniens

1063 1337 1254 1373 Dominus
1278 1342 1412 1374 noster
1435 1338 1459 1373 J
1462 1349 1552 1374 esus
1577 1338 1757 1374 Christus
1776 1338 1899 1374 Filius

1063 1392 1153 1423 tuus
1185 1390 1364 1432 paratam
1396 1389 1473 1424 sibi
1505 1388 1546 1423 in
1578 1388 1694 1424 nobis
1726 1388 1900 1424 inveniat

1063 1439 1320 1474 mansionem:
1346 1439 1421 1481 Qui
1443 1443 1571 1474 tecum
1591 1439 1691 1474 vivit
1711 1442 1748 1474 et
1763 1443 1900 1484 regnat

1064 1489 1104 1523 in
1133 1489 1280 1525 unitate
1312 1489 1480 1534 Spiritus
1515 1489 1640 1524 sancti
1669 1488 1794 1533 Deus,
1828 1499 1900 1533 per

1063 1539 1192 1574 omnia
1217 1541 1362 1575 saecula
1389 1539 1630 1574 saeculorum.
1669 1539 1805 1574 Amen.

1113 1605 1264 1633 Sacerdos,
1289 1606 1336 1638 qui
1361 1610 1423 1638 post
1448 1605 1643 1630 antecedentes
1667 1604 1807 1636 Psalmos,
1834 1604 1900 1630 Ant.

1066 1647 1170 1673 Versic.
1194 1650 1221 1672 et
1242 1646 1391 1672 Orationes
1412 1646 1510 1671 recitat
1534 1645 1579 1679 die
1599 1645 1743 1678 designata
1762 1653 1847 1671 unam
1867 1653 1900 1671 ex

1066 1688 1247 1721 sequentibus
1268 1690 1375 1720 septem
1397 1686 1578 1713 Orationibus
1598 1685 1624 1712 S.
1644 1685 1788 1712 Ambrosii
1808 1685 1899 1719 Episc.

1065 1729 1190 1754 lucratur
1205 1727 1409 1761 lndulgentiam
1424 1728 1507 1754 unius
1520 1728 1593 1754 anni,
1612 1727 1681 1757 <Leo
1695 1727 1774 1753 XIII.
1791 1727 1831 1753 20.
1848 1727 1900 1753 De-

1064 1770 1185 1797 cembris
1202 1770 1287 1797 1554.)

1308 1845 1655 1887 ORATIONES

1083 1925 1141 1953 pro
1162 1916 1405 1952 opportunitate
1423 1914 1612 1944 Sacerdotis
1635 1917 1712 1942 ante
1731 1913 1883 1944 Celebra-

1157 1958 1281 1986 tionem
1301 1960 1333 1986 et
1352 1955 1627 1986 Communionem
1646 1954 1803 1983 dicendae.

1141 2014 1286 2055 Oratio
1311 2014 1353 2054 S.
1377 2014 1591 2055 Ambrosii
1613 2014 1818 2066 Episcopi.

1285 2078 1376 2114 Die
1406 2079 1444 2113 D
1457 2077 1683 2114 ominica.

1111 2156 1238 2180 umme
1274 2145 1483 2188 Sacerdos,
1521 2148 1558 2180 et
1591 2155 1684 2180 vere
1716 2144 1899 2180 Pontifex

1139 2195 1164 2230 J
1167 2206 1236 2230 esu
1260 2195 1430 2239 Christe,
1457 2195 1525 2239 qui
1546 2199 1583 2230 te
1614 2195 1790 2230 obtulisti
1812 2194 1897 2230 Deo

1062 2246 1169 2281 Patri
1194 2245 1364 2280 hostiam
1386 2255 1524 2289 puram
1549 2249 1587 2280 et
1611 2244 1898 2280 immaculatam

1063 2296 1103 2331 in
1139 2307 1205 2331 ara
1239 2295 1376 2331 Crucis
1411 2305 1484 2339 pro
1523 2295 1639 2330 nobis
1672 2294 1825 2330 miseris
1860 2298 1898 2330 et

1062 2346 1350 2390 peccatoribus,
1374 2349 1412 2380 et
1429 2345 1497 2389 qui
1514 2345 1657 2380 dedisti
1673 2345 1789 2380 nobis
1806 2344 1897 2380 Car-

1062 2407 1150 2431 nem
1173 2400 1280 2431 tuam
1308 2395 1358 2430 ad
1382 2395 1713 2438 manducandum,
1744 2399 1782 2430 et
1804 2395 1897 2431 san-

1063 2446 1219 2490 guinem
1246 2450 1355 2480 tuum
1379 2445 1430 2480 ad
1456 2445 1685 2489 bibendum,
1720 2449 1758 2480 et
1780 2455 1897 2489 posu-

1062 2496 1127 2531 isti
1154 2495 1381 2541 mysterium
1410 2495 1516 2530 istud
1543 2495 1583 2530 in
1611 2496 1754 2531 virtute
1779 2495 1897 2540 Spiri-

1062 2551 1124 2581 tus
1157 2546 1282 2581 sancti
1310 2545 1381 2588 tui,
1417 2545 1566 2580 dicens:
1597 2545 1694 2581 Haec
1727 2546 1898 2590 quoties-

1063 2598 1227 2640 cumque
1262 2595 1446 2639 feceritis,
1487 2596 1526 2630 in
1561 2596 1638 2630 mei
1671 2595 1897 2630 memoriam

1063 2647 1230 2682 facietis:
1254 2656 1351 2690 rogo
1376 2656 1446 2690 per
1467 2646 1645 2681 eumdem
1661 2645 1897 2689 Sanguinem

1062 2702 1181 2738 tuum,
1201 2707 1383 2740 magnum
1401 2696 1539 2731 salutis
1556 2700 1702 2731 nostrae
1718 2696 1895 2740 pretium,

1063 2757 1160 2791 rogo
1191 2757 1262 2791 per
1290 2746 1392 2782 hanc
1424 2746 1562 2781 miram
1593 2750 1630 2781 et
1661 2745 1896 2781 ineffabilem
