<?xml version="1.0" encoding="UTF-8"?>
<!DOCTYPE html PUBLIC "-//W3C//DTD XHTML 1.0 Transitional//EN"
    "http://www.w3.org/TR/xhtml1/DTD/xhtml1-transitional.dtd">
<html xmlns="http://www.w3.org/1999/xhtml" xml:lang="en" lang="en">
 <head>
  <title>
</title>
<meta http-equiv="Content-Type" content="text/html;charset=utf-8" />
  <meta name='ocr-system' content='tesseract 3.04.00' />
  <meta name='ocr-capabilities' content='ocr_page ocr_carea ocr_par ocr_line ocrx_word'/>
</head>
<body>
  <div class='ocr_page' id='page_1' title='image "./p3breviariumroma00cathuoft_0452.png"; bbox 0 0 2040 2976; ppageno 0'>
   <div class='ocr_carea' id='block_1_1' title="bbox 177 261 1893 329">
    <p class='ocr_par' dir='ltr' id='par_1_1' title="bbox 177 261 1893 329">
     <span class='ocr_line' id='line_1_1' title="bbox 177 261 1893 329; baseline 0 0"><span class='ocrx_word' id='word_1_1' title='bbox 177 261 1893 329; x_wconf 95' lang='lat' dir='ltr'><strong>   </strong></span> 
     </span>
    </p>
   </div>
   <div class='ocr_carea' id='block_1_2' title="bbox 181 302 1014 1457">
    <p class='ocr_par' dir='ltr' id='par_1_2' title="bbox 181 302 1013 1036">
     <span class='ocr_line' id='line_1_2' title="bbox 234 302 841 345; baseline 0 -10"><span class='ocrx_word' id='word_1_2' title='bbox 234 303 272 335; x_wconf 85' lang='lat' dir='ltr'><strong>In</strong></span> <span class='ocrx_word' id='word_1_3' title='bbox 294 302 466 343; x_wconf 66' lang='lat' dir='ltr'><strong>utrisque</strong></span> <span class='ocrx_word' id='word_1_4' title='bbox 485 302 599 344; x_wconf 62' lang='lat' dir='ltr'><strong>Vesp.</strong></span> <span class='ocrx_word' id='word_1_5' title='bbox 620 302 667 334; x_wconf 74' lang='lat' dir='ltr'><strong>ad</strong></span> <span class='ocrx_word' id='word_1_6' title='bbox 687 302 841 345; x_wconf 73' lang='lat' dir='ltr'><strong>Magnis.</strong></span> 
     </span>
     <span class='ocr_line' id='line_1_3' title="bbox 235 355 1009 408; baseline -0.001 -11"><span class='ocrx_word' id='word_1_7' title='bbox 235 359 333 397; x_wconf 73' lang='lat' dir='ltr'><strong>Ant.</strong></span> <span class='ocrx_word' id='word_1_8' title='bbox 359 359 395 397; x_wconf 18' lang='lat'><strong>(⁷)</strong></span> <span class='ocrx_word' id='word_1_9' title='bbox 412 357 583 398; x_wconf 90' lang='lat' dir='ltr'><strong>Doctor</strong></span> <span class='ocrx_word' id='word_1_10' title='bbox 602 356 778 408; x_wconf 89' lang='lat' dir='ltr'><strong>optime,</strong></span> <span class='ocrx_word' id='word_1_11' title='bbox 797 355 1009 397; x_wconf 83' lang='lat' dir='ltr'><strong>Ecclesiae</strong></span> 
     </span>
     <span class='ocr_line' id='line_1_4' title="bbox 181 413 1010 462; baseline -0.006 -6"><span class='ocrx_word' id='word_1_12' title='bbox 181 420 345 456; x_wconf 87' lang='lat' dir='ltr'><strong>sanctae</strong></span> <span class='ocrx_word' id='word_1_13' title='bbox 363 414 520 462; x_wconf 90' lang='lat' dir='ltr'><strong>lumen,</strong></span> <span class='ocrx_word' id='word_1_14' title='bbox 540 413 670 454; x_wconf 85' lang='lat' dir='ltr'><strong>beate</strong></span> <span class='ocrx_word' id='word_1_15' title='bbox 689 413 1010 461; x_wconf 83' lang='lat' dir='ltr'><strong>Bonaventura‚</strong></span> 
     </span>
     <span class='ocr_line' id='line_1_5' title="bbox 181 468 1008 522; baseline -0.006 -9"><span class='ocrx_word' id='word_1_16' title='bbox 181 471 340 514; x_wconf 88' lang='lat' dir='ltr'><strong>divinae</strong></span> <span class='ocrx_word' id='word_1_17' title='bbox 355 471 464 522; x_wconf 89' lang='lat' dir='ltr'><strong>legis</strong></span> <span class='ocrx_word' id='word_1_18' title='bbox 481 472 660 518; x_wconf 87' lang='lat' dir='ltr'><strong>amator,</strong></span> <span class='ocrx_word' id='word_1_19' title='bbox 677 468 917 521; x_wconf 89' lang='lat' dir='ltr'><strong>deprecare</strong></span> <span class='ocrx_word' id='word_1_20' title='bbox 927 481 1008 521; x_wconf 93' lang='lat' dir='ltr'><strong>pro</strong></span> 
     </span>
     <span class='ocr_line' id='line_1_6' title="bbox 181 526 598 570; baseline -0.005 -2"><span class='ocrx_word' id='word_1_21' title='bbox 181 527 309 570; x_wconf 92' lang='lat' dir='ltr'><strong>nobis</strong></span> <span class='ocrx_word' id='word_1_22' title='bbox 327 527 486 568; x_wconf 89' lang='lat' dir='ltr'><strong>Filium</strong></span> <span class='ocrx_word' id='word_1_23' title='bbox 505 526 598 567; x_wconf 90' lang='lat' dir='ltr'><strong>Dei.</strong></span> 
     </span>
     <span class='ocr_line' id='line_1_7' title="bbox 515 596 678 636; baseline -0.006 0"><span class='ocrx_word' id='word_1_24' title='bbox 515 596 678 636; x_wconf 80' lang='lat' dir='ltr'>Oratio.</span> 
     </span>
     <span class='ocr_line' id='line_1_8' title="bbox 271 652 1009 706; baseline -0.005 -11"><span class='ocrx_word' id='word_1_25' title='bbox 271 667 359 704; x_wconf 87' lang='lat' dir='ltr'><strong>eus,</strong></span> <span class='ocrx_word' id='word_1_26' title='bbox 379 654 452 706; x_wconf 90' lang='lat' dir='ltr'><strong>qui</strong></span> <span class='ocrx_word' id='word_1_27' title='bbox 470 652 639 706; x_wconf 90' lang='lat' dir='ltr'><strong>populo</strong></span> <span class='ocrx_word' id='word_1_28' title='bbox 654 657 731 694; x_wconf 89' lang='lat' dir='ltr'><strong>tuo</strong></span> <span class='ocrx_word' id='word_1_29' title='bbox 753 653 930 693; x_wconf 80' lang='lat' dir='ltr'><strong>aeternae</strong></span> <span class='ocrx_word' id='word_1_30' title='bbox 945 662 1009 691; x_wconf 87' lang='lat' dir='ltr'><strong>sa-</strong></span> 
     </span>
     <span class='ocr_line' id='line_1_9' title="bbox 302 709 1010 753; baseline -0.007 -1"><span class='ocrx_word' id='word_1_31' title='bbox 302 711 404 753; x_wconf 80' lang='lat' dir='ltr'><strong>lutis</strong></span> <span class='ocrx_word' id='word_1_32' title='bbox 440 710 620 752; x_wconf 92' lang='lat' dir='ltr'><strong>beatum</strong></span> <span class='ocrx_word' id='word_1_33' title='bbox 654 709 1010 750; x_wconf 83' lang='lat' dir='ltr'><strong>Bonaventuram</strong></span> 
     </span>
     <span class='ocr_line' id='line_1_10' title="bbox 181 766 1010 818; baseline -0.006 -9"><span class='ocrx_word' id='word_1_34' title='bbox 181 769 426 810; x_wconf 86' lang='lat' dir='ltr'><strong>ministrum</strong></span> <span class='ocrx_word' id='word_1_35' title='bbox 458 767 664 810; x_wconf 87' lang='lat' dir='ltr'><strong>tribuisti:</strong></span> <span class='ocrx_word' id='word_1_36' title='bbox 699 770 863 818; x_wconf 84' lang='lat' dir='ltr'><strong>praesta</strong></span> <span class='ocrx_word' id='word_1_37' title='bbox 896 766 1010 816; x_wconf 82' lang='lat' dir='ltr'><strong>quae-</strong></span> 
     </span>
     <span class='ocr_line' id='line_1_11' title="bbox 182 821 1010 876; baseline -0.007 -9"><span class='ocrx_word' id='word_1_38' title='bbox 182 838 347 875; x_wconf 82' lang='lat' dir='ltr'><strong>sumus3</strong></span> <span class='ocrx_word' id='word_1_39' title='bbox 384 830 432 866; x_wconf 92' lang='lat' dir='ltr'><strong>ut</strong></span> <span class='ocrx_word' id='word_1_40' title='bbox 470 837 601 876; x_wconf 89' lang='lat' dir='ltr'><strong>quem</strong></span> <span class='ocrx_word' id='word_1_41' title='bbox 632 823 875 864; x_wconf 92' lang='lat' dir='ltr'><strong>Doctorem</strong></span> <span class='ocrx_word' id='word_1_42' title='bbox 908 821 1010 862; x_wconf 88' lang='lat' dir='ltr'><strong>vitae</strong></span> 
     </span>
     <span class='ocr_line' id='line_1_12' title="bbox 181 879 1011 928; baseline -0.006 -6"><span class='ocrx_word' id='word_1_43' title='bbox 181 881 413 922; x_wconf 79' lang='lat' dir='ltr'><strong>habuimus</strong></span> <span class='ocrx_word' id='word_1_44' title='bbox 439 881 482 921; x_wconf 91' lang='lat' dir='ltr'><strong>in</strong></span> <span class='ocrx_word' id='word_1_45' title='bbox 505 880 648 928; x_wconf 88' lang='lat' dir='ltr'><strong>terris,</strong></span> <span class='ocrx_word' id='word_1_46' title='bbox 674 879 1011 920; x_wconf 89' lang='lat' dir='ltr'><strong>intercessorem</strong></span> 
     </span>
     <span class='ocr_line' id='line_1_13' title="bbox 182 934 1013 979; baseline -0.006 0"><span class='ocrx_word' id='word_1_47' title='bbox 182 938 345 979; x_wconf 81' lang='lat' dir='ltr'><strong>habere</strong></span> <span class='ocrx_word' id='word_1_48' title='bbox 380 939 626 979; x_wconf 87' lang='lat' dir='ltr'><strong>mereamur</strong></span> <span class='ocrx_word' id='word_1_49' title='bbox 660 936 703 976; x_wconf 96' lang='lat' dir='ltr'><strong>in</strong></span> <span class='ocrx_word' id='word_1_50' title='bbox 742 934 875 976; x_wconf 91' lang='lat' dir='ltr'><strong>coelis.</strong></span> <span class='ocrx_word' id='word_1_51' title='bbox 928 934 1013 975; x_wconf 90' lang='lat' dir='ltr'><strong>Per</strong></span> 
     </span>
     <span class='ocr_line' id='line_1_14' title="bbox 183 995 659 1036; baseline -0.004 -1"><span class='ocrx_word' id='word_1_52' title='bbox 183 995 421 1036; x_wconf 92' lang='lat' dir='ltr'><strong>Dominum</strong></span> <span class='ocrx_word' id='word_1_53' title='bbox 449 1000 659 1035; x_wconf 90' lang='lat' dir='ltr'><strong>nostrum.</strong></span> 
     </span>
    </p>

    <p class='ocr_par' dir='ltr' id='par_1_3' title="bbox 236 1060 760 1103">
     <span class='ocr_line' id='line_1_15' title="bbox 236 1060 760 1103; baseline -0.006 -7"><span class='ocrx_word' id='word_1_54' title='bbox 236 1064 281 1097; x_wconf 72' lang='lat' dir='ltr'><strong>Et</strong></span> <span class='ocrx_word' id='word_1_55' title='bbox 307 1064 345 1096; x_wconf 74' lang='lat' dir='ltr'><strong>{it</strong></span> <span class='ocrx_word' id='word_1_56' title='bbox 372 1071 569 1095; x_wconf 76' lang='lat' dir='ltr'><strong>commem.</strong></span> <span class='ocrx_word' id='word_1_57' title='bbox 596 1060 760 1103; x_wconf 62' lang='lat' dir='ltr'><strong>praeced.</strong></span> 
     </span>
    </p>

    <p class='ocr_par' dir='ltr' id='par_1_4' title="bbox 183 1111 1012 1277">
     <span class='ocr_line' id='line_1_16' title="bbox 239 1111 1011 1162; baseline -0.008 -7"><span class='ocrx_word' id='word_1_58' title='bbox 239 1118 337 1155; x_wconf 72' lang='lat' dir='ltr'><strong>Ant.</strong></span> <span class='ocrx_word' id='word_1_59' title='bbox 377 1113 459 1162; x_wconf 78' lang='lat' dir='ltr'><strong>Qui</strong></span> <span class='ocrx_word' id='word_1_60' title='bbox 491 1111 585 1153; x_wconf 91' lang='lat' dir='ltr'><strong>vult</strong></span> <span class='ocrx_word' id='word_1_61' title='bbox 616 1112 764 1152; x_wconf 87' lang='lat' dir='ltr'><strong>venire</strong></span> <span class='ocrx_word' id='word_1_62' title='bbox 795 1114 899 1162; x_wconf 90' lang='lat' dir='ltr'><strong>post</strong></span> <span class='ocrx_word' id='word_1_63' title='bbox 930 1122 1011 1158; x_wconf 92' lang='lat' dir='ltr'><strong>me,</strong></span> 
     </span>
     <span class='ocr_line' id='line_1_17' title="bbox 183 1167 1012 1221; baseline -0.005 -10"><span class='ocrx_word' id='word_1_64' title='bbox 183 1169 370 1220; x_wconf 85' lang='lat' dir='ltr'><strong>abneget</strong></span> <span class='ocrx_word' id='word_1_65' title='bbox 391 1171 687 1221; x_wconf 83' lang='lat' dir='ltr'><strong>semetipsum,</strong></span> <span class='ocrx_word' id='word_1_66' title='bbox 711 1172 755 1209; x_wconf 88' lang='lat' dir='ltr'><strong>et</strong></span> <span class='ocrx_word' id='word_1_67' title='bbox 773 1167 901 1208; x_wconf 90' lang='lat' dir='ltr'><strong>tollat</strong></span> <span class='ocrx_word' id='word_1_68' title='bbox 919 1179 1012 1208; x_wconf 88' lang='lat' dir='ltr'><strong>cru-</strong></span> 
     </span>
     <span class='ocr_line' id='line_1_18' title="bbox 183 1227 825 1277; baseline -0.006 -9"><span class='ocrx_word' id='word_1_69' title='bbox 183 1239 279 1268; x_wconf 85' lang='lat' dir='ltr'><strong>cem</strong></span> <span class='ocrx_word' id='word_1_70' title='bbox 299 1239 432 1276; x_wconf 85' lang='lat' dir='ltr'><strong>suam‚</strong></span> <span class='ocrx_word' id='word_1_71' title='bbox 453 1231 496 1267; x_wconf 89' lang='lat' dir='ltr'><strong>et</strong></span> <span class='ocrx_word' id='word_1_72' title='bbox 516 1227 725 1277; x_wconf 88' lang='lat' dir='ltr'><strong>sequatur</strong></span> <span class='ocrx_word' id='word_1_73' title='bbox 744 1236 825 1265; x_wconf 90' lang='lat' dir='ltr'><strong>me.</strong></span> 
     </span>
    </p>

    <p class='ocr_par' dir='ltr' id='par_1_5' title="bbox 183 1284 1014 1457">
     <span class='ocr_line' id='line_1_19' title="bbox 230 1284 1014 1339; baseline -0.006 -10"><span class='ocrx_word' id='word_1_74' title='bbox 230 1285 277 1335; x_wconf 61' lang='lat' dir='ltr'><strong>Y.</strong></span> <span class='ocrx_word' id='word_1_75' title='bbox 294 1287 318 1328; x_wconf 89' lang='lat' dir='ltr'>J</span> <span class='ocrx_word' id='word_1_76' title='bbox 320 1292 444 1329; x_wconf 92' lang='lat' dir='ltr'><strong>ustus</strong></span> <span class='ocrx_word' id='word_1_77' title='bbox 455 1292 503 1328; x_wconf 94' lang='lat' dir='ltr'><strong>ut</strong></span> <span class='ocrx_word' id='word_1_78' title='bbox 513 1286 660 1339; x_wconf 87' lang='lat' dir='ltr'><strong>palma</strong></span> <span class='ocrx_word' id='word_1_79' title='bbox 671 1284 855 1326; x_wconf 80' lang='lat' dir='ltr'><strong>florebit.</strong></span> <span class='ocrx_word' id='word_1_80' title='bbox 872 1287 922 1338; x_wconf 64' lang='lat' dir='ltr'><strong>R.</strong></span> <span class='ocrx_word' id='word_1_81' title='bbox 934 1284 1014 1325; x_wconf 89' lang='lat' dir='ltr'><strong>Sic-</strong></span> 
     </span>
     <span class='ocr_line' id='line_1_20' title="bbox 183 1341 980 1394; baseline -0.006 -8"><span class='ocrx_word' id='word_1_82' title='bbox 183 1349 231 1386; x_wconf 92' lang='lat' dir='ltr'><strong>ut</strong></span> <span class='ocrx_word' id='word_1_83' title='bbox 255 1344 412 1386; x_wconf 84' lang='lat' dir='ltr'>cedrus</span> <span class='ocrx_word' id='word_1_84' title='bbox 431 1343 588 1385; x_wconf 84' lang='lat' dir='ltr'><strong>Libani</strong></span> <span class='ocrx_word' id='word_1_85' title='bbox 605 1341 980 1394; x_wconf 65' lang='lat' dir='ltr'><strong>multiplicabitur.</strong></span> 
     </span>
     <span class='ocr_line' id='line_1_21' title="bbox 238 1404 910 1457; baseline -0.006 -11"><span class='ocrx_word' id='word_1_86' title='bbox 238 1407 399 1446; x_wconf 77' lang='lat' dir='ltr'><strong>Oratio.</strong></span> <span class='ocrx_word' id='word_1_87' title='bbox 455 1407 584 1455; x_wconf 87' lang='lat' dir='ltr'><strong>Deus,</strong></span> <span class='ocrx_word' id='word_1_88' title='bbox 606 1404 680 1457; x_wconf 91' lang='lat' dir='ltr'><strong>qui</strong></span> <span class='ocrx_word' id='word_1_89' title='bbox 698 1416 791 1444; x_wconf 88' lang='lat' dir='ltr'><strong>nos.</strong></span> <span class='ocrx_word' id='word_1_90' title='bbox 811 1404 910 1443; x_wconf 84' lang='lat'><strong>420.</strong></span> 
     </span>
    </p>
   </div>
   <div class='ocr_carea' id='block_1_3' title="bbox 187 1472 1014 1565">
    <p class='ocr_par' dir='ltr' id='par_1_6' title="bbox 187 1472 1014 1565">
     <span class='ocr_line' id='line_1_22' title="bbox 240 1472 1014 1517; baseline -0.001 -10"><span class='ocrx_word' id='word_1_91' title='bbox 240 1475 280 1508; x_wconf 83' lang='lat' dir='ltr'><strong>In</strong></span> <span class='ocrx_word' id='word_1_92' title='bbox 299 1475 321 1507; x_wconf 94' lang='grc' dir='ltr'><strong>Ι.</strong></span> <span class='ocrx_word' id='word_1_93' title='bbox 336 1474 533 1507; x_wconf 77' lang='lat' dir='ltr'><strong>Noctnrno</strong></span> <span class='ocrx_word' id='word_1_94' title='bbox 550 1473 754 1507; x_wconf 73' lang='lat' dir='ltr'><strong>Lectiones</strong></span> <span class='ocrx_word' id='word_1_95' title='bbox 767 1472 1014 1517; x_wconf 82' lang='lat' dir='ltr'><strong>Sapientiam.</strong></span> 
     </span>
     <span class='ocr_line' id='line_1_23' title="bbox 187 1522 618 1565; baseline -0.002 -8"><span class='ocrx_word' id='word_1_96' title='bbox 187 1525 233 1557; x_wconf 78' lang='lat' dir='ltr'><strong>de</strong></span> <span class='ocrx_word' id='word_1_97' title='bbox 252 1524 395 1557; x_wconf 83' lang='lat' dir='ltr'><strong>Comm.</strong></span> <span class='ocrx_word' id='word_1_98' title='bbox 417 1523 522 1556; x_wconf 78' lang='lat' dir='ltr'><strong>Doct.</strong></span> <span class='ocrx_word' id='word_1_99' title='bbox 549 1522 618 1565; x_wconf 83' lang='lat'>[62]</span> 
     </span>
    </p>
   </div>
   <div class='ocr_carea' id='block_1_4' title="bbox 185 1599 1020 2786">
    <p class='ocr_par' dir='ltr' id='par_1_7' title="bbox 415 1599 791 1706">
     <span class='ocr_line' id='line_1_24' title="bbox 415 1599 791 1639; baseline -0.005 0"><span class='ocrx_word' id='word_1_100' title='bbox 415 1601 464 1639; x_wconf 89' lang='lat' dir='ltr'><strong>In</strong></span> <span class='ocrx_word' id='word_1_101' title='bbox 492 1601 541 1639; x_wconf 90' lang='grc' dir='ltr'><strong>ΙΙ.</strong></span> <span class='ocrx_word' id='word_1_102' title='bbox 567 1599 791 1638; x_wconf 78' lang='lat' dir='ltr'><strong>Nocturno.</strong></span> 
     </span>
     <span class='ocr_line' id='line_1_25' title="bbox 490 1665 716 1706; baseline 0 -2"><span class='ocrx_word' id='word_1_103' title='bbox 490 1665 642 1706; x_wconf 81' lang='lat' dir='ltr'><strong>Lectio</strong></span> <span class='ocrx_word' id='word_1_104' title='bbox 663 1665 716 1704; x_wconf 73' lang='grc' dir='ltr'><strong>ἰν.</strong></span> 
     </span>
    </p>

    <p class='ocr_par' dir='ltr' id='par_1_8' title="bbox 185 1720 1020 2786">
     <span class='ocr_line' id='line_1_26' title="bbox 197 1720 1015 1778; baseline -0.007 -12"><span class='ocrx_word' id='word_1_105' title='bbox 197 1759 201 1778; x_wconf 50' lang='lat'>3</span> <span class='ocrx_word' id='word_1_106' title='bbox 226 1746 262 1774; x_wconf 45' lang='lat'><strong>3223</strong></span> <span class='ocrx_word' id='word_1_107' title='bbox 289 1724 629 1770; x_wconf 81' lang='lat' dir='ltr'><strong>onaventura‚</strong></span> <span class='ocrx_word' id='word_1_108' title='bbox 659 1720 940 1771; x_wconf 80' lang='lat' dir='ltr'><strong>Balneoregii</strong></span> <span class='ocrx_word' id='word_1_109' title='bbox 971 1720 1015 1760; x_wconf 91' lang='lat' dir='ltr'><strong>in</strong></span> 
     </span>
     <span class='ocr_line' id='line_1_27' title="bbox 198 1777 1016 1837; baseline -0.005 -16"><span class='ocrx_word' id='word_1_110' title='bbox 198 1787 202 1831; x_wconf 61' lang='grc' dir='ltr'>ξ</span> <span class='ocrx_word' id='word_1_111' title='bbox 224 1777 291 1837; x_wconf 60' lang='lat'><strong>:33⁴⁴</strong></span> <span class='ocrx_word' id='word_1_112' title='bbox 314 1779 491 1820; x_wconf 78' lang='lat' dir='ltr'><strong>Etruria</strong></span> <span class='ocrx_word' id='word_1_113' title='bbox 510 1783 650 1827; x_wconf 85' lang='lat' dir='ltr'><strong>natus,</strong></span> <span class='ocrx_word' id='word_1_114' title='bbox 674 1790 774 1818; x_wconf 92' lang='lat' dir='ltr'><strong>cum</strong></span> <span class='ocrx_word' id='word_1_115' title='bbox 792 1777 936 1818; x_wconf 87' lang='lat' dir='ltr'><strong>infans</strong></span> <span class='ocrx_word' id='word_1_116' title='bbox 955 1777 1016 1818; x_wconf 91' lang='lat' dir='ltr'><strong>in-</strong></span> 
     </span>
     <span class='ocr_line' id='line_1_28' title="bbox 198 1833 1017 1887; baseline -0.004 -10"><span class='ocrx_word' id='word_1_117' title='bbox 198 1835 202 1845; x_wconf 61' lang='lat'><em>*</em></span> <span class='ocrx_word' id='word_1_118' title='bbox 315 1835 494 1878; x_wconf 88' lang='lat' dir='ltr'><strong>cidisset</strong></span> <span class='ocrx_word' id='word_1_119' title='bbox 538 1835 582 1876; x_wconf 93' lang='lat' dir='ltr'><strong>in</strong></span> <span class='ocrx_word' id='word_1_120' title='bbox 622 1835 726 1876; x_wconf 89' lang='lat' dir='ltr'><strong>vitae</strong></span> <span class='ocrx_word' id='word_1_121' title='bbox 762 1833 1017 1887; x_wconf 89' lang='lat' dir='ltr'><strong>periculum,</strong></span> 
     </span>
     <span class='ocr_line' id='line_1_29' title="bbox 185 1890 1017 1944; baseline -0.004 -10"><span class='ocrx_word' id='word_1_122' title='bbox 185 1899 326 1935; x_wconf 90' lang='lat' dir='ltr'><strong>mater</strong></span> <span class='ocrx_word' id='word_1_123' title='bbox 345 1893 435 1944; x_wconf 89' lang='lat' dir='ltr'><strong>ejus</strong></span> <span class='ocrx_word' id='word_1_124' title='bbox 455 1892 588 1942; x_wconf 86' lang='lat' dir='ltr'><strong>vovit,</strong></span> <span class='ocrx_word' id='word_1_125' title='bbox 612 1891 648 1932; x_wconf 90' lang='lat' dir='ltr'><strong>si</strong></span> <span class='ocrx_word' id='word_1_126' title='bbox 670 1890 773 1932; x_wconf 87' lang='lat' dir='ltr'><strong>inde</strong></span> <span class='ocrx_word' id='word_1_127' title='bbox 793 1892 1017 1940; x_wconf 85' lang='lat' dir='ltr'><strong>evasisset,</strong></span> 
     </span>
     <span class='ocr_line' id='line_1_30' title="bbox 187 1947 1018 2000; baseline -0.005 -9"><span class='ocrx_word' id='word_1_128' title='bbox 187 1962 234 1991; x_wconf 91' lang='lat' dir='ltr'><strong>se</strong></span> <span class='ocrx_word' id='word_1_129' title='bbox 270 1962 370 1991; x_wconf 90' lang='lat' dir='ltr'><strong>eum</strong></span> <span class='ocrx_word' id='word_1_130' title='bbox 405 1949 605 2000; x_wconf 88' lang='lat' dir='ltr'><strong>religioni</strong></span> <span class='ocrx_word' id='word_1_131' title='bbox 640 1947 759 1990; x_wconf 89' lang='lat' dir='ltr'><strong>beati</strong></span> <span class='ocrx_word' id='word_1_132' title='bbox 794 1947 1018 1988; x_wconf 85' lang='lat' dir='ltr'><strong>Francisci</strong></span> 
     </span>
     <span class='ocr_line' id='line_1_31' title="bbox 188 2003 1018 2057; baseline -0.004 -10"><span class='ocrx_word' id='word_1_133' title='bbox 188 2005 441 2048; x_wconf 77' lang='lat' dir='ltr'><strong>dicaturam.</strong></span> <span class='ocrx_word' id='word_1_134' title='bbox 494 2006 651 2057; x_wconf 87' lang='lat' dir='ltr'><strong>Itaque</strong></span> <span class='ocrx_word' id='word_1_135' title='bbox 685 2003 945 2046; x_wconf 81' lang='lat' dir='ltr'><strong>adolescens</strong></span> <span class='ocrx_word' id='word_1_136' title='bbox 974 2003 1018 2044; x_wconf 90' lang='lat' dir='ltr'><strong>in</strong></span> 
     </span>
     <span class='ocr_line' id='line_1_32' title="bbox 187 2059 1019 2104; baseline -0.002 -1"><span class='ocrx_word' id='word_1_137' title='bbox 187 2062 386 2104; x_wconf 89' lang='lat' dir='ltr'><strong>ordinem</strong></span> <span class='ocrx_word' id='word_1_138' title='bbox 401 2063 583 2104; x_wconf 86' lang='lat' dir='ltr'><strong>fratrum</strong></span> <span class='ocrx_word' id='word_1_139' title='bbox 594 2062 811 2102; x_wconf 90' lang='lat' dir='ltr'><strong>Minorum</strong></span> <span class='ocrx_word' id='word_1_140' title='bbox 826 2059 1019 2102; x_wconf 84' lang='lat' dir='ltr'><strong>adscribi</strong></span> 
     </span>
     <span class='ocr_line' id='line_1_33' title="bbox 188 2116 1018 2161; baseline -0.001 -2"><span class='ocrx_word' id='word_1_141' title='bbox 188 2119 338 2160; x_wconf 89' lang='lat' dir='ltr'><strong>voluit:</strong></span> <span class='ocrx_word' id='word_1_142' title='bbox 357 2119 431 2161; x_wconf 92' lang='lat' dir='ltr'><strong>ubi</strong></span> <span class='ocrx_word' id='word_1_143' title='bbox 452 2117 708 2160; x_wconf 85' lang='lat' dir='ltr'><strong>Alexandro</strong></span> <span class='ocrx_word' id='word_1_144' title='bbox 729 2116 784 2159; x_wconf 87' lang='lat' dir='ltr'><strong>de</strong></span> <span class='ocrx_word' id='word_1_145' title='bbox 804 2116 911 2158; x_wconf 90' lang='lat' dir='ltr'><strong>Ales</strong></span> <span class='ocrx_word' id='word_1_146' title='bbox 930 2129 1018 2158; x_wconf 91' lang='lat' dir='ltr'><strong>ma-</strong></span> 
     </span>
     <span class='ocr_line' id='line_1_34' title="bbox 189 2174 1017 2227; baseline -0.002 -11"><span class='ocrx_word' id='word_1_147' title='bbox 189 2177 338 2226; x_wconf 88' lang='lat' dir='ltr'><strong>gistro,</strong></span> <span class='ocrx_word' id='word_1_148' title='bbox 360 2175 417 2217; x_wconf 91' lang='lat' dir='ltr'><strong>ad</strong></span> <span class='ocrx_word' id='word_1_149' title='bbox 437 2188 534 2217; x_wconf 88' lang='lat' dir='ltr'><strong>eam</strong></span> <span class='ocrx_word' id='word_1_150' title='bbox 553 2174 767 2216; x_wconf 77' lang='lat' dir='ltr'><strong>doctrinae</strong></span> <span class='ocrx_word' id='word_1_151' title='bbox 786 2174 1017 2227; x_wconf 89' lang='lat' dir='ltr'><strong>perfectio-</strong></span> 
     </span>
     <span class='ocr_line' id='line_1_35' title="bbox 188 2230 1018 2285; baseline -0.004 -11"><span class='ocrx_word' id='word_1_152' title='bbox 188 2245 288 2275; x_wconf 90' lang='lat' dir='ltr'><strong>nem</strong></span> <span class='ocrx_word' id='word_1_153' title='bbox 325 2232 450 2274; x_wconf 92' lang='lat' dir='ltr'><strong>brevi</strong></span> <span class='ocrx_word' id='word_1_154' title='bbox 486 2233 703 2285; x_wconf 82' lang='lat' dir='ltr'><strong>pervenit,</strong></span> <span class='ocrx_word' id='word_1_155' title='bbox 744 2236 793 2273; x_wconf 91' lang='lat' dir='ltr'><strong>ut</strong></span> <span class='ocrx_word' id='word_1_156' title='bbox 829 2230 1018 2283; x_wconf 84' lang='lat' dir='ltr'><strong>septimo</strong></span> 
     </span>
     <span class='ocr_line' id='line_1_36' title="bbox 189 2288 1018 2343; baseline -0.004 -12"><span class='ocrx_word' id='word_1_157' title='bbox 189 2295 292 2343; x_wconf 91' lang='lat' dir='ltr'><strong>post</strong></span> <span class='ocrx_word' id='word_1_158' title='bbox 311 2302 425 2331; x_wconf 89' lang='lat' dir='ltr'><strong>anno</strong></span> <span class='ocrx_word' id='word_1_159' title='bbox 446 2289 584 2331; x_wconf 92' lang='lat' dir='ltr'><strong>libros</strong></span> <span class='ocrx_word' id='word_1_160' title='bbox 602 2289 926 2331; x_wconf 65' lang='lat' dir='ltr'><strong>Sententiarum</strong></span> <span class='ocrx_word' id='word_1_161' title='bbox 939 2288 1018 2328; x_wconf 87' lang='lat' dir='ltr'><strong>Pa-</strong></span> 
     </span>
     <span class='ocr_line' id='line_1_37' title="bbox 189 2343 1020 2399; baseline -0.002 -12"><span class='ocrx_word' id='word_1_162' title='bbox 189 2347 304 2388; x_wconf 87' lang='lat' dir='ltr'><strong>risiis</strong></span> <span class='ocrx_word' id='word_1_163' title='bbox 322 2346 498 2399; x_wconf 79' lang='lat' dir='ltr'><strong>publice</strong></span> <span class='ocrx_word' id='word_1_164' title='bbox 514 2359 683 2387; x_wconf 87' lang='lat' dir='ltr'><strong>summa</strong></span> <span class='ocrx_word' id='word_1_165' title='bbox 703 2358 803 2387; x_wconf 92' lang='lat' dir='ltr'><strong>cum</strong></span> <span class='ocrx_word' id='word_1_166' title='bbox 819 2343 950 2386; x_wconf 83' lang='lat' dir='ltr'><strong>laude</strong></span> <span class='ocrx_word' id='word_1_167' title='bbox 964 2344 1020 2386; x_wconf 88' lang='lat' dir='ltr'><strong>sit</strong></span> 
     </span>
     <span class='ocr_line' id='line_1_38' title="bbox 189 2400 1018 2456; baseline -0.004 -12"><span class='ocrx_word' id='word_1_168' title='bbox 189 2403 515 2456; x_wconf 88' lang='lat' dir='ltr'><strong>interpretatus:</strong></span> <span class='ocrx_word' id='word_1_169' title='bbox 542 2415 653 2454; x_wconf 86' lang='lat' dir='ltr'><strong>quos</strong></span> <span class='ocrx_word' id='word_1_170' title='bbox 680 2402 811 2443; x_wconf 79' lang='lat' dir='ltr'><strong>etiam</strong></span> <span class='ocrx_word' id='word_1_171' title='bbox 836 2400 1018 2454; x_wconf 82' lang='lat' dir='ltr'><strong>praecla-</strong></span> 
     </span>
     <span class='ocr_line' id='line_1_39' title="bbox 190 2457 1018 2512; baseline -0.004 -12"><span class='ocrx_word' id='word_1_172' title='bbox 190 2460 250 2501; x_wconf 86' lang='lat' dir='ltr'><strong>ris</strong></span> <span class='ocrx_word' id='word_1_173' title='bbox 286 2461 443 2512; x_wconf 87' lang='lat' dir='ltr'><strong>postea</strong></span> <span class='ocrx_word' id='word_1_174' title='bbox 476 2458 801 2500; x_wconf 86' lang='lat' dir='ltr'><strong>commentariis</strong></span> <span class='ocrx_word' id='word_1_175' title='bbox 831 2457 1018 2498; x_wconf 89' lang='lat' dir='ltr'><strong>illustra-</strong></span> 
     </span>
     <span class='ocr_line' id='line_1_40' title="bbox 191 2513 1019 2558; baseline -0.004 -1"><span class='ocrx_word' id='word_1_176' title='bbox 191 2516 263 2557; x_wconf 87' lang='lat' dir='ltr'><strong>vit.</strong></span> <span class='ocrx_word' id='word_1_177' title='bbox 295 2517 403 2558; x_wconf 88' lang='lat' dir='ltr'><strong>Post</strong></span> <span class='ocrx_word' id='word_1_178' title='bbox 423 2528 501 2557; x_wconf 91' lang='lat' dir='ltr'><strong>sex</strong></span> <span class='ocrx_word' id='word_1_179' title='bbox 519 2527 657 2557; x_wconf 91' lang='lat' dir='ltr'><strong>annos</strong></span> <span class='ocrx_word' id='word_1_180' title='bbox 673 2515 741 2556; x_wconf 91' lang='lat' dir='ltr'><strong>sui</strong></span> <span class='ocrx_word' id='word_1_181' title='bbox 755 2513 920 2555; x_wconf 81' lang='lat' dir='ltr'><strong>ordinis</strong></span> <span class='ocrx_word' id='word_1_182' title='bbox 935 2513 1019 2554; x_wconf 90' lang='lat' dir='ltr'><strong>Ge-</strong></span> 
     </span>
     <span class='ocr_line' id='line_1_41' title="bbox 191 2570 1020 2620; baseline -0.004 -6"><span class='ocrx_word' id='word_1_183' title='bbox 191 2572 352 2614; x_wconf 82' lang='lat' dir='ltr'><strong>neralis</strong></span> <span class='ocrx_word' id='word_1_184' title='bbox 376 2572 575 2613; x_wconf 85' lang='lat' dir='ltr'><strong>minister</strong></span> <span class='ocrx_word' id='word_1_185' title='bbox 597 2572 756 2612; x_wconf 85' lang='lat' dir='ltr'><strong>Romae</strong></span> <span class='ocrx_word' id='word_1_186' title='bbox 783 2570 940 2620; x_wconf 91' lang='lat' dir='ltr'><strong>factus,</strong></span> <span class='ocrx_word' id='word_1_187' title='bbox 970 2582 1020 2611; x_wconf 88' lang='lat' dir='ltr'><strong>ea</strong></span> 
     </span>
     <span class='ocr_line' id='line_1_42' title="bbox 191 2625 1019 2683; baseline -0.006 -12"><span class='ocrx_word' id='word_1_188' title='bbox 191 2629 438 2683; x_wconf 78' lang='lat' dir='ltr'><strong>prudentiae</strong></span> <span class='ocrx_word' id='word_1_189' title='bbox 460 2642 512 2671; x_wconf 88' lang='lat' dir='ltr'><strong>ac</strong></span> <span class='ocrx_word' id='word_1_190' title='bbox 531 2628 776 2670; x_wconf 88' lang='lat' dir='ltr'><strong>sanctitatis</strong></span> <span class='ocrx_word' id='word_1_191' title='bbox 795 2625 925 2668; x_wconf 90' lang='lat' dir='ltr'><strong>laude</strong></span> <span class='ocrx_word' id='word_1_192' title='bbox 943 2626 1019 2666; x_wconf 91' lang='lat' dir='ltr'><strong>mi-</strong></span> 
     </span>
     <span class='ocr_line' id='line_1_43' title="bbox 191 2683 1020 2737; baseline -0.007 -9"><span class='ocrx_word' id='word_1_193' title='bbox 191 2687 418 2728; x_wconf 79' lang='lat' dir='ltr'><strong>nisterium</strong></span> <span class='ocrx_word' id='word_1_194' title='bbox 433 2685 580 2737; x_wconf 88' lang='lat' dir='ltr'><strong>gessit,</strong></span> <span class='ocrx_word' id='word_1_195' title='bbox 598 2690 647 2727; x_wconf 87' lang='lat' dir='ltr'><strong>ut</strong></span> <span class='ocrx_word' id='word_1_196' title='bbox 666 2685 709 2725; x_wconf 93' lang='lat' dir='ltr'><strong>in</strong></span> <span class='ocrx_word' id='word_1_197' title='bbox 729 2683 923 2726; x_wconf 92' lang='lat' dir='ltr'><strong>omnium</strong></span> <span class='ocrx_word' id='word_1_198' title='bbox 943 2694 1020 2723; x_wconf 91' lang='lat' dir='ltr'><strong>ore</strong></span> 
     </span>
     <span class='ocr_line' id='line_1_44' title="bbox 193 2743 690 2786; baseline -0.006 0"><span class='ocrx_word' id='word_1_199' title='bbox 193 2750 236 2786; x_wconf 85' lang='lat' dir='ltr'><strong>et</strong></span> <span class='ocrx_word' id='word_1_200' title='bbox 255 2743 542 2786; x_wconf 88' lang='lat' dir='ltr'><strong>admiratione</strong></span> <span class='ocrx_word' id='word_1_201' title='bbox 562 2747 690 2784; x_wconf 90' lang='lat' dir='ltr'><strong>esset.</strong></span> 
     </span>
    </p>
   </div>
   <div class='ocr_carea' id='block_1_5' title="bbox 181 1724 298 1874">
    <p class='ocr_par' dir='ltr' id='par_1_9' title="bbox 181 1724 298 1874">
     <span class='ocr_line' id='line_1_45' title="bbox 181 1724 298 1874; baseline 0.137 -16"><span class='ocrx_word' id='word_1_202' title='bbox 181 1724 298 1874; x_wconf 95' lang='lat' dir='ltr'><strong>   </strong></span> 
     </span>
    </p>
   </div>
   <div class='ocr_carea' id='block_1_6' title="bbox 464 202 1607 245">
    <p class='ocr_par' dir='ltr' id='par_1_10' title="bbox 464 202 1607 245">
     <span class='ocr_line' id='line_1_46' title="bbox 464 202 1607 245; baseline 0.001 -10"><span class='ocrx_word' id='word_1_203' title='bbox 464 203 530 235; x_wconf 67' lang='lat' dir='ltr'><strong>Die</strong></span> <span class='ocrx_word' id='word_1_204' title='bbox 561 203 606 235; x_wconf 63' lang='lat'><strong>14.</strong></span> <span class='ocrx_word' id='word_1_205' title='bbox 631 202 736 236; x_wconf 72' lang='lat' dir='ltr'><strong>Julii.</strong></span> <span class='ocrx_word' id='word_1_206' title='bbox 784 204 817 237; x_wconf 67' lang='lat'><strong>5.</strong></span> <span class='ocrx_word' id='word_1_207' title='bbox 844 203 1129 236; x_wconf 72' lang='lat' dir='ltr'><strong>Bonaventurae</strong></span> <span class='ocrx_word' id='word_1_208' title='bbox 1158 202 1281 245; x_wconf 68' lang='lat' dir='ltr'><strong>lipisc.</strong></span> <span class='ocrx_word' id='word_1_209' title='bbox 1307 202 1415 236; x_wconf 88' lang='lat' dir='ltr'><strong>Conf.</strong></span> <span class='ocrx_word' id='word_1_210' title='bbox 1439 206 1475 236; x_wconf 81' lang='lat' dir='ltr'><strong>et</strong></span> <span class='ocrx_word' id='word_1_211' title='bbox 1499 202 1607 237; x_wconf 92' lang='lat' dir='ltr'><strong>Doct.</strong></span> 
     </span>
    </p>
   </div>
   <div class='ocr_carea' id='block_1_7' title="bbox 177 272 1893 366">
    <p class='ocr_par' dir='ltr' id='par_1_11' title="bbox 177 272 1893 366">
     <span class='ocr_line' id='line_1_47' title="bbox 177 272 1893 366; baseline 0 -85"><span class='ocrx_word' id='word_1_212' title='bbox 177 281 234 366; x_wconf 95' lang='lat' dir='ltr'><strong> </strong></span> <span class='ocrx_word' id='word_1_213' title='bbox 1879 272 1893 281; x_wconf 95' lang='lat' dir='ltr'><strong> </strong></span> 
     </span>
    </p>
   </div>
   <div class='ocr_carea' id='block_1_8' title="bbox 1062 299 1900 2124">
    <p class='ocr_par' dir='ltr' id='par_1_12' title="bbox 1062 299 1890 626">
     <span class='ocr_line' id='line_1_48' title="bbox 1116 299 1890 354; baseline -0.005 -11"><span class='ocrx_word' id='word_1_214' title='bbox 1116 306 1166 354; x_wconf 70' lang='lat' dir='ltr'><strong>R.</strong></span> <span class='ocrx_word' id='word_1_215' title='bbox 1190 301 1341 342; x_wconf 82' lang='lat' dir='ltr'><strong>Inveni</strong></span> <span class='ocrx_word' id='word_1_216' title='bbox 1359 299 1505 342; x_wconf 86' lang='lat' dir='ltr'><strong>David</strong></span> <span class='ocrx_word' id='word_1_217' title='bbox 1533 312 1707 341; x_wconf 89' lang='lat' dir='ltr'><strong>servum</strong></span> <span class='ocrx_word' id='word_1_218' title='bbox 1734 311 1890 347; x_wconf 91' lang='lat' dir='ltr'><strong>meum,</strong></span> 
     </span>
     <span class='ocr_line' id='line_1_49' title="bbox 1063 355 1888 400; baseline -0.005 -1"><span class='ocrx_word' id='word_1_219' title='bbox 1063 358 1162 400; x_wconf 93' lang='lat' dir='ltr'><strong>oleo</strong></span> <span class='ocrx_word' id='word_1_220' title='bbox 1187 363 1339 399; x_wconf 88' lang='lat' dir='ltr'><strong>saneto</strong></span> <span class='ocrx_word' id='word_1_221' title='bbox 1363 370 1463 398; x_wconf 90' lang='lat' dir='ltr'><strong>meo</strong></span> <span class='ocrx_word' id='word_1_222' title='bbox 1488 356 1593 397; x_wconf 88' lang='lat' dir='ltr'><strong>unxi</strong></span> <span class='ocrx_word' id='word_1_223' title='bbox 1619 368 1732 397; x_wconf 84' lang='lat' dir='ltr'><strong>eum:</strong></span> <span class='ocrx_word' id='word_1_224' title='bbox 1760 366 1783 390; x_wconf 82' lang='lat'>*</span> <span class='ocrx_word' id='word_1_225' title='bbox 1799 355 1888 396; x_wconf 89' lang='lat' dir='ltr'><strong>Ma-</strong></span> 
     </span>
     <span class='ocr_line' id='line_1_50' title="bbox 1062 411 1889 456; baseline -0.005 0"><span class='ocrx_word' id='word_1_226' title='bbox 1062 429 1143 456; x_wconf 94' lang='lat' dir='ltr'><strong>nus</strong></span> <span class='ocrx_word' id='word_1_227' title='bbox 1195 415 1309 456; x_wconf 92' lang='lat' dir='ltr'><strong>enim</strong></span> <span class='ocrx_word' id='word_1_228' title='bbox 1358 427 1458 455; x_wconf 86' lang='lat' dir='ltr'><strong>mea</strong></span> <span class='ocrx_word' id='word_1_229' title='bbox 1506 412 1787 454; x_wconf 66' lang='lat' dir='ltr'><strong>auxiliabitur</strong></span> <span class='ocrx_word' id='word_1_230' title='bbox 1839 411 1889 453; x_wconf 87' lang='lat' dir='ltr'><strong>ei.</strong></span> 
     </span>
     <span class='ocr_line' id='line_1_51' title="bbox 1066 468 1890 524; baseline -0.007 -10"><span class='ocrx_word' id='word_1_231' title='bbox 1066 470 1116 522; x_wconf 64' lang='lat' dir='ltr'><strong>V.</strong></span> <span class='ocrx_word' id='word_1_232' title='bbox 1140 471 1259 513; x_wconf 92' lang='lat' dir='ltr'><strong>Nihil</strong></span> <span class='ocrx_word' id='word_1_233' title='bbox 1287 470 1489 524; x_wconf 88' lang='lat' dir='ltr'><strong>proficiet</strong></span> <span class='ocrx_word' id='word_1_234' title='bbox 1519 469 1718 510; x_wconf 89' lang='lat' dir='ltr'><strong>inimicus</strong></span> <span class='ocrx_word' id='word_1_235' title='bbox 1750 468 1794 508; x_wconf 93' lang='lat' dir='ltr'><strong>in</strong></span> <span class='ocrx_word' id='word_1_236' title='bbox 1825 480 1890 516; x_wconf 89' lang='lat' dir='ltr'><strong>eo,</strong></span> 
     </span>
     <span class='ocr_line' id='line_1_52' title="bbox 1063 523 1890 578; baseline -0.005 -9"><span class='ocrx_word' id='word_1_237' title='bbox 1063 534 1107 570; x_wconf 87' lang='lat' dir='ltr'><strong>et</strong></span> <span class='ocrx_word' id='word_1_238' title='bbox 1132 528 1246 568; x_wconf 91' lang='lat' dir='ltr'><strong>filius</strong></span> <span class='ocrx_word' id='word_1_239' title='bbox 1265 526 1507 578; x_wconf 90' lang='lat' dir='ltr'><strong>iniquitatis</strong></span> <span class='ocrx_word' id='word_1_240' title='bbox 1530 537 1618 567; x_wconf 93' lang='lat' dir='ltr'><strong>non</strong></span> <span class='ocrx_word' id='word_1_241' title='bbox 1640 523 1818 566; x_wconf 79' lang='lat' dir='ltr'><strong>nocebit</strong></span> <span class='ocrx_word' id='word_1_242' title='bbox 1840 524 1890 566; x_wconf 89' lang='lat' dir='ltr'><strong>ei.</strong></span> 
     </span>
     <span class='ocr_line' id='line_1_53' title="bbox 1063 585 1229 626; baseline -0.006 0"><span class='ocrx_word' id='word_1_243' title='bbox 1063 585 1229 626; x_wconf 91' lang='lat' dir='ltr'><strong>Manus.</strong></span> 
     </span>
    </p>

    <p class='ocr_par' dir='ltr' id='par_1_13' title="bbox 1308 646 1585 688">
     <span class='ocr_line' id='line_1_54' title="bbox 1308 646 1585 688; baseline -0.004 -1"><span class='ocrx_word' id='word_1_244' title='bbox 1308 671 1313 675; x_wconf 88' lang='lat'><em>-</em></span> <span class='ocrx_word' id='word_1_245' title='bbox 1375 646 1527 688; x_wconf 90' lang='lat' dir='ltr'><strong>Lectio</strong></span> <span class='ocrx_word' id='word_1_246' title='bbox 1547 660 1585 686; x_wconf 89' lang='lat' dir='ltr'><strong>v.</strong></span> 
     </span>
    </p>

    <p class='ocr_par' dir='ltr' id='par_1_14' title="bbox 1068 701 1892 816">
     <span class='ocr_line' id='line_1_55' title="bbox 1068 701 1892 816; baseline -0.011 -67"><span class='ocrx_word' id='word_1_247' title='bbox 1068 707 1262 816; x_wconf 84' lang='lat' dir='ltr'><strong>Multa</strong></span> <span class='ocrx_word' id='word_1_248' title='bbox 1290 704 1482 758; x_wconf 88' lang='lat' dir='ltr'><strong>scripsit,</strong></span> <span class='ocrx_word' id='word_1_249' title='bbox 1515 703 1559 744; x_wconf 90' lang='lat' dir='ltr'><strong>in</strong></span> <span class='ocrx_word' id='word_1_250' title='bbox 1589 701 1747 754; x_wconf 91' lang='lat' dir='ltr'><strong>quibus</strong></span> <span class='ocrx_word' id='word_1_251' title='bbox 1780 713 1892 742; x_wconf 90' lang='lat' dir='ltr'><strong>sum-</strong></span> 
     </span>
    </p>

    <p class='ocr_par' dir='ltr' id='par_1_15' title="bbox 1064 756 1899 1770">
     <span class='ocr_line' id='line_1_56' title="bbox 1193 756 1893 810; baseline -0.011 -5"><span class='ocrx_word' id='word_1_252' title='bbox 1193 777 1310 805; x_wconf 84' lang='lat' dir='ltr'><strong>mam</strong></span> <span class='ocrx_word' id='word_1_253' title='bbox 1343 760 1636 804; x_wconf 91' lang='lat' dir='ltr'><strong>eruditionem</strong></span> <span class='ocrx_word' id='word_1_254' title='bbox 1668 771 1768 800; x_wconf 89' lang='lat' dir='ltr'><strong>eum</strong></span> <span class='ocrx_word' id='word_1_255' title='bbox 1797 756 1893 810; x_wconf 88' lang='lat' dir='ltr'><strong>pari</strong></span> 
     </span>
     <span class='ocr_line' id='line_1_57' title="bbox 1064 813 1893 873; baseline -0.01 -11"><span class='ocrx_word' id='word_1_256' title='bbox 1064 820 1242 873; x_wconf 88' lang='lat' dir='ltr'><strong>pietatis</strong></span> <span class='ocrx_word' id='word_1_257' title='bbox 1269 818 1429 861; x_wconf 85' lang='lat' dir='ltr'><strong>ardore</strong></span> <span class='ocrx_word' id='word_1_258' title='bbox 1457 816 1734 868; x_wconf 60' lang='lat' dir='ltr'><strong>conjungens</strong></span> <span class='ocrx_word' id='word_1_259' title='bbox 1759 813 1893 855; x_wconf 88' lang='lat' dir='ltr'><strong>lecto-</strong></span> 
     </span>
     <span class='ocr_line' id='line_1_58' title="bbox 1065 869 1893 922; baseline -0.011 -3"><span class='ocrx_word' id='word_1_260' title='bbox 1065 890 1158 919; x_wconf 90' lang='lat' dir='ltr'><strong>rem</strong></span> <span class='ocrx_word' id='word_1_261' title='bbox 1187 874 1389 918; x_wconf 81' lang='lat' dir='ltr'><strong>docendo</strong></span> <span class='ocrx_word' id='word_1_262' title='bbox 1417 878 1577 916; x_wconf 87' lang='lat' dir='ltr'><strong>movet.</strong></span> <span class='ocrx_word' id='word_1_263' title='bbox 1620 872 1761 922; x_wconf 88' lang='lat' dir='ltr'><strong>Quem</strong></span> <span class='ocrx_word' id='word_1_264' title='bbox 1787 869 1893 911; x_wconf 89' lang='lat' dir='ltr'><strong>Gre-</strong></span> 
     </span>
     <span class='ocr_line' id='line_1_59' title="bbox 1064 926 1894 985; baseline -0.01 -10"><span class='ocrx_word' id='word_1_265' title='bbox 1064 934 1213 985; x_wconf 83' lang='lat' dir='ltr'><strong>gorius</strong></span> <span class='ocrx_word' id='word_1_266' title='bbox 1239 932 1451 982; x_wconf 72' lang='lat' dir='ltr'><strong>decimus,</strong></span> <span class='ocrx_word' id='word_1_267' title='bbox 1479 931 1571 982; x_wconf 88' lang='lat' dir='ltr'><strong>ejus</strong></span> <span class='ocrx_word' id='word_1_268' title='bbox 1594 926 1894 970; x_wconf 82' lang='lat' dir='ltr'><strong>sanctimoniae</strong></span> 
     </span>
     <span class='ocr_line' id='line_1_60' title="bbox 1066 983 1895 1043; baseline -0.011 -11"><span class='ocrx_word' id='word_1_269' title='bbox 1066 996 1110 1032; x_wconf 92' lang='lat' dir='ltr'><strong>et</strong></span> <span class='ocrx_word' id='word_1_270' title='bbox 1129 990 1356 1043; x_wconf 83' lang='lat' dir='ltr'><strong>sapientiae</strong></span> <span class='ocrx_word' id='word_1_271' title='bbox 1381 989 1497 1030; x_wconf 87' lang='lat' dir='ltr'><strong>fama</strong></span> <span class='ocrx_word' id='word_1_272' title='bbox 1515 987 1773 1034; x_wconf 90' lang='lat' dir='ltr'><strong>commotus,</strong></span> <span class='ocrx_word' id='word_1_273' title='bbox 1794 983 1895 1025; x_wconf 89' lang='lat' dir='ltr'><strong>Car·</strong></span> 
     </span>
     <span class='ocr_line' id='line_1_61' title="bbox 1067 1040 1895 1098; baseline -0.012 -9"><span class='ocrx_word' id='word_1_274' title='bbox 1067 1047 1257 1089; x_wconf 87' lang='lat' dir='ltr'><strong>dinalem</strong></span> <span class='ocrx_word' id='word_1_275' title='bbox 1294 1052 1337 1088; x_wconf 96' lang='lat' dir='ltr'><strong>et</strong></span> <span class='ocrx_word' id='word_1_276' title='bbox 1372 1046 1646 1098; x_wconf 87' lang='lat' dir='ltr'><strong>Episcopum</strong></span> <span class='ocrx_word' id='word_1_277' title='bbox 1678 1040 1895 1082; x_wconf 80' lang='lat' dir='ltr'><strong>Albanen-</strong></span> 
     </span>
     <span class='ocr_line' id='line_1_62' title="bbox 1066 1095 1895 1146; baseline -0.012 0"><span class='ocrx_word' id='word_1_278' title='bbox 1066 1117 1159 1146; x_wconf 91' lang='lat' dir='ltr'><strong>sem</strong></span> <span class='ocrx_word' id='word_1_279' title='bbox 1187 1103 1362 1145; x_wconf 88' lang='lat' dir='ltr'><strong>creavit.</strong></span> <span class='ocrx_word' id='word_1_280' title='bbox 1416 1099 1635 1142; x_wconf 78' lang='lat' dir='ltr'><strong>Eumdem</strong></span> <span class='ocrx_word' id='word_1_281' title='bbox 1665 1097 1809 1139; x_wconf 91' lang='lat' dir='ltr'><strong>adhuc</strong></span> <span class='ocrx_word' id='word_1_282' title='bbox 1836 1095 1895 1137; x_wconf 89' lang='lat' dir='ltr'><strong>vi-</strong></span> 
     </span>
     <span class='ocr_line' id='line_1_63' title="bbox 1065 1153 1896 1205; baseline -0.012 -3"><span class='ocrx_word' id='word_1_283' title='bbox 1065 1163 1241 1202; x_wconf 80' lang='lat' dir='ltr'><strong>ventem</strong></span> <span class='ocrx_word' id='word_1_284' title='bbox 1276 1160 1432 1201; x_wconf 88' lang='lat' dir='ltr'><strong>beatus</strong></span> <span class='ocrx_word' id='word_1_285' title='bbox 1467 1156 1663 1198; x_wconf 84' lang='lat' dir='ltr'><strong>Thomas</strong></span> <span class='ocrx_word' id='word_1_286' title='bbox 1698 1153 1896 1205; x_wconf 80' lang='lat' dir='ltr'><strong>Aquinas</strong></span> 
     </span>
     <span class='ocr_line' id='line_1_64' title="bbox 1066 1209 1896 1268; baseline -0.012 -9"><span class='ocrx_word' id='word_1_287' title='bbox 1066 1222 1266 1259; x_wconf 88' lang='lat' dir='ltr'><strong>sanctum</strong></span> <span class='ocrx_word' id='word_1_288' title='bbox 1286 1214 1538 1268; x_wconf 88' lang='lat' dir='ltr'><strong>appellavit.</strong></span> <span class='ocrx_word' id='word_1_289' title='bbox 1571 1213 1682 1254; x_wconf 91' lang='lat' dir='ltr'><strong>Cum</strong></span> <span class='ocrx_word' id='word_1_290' title='bbox 1703 1210 1818 1252; x_wconf 90' lang='lat' dir='ltr'><strong>enim</strong></span> <span class='ocrx_word' id='word_1_291' title='bbox 1836 1209 1896 1250; x_wconf 89' lang='lat' dir='ltr'><strong>vi-</strong></span> 
     </span>
     <span class='ocr_line' id='line_1_65' title="bbox 1067 1266 1897 1316; baseline -0.011 0"><span class='ocrx_word' id='word_1_292' title='bbox 1067 1279 1156 1316; x_wconf 87' lang='lat' dir='ltr'><strong>tam</strong></span> <span class='ocrx_word' id='word_1_293' title='bbox 1193 1273 1334 1315; x_wconf 86' lang='lat' dir='ltr'><strong>sancti</strong></span> <span class='ocrx_word' id='word_1_294' title='bbox 1369 1270 1594 1313; x_wconf 86' lang='lat' dir='ltr'><strong>Francisci</strong></span> <span class='ocrx_word' id='word_1_295' title='bbox 1633 1266 1897 1310; x_wconf 76' lang='lat' dir='ltr'><strong>scribentem</strong></span> 
     </span>
     <span class='ocr_line' id='line_1_66' title="bbox 1068 1323 1895 1384; baseline -0.012 -11"><span class='ocrx_word' id='word_1_296' title='bbox 1068 1332 1370 1384; x_wconf 88' lang='lat' dir='ltr'><strong>comperisset:</strong></span> <span class='ocrx_word' id='word_1_297' title='bbox 1393 1329 1606 1376; x_wconf 88' lang='lat' dir='ltr'><strong>Sinamus,</strong></span> <span class='ocrx_word' id='word_1_298' title='bbox 1630 1323 1782 1376; x_wconf 87' lang='lat' dir='ltr'><strong>inquit,</strong></span> <span class='ocrx_word' id='word_1_299' title='bbox 1801 1335 1895 1364; x_wconf 89' lang='lat' dir='ltr'><strong>san-</strong></span> 
     </span>
     <span class='ocr_line' id='line_1_67' title="bbox 1068 1380 1896 1440; baseline -0.012 -10"><span class='ocrx_word' id='word_1_300' title='bbox 1068 1394 1186 1430; x_wconf 90' lang='lat' dir='ltr'><strong>ctum</strong></span> <span class='ocrx_word' id='word_1_301' title='bbox 1208 1400 1291 1440; x_wconf 92' lang='lat' dir='ltr'><strong>pro</strong></span> <span class='ocrx_word' id='word_1_302' title='bbox 1318 1390 1470 1427; x_wconf 87' lang='lat' dir='ltr'><strong>sancto</strong></span> <span class='ocrx_word' id='word_1_303' title='bbox 1489 1383 1705 1426; x_wconf 88' lang='lat' dir='ltr'><strong>laborare.</strong></span> <span class='ocrx_word' id='word_1_304' title='bbox 1740 1380 1896 1431; x_wconf 85' lang='lat' dir='ltr'><strong>Migra-</strong></span> 
     </span>
     <span class='ocr_line' id='line_1_68' title="bbox 1068 1437 1897 1496; baseline -0.013 -9"><span class='ocrx_word' id='word_1_305' title='bbox 1068 1446 1130 1487; x_wconf 90' lang='lat' dir='ltr'><strong>vit</strong></span> <span class='ocrx_word' id='word_1_306' title='bbox 1155 1458 1178 1486; x_wconf 92' lang='lat' dir='ltr'><strong>e</strong></span> <span class='ocrx_word' id='word_1_307' title='bbox 1196 1445 1289 1486; x_wconf 89' lang='lat' dir='ltr'><strong>vita</strong></span> <span class='ocrx_word' id='word_1_308' title='bbox 1307 1442 1450 1496; x_wconf 85' lang='lat' dir='ltr'><strong>pridie</strong></span> <span class='ocrx_word' id='word_1_309' title='bbox 1467 1440 1574 1483; x_wconf 89' lang='lat' dir='ltr'><strong>Idus</strong></span> <span class='ocrx_word' id='word_1_310' title='bbox 1593 1439 1617 1480; x_wconf 89' lang='lat' dir='ltr'>J</span> <span class='ocrx_word' id='word_1_311' title='bbox 1619 1438 1705 1488; x_wconf 80' lang='lat' dir='ltr'><strong>ulii,</strong></span> <span class='ocrx_word' id='word_1_312' title='bbox 1729 1437 1774 1478; x_wconf 94' lang='lat' dir='ltr'><strong>in</strong></span> <span class='ocrx_word' id='word_1_313' title='bbox 1797 1448 1897 1478; x_wconf 90' lang='lat' dir='ltr'><strong>con-</strong></span> 
     </span>
     <span class='ocr_line' id='line_1_69' title="bbox 1068 1495 1898 1552; baseline -0.012 -9"><span class='ocrx_word' id='word_1_314' title='bbox 1068 1502 1169 1543; x_wconf 91' lang='lat' dir='ltr'><strong>cilio</strong></span> <span class='ocrx_word' id='word_1_315' title='bbox 1223 1498 1526 1552; x_wconf 82' lang='lat' dir='ltr'><strong>Lugdunensi‚</strong></span> <span class='ocrx_word' id='word_1_316' title='bbox 1581 1495 1898 1548; x_wconf 83' lang='lat' dir='ltr'><strong>quinquaginta</strong></span> 
     </span>
     <span class='ocr_line' id='line_1_70' title="bbox 1067 1549 1897 1604; baseline -0.012 -4"><span class='ocrx_word' id='word_1_317' title='bbox 1067 1564 1158 1600; x_wconf 93' lang='lat' dir='ltr'><strong>tres</strong></span> <span class='ocrx_word' id='word_1_318' title='bbox 1178 1570 1315 1599; x_wconf 86' lang='lat' dir='ltr'><strong>annos</strong></span> <span class='ocrx_word' id='word_1_319' title='bbox 1338 1561 1478 1604; x_wconf 84' lang='lat' dir='ltr'><strong>natus,</strong></span> <span class='ocrx_word' id='word_1_320' title='bbox 1503 1553 1652 1595; x_wconf 90' lang='lat' dir='ltr'><strong>multis</strong></span> <span class='ocrx_word' id='word_1_321' title='bbox 1673 1550 1802 1593; x_wconf 81' lang='lat' dir='ltr'><strong>editis</strong></span> <span class='ocrx_word' id='word_1_322' title='bbox 1822 1549 1897 1591; x_wconf 87' lang='lat' dir='ltr'><strong>mi-</strong></span> 
     </span>
     <span class='ocr_line' id='line_1_71' title="bbox 1068 1607 1896 1664; baseline -0.012 -8"><span class='ocrx_word' id='word_1_323' title='bbox 1068 1614 1240 1656; x_wconf 87' lang='lat' dir='ltr'><strong>raculis.</strong></span> <span class='ocrx_word' id='word_1_324' title='bbox 1259 1614 1400 1663; x_wconf 87' lang='lat' dir='ltr'><strong>Quem</strong></span> <span class='ocrx_word' id='word_1_325' title='bbox 1410 1612 1580 1664; x_wconf 89' lang='lat' dir='ltr'><strong>Xystus</strong></span> <span class='ocrx_word' id='word_1_326' title='bbox 1594 1612 1774 1662; x_wconf 84' lang='lat' dir='ltr'><strong>quartus</strong></span> <span class='ocrx_word' id='word_1_327' title='bbox 1785 1607 1896 1647; x_wconf 92' lang='lat' dir='ltr'><strong>Pon-</strong></span> 
     </span>
     <span class='ocr_line' id='line_1_72' title="bbox 1067 1665 1899 1714; baseline -0.012 -1"><span class='ocrx_word' id='word_1_328' title='bbox 1067 1672 1175 1714; x_wconf 83' lang='lat' dir='ltr'><strong>tifex</strong></span> <span class='ocrx_word' id='word_1_329' title='bbox 1189 1670 1406 1712; x_wconf 84' lang='lat' dir='ltr'><strong>Maximus</strong></span> <span class='ocrx_word' id='word_1_330' title='bbox 1420 1667 1567 1710; x_wconf 84' lang='lat' dir='ltr'><strong>retulit</strong></span> <span class='ocrx_word' id='word_1_331' title='bbox 1585 1667 1629 1708; x_wconf 92' lang='lat' dir='ltr'><strong>in</strong></span> <span class='ocrx_word' id='word_1_332' title='bbox 1646 1665 1899 1707; x_wconf 87' lang='lat' dir='ltr'><strong>sanctorum</strong></span> 
     </span>
     <span class='ocr_line' id='line_1_73' title="bbox 1068 1731 1307 1770; baseline -0.013 0"><span class='ocrx_word' id='word_1_333' title='bbox 1068 1731 1307 1770; x_wconf 71' lang='lat' dir='ltr'><strong>nnmerum.</strong></span> 
     </span>
    </p>

    <p class='ocr_par' dir='ltr' id='par_1_16' title="bbox 1069 1793 1900 2124">
     <span class='ocr_line' id='line_1_74' title="bbox 1125 1793 1899 1846; baseline -0.012 -7"><span class='ocrx_word' id='word_1_334' title='bbox 1125 1799 1174 1838; x_wconf 84' lang='lat' dir='ltr'><strong>R.</strong></span> <span class='ocrx_word' id='word_1_335' title='bbox 1202 1796 1336 1838; x_wconf 90' lang='lat' dir='ltr'><strong>Posui</strong></span> <span class='ocrx_word' id='word_1_336' title='bbox 1369 1793 1631 1846; x_wconf 88' lang='lat' dir='ltr'><strong>adjutorium</strong></span> <span class='ocrx_word' id='word_1_337' title='bbox 1662 1803 1795 1844; x_wconf 90' lang='lat' dir='ltr'><strong>super</strong></span> <span class='ocrx_word' id='word_1_338' title='bbox 1821 1801 1899 1843; x_wconf 90' lang='lat' dir='ltr'><strong>po-</strong></span> 
     </span>
     <span class='ocr_line' id='line_1_75' title="bbox 1069 1845 1900 1904; baseline -0.012 -6"><span class='ocrx_word' id='word_1_339' title='bbox 1069 1858 1250 1904; x_wconf 80' lang='lat' dir='ltr'><strong>tentem,</strong></span> <span class='ocrx_word' id='word_1_340' title='bbox 1297 1858 1341 1896; x_wconf 91' lang='lat' dir='ltr'><strong>et</strong></span> <span class='ocrx_word' id='word_1_341' title='bbox 1382 1850 1573 1894; x_wconf 80' lang='lat' dir='ltr'><strong>exaltavi</strong></span> <span class='ocrx_word' id='word_1_342' title='bbox 1614 1849 1802 1891; x_wconf 80' lang='lat' dir='ltr'><strong>electum</strong></span> <span class='ocrx_word' id='word_1_343' title='bbox 1844 1845 1900 1888; x_wconf 90' lang='lat' dir='ltr'><strong>de</strong></span> 
     </span>
     <span class='ocr_line' id='line_1_76' title="bbox 1069 1905 1900 1966; baseline -0.012 -12"><span class='ocrx_word' id='word_1_344' title='bbox 1069 1911 1200 1966; x_wconf 85' lang='lat' dir='ltr'><strong>plebe</strong></span> <span class='ocrx_word' id='word_1_345' title='bbox 1241 1923 1355 1952; x_wconf 88' lang='lat' dir='ltr'><strong>mea:</strong></span> <span class='ocrx_word' id='word_1_346' title='bbox 1398 1910 1421 1934; x_wconf 72' lang='grc'><strong><em>*</em></strong></span> <span class='ocrx_word' id='word_1_347' title='bbox 1450 1907 1606 1949; x_wconf 88' lang='lat' dir='ltr'><strong>Manus</strong></span> <span class='ocrx_word' id='word_1_348' title='bbox 1647 1905 1762 1947; x_wconf 91' lang='lat' dir='ltr'><strong>enim</strong></span> <span class='ocrx_word' id='word_1_349' title='bbox 1800 1915 1900 1945; x_wconf 88' lang='lat' dir='ltr'><strong>mea</strong></span> 
     </span>
     <span class='ocr_line' id='line_1_77' title="bbox 1070 1959 1900 2012; baseline -0.012 -1"><span class='ocrx_word' id='word_1_350' title='bbox 1070 1967 1350 2010; x_wconf 78' lang='lat' dir='ltr'><strong>auxiliabitur</strong></span> <span class='ocrx_word' id='word_1_351' title='bbox 1387 1965 1438 2008; x_wconf 91' lang='lat' dir='ltr'><strong>ei.</strong></span> <span class='ocrx_word' id='word_1_352' title='bbox 1485 1959 1535 2012; x_wconf 66' lang='lat' dir='ltr'><strong>V.</strong></span> <span class='ocrx_word' id='word_1_353' title='bbox 1569 1962 1722 2004; x_wconf 82' lang='lat' dir='ltr'><strong>Inveni</strong></span> <span class='ocrx_word' id='word_1_354' title='bbox 1753 1959 1900 2002; x_wconf 85' lang='lat' dir='ltr'><strong>David</strong></span> 
     </span>
     <span class='ocr_line' id='line_1_78' title="bbox 1071 2020 1899 2072; baseline -0.012 -4"><span class='ocrx_word' id='word_1_355' title='bbox 1071 2038 1247 2068; x_wconf 84' lang='lat' dir='ltr'><strong>servum</strong></span> <span class='ocrx_word' id='word_1_356' title='bbox 1276 2035 1439 2072; x_wconf 87' lang='lat' dir='ltr'><strong>meum,</strong></span> <span class='ocrx_word' id='word_1_357' title='bbox 1481 2020 1581 2062; x_wconf 94' lang='lat' dir='ltr'><strong>oleo</strong></span> <span class='ocrx_word' id='word_1_358' title='bbox 1614 2023 1767 2060; x_wconf 89' lang='lat' dir='ltr'><strong>sancto</strong></span> <span class='ocrx_word' id='word_1_359' title='bbox 1799 2028 1899 2060; x_wconf 92' lang='lat' dir='ltr'><strong>meo</strong></span> 
     </span>
     <span class='ocr_line' id='line_1_79' title="bbox 1070 2079 1499 2124; baseline -0.014 1"><span class='ocrx_word' id='word_1_360' title='bbox 1070 2083 1175 2124; x_wconf 84' lang='lat' dir='ltr'><strong>unxi</strong></span> <span class='ocrx_word' id='word_1_361' title='bbox 1194 2094 1303 2124; x_wconf 88' lang='lat' dir='ltr'><strong>eum.</strong></span> <span class='ocrx_word' id='word_1_362' title='bbox 1331 2079 1499 2121; x_wconf 88' lang='lat' dir='ltr'><strong>Manus.</strong></span> 
     </span>
    </p>
   </div>
   <div class='ocr_carea' id='block_1_9' title="bbox 1071 2161 1902 2786">
    <p class='ocr_par' dir='ltr' id='par_1_17' title="bbox 1076 2161 1900 2378">
     <span class='ocr_line' id='line_1_80' title="bbox 1076 2161 1900 2213; baseline -0.013 0"><span class='ocrx_word' id='word_1_363' title='bbox 1076 2172 1139 2212; x_wconf 89' lang='lat' dir='ltr'><strong>Ex</strong></span> <span class='ocrx_word' id='word_1_364' title='bbox 1157 2169 1270 2212; x_wconf 89' lang='lat' dir='ltr'><strong>libro</strong></span> <span class='ocrx_word' id='word_1_365' title='bbox 1288 2165 1522 2209; x_wconf 89' lang='lat' dir='ltr'><strong>Moralium</strong></span> <span class='ocrx_word' id='word_1_366' title='bbox 1541 2163 1682 2206; x_wconf 90' lang='lat' dir='ltr'><strong>sancti</strong></span> <span class='ocrx_word' id='word_1_367' title='bbox 1697 2161 1900 2213; x_wconf 81' lang='lat' dir='ltr'><strong>Gregorii</strong></span> 
     </span>
     <span class='ocr_line' id='line_1_81' title="bbox 1411 2223 1557 2275; baseline -0.014 -11"><span class='ocrx_word' id='word_1_368' title='bbox 1411 2223 1557 2275; x_wconf 86' lang='lat' dir='ltr'><strong>Papae.</strong></span> 
     </span>
     <span class='ocr_line' id='line_1_82' title="bbox 1180 2280 1799 2332; baseline -0.006 -8"><span class='ocrx_word' id='word_1_369' title='bbox 1180 2283 1271 2324; x_wconf 89' lang='lat' dir='ltr'><strong>Lib.</strong></span> <span class='ocrx_word' id='word_1_370' title='bbox 1299 2284 1336 2322; x_wconf 82' lang='lat'><strong>9.</strong></span> <span class='ocrx_word' id='word_1_371' title='bbox 1629 2280 1733 2332; x_wconf 85' lang='lat' dir='ltr'><strong>Cap.</strong></span> <span class='ocrx_word' id='word_1_372' title='bbox 1763 2282 1799 2320; x_wconf 88' lang='lat'><strong>6.</strong></span> 
     </span>
     <span class='ocr_line' id='line_1_83' title="bbox 1378 2338 1603 2378; baseline -0.004 0"><span class='ocrx_word' id='word_1_373' title='bbox 1378 2338 1529 2378; x_wconf 91' lang='lat' dir='ltr'><strong>Lectio</strong></span> <span class='ocrx_word' id='word_1_374' title='bbox 1551 2338 1603 2377; x_wconf 86' lang='lat' dir='ltr'><strong>vi.</strong></span> 
     </span>
    </p>

    <p class='ocr_par' dir='ltr' id='par_1_18' title="bbox 1071 2393 1902 2786">
     <span class='ocr_line' id='line_1_84' title="bbox 1157 2393 1900 2452; baseline -0.013 -10"><span class='ocrx_word' id='word_1_375' title='bbox 1157 2400 1202 2442; x_wconf 90' lang='lat' dir='ltr'><strong>ui</strong></span> <span class='ocrx_word' id='word_1_376' title='bbox 1232 2403 1336 2452; x_wconf 90' lang='lat' dir='ltr'><strong>post</strong></span> <span class='ocrx_word' id='word_1_377' title='bbox 1369 2398 1555 2439; x_wconf 85' lang='lat' dir='ltr'><strong>Orionas</strong></span> <span class='ocrx_word' id='word_1_378' title='bbox 1587 2393 1795 2447; x_wconf 74' lang='lat' dir='ltr'><strong>Hyadum</strong></span> <span class='ocrx_word' id='word_1_379' title='bbox 1825 2393 1900 2433; x_wconf 90' lang='lat' dir='ltr'><strong>no-</strong></span> 
     </span>
     <span class='ocr_line' id='line_1_85' title="bbox 1192 2451 1900 2504; baseline -0.013 -7"><span class='ocrx_word' id='word_1_380' title='bbox 1192 2457 1326 2504; x_wconf 89' lang='lat' dir='ltr'><strong>mine,</strong></span> <span class='ocrx_word' id='word_1_381' title='bbox 1372 2453 1455 2495; x_wconf 91' lang='lat' dir='ltr'><strong>nisi</strong></span> <span class='ocrx_word' id='word_1_382' title='bbox 1494 2451 1700 2494; x_wconf 90' lang='lat' dir='ltr'><strong>doctores</strong></span> <span class='ocrx_word' id='word_1_383' title='bbox 1737 2453 1900 2490; x_wconf 85' lang='lat' dir='ltr'><strong>sanctae</strong></span> 
     </span>
     <span class='ocr_line' id='line_1_86' title="bbox 1071 2503 1900 2562; baseline -0.013 -6"><span class='ocrx_word' id='word_1_384' title='bbox 1071 2513 1283 2556; x_wconf 80' lang='lat' dir='ltr'><strong>Ecclesiae</strong></span> <span class='ocrx_word' id='word_1_385' title='bbox 1302 2507 1607 2562; x_wconf 84' lang='lat' dir='ltr'><strong>designantur?</strong></span> <span class='ocrx_word' id='word_1_386' title='bbox 1641 2507 1726 2557; x_wconf 88' lang='lat' dir='ltr'><strong>Qui</strong></span> <span class='ocrx_word' id='word_1_387' title='bbox 1740 2503 1900 2548; x_wconf 77' lang='lat' dir='ltr'><strong>subdu-</strong></span> 
     </span>
     <span class='ocr_line' id='line_1_87' title="bbox 1073 2564 1901 2621; baseline -0.013 -8"><span class='ocrx_word' id='word_1_388' title='bbox 1073 2571 1155 2613; x_wconf 88' lang='lat' dir='ltr'><strong>ctis</strong></span> <span class='ocrx_word' id='word_1_389' title='bbox 1183 2567 1466 2621; x_wconf 75' lang='lat' dir='ltr'><strong>Martyribus,</strong></span> <span class='ocrx_word' id='word_1_390' title='bbox 1499 2578 1552 2608; x_wconf 90' lang='lat' dir='ltr'><strong>eo</strong></span> <span class='ocrx_word' id='word_1_391' title='bbox 1585 2565 1670 2617; x_wconf 88' lang='lat' dir='ltr'><strong>jam</strong></span> <span class='ocrx_word' id='word_1_392' title='bbox 1699 2564 1901 2614; x_wconf 84' lang='lat' dir='ltr'><strong>tempore</strong></span> 
     </span>
     <span class='ocr_line' id='line_1_88' title="bbox 1073 2622 1900 2671; baseline -0.012 -3"><span class='ocrx_word' id='word_1_393' title='bbox 1073 2627 1129 2668; x_wconf 88' lang='lat' dir='ltr'><strong>ad</strong></span> <span class='ocrx_word' id='word_1_394' title='bbox 1152 2624 1305 2667; x_wconf 90' lang='lat' dir='ltr'><strong>mundi</strong></span> <span class='ocrx_word' id='word_1_395' title='bbox 1328 2623 1531 2666; x_wconf 86' lang='lat' dir='ltr'><strong>notitiam</strong></span> <span class='ocrx_word' id='word_1_396' title='bbox 1555 2622 1783 2668; x_wconf 81' lang='lat' dir='ltr'><strong>venerunt,</strong></span> <span class='ocrx_word' id='word_1_397' title='bbox 1812 2630 1900 2671; x_wconf 92' lang='lat' dir='ltr'><strong>quo</strong></span> 
     </span>
     <span class='ocr_line' id='line_1_89' title="bbox 1074 2675 1901 2729; baseline -0.011 -5"><span class='ocrx_word' id='word_1_398' title='bbox 1074 2683 1184 2726; x_wconf 85' lang='lat' dir='ltr'><strong>fides</strong></span> <span class='ocrx_word' id='word_1_399' title='bbox 1203 2682 1363 2724; x_wconf 88' lang='lat' dir='ltr'><strong>clarius</strong></span> <span class='ocrx_word' id='word_1_400' title='bbox 1383 2680 1539 2723; x_wconf 79' lang='lat' dir='ltr'><strong>elucet:</strong></span> <span class='ocrx_word' id='word_1_401' title='bbox 1559 2682 1603 2720; x_wconf 90' lang='lat' dir='ltr'><strong>et</strong></span> <span class='ocrx_word' id='word_1_402' title='bbox 1622 2677 1823 2729; x_wconf 80' lang='lat' dir='ltr'><strong>repressa</strong></span> <span class='ocrx_word' id='word_1_403' title='bbox 1841 2675 1901 2716; x_wconf 90' lang='lat' dir='ltr'><strong>in-</strong></span> 
     </span>
     <span class='ocr_line' id='line_1_90' title="bbox 1072 2732 1902 2786; baseline -0.011 -4"><span class='ocrx_word' id='word_1_404' title='bbox 1072 2739 1298 2782; x_wconf 87' lang='lat' dir='ltr'><strong>fidelitatis</strong></span> <span class='ocrx_word' id='word_1_405' title='bbox 1322 2738 1480 2786; x_wconf 86' lang='lat' dir='ltr'><strong>hieme,</strong></span> <span class='ocrx_word' id='word_1_406' title='bbox 1505 2735 1634 2777; x_wconf 88' lang='lat' dir='ltr'><strong>altius</strong></span> <span class='ocrx_word' id='word_1_407' title='bbox 1660 2746 1739 2786; x_wconf 88' lang='lat' dir='ltr'><strong>per</strong></span> <span class='ocrx_word' id='word_1_408' title='bbox 1765 2732 1902 2775; x_wconf 88' lang='lat' dir='ltr'><strong>corda</strong></span> 
     </span>
    </p>
   </div>
  </div>
 </body>
</html>
