2040 2976
769 231 943 266 Officium
966 230 1248 264 Defunctorum.

210 329 404 371 Deduxit
426 341 496 370 me
520 340 652 381 super
671 326 846 368 semitas
863 325 976 377 justi-

159 386 244 435 tiae,
262 386 286 411 *
303 389 486 438 propter
503 397 662 425 nomen
681 396 816 424 suum.

209 442 333 492 Nam,
355 446 399 483 et
417 442 454 482 si
472 440 751 483 ambulavero
770 439 814 479 in
832 437 976 479 medio

159 498 326 540 umbrae
345 498 509 547 mortis,
527 510 615 538 non
633 495 796 538 timebo
814 494 976 536 mala:*

162 555 366 607 queniam
383 559 432 596 tu
448 566 620 595 mecum
638 565 695 594 es.

211 611 346 663 Virga
360 615 445 660 tua,
464 615 507 652 et
520 609 704 652 baculus
718 613 831 650 tuus:
845 606 979 658 *ipsa

160 679 229 708 me
249 666 473 709 consolata
491 670 601 708 sunt.

211 723 380 764 Parasti
405 723 450 763 in
476 723 714 774 conspectu
736 732 835 761 meo
861 731 977 760 men-

161 792 269 830 sam,
287 780 311 806 *
330 778 537 821 adversus
558 790 650 827 eos,
676 777 749 830 qui
771 774 979 818 tribulant

160 848 240 877 me.

211 891 498 944 Impinguasti
512 891 555 931 in
571 890 668 932 oleo
680 893 811 942 caput
820 901 980 930 meum:

160 948 184 975 *
216 953 259 990 et
292 948 404 989 calix
438 960 561 989 meus
595 946 813 988 inebrians
851 957 980 997 quam

160 1004 398 1058 praeclarus
418 1004 498 1046 est!

211 1061 268 1102 Et
285 1059 584 1102 misericerdia
602 1063 677 1100 tua
691 1057 980 1109 subsequetur

160 1130 230 1159 me
249 1118 272 1145 *
292 1116 491 1158 Omnibus
511 1115 664 1157 diebus
683 1114 786 1155 vitae
803 1126 928 1154 meae:

211 1174 268 1215 Et
282 1177 330 1215 ut
343 1172 580 1215 inhabitem
593 1172 637 1212 in
652 1170 783 1213 domo
794 1169 980 1219 Demini,

161 1230 185 1256 *
202 1229 247 1270 in
265 1228 579 1281 longitudinem
598 1227 775 1269 dierum.

212 1290 429 1343 Requiem
447 1291 664 1331 aeternam.

213 1354 310 1395 Ant.
340 1356 390 1396 In
414 1354 513 1396 loco
531 1356 709 1407 pascuae
727 1352 788 1394 ibi
805 1364 874 1393 me
896 1350 980 1393 col-

162 1411 331 1453 locavit.

215 1477 312 1516 Ant.
348 1475 519 1517 Delicta
544 1475 568 1501 *
596 1473 828 1527 juventutis
855 1485 980 1522 meae,

165 1537 208 1574 et
229 1532 496 1584 ignorantias
518 1543 638 1573 meas
661 1543 716 1572 ne
733 1529 981 1571 memineris

163 1589 361 1631 Domine.

431 1664 627 1705 Psalmus
646 1663 711 1703 24.

243 1736 272 1779 d
309 1741 354 1778 te
388 1735 576 1777 Demine
616 1735 759 1777 levavi
796 1734 982 1776 animam

266 1805 422 1834 meam:
436 1792 460 1819 *
474 1793 595 1834 Deus
614 1804 738 1833 meus
757 1791 801 1832 in
818 1795 862 1832 te
883 1803 981 1832 con-

165 1849 267 1899 fido,
284 1862 373 1891 non
392 1848 655 1890 erubescam.

215 1905 370 1958 Neque
388 1904 597 1946 irrideant
617 1917 687 1945 me
704 1904 867 1945 inimici
883 1903 983 1946 mei:

165 1961 190 2007 *ἵ
209 1962 367 2003 etenim
385 1961 584 2011 universi,
604 1960 679 2012 qui
697 1960 911 2002 sustinent
928 1964 983 2010 te,

165 2030 254 2059 non
273 2017 600 2059 confundentur.

218 2073 546 2115 Confundantur
580 2085 730 2114 omnes
762 2072 910 2124 iniqua
941 2085 981 2113 a·

166 2132 317 2183 gentes
336 2131 359 2157 *
379 2131 657 2183 supervacue.

217 2187 324 2229 Vias
363 2191 460 2227 tuas
502 2186 688 2227 Demine
734 2185 984 2227 demonstra

166 2242 285 2283 mihi:
303 2244 327 2271 *
346 2247 389 2284 et
407 2242 582 2284 semitas
600 2246 697 2283 tuas
717 2241 853 2283 edoce
872 2253 952 2282 me.

217 2299 368 2350 Dirige
385 2311 456 2340 me
473 2299 518 2339 in
535 2298 717 2340 veritate
735 2302 824 2348 tua,
849 2303 891 2339 et
910 2297 984 2338 do-

169 2368 218 2396 ce
239 2368 325 2397 me:
343 2357 367 2383 *
389 2355 489 2407 quia
512 2359 560 2396 tu
584 2367 631 2396 es
649 2355 768 2395 Deus
793 2353 985 2395 salvator

168 2424 300 2462 meus,
321 2415 364 2452 et
380 2415 425 2452 te
444 2411 629 2452 sustinui
646 2415 740 2452 tota
760 2410 841 2452 die.

220 2468 515 2509 Reminiscere
544 2467 871 2508 miseratienum
893 2468 984 2507 tua-

169 2536 265 2564 rum
282 2523 479 2573 Demine‚
494 2525 518 2551 *
533 2528 576 2565 et
593 2522 986 2564 misericordiarum

169 2582 352 2629 tuarum,
372 2592 469 2631 quae
488 2592 513 2620 a
533 2579 694 2620 saeculo
713 2583 822 2620 sunt.

220 2635 391 2677 Delicta
434 2635 667 2687 juventutis
709 2648 835 2685 meae,
878 2634 901 2660 *
944 2639 986 2676 et

170 2692 435 2744 ignorantias
454 2704 572 2733 meas
591 2704 645 2733 ne
662 2691 919 2733 memineris.

221 2747 468 2790 Secundum
497 2746 839 2789 misericordiam
867 2752 987 2789 tuam

324 2891 391 2915 Pars
406 2890 513 2914 AEstiva.

1027 325 1245 365 memento
1271 323 1358 365 mei
1384 328 1445 365 tu:
1468 323 1492 350 *
1517 328 1700 375 propter
1727 322 1846 364 boni-

1028 382 1164 421 tatem
1182 385 1302 422 tuam
1319 380 1517 421 Demine.

1079 436 1230 478 Dulcis
1251 441 1294 478 et
1313 440 1456 477 rectus
1470 436 1697 477 Dominus:
1711 436 1735 462 *
1749 447 1846 487 pro-

1029 496 1127 544 pter
1150 492 1235 534 hoc
1257 492 1398 544 legem
1423 492 1544 534 dabit
1565 491 1847 544 delinquenti-

1028 548 1110 591 bus
1128 549 1172 589 in
1189 550 1269 590 via.
1894 593 1895 596 Ἴ

1081 605 1251 656 Diriget
1277 607 1527 647 mansuetos
1554 605 1598 646 in
1625 604 1799 658 judicio:
1824 604 1848 631 *
1893 635 1896 658 2

1032 661 1206 704 docebit
1224 662 1351 703 mites
1369 662 1460 703 vias
1479 675 1590 703 suas

1077 719 1302 761 Universae
1317 718 1399 760 viae
1406 718 1594 768 Domini,
1608 718 1848 760 misericer-

1031 775 1103 817 dia
1117 780 1161 817 et
1175 775 1374 825 veritas,*
1387 774 1706 826 requirentibus
1721 779 1849 816 testa-

1030 833 1223 873 mentum
1242 832 1331 883 ejus
1352 835 1395 872 et
1412 831 1661 872 testimonia
1680 832 1781 883 ejus.
1896 883 1897 886 Ἴ

1081 889 1268 941 Propter
1307 899 1465 929 nomen
1503 892 1627 929 tuum
1663 888 1850 929 Domine

1031 944 1341 997 propitiaberis
1364 946 1548 996 peccato
1571 956 1686 986 meo:
1704 945 1727 971 *
1745 944 1850 985 mul·
1897 983 1898 986 ,

1033 1006 1126 1043 tum
1144 1006 1211 1043 est
1231 1001 1356 1043 enim.

1084 1058 1190 1108 Quis
1215 1062 1282 1099 est
1304 1057 1436 1099 homo
1462 1057 1536 1109 qui
1558 1057 1682 1099 timet
1704 1057 1851 1098 Demi·
1898 1083 1899 1086 =

1032 1114 1155 1156 num?
1191 1114 1214 1141 *
1250 1114 1392 1165 legem
1427 1114 1578 1156 statuit
1615 1113 1655 1155 ei
1688 1114 1733 1155 in
1768 1114 1851 1164 via,
1898 1111 1899 1114 ’

1034 1183 1163 1223 quam
1182 1170 1321 1221 elegit.

1083 1228 1241 1268 Anima
1269 1228 1359 1280 ejus
1385 1227 1429 1267 in
1456 1226 1583 1269 bonis
1609 1225 1850 1268 demorabi-

1032 1288 1117 1325 tur:
1144 1284 1168 1311 *
1196 1288 1240 1325 et
1272 1296 1420 1326 semen
1453 1284 1542 1335 ejus
1574 1281 1852 1324 haereditabit

1032 1345 1203 1382 terram.

1083 1397 1422 1440 Firmamentum
1454 1400 1521 1437 est
1551 1395 1765 1437 Dominus
1802 1396 1851 1437 ti-

1032 1452 1248 1495 mentibus
1281 1465 1394 1494 eum:
1419 1453 1443 1480 *
1471 1457 1514 1494 et
1545 1454 1853 1494 testamentum

1032 1510 1169 1562 ipsius
1187 1514 1235 1550 ut
1252 1509 1550 1551 manifestetur
1567 1509 1662 1549 illis.

1086 1565 1213 1607 Oculi
1230 1565 1316 1607 mei
1335 1578 1508 1618 semper
1527 1565 1583 1607 ad
1602 1565 1853 1606 Dominum:

1033 1623 1056 1649 *
1082 1622 1287 1674 quoniam
1311 1622 1406 1674 ipse
1432 1622 1589 1664 evellet
1612 1621 1667 1663 de
1692 1621 1851 1674 laqueo

1033 1678 1170 1732 pedes
1189 1691 1322 1720 meos.

1084 1735 1274 1788 Respice
1293 1735 1337 1775 in
1354 1747 1439 1785 me,
1465 1739 1508 1776 et
1527 1735 1733 1776 miserere
1752 1734 1853 1776 mei:

1033 1792 1057 1818 *
1081 1793 1182 1844 quia
1205 1792 1358 1833 unicus
1384 1796 1427 1833 et
1448 1804 1617 1844 pauper
1641 1804 1736 1832 sum
1760 1803 1853 1841 ego.
1899 1793 1901 1801 ²

1085 1848 1408 1890 Tribulationes
1437 1848 1582 1889 cordis
1605 1848 1692 1889 mei
1714 1847 1853 1888 multi-

1034 1905 1208 1958 plicatae
1239 1909 1350 1946 sunt:
1377 1904 1401 1930 *
1433 1904 1488 1946 de
1522 1903 1854 1946 necessitatibus

1035 1962 1143 2003 meis
1165 1964 1266 2003 erue
1286 1973 1367 2002 me.

1085 2017 1200 2059 Vide
1227 2016 1514 2058 humilitatem
1540 2028 1699 2066 meam,
1727 2020 1771 2058 et
1796 2015 1853 2057 la-

1035 2073 1187 2116 borem
1200 2086 1358 2115 meum:
1371 2073 1395 2099 *
1410 2077 1454 2114 et
1469 2072 1638 2114 dimitte
1652 2072 1855 2113 universa

1037 2129 1196 2171 delicta
1214 2142 1321 2170 mea.

1086 2186 1275 2238 Respice
1293 2185 1490 2226 inimicos
1508 2197 1630 2226 meos
1652 2185 1854 2237 queniam

1036 2241 1312 2294 multiplicati
1335 2246 1449 2292 sunt,
1468 2243 1493 2269 *
1511 2246 1555 2283 et
1579 2241 1681 2283 odio
1705 2241 1853 2294 iniquo

1037 2298 1224 2340 oderunt
1241 2310 1321 2339 me.

1090 2353 1270 2396 Custodi
1295 2354 1483 2395 animam
1505 2353 1662 2405 meam',
1691 2357 1734 2395 et
1753 2355 1854 2394 erue

1037 2423 1121 2452 me:
1157 2412 1181 2438 *
1216 2423 1304 2452 non
1340 2410 1608 2461 erubescam,
1651 2409 1854 2462 queniam

1039 2467 1211 2519 speravi
1227 2467 1271 2508 in
1289 2471 1344 2508 te.

1087 2523 1347 2565 Innocentes
1376 2527 1419 2564 et
1444 2523 1553 2565 recti
1577 2521 1854 2563 adhaeserunt

1037 2579 1156 2620 mihi:
1175 2580 1198 2606 *
1218 2580 1318 2632 quia
1337 2580 1521 2621 sustinui
1538 2584 1592 2621 te.

1088 2635 1245 2678 Libera
1270 2636 1390 2677 Deus
1418 2635 1567 2684 Israel,
1592 2636 1615 2662 *
1639 2646 1693 2675 ex
1721 2633 1852 2674 emni-

1037 2691 1120 2733 bus
1137 2691 1486 2734 tribulationibus
1506 2691 1605 2731 suis.
1647 2721 1650 2725 ,

1087 2748 1302 2800 Requiem
1319 2749 1534 2789 aeternam.

1599 2875 1648 2908 L*
