2040 2976
130 344 306 396 justum,
333 343 525 396 populus
548 357 673 387 meus
696 345 768 387 lex
793 359 891 388 mea
917 347 961 387 in

132 399 268 441 corde
287 401 455 441 eorum:
473 399 609 442 nolite
624 402 780 444 timere
800 405 961 456 oppro-

130 456 274 498 brium
306 455 548 507 hominum,
586 462 630 499 et
665 457 961 512 blasphemias

133 515 286 555 eorum
303 525 359 554 ne
377 513 595 555 metuatis.
622 514 743 557 Sicut
763 516 877 557 enim
891 529 962 558 ve-

132 569 402 620 stimentum,
434 569 499 611 sic
531 571 736 613 comedet
765 584 841 614 eos
868 585 961 614 ver-

131 625 229 667 mis:
254 631 298 668 et
325 626 438 668 sicut
455 626 617 677 lanam,
643 627 706 669 sic
731 628 963 671 devorabit

134 695 211 724 eos
228 685 361 725 tinea:
379 682 506 724 Salus
523 689 671 726 autem
683 698 782 726 mea
794 685 840 726 in
854 698 962 727 sem-

132 739 352 792 piternum
385 739 482 790 erit,
519 745 563 782 et
596 741 760 793 justitia
790 747 889 784 inea
919 743 962 783 in

132 795 437 846 generationes
464 798 807 847 generationum.

184 858 235 909 Rz.
255 853 419 906 Aspice
443 853 633 896 Domine
658 853 713 897 de
739 855 845 897 sede
869 869 962 897 san-

134 914 205 952 cta
222 914 308 960 tua,
333 915 377 952 et
400 910 546 962 cogita
564 910 619 953 de
638 911 781 953 nobis:
804 912 963 954 inclina

133 967 256 1008 Deus
283 980 408 1009 meus
434 980 585 1010 aurem
611 972 747 1019 tuam,
780 974 824 1011 et
851 970 963 1012 audi.

132 1031 153 1052 *
178 1023 315 1077 Aperi
338 1024 493 1066 oculos
510 1029 622 1075 tuos,
647 1030 691 1067 et
710 1026 811 1068 vide
830 1026 962 1068 tribu-

134 1136 286 1187 Israel,
314 1136 506 1188 intende,
536 1138 610 1191 qui
636 1137 819 1181 deducis
846 1140 965 1182 velut

135 1205 265 1236 ovem
282 1194 307 1235 J
309 1194 460 1247 oseph.
487 1195 636 1248 Aperi.

432 1254 584 1295 Lectio
607 1255 660 1294 iii.

237 1364 470 1407 titudinem
505 1365 734 1408 brachium
767 1367 964 1408 Domini:

135 1423 351 1472 consurge
376 1421 489 1464 sicut
514 1422 558 1464 in
582 1422 738 1465 diebus
763 1424 964 1476 antiquis,

134 1477 178 1517 in
188 1478 545 1528 generationibus
553 1479 828 1522 saeculorum.
838 1481 965 1522 Num-

135 1533 241 1586 quid
259 1547 348 1576 non
366 1539 415 1577 tu
437 1537 694 1589 percussisti
715 1537 963 1590 superbum,

133 1590 377 1633 vulnerasti
421 1591 684 1635 draconem?
738 1594 965 1647 Numquid

134 1661 223 1690 non
241 1653 291 1690 tu
313 1648 487 1692 siccasti
505 1663 637 1701 mare,
661 1663 821 1703 aquam
840 1651 963 1704 abys-

134 1704 172 1745 si
184 1703 475 1747 vehementis:
493 1707 567 1759 qui
583 1708 778 1760 posuisti¹
787 1709 963 1761 profun-

135 1759 240 1803 dum
266 1762 398 1803 maris
424 1762 554 1814 viam,
583 1769 632 1806 ut
654 1767 891 1807 transirent
917 1766 963 1806 li-

134 1817 299 1860 berati?
327 1820 384 1860 Et
397 1833 523 1871 nunc,
543 1821 618 1873 qui
631 1821 849 1875 redempti
863 1827 964 1864 sunt

135 1887 161 1916 a
182 1874 386 1926 Domino,
409 1879 705 1928 revertentur,
721 1885 766 1920 et
789 1879 964 1921 venient

132 1931 177 1972 in
192 1932 298 1974 Sion
314 1931 558 1984 laudantes,
577 1939 621 1977 et
639 1934 791 1977 laetitia
806 1937 963 1989 sempi-

132 1989 258 2029 terna
295 2001 429 2042 super
465 1991 612 2043 capita
649 1993 819 2042 eorum,
861 1996 961 2043 gau-

134 2043 254 2085 dium
278 2049 322 2086 et
347 2045 547 2088 laetitiam
570 2047 799 2098 tenebunt,
826 2049 964 2100 fugiet

134 2098 263 2142 dolor
296 2106 340 2143 et
366 2103 567 2153 gemitus.
611 2105 725 2156 Ego,
757 2118 840 2157 ego
867 2105 963 2158 ipse

133 2157 399 2200 consolabor
424 2172 520 2202 vos:
551 2161 649 2213 quis
675 2166 738 2212 tu,
766 2167 815 2204 ut
842 2162 962 2203 tirne-

132 2225 203 2255 res
235 2213 290 2255 ab
317 2213 494 2258 homine
521 2217 714 2268 mortali,
747 2223 791 2260 et
817 2231 843 2259 a
870 2218 962 2259 filio

132 2269 331 2322 hominis,
358 2272 433 2324 qui
458 2274 584 2326 quasi
606 2274 773 2316 foenum
792 2275 855 2316 ita
873 2276 962 2316 are-

133 2326 249 2368 scet?
285 2327 344 2369 Et
368 2328 530 2371 oblitus
553 2343 600 2372 es
625 2331 804 2372 Domini
827 2331 961 2372 facto-

132 2382 191 2424 ris
210 2383 289 2434 tui,
316 2385 391 2436 qui
415 2386 603 2429 tetendit
628 2387 782 2437 coelos,
809 2392 853 2429 et
871 2387 962 2428 fun-

133 2438 253 2480 davit
270 2444 450 2482 terram:
475 2447 519 2484 et
543 2442 789 2485 formidasti
807 2443 963 2496 jugiter

132 2500 226 2536 tota
250 2495 322 2538 die
340 2509 366 2538 a
387 2497 500 2540 facie
518 2499 677 2541 furoris
697 2500 799 2551 ejus,
826 2500 900 2552 qui
918 2504 962 2541 te

131 2551 386 2603 tribulabat,
423 2559 468 2596 et
502 2558 737 2608 paraverat
773 2555 830 2597 ad
865 2568 961 2607 per-

134 2607 340 2650 dendum:
364 2610 440 2652 ubi
463 2625 578 2654 nunc
604 2617 671 2654 est
688 2612 809 2653 furor
827 2611 960 2653 tribu-

131 2662 287 2706 lantis?
343 2666 441 2708 Cito
483 2668 628 2710 veniet
665 2667 870 2719 gradiens
905 2667 962 2709 ad

132 2721 433 2773 aperiendum,
460 2729 504 2766 et
526 2736 614 2765 non
636 2724 869 2765 interficiet
894 2737 961 2765 us-

134 2790 218 2829 que
238 2777 295 2820 ad
313 2778 669 2830 internecionem,
687 2792 768 2821 nec
786 2778 962 2822 deficiet

564 248 765 282 Dominica
790 249 853 282 111.
875 249 980 282 Julii.
1028 249 1083 283 ΞΕ.
1113 251 1387 293 Redemptor-is.

987 1160 990 1199 Ι

987 1201 991 1236 Ι
1022 1220 1035 1243 3

208 1310 407 1359 onsurge,
431 1312 658 1360 consurge,
677 1308 860 1352 induere
880 1310 962 1351 for·
1026 1316 1034 1342 ἰ

1011 347 1136 399 panis
1157 349 1258 400 ejus.
1291 349 1387 400 Ego
1412 352 1558 390 autem
1577 361 1674 389 sum
1691 349 1839 390 Domi-

1011 416 1092 444 nus
1111 404 1232 445 Deus
1251 410 1363 447 tuus.

1065 472 1116 522 R.
1141 470 1278 521 Deus,
1308 471 1382 524 qui
1407 472 1535 514 sedes
1564 486 1696 526 super
1723 473 1840 515 thro-

1012 539 1135 575 num,
1168 531 1211 568 et
1239 527 1406 579 judicas
1435 529 1708 581 aequitatem,
1745 535 1840 572 esto

1013 582 1228 633 refugium
1255 587 1500 637 pauperum
1527 585 1571 626 in
1598 586 1840 628 tribulatio-

1013 653 1082 681 ne:
1100 646 1122 667 *
1144 640 1255 689 Quia
1272 645 1321 682 tu
1340 641 1460 683 solus
1479 641 1687 694 laborem,
1707 647 1751 685 et
1767 642 1841 684 do-

1013 695 1153 737 lorem
1185 696 1449 739 consideras.
1504 697 1553 746 V.
1589 698 1691 741 Tibi
1728 699 1844 741 enim

1015 751 1249 795 derelictus
1281 759 1348 795 est
1375 767 1562 807 pauper,
1594 755 1764 808 pupillo
1795 761 1844 798 tu

1015 809 1100 851 eris
1134 809 1318 861 adjutor.
1364 810 1485 861 Quia.
1531 811 1681 854 Gloria
1712 813 1843 854 Patri.

1015 866 1137 916 Quia.

1241 953 1289 991 In
1317 953 1366 991 Π.
1396 953 1616 992 Nocturno.

1068 1021 1167 1061 Ant,
1208 1020 1486 1073 Suscepimus
1523 1021 1643 1063 Deus
1680 1022 1843 1064 miseri-

135 1079 343 1122 lafionem
378 1085 586 1123 nostram,
639 1082 688 1132 ys·
727 1083 812 1133 Qui
848 1084 964 1135 regis
1016 1074 1211 1118 cordiam
1229 1081 1351 1118 tuam
1369 1077 1412 1118 in
1432 1078 1578 1120 medio
1598 1079 1751 1132 templi
1769 1079 1844 1121 tui.

1297 1154 1490 1192 l'salmus
1516 1155 1567 1191 19⁹.

1022 1244 1035 1267 2,
1135 1216 1315 1258 xaudiat
1332 1221 1376 1259 te
1389 1217 1604 1259 Dominus
1623 1219 1666 1259 in
1682 1218 1752 1261 die
1772 1219 1843 1261 tri-

1025 1283 1035 1324 ,
1087 1267 1128 1323 Α
1151 1272 1402 1315 bulationis:
1425 1276 1449 1301 *
1472 1277 1677 1327 protegat
1700 1281 1744 1317 te
1768 1288 1842 1317 no-

1062 1320 1102 1336 κῖἒ

1023 1333 1128 1352 *w*
1151 1343 1251 1371 men
1270 1330 1354 1371 Dei
1372 1330 1520 1373 Jacob.

1066 1389 1212 1444 Mittat
1229 1390 1309 1432 tibi
1328 1391 1534 1433 auxilium
1555 1392 1610 1434 de
1629 1397 1796 1434 sancto:
1820 1393 1844 1419 *

1017 1450 1060 1487 et
1079 1445 1134 1488 de
1153 1447 1258 1489 Sion
1277 1449 1451 1490 tueatur
1468 1453 1524 1490 te.

1067 1508 1236 1550 Memor
1260 1509 1315 1550 sit
1335 1509 1475 1551 omnis
1499 1509 1700 1551 sacrificii
1719 1511 1796 1551 tui:
1820 1512 1844 1537 *

1017 1569 1060 1606 et
1078 1564 1384 1607 holocaustum
1402 1571 1525 1608 tuum
1543 1567 1704 1619 pingue
1723 1567 1810 1609 fiat.

1067 1625 1252 1668 Tribuat
1267 1626 1347 1668 tibi
1362 1626 1604 1668 secundum
1618 1640 1694 1668 eor
1708 1632 1845 1669 tuum:

1016 1683 1040 1710 *
1077 1687 1121 1724 et
1157 1695 1285 1724 omne
1323 1683 1551 1725 consilium
1588 1689 1711 1725 tuum
1746 1697 1845 1726 con-

1016 1739 1170 1782 firmet.

1068 1800 1336 1843 Laetabimur
1361 1801 1405 1842 in
1431 1801 1610 1843 salutari
1634 1806 1726 1843 tuo:
1754 1802 1777 1827 *
1803 1806 1846 1843 et

1016 1858 1060 1898 in
1085 1858 1260 1899 nomine
1278 1858 1362 1899 Dei
1389 1859 1528 1900 nostri
1551 1857 1844 1909 magnificabi-

1015 1927 1124 1955 mur.

1068 1975 1255 2028 Impleat
1269 1975 1484 2016 Dominus
1505 1987 1657 2016 omnes
1671 1975 1843 2028 petitio-

1015 2045 1093 2073 nes
1111 2037 1225 2073 tuas:
1250 2033 1273 2057 *
1296 2044 1410 2073 nunc
1430 2031 1618 2082 cognovi
1638 2032 1844 2083 quoniam

1017 2088 1185 2129 salvum
1204 2088 1308 2130 fecit
1326 2088 1421 2129 Dfis
1441 2088 1661 2130 Christum
1681 2102 1818 2130 suum.

1066 2147 1285 2190 Exaudiet
1312 2149 1433 2191 illum
1461 2148 1516 2190 de
1545 2149 1660 2191 coelo
1691 2154 1844 2191 sancto

1016 2218 1112 2247 suo:
1140 2206 1164 2231 *
1191 2205 1235 2245 in
1256 2204 1565 2258 potentatibus
1594 2205 1712 2247 salus
1742 2205 1843 2248 dex-

1014 2266 1122 2303 terae
1142 2263 1243 2314 ejus.

1066 2323 1126 2363 Hi
1148 2323 1193 2363 in
1216 2321 1431 2373 curribus,
1456 2327 1500 2365 et
1521 2322 1567 2364 hi
1589 2323 1633 2364 in
1650 2323 1796 2375 equis:
1819 2324 1843 2350 *

1014 2391 1095 2419 nos
1123 2383 1269 2420 autem
1295 2379 1339 2419 in
1366 2379 1541 2421 nomine
1563 2379 1740 2422 Domini
1758 2379 1843 2421 Dei

1014 2435 1154 2476 nostri
1171 2434 1487 2477 invocabimus.

1066 2495 1158 2547 Ipsi
1180 2494 1362 2546 obligati
1380 2501 1491 2546 sunt,
1514 2501 1558 2538 et
1578 2494 1842 2537 ceciderunt:

1014 2552 1038 2576 *
1064 2564 1146 2592 nos
1171 2555 1317 2593 autem
1344 2553 1611 2594 surreximus
1640 2555 1684 2592 et
1708 2551 1842 2592 erecti

1014 2621 1175 2649 sumus.

1065 2668 1253 2710 Domine
1278 2668 1445 2710 salvum
1469 2668 1537 2709 fac
1562 2679 1725 2718 regem:
1749 2668 1774 2694 *
1797 2671 1841 2708 et

1015 2725 1174 2766 exaudi
1195 2737 1277 2766 nos
1299 2725 1342 2765 in
1363 2724 1442 2773 die,
1467 2737 1552 2776 qua
1574 2723 1840 2765 invocaveri-

1014 2794 1111 2822 mus
1130 2787 1185 2823 te.

1894 1735 1900 1759 1
