2040 2976
638 178 843 214 Dominica
866 177 915 212 X.
939 180 1030 223 post
1054 176 1320 210 Pentecosten.

206 274 257 326 V.
273 279 498 329 Dirigatur
512 277 700 319 Domine
717 275 859 317 oratio
875 287 983 315 mea.

154 340 205 390 R(-
245 335 366 377 Sicut
400 335 626 376 incensum
661 333 704 373 in
741 332 983 383 conspectu

152 398 241 434 tuo.

359 458 772 487 ψ-

383 536 658 585 Dominica
689 535 754 583 X.

266 613 407 661 post
447 608 879 648 Pentecosten.

489 688 657 730 Oratio.

156 754 339 860 Densi,
371 757 445 808 qui
473 754 837 808 omnipotentiam
863 758 984 794 tuam

271 812 495 866 parcendo
536 811 725 852 maxime
771 815 814 852 et
858 810 984 850 mise-

155 869 294 911 rando
309 868 578 910 manifestas:
593 866 836 919 multiplica
852 878 985 917 super

155 939 236 967 nos
255 923 604 966 misericordiam
622 928 756 972 tuam;
771 927 819 963 ut
839 922 896 963 ad
910 927 985 963 tua

155 984 374 1035 promissa
393 982 630 1029 currentes,
645 979 891 1021 coelestium
909 978 985 1019 bo-

155 1040 312 1079 norum
337 1037 471 1078 facias
500 1048 597 1077 esse
626 1037 866 1076 consortes.
901 1035 986 1075 Per

155 1094 396 1135 Dominum
413 1097 624 1140 nostrum.

155 1175 312 1218 Lectio
333 1172 721 1270 sanctiIljlvangelii
742 1171 987 1213 secundum

522 1241 662 1270 ucam.

252 1290 412 1343 ‘Lectio
432 1301 500 1341 vii.
650 1300 754 1351 Cap.
769 1301 827 1339 18.
846 1298 882 1340 b.

155 1365 232 1470 In
259 1369 335 1409 illo
363 1369 579 1420 tempore:
619 1367 743 1408 Dixit
769 1367 897 1408 Jesus
931 1366 988 1407 ad

232 1424 458 1478 quosdam,
483 1424 558 1476 qui
575 1424 620 1464 in
640 1436 687 1464 se
707 1422 988 1465 confidebant

156 1486 382 1533 tamquam
416 1481 531 1532 justi,
564 1484 608 1521 et
640 1479 989 1531 aspernabantur

158 1539 340 1587 ceteros,
355 1535 615 1590 parabolam
629 1536 776 1577 istam:
795 1536 896 1576 Duo
912 1534 986 1575 ho-

156 1593 295 1635 mines
320 1592 613 1634 ascenderunt
635 1593 680 1632 in
702 1591 918 1643 templum
940 1595 988 1632 ut

158 1651 349 1699 orarent,
374 1661 486 1690 unus
513 1648 774 1701 pharisaeus,
807 1652 851 1688 et
878 1646 988 1688 alter

158 1705 432 1758 publicanus.
460 1705 517 1746 Et
535 1704 715 1756 reliqua.
952 1717 963 1727 ·

264 1786 460 1828 Homilia
486 1786 624 1827 sancti
651 1786 885 1836 Augustini

461 1843 685 1895 Episcopi.

191 1912 324 1948 Sermo
348 1912 400 1947 36.
426 1911 474 1946 de
498 1911 639 1946 Verbis
662 1910 832 1953 Domini,
857 1910 960 1944 circa

482 1959 662 1994 medium.

268 2018 429 2057 iceret
443 2015 599 2056 saltem
612 2014 874 2067 pharisaeus:
889 2014 990 2055 Non

199 2074 230 2115 -ῷ
283 2095 285 2109 ι
320 2076 416 2112 811111
461 2071 573 2112 816111
613 2070 739 2112 11111111
779 2069 991 2111 11ό11111168.

194 2151 199 2152 ⁷
239 2125 285 2152 ‘¹2
321 2127 436 2177 Quid
477 2132 560 2177 est,
604 2127 740 2168 ceteri
780 2126 990 2175 homineS,

162 2184 246 2224 nisi
263 2195 414 2225 omnes
434 2188 597 2235 praeter
616 2182 781 2235 ipsum?
806 2182 915 2239 Ego,
930 2182 989 2222 in-

164 2239 269 2291 quit,
284 2240 422 2291 justus
442 2252 550 2288 sum,
566 2239 702 2280 ceteri
720 2240 991 2291 peccatores.

162 2296 263 2336 Non
287 2308 383 2336 sum
406 2295 518 2336 sicut
542 2295 677 2336 ceteri
697 2294 907 2344 homines,
931 2293 991 2334 in-

163 2351 280 2404 justi,
312 2353 528 2403 raptoreS,
561 2350 760 2392 adulteri.
799 2351 857 2391 Et
889 2362 992 2391 6666

163 2407 244 2449 tibi
281 2419 336 2448 ex
367 2406 512 2448 vicino
544 2406 780 2458 publicano
816 2405 992 2457 majoris

164 2463 349 2505 tumoris
404 2462 591 2504 occasio.
651 2462 790 2512 Sicut,
841 2461 992 2513 inquit,

164 2519 425 2572 publicanus
450 2519 543 2559 iste.
571 2518 678 2569 Ego,
701 2518 853 2570 inquit,
873 2517 993 2558 solus

166 2588 276 2616 sum:
301 2575 385 2616 iste
410 2574 464 2615 de
485 2574 643 2615 ceteris
663 2579 740 2615 est.
766 2573 868 2614 Non
887 2586 993 2623 sum,

165 2631 316 2682 inquit,
343 2630 454 2680 talis,
485 2629 625 2682 qualis
650 2630 744 2680 iste,
771 2641 851 2681 per
877 2629 993 2680 justi-

166 2687 251 2728 tias
269 2699 400 2737 meaS,
417 2686 575 2738 quibus
593 2686 767 2738 iniquus
786 2698 874 2726 non
888 2698 994 2726 sum.

1325 287 1478 328 Lectio
1498 287 1582 328 viii.

1110 364 1237 414 ejuno
1265 363 1333 404 bis
1365 362 1409 402 in
1437 361 1640 403 sabbato:
1674 361 1868 402 decimas

1124 419 1182 461 do
1195 420 1389 461 omnium
1406 430 1505 470 quae
1519 417 1739 469 possideo.
1752 416 1867 467 Quid

1036 476 1260 527 rogaverit
1287 475 1447 523 Deum,
1478 486 1626 525 quaere
1654 474 1697 513 in
1722 473 1868 515 verbis

1038 533 1140 584 ejus,
1155 531 1262 571 nihil
1277 531 1484 572 invenies.
1500 529 1713 571 Ascendit
1729 532 1869 570 orare:

1036 588 1176 629 noluit
1203 588 1348 628 Deum
1376 588 1550 636 rogare,
1587 585 1666 626 sed
1702 599 1749 627 se
1781 586 1868 626 lau-

1038 644 1155 685 dare.
1199 644 1361 684 Parum
1397 647 1480 692 est,
1512 654 1602 682 non
1630 642 1773 682 Deum
1802 655 1868 682 ro-

1038 702 1159 750 gare,
1194 699 1274 741 sed
1307 705 1354 740 se
1382 698 1580 739 laudare:
1615 700 1792 749 insuper
1827 703 1870 739 et

1038 756 1211 807 roganti
1237 755 1459 796 insultare.
1504 754 1769 795 Publicanus
1798 767 1869 794 au-

1037 814 1127 854 tem
1156 812 1211 854 de
1238 812 1480 862 longinquo
1511 809 1673 859 stabat,
1702 815 1746 851 et
1772 810 1870 851 Deo

1037 874 1185 910 tamen
1212 869 1308 919 ipse
1342 865 1745 919 appropinquabat:
1779 878 1871 906 cor-

1040 924 1107 966 dis
1152 924 1421 965 conscientia
1463 937 1562 965 eum
1603 922 1871 969 removebat,

1039 983 1181 1033 pietas
1206 980 1470 1033 applicabat.
1507 979 1772 1020 Publicanus
1799 991 1869 1019 au-

1038 1042 1130 1079 tem
1156 1036 1210 1078 de
1234 1037 1474 1088 longinquo
1502 1035 1659 1085 stabat,
1684 1034 1764 1075 sed
1782 1035 1870 1075 Do-

1038 1094 1182 1191 rdnilnuts
1219 1106 1319 1135 eum
1355 1091 1410 1134 de
1445 1094 1698 1145 propinquo
1736 1096 1872 1132 atten-

1072 1162 1095 1190 e
1130 1162 1154 1190 a
1177 1181 1184 1189 .

1342 1226 1496 1268 Lectio
1516 1226 1570 1265 ix.

1123 1304 1296 1346 xcelsus
1327 1304 1444 1345 enim
1472 1303 1698 1352 Dominus,
1727 1308 1771 1344 et
1798 1303 1873 1343 hu-

1145 1360 1266 1401 milia
1285 1360 1482 1412 respicit:
1500 1359 1699 1400 excelsos
1715 1363 1873 1408 autem,

1042 1418 1183 1469 qualis
1209 1422 1303 1458 erat
1326 1416 1399 1457 1116
1423 1416 1678 1468 pharisaeus,
1699 1429 1724 1456 a
1743 1415 1873 1466 longe

1041 1473 1278 1524 cognoscit.
1323 1472 1512 1513 Excelsa
1547 1472 1726 1523 quidem
1753 1472 1874 1512 Deus

1041 1543 1066 1571 a
1093 1530 1223 1580 longe
1252 1528 1498 1579 cognoscit,
1530 1527 1609 1569 sed
1637 1541 1726 1569 non
1753 1529 1874 1579 igno-

1042 1587 1134 1628 scit.
1170 1585 1330 1627 Adhuc
1354 1584 1456 1625 audi
1480 1583 1771 1626 humilitatem
1796 1598 1872 1636 pu-

1040 1643 1213 1685 blicani.
1241 1642 1403 1682 Parum
1418 1646 1495 1691 est,
1513 1641 1615 1692 quia
1635 1640 1690 1682 de
1708 1641 1874 1691 longin-

1043 1711 1130 1751 quo
1167 1698 1327 1740 stabat:
1367 1710 1450 1738 nec
1487 1697 1640 1738 oculos
1678 1710 1781 1738 suos
1819 1697 1875 1738 ad

1042 1755 1204 1796 coelum
1218 1754 1409 1796 levabat:
1425 1758 1473 1794 ut
1486 1754 1770 1805 aspiceretur,
1785 1766 1873 1794 non

1042 1810 1300 1863 aspiciebat:
1333 1812 1555 1862 respicere
1584 1822 1756 1850 sursum
1784 1822 1873 1850 non

1043 1867 1248 1908 audebat:
1307 1866 1537 1918 premebat
1596 1866 1873 1914 conscientia,

1043 1935 1146 1975 spes
1166 1922 1436 1964 sublevabat.
1457 1921 1617 1963 Adhuc
1636 1922 1754 1963 audi:
1772 1922 1873 1962 Per-

1043 1978 1238 2021 cutiebat
1257 1983 1414 2031 pectus
1434 1991 1572 2019 suum.
1599 1979 1760 2018 Poenas
1781 1991 1805 2018 a
1826 1990 1873 2019 se

1042 2036 1140 2087 ipso
1158 2034 1378 2085 exigebat:
1396 2036 1636 2086 propterea
1655 2034 1873 2074 Dominus

1043 2091 1272 2132 confitenti
1316 2090 1540 2143 parcebat.
1594 2090 1874 2131 Percutiebat

1043 2152 1199 2200 pectus
1218 2160 1356 2196 suum,
1376 2146 1542 2188 dicens:
1566 2147 1756 2187 Domine
1774 2159 1874 2198 pro-

1043 2204 1178 2256 pitius
1212 2208 1307 2244 esto
1340 2202 1447 2243 mihi
1478 2203 1714 2255 peccatori.
1759 2203 1874 2243 Ecce

1046 2260 1119 2312 qui
1146 2264 1284 2309 rogat.
1329 2257 1445 2309 Quid
1474 2259 1660 2309 miraris,
1689 2259 1726 2300 si
1753 2259 1874 2299 Deus

1044 2316 1243 2366 ignoscit,
1265 2315 1442 2367 quando
1461 2316 1558 2367 ipse
1574 2313 1797 2366 agnoscit?

1098 2389 1163 2429 Te
1182 2389 1326 2429 Deum
1343 2387 1585 2429 laudamus.
1613 2389 1672 2429 13.

1097 2460 1170 2503 Ad
1188 2460 1352 2502 Bened.
1379 2460 1479 2502 Ant.
1507 2460 1641 2502 Stans
1660 2473 1685 2501 a
1702 2461 1832 2510 longe
1851 2460 1875 2484 *

1045 2517 1317 2569 publicanus,
1341 2517 1521 2559 nolebat
1540 2517 1694 2558 oculos
1714 2516 1771 2556 ad
1791 2527 1874 2556 coe·

1045 2573 1136 2614 lum
1153 2573 1312 2623 levare,
1333 2573 1412 2615 sed
1427 2573 1702 2625 percutiebat
1720 2575 1875 2624 pectus

1047 2642 1174 2669 suum
1194 2628 1360 2670 dicens:
1388 2630 1521 2678 Deus,
1539 2628 1758 2681 propitius
1778 2631 1874 2667 esto

1045 2684 1152 2726 mihi
1169 2686 1404 2737 peccatori.
