2040 2976
190 296 409 347 addictus,
457 297 725 339 difficillimis
766 298 1023 351 reipublicae

189 353 464 405 temporibus
496 355 652 396 Castro
682 354 886 411 novossad
912 355 1023 405 Qua-

189 423 285 450 rum
307 410 350 450 in
374 410 598 452 montibus
618 411 860 452 Tarvisinis
879 411 1023 464 praefi-

190 466 311 507 citur.
336 466 452 508 Arce
472 467 527 508 ab
547 467 751 509 hestibus
767 474 909 520 capta,
928 468 1023 520 ipse

188 523 231 562 in
263 523 538 564 teterrimum
572 526 797 565 carcerem
830 523 1022 565 detrudi-

188 584 277 629 tur,
307 579 509 620 manibus
538 593 590 621 ac
618 579 807 632 pedibus
833 580 1023 630 vinctus,

189 636 259 676 cui
299 636 417 676 omni
456 636 648 678 humana
688 650 774 690 ope
809 636 1023 679 destituto

188 692 443 734 beatissima
489 693 630 744 Virgo
677 695 769 745 ejus
815 693 1023 745 precibus

189 752 389 799 exorata,
433 750 626 791 clemens
665 749 808 800 adest,
850 751 1024 791 vincula

190 805 339 855 solvit,
368 810 413 847 et
439 819 521 859 per
547 807 720 848 medios
747 806 920 857 hosteS,
949 809 1023 859 qui

187 862 282 902 vias
309 875 463 904 omnes
491 862 776 912 obsederant,
809 863 853 903 in
873 865 1023 905 Tarvi-

189 919 242 958 sii
278 921 567 972 conspectum
600 920 865 962 incolumem
893 920 1024 963 ducit.

190 975 353 1017 Urbem
364 976 598 1027 ingressus,
610 975 881 1029 adDeiparae
892 991 1024 1027 aram,

189 1033 259 1073 cui
291 1045 339 1073 se
371 1035 568 1082 voverat,
603 1034 814 1083 manicas,
848 1036 1023 1087 compe-

190 1088 286 1138 des,
316 1091 508 1139 catenas,
539 1103 649 1142 quas
678 1103 829 1131 secum
859 1090 1024 1132 detule-

187 1150 269 1195 rat,
308 1146 351 1186 in
388 1147 559 1199 accepti
592 1146 797 1188 beneficii
829 1147 1024 1188 testimo-

187 1202 307 1243 nium
339 1202 582 1255 suspendit.
625 1204 849 1244 Reversus
873 1204 1024 1256 ,Vene-

187 1258 288 1308 tias,
318 1260 454 1312 coepit
482 1260 661 1312 pietatis
689 1260 835 1301 studia
859 1260 1024 1313 impen-

188 1315 277 1356 sius
298 1315 461 1365 colere,
488 1317 532 1356 in
551 1319 771 1368 pauperes
791 1316 900 1358 mire
920 1316 1024 1358 effu-

188 1385 279 1420 sus,
307 1372 386 1413 sed
411 1375 651 1424 puerorum
676 1374 926 1425 praesertim
948 1373 1024 1414 mi-

189 1430 344 1478 sertus,
366 1429 439 1481 qui
454 1429 712 1481 parentibus
728 1429 882 1479 orbati,
899 1432 1025 1481 egeni

189 1490 232 1526 et
256 1485 425 1526 sordidi
449 1499 528 1537 per
560 1485 713 1527 urbem
739 1486 1024 1537 vagabantur,

189 1554 301 1592 quos
322 1542 365 1582 in
386 1542 506 1583 aedes
526 1555 550 1583 a
574 1555 622 1584 se
642 1541 886 1584 conductas
907 1546 1022 1584 reee-

188 1598 254 1650 pit
279 1597 335 1639 de
361 1611 442 1640 suo
470 1599 671 1648 alendos,
706 1604 750 1640 et
775 1599 1024 1640 christianis

187 1654 384 1696 motibus
404 1654 679 1696 imbuendos.

243 1715 292 1755 R.
323 1712 573 1753 Honestum
598 1712 700 1753 fecit
724 1712 847 1753 illum
874 1713 1022 1754 Demi-

188 1781 286 1817 nus,
306 1773 350 1809 et
370 1767 610 1810 custodivit
630 1781 730 1810 eum
750 1769 805 1810 ab
824 1769 1022 1819 inimicis,

189 1829 233 1865 et
258 1837 283 1865 a
313 1824 622 1866 seductoribus
648 1825 810 1866 tutavit
834 1825 970 1867 illum:
1001 1828 1023 1851 *

187 1881 245 1923 Et
277 1880 400 1922 dedit
431 1880 493 1921 illi
526 1880 772 1923 claritatem
803 1884 1023 1924 aeternam.

191 1937 241 1986 Χ
269 1938 443 1979 Justum
476 1936 659 1979 deduxit
691 1938 908 1979 Dominus
943 1952 1023 1991 per

188 1994 281 2034 vias
301 1999 455 2044 rectas,
481 1999 524 2035 et
543 1994 738 2036 ostendit
760 1994 821 2035 illi
841 2008 1022 2046 regnum

187 2050 282 2091 Dei.
309 2051 367 2092 Et
386 2049 518 2092 dedit.

504 2107 654 2147 Lectio
684 2120 719 2146 V.

191 2158 320 2264 Per
359 2178 436 2206 eos
472 2164 567 2207 dies
598 2166 810 2207 Venetias
843 2166 1023 2218 appule-

289 2226 386 2262 rant
413 2221 570 2263 beatus
597 2222 847 2274 CaietanuS,
875 2227 919 2265 et
943 2223 1023 2264 Pe-

187 2282 282 2318 trus
320 2277 494 2327 Carasa,
537 2278 825 2330 postmodum
847 2279 1023 2320 -Paulus

190 2338 390 2385 quartus,
439 2334 514 2386 qui
550 2335 809 2387 Hieronymi
848 2336 1022 2388 spiritu,

188 2391 396 2442 novoque
438 2391 639 2432 instituto
682 2391 919 2442 colligendi
955 2394 1022 2432 ότ-

188 2446 361 2499 phanos
380 2446 583 2499 probato,
605 2447 727 2488 illum
746 2448 789 2488 in
808 2447 1023 2488 incurabi-

188 2502 295 2543 lium
313 2502 534 2555 hospitale
555 2503 850 2553 adduxerunt,
869 2504 913 2544 in
933 2517 1022 2555 quo

191 2559 414 2612 orphanos
454 2559 582 2600 simul
620 2559 848 2609 educaret,
889 2565 1022 2611 atque

190 2616 369 2666 aegrotis
413 2616 511 2668 pari
556 2616 739 2657 caritate
780 2617 1022 2657 inserviret.

189 2673 295 2713 Mox
320 2671 577 2714 eorumdem
603 2671 781 2713 hortatu
807 2673 851 2713 in
876 2672 1021 2724 proxi-

187 2741 306 2770 mam
329 2728 627 2770 continentem
657 2729 899 2780 profectus,
927 2728 1022 2768 Bri-

567 202 635 235 Die
660 203 719 236 20.
744 203 849 236 Julii.
897 203 931 237 S.
960 204 1186 246 Hieronymi
1212 199 1411 236 AErnilidni
1437 202 1545 236 Conf.

1078 299 1162 340 xiae
1187 299 1394 350 primum,
1421 298 1581 341 deinde
1600 299 1824 351 Bergomi,
1851 305 1911 342 at-

1080 367 1164 406 que
1174 354 1425 396 Novocomi
1439 355 1818 409 orphanotrophia
1829 359 1913 398 ere-

1078 412 1156 452 xit:
1181 412 1391 462 Bergomi
1416 412 1680 465 praesertim,
1706 412 1781 454 ubi
1800 426 1910 465 prae-

1078 474 1146 509 ter
1165 467 1270 516 duo,
1298 481 1381 520 pro
1405 469 1556 521 pueris
1583 482 1734 517 unum,
1765 475 1809 511 et
1828 482 1911 522 pro

1078 524 1236 577 puellis
1257 524 1460 574 alterum,
1490 524 1671 566 domum
1695 525 1911 578 excipien-

1079 580 1162 629 dis,
1188 592 1306 621 novo
1331 580 1374 620 in
1394 580 1479 621 illis
1497 580 1750 631 regienibus
1770 583 1912 623 exem-

1078 637 1165 689 plo,
1184 636 1439 678 mulieribus
1460 650 1485 678 a
1503 637 1624 690 turpi
1638 637 1730 678 vita
1749 637 1807 679 ad
1820 651 1912 690 poe-

1078 693 1306 735 nitentiam
1339 694 1580 742 conversis,
1613 693 1794 746 aperuit.
1835 694 1910 736 So-

1078 750 1270 791 maschae
1291 750 1469 791 demum
1488 750 1749 799 subsistens,
1774 750 1817 790 in
1835 749 1912 791 hu·

1078 807 1169 847 mili
1188 819 1306 859 pago
1327 807 1419 857 agri
1435 806 1747 857 Bergomensis
1762 806 1819 848 ad
1828 807 1912 848 Ve-

1079 868 1192 905 netae
1214 864 1393 904 diti6nis
1412 863 1534 913 fines,
1555 862 1649 912 sibi,
1671 875 1723 904 ac
1743 863 1833 904 suis
1852 863 1913 905 ibi

1079 919 1230 961 sedem
1263 919 1506 968 constituit,
1545 919 1819 971 formamque
1851 919 1912 960 in-

1079 975 1206 1028 duxit
1226 976 1597 1026 congregatioms,
1624 976 1694 1017 cui
1712 978 1913 1029 propter-

1079 1046 1131 1074 ea
1176 1045 1202 1073 a
1243 1033 1486 1074 Somascha
1531 1045 1693 1074 nomen
1739 1032 1914 1082 factum,

1080 1103 1211 1142 quam
1239 1089 1426 1131 subinde
1455 1094 1647 1139 auctam,
1682 1094 1726 1130 et
1753 1101 1913 1142 propa-

1078 1149 1243 1198 gatam,
1275 1146 1439 1187 nedum
1472 1145 1773 1198 orphanorum
1805 1148 1914 1196 regi-

1078 1203 1193 1252 mini,
1213 1207 1257 1244 et
1276 1203 1564 1244 ecclesiarum
1583 1202 1731 1251 cultui,
1757 1201 1836 1244 sed
1857 1201 1914 1243 ad

1078 1260 1289 1310 majorem
1301 1258 1552 1300 christianae
1566 1258 1823 1310 reipublicae
1835 1258 1913 1300 uti-

1078 1317 1257 1367 litatem,
1278 1315 1623 1358 adolescentium
1638 1315 1683 1355 in
1697 1315 1854 1357 litteris
1871 1319 1915 1356 et

1078 1374 1206 1416 bonis
1226 1373 1424 1414 motibus
1442 1372 1706 1413 institutioni
1723 1372 1768 1412 in
1783 1371 1911 1413 colle-

1078 1431 1174 1481 giis,
1200 1429 1438 1471 academiis
1463 1434 1507 1470 et
1526 1428 1771 1470 seminariis
1791 1426 1912 1469 addi-

1079 1492 1195 1528 ctam
1233 1491 1410 1528 sanctus
1446 1485 1549 1526 Pius
1587 1485 1764 1537 quintus
1799 1485 1913 1526 inter

1078 1544 1310 1594 religiosos
1331 1542 1509 1583 ordines
1529 1540 1776 1594 adscripsit,
1798 1545 1911 1582 cete-

1078 1602 1204 1652 rique
1236 1600 1474 1640 Pontifices
1512 1598 1753 1651 privilegiis
1786 1600 1911 1639 orna-

1078 1662 1189 1698 runt.
1263 1672 1266 1675 ⁴

1133 1716 1183 1767 R.
1222 1712 1403 1753 Amavit
1448 1724 1548 1752 eum
1588 1711 1822 1760 Dominus,
1868 1715 1912 1752 et

1079 1770 1250 1811 ornavit
1271 1783 1386 1810 eum:
1410 1768 1570 1810 stolam
1594 1768 1747 1819 gloriae
1770 1767 1912 1809 induit

1078 1840 1193 1876 eum,
1223 1828 1246 1853 *
1273 1826 1332 1867 Et
1360 1825 1417 1866 ad
1444 1829 1598 1877 portas
1626 1824 1821 1877 paradisi
1841 1837 1911 1866 co-

1077 1883 1252 1925 ronavit
1280 1895 1391 1924 eum.
1433 1880 1484 1931 V.
1515 1881 1664 1926 Induit
1694 1894 1795 1922 eum
1821 1880 1910 1922 Do-

1077 1941 1219 1980 minus
1263 1939 1447 1980 loricam
1487 1937 1608 1987 fidei,
1653 1942 1697 1979 et
1737 1937 1911 1979 ornavit

1078 2009 1189 2037 eum.
1226 1997 1283 2037 Et
1301 1995 1358 2037 ad
1377 1999 1542 2048 portas.

1385 2058 1540 2100 Lectio
1560 2059 1613 2099 vi.

1161 2108 1342 2161 rphanis
1357 2106 1616 2159 colligendis
1627 2107 1820 2149 intentus
1830 2107 1912 2149 Me-

1174 2165 1401 2206 diolanum
1431 2164 1744 2216 proficiscitur,
1776 2168 1910 2215 atque

1076 2222 1294 2271 Ticinum;
1339 2226 1384 2262 et
1430 2221 1667 2273 utrobique
1712 2220 1910 2262 collectis

1076 2278 1323 2329 agminibus
1352 2279 1607 2330 puerorum,
1638 2282 1822 2326 tectum,
1850 2277 1911 2318 vi-

1077 2341 1206 2384 ctum,
1225 2339 1406 2382 vestem,
1425 2336 1673 2385 magistros,
1689 2332 1910 2374 nobilibus

1076 2391 1180 2432 viris
1217 2390 1485 2438 faventibus,
1528 2389 1714 2442 previde
1750 2390 1908 2430 consti-

1075 2447 1169 2489 tuit.
1189 2446 1298 2488 Inde
1314 2446 1599 2487 Somascham
1614 2446 1764 2496 redux,
1783 2446 1910 2487 omni-

1076 2504 1158 2545 bus
1179 2503 1324 2544 omnia
1343 2503 1496 2552 factus,
1518 2515 1544 2544 a
1562 2502 1683 2543 nullo
1703 2501 1908 2543 abhorre-

1075 2560 1152 2601 bat
1172 2562 1318 2612 opere,
1339 2559 1460 2611 quod
1479 2559 1522 2599 in
1539 2559 1729 2611 proximi
1742 2558 1908 2599 bonum

1076 2616 1236 2658 cedere
1265 2614 1543 2668 praevideret.
1584 2614 1804 2665 Agricolis
1832 2613 1908 2655 im-

1076 2675 1239 2714 mixtus
1262 2685 1343 2725 per
1367 2671 1708 2723 agros-sparsis,
1737 2670 1842 2711 dum
1861 2683 1908 2711 se

1076 2729 1160 2769 illis
1191 2727 1438 2780 adjutorem
1470 2728 1514 2768 in
1538 2726 1753 2768 metendis
1777 2726 1907 2777 frugi—
