2040 2976
580 235 789 269 Commune
815 232 1062 268 Confessoris
1087 241 1165 265 non
1189 232 1399 266 Pontifieis.

177 331 512 385 Apprehendite
549 331 842 383 disciplinam,
882 342 953 370 ne-

128 388 304 440 quando
341 388 556 429 irascatur
590 387 825 437 Dominus,
854 387 878 412 *
911 389 955 427 et

125 444 318 496 pereatis
338 444 394 486 de
413 444 484 486 via
502 445 625 496 justa.

179 500 289 541 Cum
314 500 527 542 exarserit
551 500 596 540 in
621 499 746 541 brevi
769 499 834 539 ira
854 498 956 550 ejus,

127 556 151 582 *
168 556 288 598 beati
308 569 472 606 omnes,
493 556 568 608 qui
587 555 816 597 confidunt
832 554 877 594 in
892 566 956 595 6ο.

187 626 287 665 Ant.
325 624 490 664 Beatus
522 621 606 662 iste
641 625 837 669 sanctus,
883 618 958 670 qui

129 677 322 719 confisus
339 682 406 719 est
420 677 464 718 in
478 677 682 727 Domino,
697 674 959 729 praedicavit

128 735 402 786 praeceptum
445 733 640 783 Domini,
691 731 958 775 constitutus
1015 732 1045 752 ’Ψ

133 794 199 832 6εῖ
218 790 262 831 111
280 794 431 831 111011ῖ6
451 794 604 831 sancto
626 790 728 842 ejus.

186 858 286 898 Ant.
314 857 378 897 Tu
405 867 451 896 es
478 855 618 906 gloria
644 867 757 904 mea,
783 854 807 879 *
834 857 884 894 tu
913 865 960 894 es

132 912 365 963 susceptor
390 924 514 953 meus
538 911 743 952 Domine:
770 914 819 951 tu
845 909 960 951 exal-

131 971 229 1008 tans
249 972 382 1020 caput
402 980 564 1017 meum,
588 972 632 1009 et
652 965 871 1008 exaudisti
890 978 961 1007 me

132 1022 188 1064 de
207 1027 358 1065 monte
377 1028 531 1065 sancto
550 1028 639 1064 tuo.

420 1106 619 1147 Psalmus
643 1108 679 1147 3.

136 1171 368 1278 Domine
404 1175 511 1227 quid
548 1175 828 1228 multiplicati
863 1179 964 1215 sunt

238 1232 312 1283 qui
337 1231 549 1273 tribulant
577 1231 669 1273 me?
698 1232 722 1257 *
748 1231 876 1272 multi
903 1231 962 1271 in-

135 1291 318 1340 surgunt
338 1287 572 1330 adversum
592 1301 673 1329 me.

187 1344 315 1386 Multi
335 1344 486 1386 dicunt
505 1344 662 1385 animae
677 1357 804 1385 meae:
823 1345 847 1371 *
862 1343 965 1385 Non

136 1405 204 1443 est
223 1400 340 1441 salus
358 1401 444 1453 ipsi
462 1400 507 1440 in
525 1401 622 1441 Deo
643 1401 744 1452 ejus.

187 1457 257 1497 Tu
305 1461 452 1498 autem
497 1456 688 1498 Domine
733 1457 966 1508 susceptor

134 1525 260 1554 meus
281 1525 343 1562 es,
363 1513 387 1538 *
405 1513 545 1564 gloria
564 1525 679 1563 mea,
703 1517 747 1554 et
766 1512 965 1554 exaltans

136 1574 270 1622 caput
287 1582 446 1613 meum.

187 1625 313 1667 Voce
338 1638 436 1667 mea
461 1625 518 1666 ad
542 1625 781 1666 Dominum
810 1625 966 1666 clama-

136 1682 200 1722 vi:
230 1682 255 1707 *
287 1686 331 1724 et
362 1681 586 1724 exaudivit
621 1694 693 1723 me
723 1681 779 1723 de
816 1685 967 1722 monte

137 1743 288 1780 sancto
317 1751 408 1780 suo.

187 1794 283 1846 Ego
305 1794 506 1845 dormivi,
534 1799 578 1836 et
601 1796 837 1846 soporatus
857 1806 967 1834 sum:

137 1851 161 1878 *
181 1855 226 1892 et
250 1851 492 1902 exsurrexi,
519 1850 622 1903 quia
642 1850 858 1891 Dominus
876 1863 967 1891 sus-

139 1907 256 1959 cepit
273 1920 354 1949 me.

189 1963 293 2004 Non
330 1963 496 2005 timebo
527 1963 665 2004 millia
699 1963 856 2016 populi
890 1963 969 2005 cir-

140 2018 387 2061 cumdantis
411 2032 496 2060 me:
515 2020 539 2046 *
559 2023 746 2070 exsurge
769 2019 969 2069 Domine,

141 2075 311 2116 salvum
331 2088 403 2117 1116
422 2075 491 2116 fac
512 2076 634 2117 Deus
653 2088 788 2117 meus.

194 2131 411 2182 Quoniam
443 2136 493 2173 tu
527 2132 786 2184 percussisti
817 2144 970 2173 omnes

141 2187 428 2229 adversantes
446 2187 554 2228 mihi
569 2187 662 2229 sine
677 2200 823 2229 causa:
833 2188 858 2215 *
869 2187 970 2229 den-

141 2248 209 2285 tes
228 2246 515 2296 peccatorum
533 2244 792 2285 contrivisti.

194 2301 374 2342 Domini
394 2305 461 2342 est
485 2300 619 2341 salus:
635 2301 660 2328 *
679 2305 724 2342 et
743 2312 876 2353 super
894 2302 971 2352 po-

143 2356 296 2408 pulum
313 2361 438 2398 tuum
454 2356 706 2398 benedictio
725 2361 811 2397 tua.

191 2415 291 2456 Ant.
336 2414 406 2454 Tu
442 2425 488 2454 es
520 2412 660 2463 gloria
696 2425 810 2462 mea,
843 2417 891 2453 tu
926 2424 972 2453 es

145 2470 375 2521 susceptor
402 2481 526 2509 meus
550 2468 755 2509 Domine:
782 2472 831 2509 tu
857 2468 972 2509 exal-

143 2529 241 2566 tans
259 2528 392 2576 caput
410 2536 572 2574 meum,
601 2529 646 2565 et
670 2523 887 2565 exaudisti
902 2536 974 2565 me

145 2580 201 2622 de
216 2585 367 2621 monte
387 2584 540 2621 sancto
559 2584 650 2621 tuo.

194 2631 244 2683 V.
274 2636 453 2677 Amavit
473 2648 573 2677 eum
591 2636 817 2686 Dominus,
843 2640 888 2676 et
907 2648 973 2676 01·-

144 2693 266 2734 navit
298 2705 407 2734 eum.
444 2693 494 2743 Rv.
529 2691 698 2733 Stolam
729 2691 881 2742 gloriae
914 2694 973 2732 in-

147 2748 242 2790 duit
261 2761 371 2790 eum.

300 2888 365 2914 Pars
381 2889 489 2914 AEstiva.

1066 330 1193 370 Pater
1212 331 1374 368 noster.

1067 390 1315 431 Absolutio.
1332 386 1507 429 Exaudi
1525 386 1726 427 Domine.

1069 445 1119 497 V.
1137 448 1162 489 J
1162 447 1249 490 ube
1278 447 1451 489 domne.

1068 511 1230 554 Bened.
1264 507 1583 551 Benedictione
1614 508 1842 559 perpetua.

1185 580 1251 620 De
1277 577 1392 618 libro
1418 576 1669 629 Sapientiae.

1121 641 1275 682 Lectio
1298 640 1320 679 i.
1427 639 1528 689 Cap.
1541 640 1577 678 4.
1595 637 1633 679 b.
1651 642 1693 678 ct
1710 639 1746 677 5.

1028 728 1041 738 ,ψ
1076 702 1252 752 ustus
1278 698 1315 739 si
1339 702 1483 739 morte
1502 699 1844 750 praeoccupatus

1016 761 1052 795 .<
1082 751 1107 808 ἐ
1140 754 1283 805 fuerit,
1310 755 1354 795 in
1381 754 1608 805 refrigerio
1637 753 1730 795 erit.
1772 753 1844 794 Se-

1036 806 1043 815 ’
1069 809 1115 835 2³
1140 812 1294 852 nectus
1331 811 1446 852 enim
1480 809 1744 851 venerabilis
1778 813 1846 850 est

1013 880 1102 908 non
1122 867 1344 917 diuturna,
1371 879 1515 919 neque
1535 869 1751 907 annorum
1770 868 1846 906 nu-

1013 926 1137 965 m'ero
1158 925 1431 977 computata:
1458 923 1556 964 cani
1579 927 1728 964 autem
1746 927 1848 963 sunt

1015 993 1170 1022 sensus
1188 980 1394 1030 hominis,
1414 984 1457 1021 et
1476 983 1586 1020 aetas
1606 978 1847 1020 senectutis

1015 1037 1105 1078 vita
1129 1036 1420 1078 immaculata.
1456 1036 1641 1077 Placens
1663 1035 1762 1076 Deo
1789 1035 1848 1075 fa-

1016 1098 1114 1135 ctus
1143 1097 1210 1135 est
1240 1093 1445 1143 dilectus,
1480 1097 1525 1134 et
1552 1092 1706 1133 vivens
1734 1092 1849 1133 inter

1015 1151 1275 1202 peccatores
1295 1149 1535 1190 translatus
1560 1153 1639 1190 est.
1674 1149 1849 1200 Raptus

1018 1211 1084 1247 est
1105 1219 1160 1247 ne
1179 1206 1346 1247 malitia
1364 1207 1556 1246 mutaret
1577 1204 1850 1246 intellectum

1018 1263 1125 1314 ejus,
1159 1267 1234 1304 aut
1266 1275 1321 1303 ne
1353 1262 1477 1303 fictio
1506 1261 1734 1314 deciperet
1762 1261 1849 1302 ani-

1017 1331 1134 1359 mam
1155 1319 1283 1360 illius.
1310 1318 1563 1359 Fascinatio
1584 1318 1700 1359 enim
1718 1330 1850 1368 nuga-

1018 1375 1166 1417 citatis
1185 1374 1394 1417 obscurat
1404 1374 1533 1424 bona,
1551 1379 1594 1415 et
1605 1374 1851 1415 inconstan-

1018 1432 1080 1472 tia
1095 1431 1470 1484 concupiscentiae
1484 1430 1742 1472 transvertit
1757 1443 1851 1471 sen-

1019 1501 1117 1529 sum
1136 1489 1229 1529 sine
1247 1488 1425 1529 malitia.
1454 1487 1793 1528 Consummatus
1808 1487 1853 1527 in

1019 1545 1144 1586 brevi
1164 1544 1357 1597 explevit
1372 1546 1575 1596 tempora
1590 1543 1743 1584 multa:
1762 1542 1852 1595 pla-

1020 1601 1108 1642 cita
1136 1601 1253 1642 enim
1286 1605 1380 1642 erat
1408 1601 1507 1641 Deo
1541 1600 1686 1640 anima
1720 1599 1854 1640 illius:

1019 1662 1204 1710 propter
1223 1657 1308 1698 hoc
1327 1656 1585 1710 properavit
1600 1655 1790 1697 educere
1806 1655 1853 1696 il-

1019 1713 1111 1755 lum
1132 1713 1187 1755 de
1204 1713 1351 1755 medio
1371 1713 1663 1764 iniquitatum.

1074 1777 1125 1829 R.
1158 1775 1283 1826 Euge
1316 1786 1442 1816 serve
1475 1773 1592 1815 bone
1626 1778 1670 1814 et
1698 1772 1855 1822 fidelis,

1022 1831 1125 1883 quia
1150 1831 1195 1871 in
1219 1843 1363 1883 pauca
1387 1829 1508 1871 fuisti
1534 1829 1695 1879 fidelis,
1721 1842 1856 1881 supra

1021 1887 1160 1929 multa
1171 1892 1216 1928 te
1233 1889 1514 1928 constituam:
1525 1888 1547 1911 *
1559 1886 1680 1926 Intra
1694 1885 1738 1925 in
1753 1888 1855 1936 gau-

1024 1943 1146 1985 dium
1163 1943 1343 1984 Domini
1363 1942 1439 1984 tui.
1468 1938 1518 1989 Y.
1543 1942 1642 1983 Dfie
1662 1942 1856 1993 quinque

1022 2000 1189 2042 talenta
1220 1998 1444 2041 tradidisti
1475 1997 1602 2046 mihi,
1635 2010 1738 2039 ecce
1771 1997 1857 2038 alia

1024 2056 1218 2109 quinque
1239 2055 1571 2108 superlucratus
1591 2067 1698 2095 sum.
1722 2054 1856 2095 Intra.

1076 2119 1241 2160 Bened.
1269 2115 1528 2167 Unigenitus
1547 2115 1633 2156 Dei
1649 2114 1798 2156 Filius.

1338 2181 1491 2222 Lectio
1513 2183 1553 2221 ii.

1025 2237 1233 2342 populi
1262 2246 1410 2283 autem
1436 2240 1658 2290 videntes,
1696 2244 1741 2282 et
1767 2253 1857 2282 non

1128 2298 1435 2349 intelligentes,
1462 2310 1545 2339 nec
1572 2299 1790 2355 ponentes
1811 2297 1856 2337 in

1024 2354 1286 2407 praecordiis
1318 2353 1438 2395 talia:
1474 2347 1683 2406 quoniain
1714 2352 1858 2404 gratia

1024 2411 1110 2452 Dei
1138 2415 1182 2452 et
1204 2409 1509 2452 misericordia
1529 2414 1596 2451 est
1615 2409 1660 2450 in
1679 2413 1857 2449 sanctos

1026 2469 1132 2519 ejus,
1162 2471 1205 2508 et
1226 2468 1455 2519 respectus
1479 2466 1524 2507 in
1545 2466 1711 2507 electos
1730 2464 1858 2505 illius.

1027 2522 1302 2564 Condemnat
1331 2527 1479 2564 autem
1498 2523 1636 2574 justus
1655 2522 1857 2562 mortuus

1026 2580 1152 2621 vivos
1171 2580 1347 2632 impiOS,
1376 2584 1421 2622 et
1448 2579 1648 2631 juventus
1672 2576 1857 2618 celerius

1027 2638 1330 2678 consummata
1348 2635 1526 2687 longam
1545 2634 1682 2675 vitam
1700 2631 1858 2683 injusti.

1029 2692 1253 2734 Videbunt
1273 2692 1388 2734 enim
1407 2691 1542 2732 finem
1560 2687 1785 2752 sapientis,
1814 2691 1859 2728 et

1026 2761 1116 2790 non
1133 2748 1378 2800 intelligent
1400 2746 1507 2799 quid
1526 2743 1787 2796 cogitaverit
1802 2742 1858 2785 de

1597 2875 1650 2908 Ε*
