2040 2976
191 205 252 239 114

757 207 865 240 Fcriu
892 212 1025 249 quartu

241 329 387 370 Feria
410 327 596 378 quarta
615 326 679 366 ad
695 326 959 376 Vesperas.

243 405 339 443 Ant.
372 402 468 442 Non
488 399 790 441 confundetur.

447 473 645 512 Psalmus
672 473 753 511 126.

232 550 288 605 ἦ,
312 540 369 581 ἰ8ἰ
389 539 604 579 Dominus
629 537 914 579 aedificaverit
939 536 1014 577 do-

272 566 314 659 »ss
335 609 468 643 mum,
490 595 513 619 *
536 594 578 634 in
607 607 765 635 vanum
792 591 1036 634 laborave-'

313 651 314 656 ’
338 657 437 692 runt
459 651 531 702 qui
553 650 772 691 aedificant
793 663 899 690 eam.

241 708 337 749 Nisi
352 708 567 748 Dominus
588 705 846 747 custodierit
867 705 1014 746 civita-

190 771 290 806 tem.
309 765 331 789 *
351 764 511 804 frustra
540 762 690 813 vigilat
719 762 792 813 qui
821 760 1015 802 custudit

192 833 298 861 eam.

245 877 417 917 Vanum
461 880 527 916 est
564 874 691 915 vobis
733 879 834 915 ante
874 873 1016 914 lucem

193 936 387 983 surgere:
406 933 428 956 *
447 931 613 981 surgite
636 936 871 982 postquam
895 929 1016 970 sede'-

192 989 307 1039 ritis,
351 988 423 1039 qui
452 986 726 1027 manducatis
754 999 912 1038 panem
942 985 1016 1026 do-

193 1044 309 1084 leris.
328 1055 335 1062 ·

245 1100 352 1140 Cum
390 1099 561 1140 dederit
603 1098 774 1139 dilectis
817 1098 907 1138 suis
951 1110 1016 1138 so-

192 1169 356 1196 mnum:
384 1157 406 1180 *
437 1168 538 1196 ecce
572 1154 807 1195 haereditas
840 1154 1017 1194 Dumini

195 1212 286 1252 filii:
305 1224 484 1259 merces,
506 1211 672 1251 fructus
693 1210 871 1251 ventris.

244 1268 365 1308 Sicut
391 1269 562 1318 sagittae
589 1267 631 1306 in
654 1280 783 1307 manu
808 1266 1019 1318 potentis:

193 1325 215 1349 *
236 1324 295 1364 ita
315 1323 391 1363 filii
413 1325 708 1364 excussorum.

245 1380 408 1420 Beatus
435 1379 501 1420 vir
526 1379 599 1430 qui
625 1378 822 1431 implevit
849 1377 1019 1419 deside-

194 1436 303 1476 rium
326 1449 451 1476 suum
472 1448 525 1476 ex
545 1435 669 1487 ipsis:
690 1436 713 1460 *
731 1447 818 1475 non
843 1435 1019 1475 confun-

195 1491 321 1532 detur
357 1504 455 1531 cum
482 1491 686 1543 loquetur
714 1491 900 1531 inimicis
930 1491 1020 1531 suis

195 1547 237 1587 in
257 1552 396 1599 porta.

252 1608 348 1645 Ant.
388 1607 483 1646 Non
513 1606 804 1647 confundetur
834 1620 932 1647 cum
960 1607 1020 1648 lo-

197 1665 353 1714 quetur
371 1655 560 1702 inimicis
583 1663 673 1702 suis
693 1663 736 1702 in
756 1668 895 1715 porta.

253 1730 348 1768 Ant.
381 1727 515 1768 Beati.

195 556 227 673 l

220 596 251 625 'lx
257 589 264 602 ἱ
269 602 282 626 X

221 630 262 661 (ἃ.

461 1802 655 1841 l'salnius
678 1802 757 1841 127.

198 1862 368 1966 Betiti
402 1877 570 1913 omnes,
600 1864 674 1915 qui
708 1865 865 1906 timent
896 1866 1022 1915 Dfim,

310 1921 332 1945 *
359 1920 433 1971 qui
455 1920 680 1961 ambulant
705 1921 748 1960 in
772 1921 854 1962 viis
883 1922 983 1973 ejus.

250 1976 445 2017 Laberes
478 1978 682 2017 manuum
716 1979 889 2017 tuurum
922 1978 1023 2029 quia

199 2031 499 2073 manducabis:
520 2034 543 2057 '⁸‘
563 2032 719 2074 beatus
749 2046 811 2083 es,
841 2039 884 2074 et
911 2033 1023 2075 bene

199 2087 281 2129 tibi
301 2088 393 2129 erit.

252 2144 372 2185 Uxor
391 2149 466 2185 tua
487 2145 599 2186 sicut
618 2145 720 2186 vitis
740 2144 980 2195 abundans,
1000 2148 1023 2171 ¹⁸¹

201 2201 244 2240 in
264 2200 474 2241 lateribus
495 2200 650 2241 domus
670 2206 769 2242 tuae.

252 2255 350 2296 Filii
371 2256 435 2296 tui
459 2257 572 2297 sicut
592 2257 775 2298 novellae
800 2257 1024 2307 olivarum,

202 2313 224 2337 *
245 2312 288 2352 in
307 2312 491 2352 circuitu
511 2326 674 2353 mensae
693 2318 791 2354 tuae.

253 2367 369 2408 Ecce
404 2368 466 2408 sic
497 2367 780 2410 benedicetur
814 2371 967 2420 homo,
1002 2372 1024 2396 *

204 2424 278 2475 qui
299 2423 424 2464 timet
443 2424 690 2464 Dominum.

256 2479 495 2520 Benedicat
510 2479 590 2520 tibi
607 2481 820 2523 Dominus
837 2496 890 2523 ex
905 2483 1026 2524 Sion:

202 2536 226 2560 *
249 2540 292 2576 et
317 2535 467 2576 videas
492 2535 607 2576 bona
627 2537 867 2579 Jerusalem
893 2539 1027 2579 6111111-

203 2590 285 2632 bus
307 2590 462 2632 diebus
482 2592 583 2632 vitae
603 2596 701 2633 tuae.

255 2647 312 2687 Et
328 2646 478 2687 videas
500 2647 613 2688 filios
633 2648 821 2689 filiorum
840 2652 1028 2699 tuorum,

205 2703 228 2727 *
250 2715 404 2755 pacem
425 2715 556 2756 super
575 2703 722 2745 Israel.

1051 204 1098 237 ad
1122 203 1326 244 Yesperas.

1122 295 1221 334 Ant.
1261 290 1383 332 Beati
1422 302 1592 338 omnes,
1628 289 1702 341 qui
1739 289 1896 330 timent

1067 348 1314 389 Duminum.

1121 410 1220 450 Ant.
1249 407 1387 459 Saepe.

1329 482 1529 523 Psalmus
1556 482 1640 521 128.

1138 567 1234 607 aepe
1252 555 1614 606 expugnaverunt
1628 565 1700 594 me
1715 566 1740 594 a
1754 554 1899 605 juven-

1166 614 1260 652 tute
1280 623 1388 658 mea,
1408 610 1432 635 *
1453 609 1572 650 dicat
1591 621 1707 650 nunc
1725 609 1874 650 Israel.

1120 672 1249 723 Saepe
1283 671 1644 722 expugnaverunt
1677 682 1748 710 me
1781 682 1807 710 a
1841 671 1899 722 ju·

1069 731 1249 769 ventute
1268 739 1381 768 mea:
1399 727 1423 752 *
1443 726 1606 767 etenim
1634 738 1723 766 non
1748 727 1900 778 potue-

1069 789 1170 825 runt
1190 782 1308 823 mihi.

1121 844 1262 899 Supra
1288 843 1470 884 dorsum
1492 855 1640 884 meum
1662 841 1902 883 fabricave—

1070 906 1170 942 runt
1191 901 1466 952 peccatores:
1483 899 1507 924 *
1526 898 1902 951 prolongaverunt

1071 956 1348 1008 iniquitatem
1368 968 1503 995 suam.

1123 1017 1338 1057 Dominus
1371 1017 1511 1067 justus
1544 1013 1736 1056 concidit
1767 1016 1903 1055 cervi-

1072 1086 1145 1115 ces
1178 1074 1484 1125 peccatorum:
1517 1072 1540 1097 *
1578 1069 1904 1112 confundantur

1072 1135 1115 1170 et
1139 1130 1454 1170 convertantur
1474 1129 1718 1168 retrorsum
1738 1138 1903 1175 omnes,

1073 1186 1147 1238 qui
1168 1184 1357 1226 oderunt
1376 1184 1491 1225 Sion.

1123 1246 1252 1286 Fiant
1281 1246 1395 1286 sicut
1423 1245 1589 1286 foenum
1616 1245 1853 1285 tectorum:
1881 1240 1904 1268 ²⁶¹

1073 1302 1467 1355 quodpriusquam
1478 1300 1703 1349 evellatur,
1719 1299 1906 1340 exaruit:

1125 1364 1193 1404 De
1236 1375 1324 1414 quo
1366 1374 1456 1403 non
1492 1360 1692 1414 implevit
1728 1372 1906 1400 manum

1074 1432 1198 1460 suam
1225 1419 1300 1471 qui
1324 1418 1461 1468 metit,
1487 1418 1512 1444 *
1537 1422 1581 1459 et
1608 1417 1752 1458 sinum
1778 1428 1906 1456 suum

1076 1476 1149 1528 qui
1168 1475 1418 1527 manipulos
1438 1473 1617 1525 colligit.

1126 1537 1183 1577 Et
1195 1548 1283 1576 non
1298 1535 1504 1577 dixerunt
1518 1534 1594 1586 qui
1603 1531 1906 1586 praeteribant:

1074 1591 1335 1634 Benedictio
1366 1590 1546 1632 Dumini
1585 1602 1717 1642 super
1750 1601 1852 1629 vos:
1882 1588 1906 1614 *

1074 1648 1380 1690 benediximus
1405 1646 1533 1688 vobis
1557 1647 1602 1687 in
1621 1645 1800 1686 numine
1819 1644 1907 1685 Do-

1074 1718 1192 1746 mini.

1128 1768 1227 1808 Ant.
1257 1764 1386 1817 Saepe
1411 1764 1774 1816 expugnaverunt
1792 1773 1863 1803 me
1882 1773 1909 1802 a

1075 1824 1301 1874 juventute
1319 1833 1428 1861 mea.

1107 1909 1113 1914 ·
1128 1888 1228 1928 Ant.
1260 1888 1327 1927 De
1346 1883 1589 1938 profundis.

1336 1967 1537 2007 Psalmus
1564 1968 1647 2007 129.

1166 2047 1190 2076 e
1214 2032 1446 2087 profundis
1471 2032 1657 2074 clamavi
1680 2031 1738 2072 ad
1756 2035 1802 2072 te
1819 2031 1908 2072 Do-

1176 2091 1309 2131 mine:
1324 2090 1348 2114 *
1363 2088 1554 2130 Dumine
1573 2087 1734 2129 exaudi
1753 2099 1908 2128 vocem

1076 2160 1234 2188 meam:

1129 2203 1258 2244 Fiant
1285 2214 1413 2243 aures
1446 2204 1536 2241 tuae
1563 2199 1858 2248 intendentes,
1885 2199 1909 2225 *

1078 2260 1121 2299 in
1141 2271 1299 2300 vocem
1322 2255 1650 2309 deprecationis
1671 2268 1794 2297 meae.

1129 2315 1174 2356 Si
1202 2314 1460 2365 iniquitates
1489 2311 1797 2353 observaveris
1821 2312 1909 2353 Do-

1078 2372 1210 2412 mine:
1229 2371 1252 2396 *
1271 2369 1461 2410 DOmine
1482 2368 1579 2419 quis
1600 2366 1856 2409 sustinebit?

1132 2427 1245 2477 Quia
1273 2425 1393 2478 apud
1420 2429 1465 2465 te
1492 2424 1753 2476 propitiatio
1783 2429 1864 2466 est:
1886 2424 1910 2450 *

1080 2489 1123 2524 et
1142 2487 1326 2535 propter
1344 2481 1487 2532 legem
1513 2485 1635 2521 tuam
1658 2476 1846 2521 sustinui
1864 2484 1910 2521 te

1080 2539 1278 2580 Dumine.

1132 2594 1349 2635 Sustinuit
1382 2593 1526 2645 anima
1562 2604 1660 2633 mea
1694 2592 1738 2632 in
1773 2590 1910 2632 verbo

1082 2651 1188 2700 ejus:
1207 2651 1230 2675 *
1252 2650 1446 2702 speravit
1472 2649 1615 2690 anima
1639 2660 1737 2689 mea
1760 2648 1804 2688 in
1823 2647 1910 2688 Do-

1080 2718 1210 2746 mmo.
