<?xml version="1.0" encoding="UTF-8"?>
<!DOCTYPE html PUBLIC "-//W3C//DTD XHTML 1.0 Transitional//EN"
    "http://www.w3.org/TR/xhtml1/DTD/xhtml1-transitional.dtd">
<html xmlns="http://www.w3.org/1999/xhtml" xml:lang="en" lang="en">
 <head>
  <title>
</title>
<meta http-equiv="Content-Type" content="text/html;charset=utf-8" />
  <meta name='ocr-system' content='tesseract 3.04.00' />
  <meta name='ocr-capabilities' content='ocr_page ocr_carea ocr_par ocr_line ocrx_word'/>
</head>
<body>
  <div class='ocr_page' id='page_1' title='image "./p3breviariumroma00cathuoft_0719.png"; bbox 0 0 2040 2976; ppageno 0'>
   <div class='ocr_carea' id='block_1_1' title="bbox 598 227 1429 263">
    <p class='ocr_par' dir='ltr' id='par_1_1' title="bbox 598 227 1429 263">
     <span class='ocr_line' id='line_1_1' title="bbox 598 227 1429 263; baseline -0.001 0"><span class='ocrx_word' id='word_1_1' title='bbox 598 229 703 263; x_wconf 87' lang='lat' dir='ltr'>Infra</span> <span class='ocrx_word' id='word_1_2' title='bbox 727 229 914 263; x_wconf 84' lang='lat' dir='ltr'>Octavam</span> <span class='ocrx_word' id='word_1_3' title='bbox 937 227 1207 261; x_wconf 89' lang='lat' dir='ltr'>Dedicationis</span> <span class='ocrx_word' id='word_1_4' title='bbox 1232 228 1429 262; x_wconf 81' lang='lat' dir='ltr'>Ecclesiae.</span> 
     </span>
    </p>
   </div>
   <div class='ocr_carea' id='block_1_2' title="bbox 157 331 988 540">
    <p class='ocr_par' dir='ltr' id='par_1_2' title="bbox 157 331 988 540">
     <span class='ocr_line' id='line_1_2' title="bbox 158 331 988 382; baseline 0.001 -12"><span class='ocrx_word' id='word_1_5' title='bbox 158 331 373 382; x_wconf 89' lang='lat' dir='ltr'>cupatur),</span> <span class='ocrx_word' id='word_1_6' title='bbox 406 331 516 372; x_wconf 92' lang='lat' dir='ltr'>ficus</span> <span class='ocrx_word' id='word_1_7' title='bbox 552 331 674 372; x_wconf 87' lang='lat' dir='ltr'>fatua</span> <span class='ocrx_word' id='word_1_8' title='bbox 711 331 879 372; x_wconf 85' lang='lat' dir='ltr'>dicitur.</span> <span class='ocrx_word' id='word_1_9' title='bbox 930 331 988 371; x_wconf 89' lang='lat' dir='ltr'>Et</span> 
     </span>
     <span class='ocr_line' id='line_1_3' title="bbox 159 385 986 439; baseline 0.002 -13"><span class='ocrx_word' id='word_1_10' title='bbox 159 385 313 427; x_wconf 88' lang='lat' dir='ltr'>eadem</span> <span class='ocrx_word' id='word_1_11' title='bbox 346 386 565 427; x_wconf 92' lang='lat' dir='ltr'>dominica</span> <span class='ocrx_word' id='word_1_12' title='bbox 598 399 724 436; x_wconf 86' lang='lat' dir='ltr'>crux,</span> <span class='ocrx_word' id='word_1_13' title='bbox 767 400 865 439; x_wconf 90' lang='lat' dir='ltr'>quae</span> <span class='ocrx_word' id='word_1_14' title='bbox 898 399 986 428; x_wconf 91' lang='lat' dir='ltr'>cre-</span> 
     </span>
     <span class='ocr_line' id='line_1_4' title="bbox 159 441 987 492; baseline 0.001 -10"><span class='ocrx_word' id='word_1_15' title='bbox 159 441 312 483; x_wconf 91' lang='lat' dir='ltr'>dentes</span> <span class='ocrx_word' id='word_1_16' title='bbox 341 442 419 483; x_wconf 93' lang='lat' dir='ltr'>alit</span> <span class='ocrx_word' id='word_1_17' title='bbox 444 447 493 483; x_wconf 91' lang='lat' dir='ltr'>ut</span> <span class='ocrx_word' id='word_1_18' title='bbox 517 443 643 492; x_wconf 80' lang='lat' dir='ltr'>ficus,</span> <span class='ocrx_word' id='word_1_19' title='bbox 672 443 726 484; x_wconf 89' lang='lat' dir='ltr'>ab</span> <span class='ocrx_word' id='word_1_20' title='bbox 751 442 987 488; x_wconf 86' lang='lat' dir='ltr'>incredulis</span> 
     </span>
     <span class='ocr_line' id='line_1_5' title="bbox 157 497 962 540; baseline 0.002 -3"><span class='ocrx_word' id='word_1_21' title='bbox 157 497 362 539; x_wconf 90' lang='lat' dir='ltr'>irridetur</span> <span class='ocrx_word' id='word_1_22' title='bbox 380 503 428 539; x_wconf 94' lang='lat' dir='ltr'>ut</span> <span class='ocrx_word' id='word_1_23' title='bbox 448 499 579 540; x_wconf 88' lang='lat' dir='ltr'>fatua.</span> <span class='ocrx_word' id='word_1_24' title='bbox 639 497 696 540; x_wconf 90' lang='lat' dir='ltr'>Te</span> <span class='ocrx_word' id='word_1_25' title='bbox 719 499 874 540; x_wconf 92' lang='lat' dir='ltr'>Deum.</span> <span class='ocrx_word' id='word_1_26' title='bbox 903 500 962 540; x_wconf 87' lang='lat'>13.</span> 
     </span>
    </p>
   </div>
   <div class='ocr_carea' id='block_1_3' title="bbox 417 574 730 604">
    <p class='ocr_par' dir='ltr' id='par_1_3' title="bbox 417 574 730 604">
     <span class='ocr_line' id='line_1_6' title="bbox 417 574 730 604; baseline 0 -14"><span class='ocrx_word' id='word_1_27' title='bbox 417 574 730 604; x_wconf 34' lang='lat' dir='ltr'>*ffi—</span> 
     </span>
    </p>
   </div>
   <div class='ocr_carea' id='block_1_4' title="bbox 354 646 796 741">
    <p class='ocr_par' dir='ltr' id='par_1_4' title="bbox 354 646 796 741">
     <span class='ocr_line' id='line_1_7' title="bbox 354 646 796 687; baseline 0.002 -1"><span class='ocrx_word' id='word_1_28' title='bbox 354 647 385 687; x_wconf 88' lang='lat' dir='ltr'>S</span> <span class='ocrx_word' id='word_1_29' title='bbox 414 656 440 686; x_wconf 85' lang='lat' dir='ltr'>e</span> <span class='ocrx_word' id='word_1_30' title='bbox 466 657 502 686; x_wconf 88' lang='lat' dir='ltr'>x</span> <span class='ocrx_word' id='word_1_31' title='bbox 528 646 551 687; x_wconf 80' lang='lat' dir='ltr'>t</span> <span class='ocrx_word' id='word_1_32' title='bbox 578 656 609 687; x_wconf 88' lang='lat' dir='ltr'>a</span> <span class='ocrx_word' id='word_1_33' title='bbox 653 647 695 687; x_wconf 92' lang='lat' dir='ltr'>D</span> <span class='ocrx_word' id='word_1_34' title='bbox 723 647 741 687; x_wconf 90' lang='lat' dir='ltr'>i</span> <span class='ocrx_word' id='word_1_35' title='bbox 770 657 796 687; x_wconf 85' lang='lat' dir='ltr'>e</span> 
     </span>
     <span class='ocr_line' id='line_1_8' title="bbox 400 700 755 741; baseline -0.003 -1"><span class='ocrx_word' id='word_1_36' title='bbox 400 700 511 740; x_wconf 89' lang='lat' dir='ltr'>infra</span> <span class='ocrx_word' id='word_1_37' title='bbox 532 700 755 741; x_wconf 81' lang='lat' dir='ltr'>Octavam.</span> 
     </span>
    </p>
   </div>
   <div class='ocr_carea' id='block_1_5' title="bbox 160 765 990 861">
    <p class='ocr_par' dir='ltr' id='par_1_5' title="bbox 160 765 990 861">
     <span class='ocr_line' id='line_1_9' title="bbox 214 765 990 803; baseline -0.005 0"><span class='ocrx_word' id='word_1_38' title='bbox 214 770 258 803; x_wconf 91' lang='lat' dir='ltr'>In</span> <span class='ocrx_word' id='word_1_39' title='bbox 290 769 317 803; x_wconf 87' lang='grc' dir='ltr'>Ι.</span> <span class='ocrx_word' id='word_1_40' title='bbox 346 769 546 803; x_wconf 86' lang='lat' dir='ltr'>Nocturno</span> <span class='ocrx_word' id='word_1_41' title='bbox 576 768 781 802; x_wconf 81' lang='lat' dir='ltr'>Lectiones</span> <span class='ocrx_word' id='word_1_42' title='bbox 814 766 861 800; x_wconf 94' lang='lat' dir='ltr'>de</span> <span class='ocrx_word' id='word_1_43' title='bbox 891 765 990 799; x_wconf 88' lang='lat' dir='ltr'>Scri-</span> 
     </span>
     <span class='ocr_line' id='line_1_10' title="bbox 160 820 531 861; baseline -0.005 -9"><span class='ocrx_word' id='word_1_44' title='bbox 160 821 273 861; x_wconf 88' lang='lat' dir='ltr'>ptura</span> <span class='ocrx_word' id='word_1_45' title='bbox 299 820 531 851; x_wconf 82' lang='lat' dir='ltr'>occurrente.</span> 
     </span>
    </p>
   </div>
   <div class='ocr_carea' id='block_1_6' title="bbox 389 876 761 915">
    <p class='ocr_par' dir='ltr' id='par_1_6' title="bbox 389 876 761 915">
     <span class='ocr_line' id='line_1_11' title="bbox 389 876 761 915; baseline -0.003 0"><span class='ocrx_word' id='word_1_46' title='bbox 389 877 439 915; x_wconf 89' lang='lat' dir='ltr'>In</span> <span class='ocrx_word' id='word_1_47' title='bbox 461 877 512 915; x_wconf 89' lang='lat'>11.</span> <span class='ocrx_word' id='word_1_48' title='bbox 536 876 761 915; x_wconf 81' lang='lat' dir='ltr'>Nocturno.</span> 
     </span>
    </p>
   </div>
   <div class='ocr_carea' id='block_1_7' title="bbox 159 935 997 2783">
    <p class='ocr_par' dir='ltr' id='par_1_7' title="bbox 159 935 997 2783">
     <span class='ocr_line' id='line_1_12' title="bbox 206 935 941 987; baseline 0.001 -12"><span class='ocrx_word' id='word_1_49' title='bbox 206 936 270 977; x_wconf 92' lang='lat' dir='ltr'>De</span> <span class='ocrx_word' id='word_1_50' title='bbox 297 936 508 977; x_wconf 90' lang='lat' dir='ltr'>Sermone</span> <span class='ocrx_word' id='word_1_51' title='bbox 537 935 679 976; x_wconf 91' lang='lat' dir='ltr'>sancti</span> <span class='ocrx_word' id='word_1_52' title='bbox 705 935 941 987; x_wconf 80' lang='lat' dir='ltr'><strong>Augustini</strong></span> 
     </span>
     <span class='ocr_line' id='line_1_13' title="bbox 460 991 684 1044; baseline -0.004 -12"><span class='ocrx_word' id='word_1_53' title='bbox 460 991 684 1044; x_wconf 81' lang='lat' dir='ltr'>Episcopi.</span> 
     </span>
     <span class='ocr_line' id='line_1_14' title="bbox 278 1051 875 1095; baseline 0 -10"><span class='ocrx_word' id='word_1_54' title='bbox 278 1052 338 1086; x_wconf 81' lang='lat' dir='ltr'>Ex</span> <span class='ocrx_word' id='word_1_55' title='bbox 362 1052 478 1087; x_wconf 89' lang='lat' dir='ltr'>Serm.</span> <span class='ocrx_word' id='word_1_56' title='bbox 502 1053 576 1087; x_wconf 80' lang='lat'>256.</span> <span class='ocrx_word' id='word_1_57' title='bbox 602 1052 649 1086; x_wconf 91' lang='lat' dir='ltr'>de</span> <span class='ocrx_word' id='word_1_58' title='bbox 674 1051 875 1095; x_wconf 85' lang='lat' dir='ltr'>Tempore.</span> 
     </span>
     <span class='ocr_line' id='line_1_15' title="bbox 464 1105 690 1145; baseline -0.009 0"><span class='ocrx_word' id='word_1_59' title='bbox 464 1105 616 1145; x_wconf 80' lang='lat' dir='ltr'>Lectio</span> <span class='ocrx_word' id='word_1_60' title='bbox 637 1105 690 1143; x_wconf 91' lang='lat' dir='ltr'>iv.</span> 
     </span>
     <span class='ocr_line' id='line_1_16' title="bbox 240 1159 989 1212; baseline -0.002 -11.184"><span class='ocrx_word' id='word_1_61' title='bbox 240 1173 373 1212; x_wconf 91' lang='lat' dir='ltr'>rgo,</span> <span class='ocrx_word' id='word_1_62' title='bbox 399 1159 503 1201; x_wconf 92' lang='lat' dir='ltr'>dum</span> <span class='ocrx_word' id='word_1_63' title='bbox 521 1172 683 1201; x_wconf 90' lang='lat' dir='ltr'>novam</span> <span class='ocrx_word' id='word_1_64' title='bbox 700 1159 989 1201; x_wconf 90' lang='lat' dir='ltr'>constructio-</span> 
     </span>
     <span class='ocr_line' id='line_1_17' title="bbox 169 1215 990 1279; baseline -0.004 -20"><span class='ocrx_word' id='word_1_65' title='bbox 169 1219 174 1265; x_wconf 65' lang='lat' dir='ltr'>j</span> <span class='ocrx_word' id='word_1_66' title='bbox 200 1234 271 1279; x_wconf 46' lang='grc' dir='ltr'><strong>ἱ</strong></span> <span class='ocrx_word' id='word_1_67' title='bbox 293 1229 394 1258; x_wconf 89' lang='lat' dir='ltr'>nem</span> <span class='ocrx_word' id='word_1_68' title='bbox 426 1221 591 1257; x_wconf 79' lang='lat' dir='ltr'>sanctae</span> <span class='ocrx_word' id='word_1_69' title='bbox 627 1216 752 1266; x_wconf 86' lang='lat' dir='ltr'>hujus</span> <span class='ocrx_word' id='word_1_70' title='bbox 791 1215 990 1257; x_wconf 83' lang='lat' dir='ltr'>ecclesiae</span> 
     </span>
     <span class='ocr_line' id='line_1_18' title="bbox 165 1272 990 1323; baseline -0.004 -9"><span class='ocrx_word' id='word_1_71' title='bbox 165 1273 271 1297; x_wconf 52' lang='grc'>444</span> <span class='ocrx_word' id='word_1_72' title='bbox 292 1273 479 1314; x_wconf 79' lang='lat' dir='ltr'>libenter</span> <span class='ocrx_word' id='word_1_73' title='bbox 525 1272 810 1322; x_wconf 75' lang='lat' dir='ltr'>attendimus,</span> <span class='ocrx_word' id='word_1_74' title='bbox 858 1284 990 1323; x_wconf 90' lang='lat' dir='ltr'>quam</span> 
     </span>
     <span class='ocr_line' id='line_1_19' title="bbox 161 1328 990 1377; baseline -0.004 -6"><span class='ocrx_word' id='word_1_75' title='bbox 161 1329 308 1371; x_wconf 90' lang='lat' dir='ltr'>divino</span> <span class='ocrx_word' id='word_1_76' title='bbox 345 1329 512 1370; x_wconf 92' lang='lat' dir='ltr'>nomini</span> <span class='ocrx_word' id='word_1_77' title='bbox 547 1328 681 1370; x_wconf 91' lang='lat' dir='ltr'>hodie</span> <span class='ocrx_word' id='word_1_78' title='bbox 719 1328 990 1377; x_wconf 89' lang='lat' dir='ltr'>dedicamus,</span> 
     </span>
     <span class='ocr_line' id='line_1_20' title="bbox 159 1384 989 1427; baseline -0.002 -1"><span class='ocrx_word' id='word_1_79' title='bbox 159 1386 403 1427; x_wconf 81' lang='lat' dir='ltr'>invenimus</span> <span class='ocrx_word' id='word_1_80' title='bbox 436 1398 462 1426; x_wconf 89' lang='lat' dir='ltr'>a</span> <span class='ocrx_word' id='word_1_81' title='bbox 488 1384 616 1427; x_wconf 90' lang='lat' dir='ltr'>nobis</span> <span class='ocrx_word' id='word_1_82' title='bbox 645 1384 797 1426; x_wconf 90' lang='lat' dir='ltr'>deberi</span> <span class='ocrx_word' id='word_1_83' title='bbox 826 1389 869 1425; x_wconf 91' lang='lat' dir='ltr'>et</span> <span class='ocrx_word' id='word_1_84' title='bbox 891 1384 989 1425; x_wconf 91' lang='lat' dir='ltr'>Deo</span> 
     </span>
     <span class='ocr_line' id='line_1_21' title="bbox 159 1441 990 1491; baseline -0.002 -8"><span class='ocrx_word' id='word_1_85' title='bbox 159 1447 313 1484; x_wconf 91' lang='lat' dir='ltr'>nostro</span> <span class='ocrx_word' id='word_1_86' title='bbox 343 1442 580 1482; x_wconf 83' lang='lat' dir='ltr'>maximam</span> <span class='ocrx_word' id='word_1_87' title='bbox 605 1441 796 1491; x_wconf 86' lang='lat' dir='ltr'>laudem,</span> <span class='ocrx_word' id='word_1_88' title='bbox 826 1445 870 1482; x_wconf 93' lang='lat' dir='ltr'>et</span> <span class='ocrx_word' id='word_1_89' title='bbox 896 1453 990 1481; x_wconf 86' lang='lat' dir='ltr'>san-</span> 
     </span>
     <span class='ocr_line' id='line_1_22' title="bbox 161 1496 990 1548; baseline -0.004 -8"><span class='ocrx_word' id='word_1_90' title='bbox 161 1498 300 1540; x_wconf 89' lang='lat' dir='ltr'>ctitati</span> <span class='ocrx_word' id='word_1_91' title='bbox 318 1502 478 1540; x_wconf 83' lang='lat' dir='ltr'>vestrae</span> <span class='ocrx_word' id='word_1_92' title='bbox 498 1499 740 1548; x_wconf 87' lang='lat' dir='ltr'>congruum</span> <span class='ocrx_word' id='word_1_93' title='bbox 760 1496 815 1538; x_wconf 93' lang='lat' dir='ltr'>de</span> <span class='ocrx_word' id='word_1_94' title='bbox 831 1496 990 1538; x_wconf 85' lang='lat' dir='ltr'>divinae</span> 
     </span>
     <span class='ocr_line' id='line_1_23' title="bbox 161 1553 991 1596; baseline -0.004 0"><span class='ocrx_word' id='word_1_95' title='bbox 161 1553 319 1596; x_wconf 91' lang='lat' dir='ltr'>domus</span> <span class='ocrx_word' id='word_1_96' title='bbox 381 1554 674 1595; x_wconf 88' lang='lat' dir='ltr'>aedificatione</span> <span class='ocrx_word' id='word_1_97' title='bbox 733 1555 991 1595; x_wconf 90' lang='lat' dir='ltr'>sermonem.</span> 
     </span>
     <span class='ocr_line' id='line_1_24' title="bbox 161 1611 991 1652; baseline -0.001 -1"><span class='ocrx_word' id='word_1_98' title='bbox 161 1611 287 1652; x_wconf 91' lang='lat' dir='ltr'>Tunc</span> <span class='ocrx_word' id='word_1_99' title='bbox 328 1615 476 1651; x_wconf 88' lang='lat' dir='ltr'>autem</span> <span class='ocrx_word' id='word_1_100' title='bbox 516 1623 661 1652; x_wconf 89' lang='lat' dir='ltr'>sermo</span> <span class='ocrx_word' id='word_1_101' title='bbox 703 1614 855 1651; x_wconf 89' lang='lat' dir='ltr'>noster</span> <span class='ocrx_word' id='word_1_102' title='bbox 891 1611 991 1650; x_wconf 91' lang='lat' dir='ltr'>con-</span> 
     </span>
     <span class='ocr_line' id='line_1_25' title="bbox 161 1665 991 1718; baseline -0.002 -10"><span class='ocrx_word' id='word_1_103' title='bbox 161 1679 296 1718; x_wconf 88' lang='lat' dir='ltr'>gruus</span> <span class='ocrx_word' id='word_1_104' title='bbox 316 1667 409 1716; x_wconf 89' lang='lat' dir='ltr'>erit,</span> <span class='ocrx_word' id='word_1_105' title='bbox 431 1667 469 1707; x_wconf 91' lang='lat' dir='ltr'>si</span> <span class='ocrx_word' id='word_1_106' title='bbox 486 1667 531 1707; x_wconf 89' lang='lat' dir='ltr'>in</span> <span class='ocrx_word' id='word_1_107' title='bbox 549 1679 596 1708; x_wconf 91' lang='lat' dir='ltr'>se</span> <span class='ocrx_word' id='word_1_108' title='bbox 617 1665 785 1718; x_wconf 90' lang='lat' dir='ltr'>aliquid</span> <span class='ocrx_word' id='word_1_109' title='bbox 804 1665 991 1707; x_wconf 79' lang='lat' dir='ltr'>aedifica-</span> 
     </span>
     <span class='ocr_line' id='line_1_26' title="bbox 161 1721 991 1778; baseline -0.001 -15"><span class='ocrx_word' id='word_1_110' title='bbox 161 1723 293 1763; x_wconf 90' lang='lat' dir='ltr'>tionis</span> <span class='ocrx_word' id='word_1_111' title='bbox 311 1722 484 1773; x_wconf 82' lang='lat' dir='ltr'>habeat,</span> <span class='ocrx_word' id='word_1_112' title='bbox 505 1721 625 1778; x_wconf 89' lang='lat' dir='ltr'>quod</span> <span class='ocrx_word' id='word_1_113' title='bbox 639 1722 818 1763; x_wconf 87' lang='lat' dir='ltr'>utilitati</span> <span class='ocrx_word' id='word_1_114' title='bbox 832 1722 991 1762; x_wconf 88' lang='lat' dir='ltr'>anima-</span> 
     </span>
     <span class='ocr_line' id='line_1_27' title="bbox 161 1777 991 1829; baseline -0.002 -9"><span class='ocrx_word' id='word_1_115' title='bbox 161 1791 258 1820; x_wconf 89' lang='lat' dir='ltr'>rum</span> <span class='ocrx_word' id='word_1_116' title='bbox 283 1780 546 1829; x_wconf 88' lang='lat' dir='ltr'>vestrarum,</span> <span class='ocrx_word' id='word_1_117' title='bbox 573 1779 671 1819; x_wconf 91' lang='lat' dir='ltr'>Deo</span> <span class='ocrx_word' id='word_1_118' title='bbox 700 1791 781 1819; x_wconf 90' lang='lat' dir='ltr'>vos</span> <span class='ocrx_word' id='word_1_119' title='bbox 808 1777 991 1819; x_wconf 89' lang='lat' dir='ltr'>interius</span> 
     </span>
     <span class='ocr_line' id='line_1_28' title="bbox 162 1833 991 1887; baseline -0.002 -11"><span class='ocrx_word' id='word_1_120' title='bbox 162 1834 425 1885; x_wconf 79' lang='lat' dir='ltr'>aedificante,</span> <span class='ocrx_word' id='word_1_121' title='bbox 446 1835 661 1887; x_wconf 81' lang='lat' dir='ltr'>proficiat.</span> <span class='ocrx_word' id='word_1_122' title='bbox 694 1833 826 1885; x_wconf 91' lang='lat' dir='ltr'>Quod</span> <span class='ocrx_word' id='word_1_123' title='bbox 843 1834 914 1875; x_wconf 91' lang='lat' dir='ltr'>hic</span> <span class='ocrx_word' id='word_1_124' title='bbox 932 1834 991 1874; x_wconf 89' lang='lat' dir='ltr'>fa-</span> 
     </span>
     <span class='ocr_line' id='line_1_29' title="bbox 163 1890 992 1943; baseline -0.002 -11"><span class='ocrx_word' id='word_1_125' title='bbox 163 1895 282 1932; x_wconf 93' lang='lat' dir='ltr'>ctum</span> <span class='ocrx_word' id='word_1_126' title='bbox 308 1891 599 1943; x_wconf 63' lang='lat' dir='ltr'>corporaliter</span> <span class='ocrx_word' id='word_1_127' title='bbox 623 1890 824 1932; x_wconf 87' lang='lat' dir='ltr'>videmus</span> <span class='ocrx_word' id='word_1_128' title='bbox 847 1891 892 1931; x_wconf 91' lang='lat' dir='ltr'>in</span> <span class='ocrx_word' id='word_1_129' title='bbox 918 1903 992 1942; x_wconf 91' lang='lat' dir='ltr'>pa-</span> 
     </span>
     <span class='ocr_line' id='line_1_30' title="bbox 162 1946 993 1999; baseline -0.001 -12"><span class='ocrx_word' id='word_1_130' title='bbox 162 1946 360 1996; x_wconf 88' lang='lat' dir='ltr'>rietibus,</span> <span class='ocrx_word' id='word_1_131' title='bbox 389 1946 646 1999; x_wconf 84' lang='lat' dir='ltr'>spiritaliter</span> <span class='ocrx_word' id='word_1_132' title='bbox 672 1946 750 1987; x_wconf 94' lang='lat' dir='ltr'>fiat</span> <span class='ocrx_word' id='word_1_133' title='bbox 774 1947 818 1986; x_wconf 93' lang='lat' dir='ltr'>in</span> <span class='ocrx_word' id='word_1_134' title='bbox 842 1946 993 1987; x_wconf 90' lang='lat' dir='ltr'>menti-</span> 
     </span>
     <span class='ocr_line' id='line_1_31' title="bbox 162 2002 993 2055; baseline -0.002 -11"><span class='ocrx_word' id='word_1_135' title='bbox 162 2002 261 2044; x_wconf 87' lang='lat' dir='ltr'><strong>bus:</strong></span> <span class='ocrx_word' id='word_1_136' title='bbox 290 2007 334 2044; x_wconf 89' lang='lat' dir='ltr'>et</span> <span class='ocrx_word' id='word_1_137' title='bbox 360 2002 478 2054; x_wconf 90' lang='lat' dir='ltr'>quod</span> <span class='ocrx_word' id='word_1_138' title='bbox 502 2002 573 2043; x_wconf 92' lang='lat' dir='ltr'>hic</span> <span class='ocrx_word' id='word_1_139' title='bbox 595 2002 840 2055; x_wconf 90' lang='lat' dir='ltr'>perfectum</span> <span class='ocrx_word' id='word_1_140' title='bbox 859 2002 993 2043; x_wconf 91' lang='lat' dir='ltr'>cerni-</span> 
     </span>
     <span class='ocr_line' id='line_1_32' title="bbox 163 2057 993 2110; baseline -0.001 -11"><span class='ocrx_word' id='word_1_141' title='bbox 163 2071 260 2100; x_wconf 86' lang='lat' dir='ltr'>mus</span> <span class='ocrx_word' id='word_1_142' title='bbox 279 2059 321 2099; x_wconf 93' lang='lat' dir='ltr'>in</span> <span class='ocrx_word' id='word_1_143' title='bbox 337 2057 558 2110; x_wconf 81' lang='lat' dir='ltr'>lapidibus</span> <span class='ocrx_word' id='word_1_144' title='bbox 575 2063 618 2099; x_wconf 93' lang='lat' dir='ltr'>et</span> <span class='ocrx_word' id='word_1_145' title='bbox 631 2057 771 2108; x_wconf 86' lang='lat' dir='ltr'>lignis,</span> <span class='ocrx_word' id='word_1_146' title='bbox 791 2058 876 2099; x_wconf 90' lang='lat' dir='ltr'>hoc</span> <span class='ocrx_word' id='word_1_147' title='bbox 891 2057 993 2099; x_wconf 88' lang='lat' dir='ltr'>aedi-</span> 
     </span>
     <span class='ocr_line' id='line_1_33' title="bbox 163 2113 995 2166; baseline 0 -12"><span class='ocrx_word' id='word_1_148' title='bbox 163 2114 324 2156; x_wconf 85' lang='lat' dir='ltr'>ficante</span> <span class='ocrx_word' id='word_1_149' title='bbox 355 2114 496 2165; x_wconf 89' lang='lat' dir='ltr'>gratia</span> <span class='ocrx_word' id='word_1_150' title='bbox 526 2114 625 2164; x_wconf 88' lang='lat' dir='ltr'>Dei,</span> <span class='ocrx_word' id='word_1_151' title='bbox 666 2114 920 2166; x_wconf 90' lang='lat' dir='ltr'>perficiatur</span> <span class='ocrx_word' id='word_1_152' title='bbox 950 2113 995 2154; x_wconf 92' lang='lat' dir='ltr'>in</span> 
     </span>
     <span class='ocr_line' id='line_1_34' title="bbox 165 2169 619 2212; baseline -0.002 0"><span class='ocrx_word' id='word_1_153' title='bbox 165 2183 242 2212; x_wconf 93' lang='lat' dir='ltr'>cor</span> <span class='ocrx_word' id='word_1_154' title='bbox 277 2169 427 2211; x_wconf 91' lang='lat' dir='ltr'>oribus</span> <span class='ocrx_word' id='word_1_155' title='bbox 449 2170 619 2211; x_wconf 88' lang='lat' dir='ltr'>vestris.</span> 
     </span>
     <span class='ocr_line' id='line_1_35' title="bbox 263 2225 852 2280; baseline -0.002 -13"><span class='ocrx_word' id='word_1_156' title='bbox 263 2254 271 2262; x_wconf 85' lang='lat'>-</span> <span class='ocrx_word' id='word_1_157' title='bbox 296 2226 534 2267; x_wconf 87' lang='lat' dir='ltr'>Orantibus</span> <span class='ocrx_word' id='word_1_158' title='bbox 553 2226 598 2280; x_wconf 70' lang='lat' dir='ltr'>ip</span> <span class='ocrx_word' id='word_1_159' title='bbox 615 2226 727 2268; x_wconf 94' lang='lat' dir='ltr'>loco.</span> <span class='ocrx_word' id='word_1_160' title='bbox 756 2225 852 2278; x_wconf 96' lang='lat'>[118]</span> 
     </span>
     <span class='ocr_line' id='line_1_36' title="bbox 474 2281 686 2323; baseline -0.005 0"><span class='ocrx_word' id='word_1_161' title='bbox 474 2281 628 2323; x_wconf 90' lang='lat' dir='ltr'>Lectio</span> <span class='ocrx_word' id='word_1_162' title='bbox 648 2296 686 2323; x_wconf 94' lang='lat' dir='ltr'>v.</span> 
     </span>
     <span class='ocr_line' id='line_1_37' title="bbox 169 2333 995 2438; baseline 0 -55"><span class='ocrx_word' id='word_1_163' title='bbox 169 2333 520 2438; x_wconf 88' lang='lat' dir='ltr'>Principaliter</span> <span class='ocrx_word' id='word_1_164' title='bbox 559 2356 664 2394; x_wconf 93' lang='lat' dir='ltr'>ergo</span> <span class='ocrx_word' id='word_1_165' title='bbox 701 2343 864 2394; x_wconf 79' lang='lat' dir='ltr'>gratias</span> <span class='ocrx_word' id='word_1_166' title='bbox 897 2344 995 2393; x_wconf 86' lang='lat' dir='ltr'>aga-</span> 
     </span>
     <span class='ocr_line' id='line_1_38' title="bbox 261 2399 997 2448; baseline -0.001 -8"><span class='ocrx_word' id='word_1_167' title='bbox 261 2412 358 2440; x_wconf 94' lang='lat' dir='ltr'>mus</span> <span class='ocrx_word' id='word_1_168' title='bbox 394 2399 587 2440; x_wconf 92' lang='lat' dir='ltr'>Domino</span> <span class='ocrx_word' id='word_1_169' title='bbox 624 2399 722 2440; x_wconf 90' lang='lat' dir='ltr'>Deo</span> <span class='ocrx_word' id='word_1_170' title='bbox 759 2403 929 2448; x_wconf 88' lang='lat' dir='ltr'>nostro,</span> <span class='ocrx_word' id='word_1_171' title='bbox 971 2411 997 2439; x_wconf 89' lang='lat' dir='ltr'>a</span> 
     </span>
     <span class='ocr_line' id='line_1_39' title="bbox 168 2455 997 2507; baseline -0.001 -11"><span class='ocrx_word' id='word_1_172' title='bbox 168 2468 255 2507; x_wconf 91' lang='lat' dir='ltr'>quo</span> <span class='ocrx_word' id='word_1_173' title='bbox 277 2459 344 2496; x_wconf 92' lang='lat' dir='ltr'>est</span> <span class='ocrx_word' id='word_1_174' title='bbox 363 2467 492 2496; x_wconf 90' lang='lat' dir='ltr'>omne</span> <span class='ocrx_word' id='word_1_175' title='bbox 516 2455 668 2496; x_wconf 90' lang='lat' dir='ltr'>datum</span> <span class='ocrx_word' id='word_1_176' title='bbox 693 2455 924 2507; x_wconf 86' lang='lat' dir='ltr'>optimum,</span> <span class='ocrx_word' id='word_1_177' title='bbox 954 2458 997 2495; x_wconf 92' lang='lat' dir='ltr'>et</span> 
     </span>
     <span class='ocr_line' id='line_1_40' title="bbox 169 2510 996 2563; baseline -0.001 -12"><span class='ocrx_word' id='word_1_178' title='bbox 169 2523 298 2552; x_wconf 92' lang='lat' dir='ltr'>omne</span> <span class='ocrx_word' id='word_1_179' title='bbox 333 2510 498 2552; x_wconf 87' lang='lat' dir='ltr'>donum</span> <span class='ocrx_word' id='word_1_180' title='bbox 528 2511 788 2563; x_wconf 87' lang='lat' dir='ltr'>perfectum;</span> <span class='ocrx_word' id='word_1_181' title='bbox 831 2515 875 2551; x_wconf 92' lang='lat' dir='ltr'>et</span> <span class='ocrx_word' id='word_1_182' title='bbox 906 2510 996 2561; x_wconf 89' lang='lat' dir='ltr'>ejus</span> 
     </span>
     <span class='ocr_line' id='line_1_41' title="bbox 167 2566 997 2608; baseline -0.002 0"><span class='ocrx_word' id='word_1_183' title='bbox 167 2566 411 2608; x_wconf 80' lang='lat' dir='ltr'>bonitatem</span> <span class='ocrx_word' id='word_1_184' title='bbox 450 2570 547 2607; x_wconf 91' lang='lat' dir='ltr'>tota</span> <span class='ocrx_word' id='word_1_185' title='bbox 587 2566 734 2607; x_wconf 89' lang='lat' dir='ltr'>cordis</span> <span class='ocrx_word' id='word_1_186' title='bbox 770 2566 997 2607; x_wconf 84' lang='lat' dir='ltr'>alacritate</span> 
     </span>
     <span class='ocr_line' id='line_1_42' title="bbox 167 2622 997 2674; baseline -0.002 -11"><span class='ocrx_word' id='word_1_187' title='bbox 167 2622 413 2671; x_wconf 82' lang='lat' dir='ltr'>laudemus,</span> <span class='ocrx_word' id='word_1_188' title='bbox 444 2622 649 2674; x_wconf 89' lang='lat' dir='ltr'>quoniam</span> <span class='ocrx_word' id='word_1_189' title='bbox 669 2622 726 2663; x_wconf 92' lang='lat' dir='ltr'>ad</span> <span class='ocrx_word' id='word_1_190' title='bbox 745 2623 997 2663; x_wconf 90' lang='lat' dir='ltr'>construen-</span> 
     </span>
     <span class='ocr_line' id='line_1_43' title="bbox 170 2676 997 2728; baseline -0.001 -9"><span class='ocrx_word' id='word_1_191' title='bbox 170 2678 272 2719; x_wconf 91' lang='lat' dir='ltr'>dam</span> <span class='ocrx_word' id='word_1_192' title='bbox 290 2679 422 2719; x_wconf 91' lang='lat' dir='ltr'>istam</span> <span class='ocrx_word' id='word_1_193' title='bbox 443 2677 623 2719; x_wconf 91' lang='lat' dir='ltr'>domum</span> <span class='ocrx_word' id='word_1_194' title='bbox 643 2678 868 2728; x_wconf 87' lang='lat' dir='ltr'>orationis,</span> <span class='ocrx_word' id='word_1_195' title='bbox 893 2676 997 2718; x_wconf 92' lang='lat' dir='ltr'>fide-</span> 
     </span>
     <span class='ocr_line' id='line_1_44' title="bbox 168 2733 997 2783; baseline -0.002 -8"><span class='ocrx_word' id='word_1_196' title='bbox 168 2734 274 2775; x_wconf 91' lang='lat' dir='ltr'>lium</span> <span class='ocrx_word' id='word_1_197' title='bbox 293 2736 475 2775; x_wconf 90' lang='lat' dir='ltr'>suorum</span> <span class='ocrx_word' id='word_1_198' title='bbox 492 2733 687 2775; x_wconf 90' lang='lat' dir='ltr'>visitavit</span> <span class='ocrx_word' id='word_1_199' title='bbox 707 2733 908 2783; x_wconf 87' lang='lat' dir='ltr'>animum,</span> <span class='ocrx_word' id='word_1_200' title='bbox 928 2745 997 2774; x_wconf 86' lang='lat' dir='ltr'>ex-</span> 
     </span>
    </p>
   </div>
   <div class='ocr_carea' id='block_1_8' title="bbox 1038 330 1878 1574">
    <p class='ocr_par' dir='ltr' id='par_1_8' title="bbox 1038 330 1874 825">
     <span class='ocr_line' id='line_1_45' title="bbox 1039 330 1872 381; baseline 0 -11"><span class='ocrx_word' id='word_1_201' title='bbox 1039 330 1192 371; x_wconf 89' lang='lat' dir='ltr'>citavit</span> <span class='ocrx_word' id='word_1_202' title='bbox 1220 330 1442 380; x_wconf 86' lang='lat' dir='ltr'>affectum,</span> <span class='ocrx_word' id='word_1_203' title='bbox 1477 330 1726 381; x_wconf 85' lang='lat' dir='ltr'>surrogavit</span> <span class='ocrx_word' id='word_1_204' title='bbox 1755 332 1872 370; x_wconf 86' lang='lat' dir='ltr'>auxi-</span> 
     </span>
     <span class='ocr_line' id='line_1_46' title="bbox 1038 386 1872 438; baseline 0.001 -12"><span class='ocrx_word' id='word_1_205' title='bbox 1038 386 1155 435; x_wconf 81' lang='lat' dir='ltr'>lium,</span> <span class='ocrx_word' id='word_1_206' title='bbox 1172 386 1403 438; x_wconf 88' lang='lat' dir='ltr'>inspiravit</span> <span class='ocrx_word' id='word_1_207' title='bbox 1418 386 1608 428; x_wconf 91' lang='lat' dir='ltr'>necdum</span> <span class='ocrx_word' id='word_1_208' title='bbox 1622 386 1872 428; x_wconf 89' lang='lat' dir='ltr'>volentibus</span> 
     </span>
     <span class='ocr_line' id='line_1_47' title="bbox 1038 441 1873 494; baseline 0 -12"><span class='ocrx_word' id='word_1_209' title='bbox 1038 446 1087 483; x_wconf 91' lang='lat' dir='ltr'>ut</span> <span class='ocrx_word' id='word_1_210' title='bbox 1105 441 1279 491; x_wconf 85' lang='lat' dir='ltr'>vellent,</span> <span class='ocrx_word' id='word_1_211' title='bbox 1300 442 1465 494; x_wconf 80' lang='lat' dir='ltr'>adjuvit</span> <span class='ocrx_word' id='word_1_212' title='bbox 1485 442 1614 484; x_wconf 86' lang='lat' dir='ltr'>bonae</span> <span class='ocrx_word' id='word_1_213' title='bbox 1632 442 1873 484; x_wconf 90' lang='lat' dir='ltr'>voluntatis</span> 
     </span>
     <span class='ocr_line' id='line_1_48' title="bbox 1041 498 1874 551; baseline 0.001 -13"><span class='ocrx_word' id='word_1_214' title='bbox 1041 500 1226 539; x_wconf 90' lang='lat' dir='ltr'>conatus</span> <span class='ocrx_word' id='word_1_215' title='bbox 1259 503 1306 539; x_wconf 92' lang='lat' dir='ltr'>ut</span> <span class='ocrx_word' id='word_1_216' title='bbox 1338 499 1548 540; x_wconf 87' lang='lat' dir='ltr'>facerent:</span> <span class='ocrx_word' id='word_1_217' title='bbox 1587 511 1639 539; x_wconf 90' lang='lat' dir='ltr'>ac</span> <span class='ocrx_word' id='word_1_218' title='bbox 1676 511 1756 551; x_wconf 92' lang='lat' dir='ltr'>per</span> <span class='ocrx_word' id='word_1_219' title='bbox 1789 498 1874 539; x_wconf 95' lang='lat' dir='ltr'>hoc</span> 
     </span>
     <span class='ocr_line' id='line_1_49' title="bbox 1039 554 1874 606; baseline 0 -12"><span class='ocrx_word' id='word_1_220' title='bbox 1039 555 1176 604; x_wconf 89' lang='lat' dir='ltr'>Deus,</span> <span class='ocrx_word' id='word_1_221' title='bbox 1201 554 1275 606; x_wconf 92' lang='lat' dir='ltr'>qui</span> <span class='ocrx_word' id='word_1_222' title='bbox 1296 557 1505 606; x_wconf 88' lang='lat' dir='ltr'>operatur</span> <span class='ocrx_word' id='word_1_223' title='bbox 1524 555 1569 595; x_wconf 91' lang='lat' dir='ltr'>in</span> <span class='ocrx_word' id='word_1_224' title='bbox 1589 555 1679 595; x_wconf 91' lang='lat' dir='ltr'>suis</span> <span class='ocrx_word' id='word_1_225' title='bbox 1699 559 1743 596; x_wconf 90' lang='lat' dir='ltr'>et</span> <span class='ocrx_word' id='word_1_226' title='bbox 1761 554 1874 595; x_wconf 89' lang='lat' dir='ltr'>velle</span> 
     </span>
     <span class='ocr_line' id='line_1_50' title="bbox 1041 610 1874 663; baseline 0 -12"><span class='ocrx_word' id='word_1_227' title='bbox 1041 614 1085 651; x_wconf 89' lang='lat' dir='ltr'>et</span> <span class='ocrx_word' id='word_1_228' title='bbox 1115 610 1330 662; x_wconf 87' lang='lat' dir='ltr'>perficere</span> <span class='ocrx_word' id='word_1_229' title='bbox 1366 623 1448 663; x_wconf 90' lang='lat' dir='ltr'>pro</span> <span class='ocrx_word' id='word_1_230' title='bbox 1486 611 1604 652; x_wconf 89' lang='lat' dir='ltr'>bona</span> <span class='ocrx_word' id='word_1_231' title='bbox 1635 610 1874 659; x_wconf 87' lang='lat' dir='ltr'>voluntate,</span> 
     </span>
     <span class='ocr_line' id='line_1_51' title="bbox 1040 666 1874 719; baseline 0.002 -13"><span class='ocrx_word' id='word_1_232' title='bbox 1040 666 1138 706; x_wconf 85' lang='lat' dir='ltr'>haec</span> <span class='ocrx_word' id='word_1_233' title='bbox 1166 667 1313 707; x_wconf 90' lang='lat' dir='ltr'>omnia</span> <span class='ocrx_word' id='word_1_234' title='bbox 1339 667 1436 719; x_wconf 93' lang='lat' dir='ltr'>ipse</span> <span class='ocrx_word' id='word_1_235' title='bbox 1466 668 1617 719; x_wconf 88' lang='lat' dir='ltr'>coepit,</span> <span class='ocrx_word' id='word_1_236' title='bbox 1654 667 1751 719; x_wconf 89' lang='lat' dir='ltr'>ipse</span> <span class='ocrx_word' id='word_1_237' title='bbox 1777 679 1874 719; x_wconf 89' lang='lat' dir='ltr'>per-</span> 
     </span>
     <span class='ocr_line' id='line_1_52' title="bbox 1040 721 1609 776; baseline 0.002 -14"><span class='ocrx_word' id='word_1_238' title='bbox 1040 721 1154 763; x_wconf 80' lang='lat' dir='ltr'>fecit.</span> <span class='ocrx_word' id='word_1_239' title='bbox 1215 721 1267 772; x_wconf 67' lang='lat' dir='ltr'>Ra-</span> <span class='ocrx_word' id='word_1_240' title='bbox 1286 722 1323 763; x_wconf 88' lang='lat' dir='ltr'>O</span> <span class='ocrx_word' id='word_1_241' title='bbox 1346 736 1487 775; x_wconf 90' lang='lat' dir='ltr'>quam.</span> <span class='ocrx_word' id='word_1_242' title='bbox 1512 723 1609 776; x_wconf 92' lang='lat'>[118]</span> 
     </span>
     <span class='ocr_line' id='line_1_53' title="bbox 1350 785 1578 825; baseline 0.004 -2"><span class='ocrx_word' id='word_1_243' title='bbox 1350 785 1503 825; x_wconf 89' lang='lat' dir='ltr'>Lectio</span> <span class='ocrx_word' id='word_1_244' title='bbox 1524 785 1578 825; x_wconf 77' lang='lat' dir='ltr'>vi.</span> 
     </span>
    </p>

    <p class='ocr_par' dir='ltr' id='par_1_9' title="bbox 1128 843 1876 897">
     <span class='ocr_line' id='line_1_54' title="bbox 1128 843 1876 897; baseline 0 -12"><span class='ocrx_word' id='word_1_245' title='bbox 1128 848 1147 885; x_wconf 90' lang='lat' dir='ltr'>t</span> <span class='ocrx_word' id='word_1_246' title='bbox 1159 844 1260 896; x_wconf 92' lang='lat' dir='ltr'>quia</span> <span class='ocrx_word' id='word_1_247' title='bbox 1280 845 1416 896; x_wconf 90' lang='lat' dir='ltr'>opera</span> <span class='ocrx_word' id='word_1_248' title='bbox 1434 843 1553 886; x_wconf 90' lang='lat' dir='ltr'>bona</span> <span class='ocrx_word' id='word_1_249' title='bbox 1571 844 1615 884; x_wconf 87' lang='lat' dir='ltr'>in</span> <span class='ocrx_word' id='word_1_250' title='bbox 1632 846 1876 897; x_wconf 91' lang='lat' dir='ltr'>conspectu</span> 
     </span>
    </p>

    <p class='ocr_par' dir='ltr' id='par_1_10' title="bbox 1041 900 1878 1457">
     <span class='ocr_line' id='line_1_55' title="bbox 1141 900 1877 952; baseline 0 -11"><span class='ocrx_word' id='word_1_251' title='bbox 1141 913 1222 941; x_wconf 93' lang='lat' dir='ltr'>suo</span> <span class='ocrx_word' id='word_1_252' title='bbox 1255 913 1496 952; x_wconf 89' lang='lat' dir='ltr'>numquam</span> <span class='ocrx_word' id='word_1_253' title='bbox 1528 913 1626 941; x_wconf 89' lang='lat' dir='ltr'>esse</span> <span class='ocrx_word' id='word_1_254' title='bbox 1659 900 1877 952; x_wconf 90' lang='lat' dir='ltr'>permittit</span> 
     </span>
     <span class='ocr_line' id='line_1_56' title="bbox 1041 956 1876 1008; baseline 0.001 -12"><span class='ocrx_word' id='word_1_255' title='bbox 1041 956 1202 1006; x_wconf 89' lang='lat' dir='ltr'>inania,</span> <span class='ocrx_word' id='word_1_256' title='bbox 1230 956 1434 998; x_wconf 91' lang='lat' dir='ltr'>fidelibus</span> <span class='ocrx_word' id='word_1_257' title='bbox 1458 956 1564 1006; x_wconf 87' lang='lat' dir='ltr'>suis,</span> <span class='ocrx_word' id='word_1_258' title='bbox 1594 956 1753 1008; x_wconf 92' lang='lat' dir='ltr'>quibus</span> <span class='ocrx_word' id='word_1_259' title='bbox 1774 969 1876 1008; x_wconf 90' lang='lat' dir='ltr'>ope-</span> 
     </span>
     <span class='ocr_line' id='line_1_57' title="bbox 1041 1012 1876 1064; baseline 0.001 -12"><span class='ocrx_word' id='word_1_260' title='bbox 1041 1012 1240 1053; x_wconf 90' lang='lat' dir='ltr'>rantibus</span> <span class='ocrx_word' id='word_1_261' title='bbox 1267 1012 1459 1064; x_wconf 79' lang='lat' dir='ltr'>pra&#39;ebuit</span> <span class='ocrx_word' id='word_1_262' title='bbox 1486 1013 1663 1054; x_wconf 82' lang='lat' dir='ltr'>virtutis</span> <span class='ocrx_word' id='word_1_263' title='bbox 1698 1025 1789 1053; x_wconf 88' lang='lat' dir='ltr'>suae</span> <span class='ocrx_word' id='word_1_264' title='bbox 1818 1012 1876 1053; x_wconf 90' lang='lat' dir='ltr'>fa-</span> 
     </span>
     <span class='ocr_line' id='line_1_58' title="bbox 1042 1068 1876 1121; baseline 0.001 -12"><span class='ocrx_word' id='word_1_265' title='bbox 1042 1070 1214 1118; x_wconf 87' lang='lat' dir='ltr'>vorem,</span> <span class='ocrx_word' id='word_1_266' title='bbox 1268 1068 1434 1110; x_wconf 83' lang='lat' dir='ltr'>tribuet</span> <span class='ocrx_word' id='word_1_267' title='bbox 1484 1068 1747 1120; x_wconf 87' lang='lat' dir='ltr'>condignam</span> <span class='ocrx_word' id='word_1_268' title='bbox 1793 1081 1876 1121; x_wconf 92' lang='lat' dir='ltr'>pro</span> 
     </span>
     <span class='ocr_line' id='line_1_59' title="bbox 1041 1124 1876 1177; baseline 0 -12"><span class='ocrx_word' id='word_1_269' title='bbox 1041 1128 1164 1165; x_wconf 88' lang='lat' dir='ltr'>tanta</span> <span class='ocrx_word' id='word_1_270' title='bbox 1195 1125 1454 1177; x_wconf 90' lang='lat' dir='ltr'>operatione</span> <span class='ocrx_word' id='word_1_271' title='bbox 1483 1125 1745 1166; x_wconf 81' lang='lat' dir='ltr'>mercedem.</span> <span class='ocrx_word' id='word_1_272' title='bbox 1788 1124 1876 1165; x_wconf 88' lang='lat' dir='ltr'>Ad-</span> 
     </span>
     <span class='ocr_line' id='line_1_60' title="bbox 1041 1180 1877 1233; baseline 0 -12"><span class='ocrx_word' id='word_1_273' title='bbox 1041 1180 1127 1222; x_wconf 93' lang='lat' dir='ltr'>huc</span> <span class='ocrx_word' id='word_1_274' title='bbox 1160 1180 1349 1233; x_wconf 86' lang='lat' dir='ltr'>amplius</span> <span class='ocrx_word' id='word_1_275' title='bbox 1382 1181 1565 1233; x_wconf 85' lang='lat' dir='ltr'>agendae</span> <span class='ocrx_word' id='word_1_276' title='bbox 1594 1186 1695 1223; x_wconf 92' lang='lat' dir='ltr'>sunt</span> <span class='ocrx_word' id='word_1_277' title='bbox 1723 1181 1877 1231; x_wconf 87' lang='lat' dir='ltr'>gratiae</span> 
     </span>
     <span class='ocr_line' id='line_1_61' title="bbox 1041 1237 1877 1286; baseline 0 -9"><span class='ocrx_word' id='word_1_278' title='bbox 1041 1237 1139 1278; x_wconf 93' lang='lat' dir='ltr'>Deo</span> <span class='ocrx_word' id='word_1_279' title='bbox 1159 1241 1324 1278; x_wconf 91' lang='lat' dir='ltr'>nostro.</span> <span class='ocrx_word' id='word_1_280' title='bbox 1352 1237 1480 1279; x_wconf 89' lang='lat' dir='ltr'>Hanc</span> <span class='ocrx_word' id='word_1_281' title='bbox 1500 1237 1616 1279; x_wconf 91' lang='lat' dir='ltr'>enim</span> <span class='ocrx_word' id='word_1_282' title='bbox 1636 1237 1877 1286; x_wconf 81' lang='lat' dir='ltr'>ecclesiam,</span> 
     </span>
     <span class='ocr_line' id='line_1_62' title="bbox 1043 1293 1876 1344; baseline 0 -10"><span class='ocrx_word' id='word_1_283' title='bbox 1043 1305 1174 1344; x_wconf 88' lang='lat' dir='ltr'>quam</span> <span class='ocrx_word' id='word_1_284' title='bbox 1211 1293 1315 1334; x_wconf 88' lang='lat' dir='ltr'>fecit</span> <span class='ocrx_word' id='word_1_285' title='bbox 1350 1293 1517 1334; x_wconf 90' lang='lat' dir='ltr'>nomini</span> <span class='ocrx_word' id='word_1_286' title='bbox 1555 1306 1635 1334; x_wconf 93' lang='lat' dir='ltr'>suo</span> <span class='ocrx_word' id='word_1_287' title='bbox 1669 1293 1876 1342; x_wconf 82' lang='lat' dir='ltr'>construi,</span> 
     </span>
     <span class='ocr_line' id='line_1_63' title="bbox 1042 1349 1878 1401; baseline 0 -12"><span class='ocrx_word' id='word_1_288' title='bbox 1042 1349 1145 1390; x_wconf 88' lang='lat' dir='ltr'>fecit</span> <span class='ocrx_word' id='word_1_289' title='bbox 1181 1349 1312 1390; x_wconf 91' lang='lat' dir='ltr'>etiam</span> <span class='ocrx_word' id='word_1_290' title='bbox 1346 1351 1600 1390; x_wconf 90' lang='lat' dir='ltr'>sanctorum</span> <span class='ocrx_word' id='word_1_291' title='bbox 1632 1349 1878 1401; x_wconf 89' lang='lat' dir='ltr'>Martyrum</span> 
     </span>
     <span class='ocr_line' id='line_1_64' title="bbox 1042 1405 1688 1457; baseline 0 -12"><span class='ocrx_word' id='word_1_292' title='bbox 1042 1405 1239 1456; x_wconf 85' lang='lat' dir='ltr'>reliquiis</span> <span class='ocrx_word' id='word_1_293' title='bbox 1260 1405 1448 1457; x_wconf 85' lang='lat' dir='ltr'>amplius</span> <span class='ocrx_word' id='word_1_294' title='bbox 1467 1405 1688 1446; x_wconf 90' lang='lat' dir='ltr'>honorari.</span> 
     </span>
    </p>

    <p class='ocr_par' dir='ltr' id='par_1_11' title="bbox 1102 1457 1661 1574">
     <span class='ocr_line' id='line_1_65' title="bbox 1102 1457 1643 1514; baseline 0 -12"><span class='ocrx_word' id='word_1_295' title='bbox 1102 1457 1154 1508; x_wconf 74' lang='lat' dir='ltr'>Rz·</span> <span class='ocrx_word' id='word_1_296' title='bbox 1174 1461 1304 1502; x_wconf 89' lang='lat' dir='ltr'>Mane</span> <span class='ocrx_word' id='word_1_297' title='bbox 1322 1474 1516 1512; x_wconf 87' lang='lat' dir='ltr'>surgens.</span> <span class='ocrx_word' id='word_1_298' title='bbox 1545 1461 1643 1514; x_wconf 92' lang='lat'>[118]</span> 
     </span>
     <span class='ocr_line' id='line_1_66' title="bbox 1274 1534 1661 1574; baseline -0.005 0"><span class='ocrx_word' id='word_1_299' title='bbox 1274 1535 1324 1574; x_wconf 91' lang='lat' dir='ltr'>In</span> <span class='ocrx_word' id='word_1_300' title='bbox 1344 1535 1416 1573; x_wconf 88' lang='grc' dir='ltr'><strong>ΙΙΙ.</strong></span> <span class='ocrx_word' id='word_1_301' title='bbox 1436 1534 1661 1572; x_wconf 83' lang='lat' dir='ltr'>Nocturno.</span> 
     </span>
    </p>
   </div>
   <div class='ocr_carea' id='block_1_9' title="bbox 1044 1598 1879 2046">
    <p class='ocr_par' dir='ltr' id='par_1_12' title="bbox 1048 1598 1879 1762">
     <span class='ocr_line' id='line_1_67' title="bbox 1048 1598 1879 1651; baseline 0.001 -12"><span class='ocrx_word' id='word_1_302' title='bbox 1048 1598 1200 1641; x_wconf 90' lang='lat' dir='ltr'>Lectio</span> <span class='ocrx_word' id='word_1_303' title='bbox 1225 1600 1366 1641; x_wconf 90' lang='lat' dir='ltr'>sancti</span> <span class='ocrx_word' id='word_1_304' title='bbox 1384 1600 1612 1651; x_wconf 87' lang='lat' dir='ltr'>Evangelii</span> <span class='ocrx_word' id='word_1_305' title='bbox 1636 1599 1879 1642; x_wconf 74' lang='lat' dir='ltr'>secandum</span> 
     </span>
     <span class='ocr_line' id='line_1_68' title="bbox 1373 1656 1551 1698; baseline 0 -1"><span class='ocrx_word' id='word_1_306' title='bbox 1373 1656 1551 1698; x_wconf 89' lang='lat' dir='ltr'>Lucam.</span> 
     </span>
     <span class='ocr_line' id='line_1_69' title="bbox 1152 1711 1779 1762; baseline -0.01 -7"><span class='ocrx_word' id='word_1_307' title='bbox 1152 1714 1307 1755; x_wconf 90' lang='lat' dir='ltr'>Lectio</span> <span class='ocrx_word' id='word_1_308' title='bbox 1330 1713 1398 1754; x_wconf 86' lang='lat' dir='ltr'>vii.</span> <span class='ocrx_word' id='word_1_309' title='bbox 1598 1711 1701 1762; x_wconf 89' lang='lat' dir='ltr'>Cap.</span> <span class='ocrx_word' id='word_1_310' title='bbox 1721 1711 1779 1750; x_wconf 83' lang='lat'>19.</span> 
     </span>
    </p>

    <p class='ocr_par' dir='ltr' id='par_1_13' title="bbox 1044 1764 1878 1871">
     <span class='ocr_line' id='line_1_70' title="bbox 1044 1764 1878 1871; baseline 0 -61"><span class='ocrx_word' id='word_1_311' title='bbox 1044 1764 1121 1871; x_wconf 87' lang='lat' dir='ltr'>In</span> <span class='ocrx_word' id='word_1_312' title='bbox 1148 1769 1223 1810; x_wconf 92' lang='lat' dir='ltr'>illo</span> <span class='ocrx_word' id='word_1_313' title='bbox 1251 1771 1468 1822; x_wconf 90' lang='lat' dir='ltr'>tempore:</span> <span class='ocrx_word' id='word_1_314' title='bbox 1496 1770 1726 1820; x_wconf 86' lang='lat' dir='ltr'>1ngressus</span> <span class='ocrx_word' id='word_1_315' title='bbox 1750 1769 1775 1809; x_wconf 91' lang='lat' dir='ltr'><strong>J</strong></span> <span class='ocrx_word' id='word_1_316' title='bbox 1778 1782 1878 1810; x_wconf 92' lang='lat' dir='ltr'>esus</span> 
     </span>
    </p>

    <p class='ocr_par' dir='ltr' id='par_1_14' title="bbox 1044 1825 1879 2046">
     <span class='ocr_line' id='line_1_71' title="bbox 1111 1825 1878 1878; baseline 0 -12"><span class='ocrx_word' id='word_1_317' title='bbox 1111 1825 1449 1878; x_wconf 87' lang='lat' dir='ltr'>perambulabat</span> <span class='ocrx_word' id='word_1_318' title='bbox 1471 1826 1496 1866; x_wconf 90' lang='lat' dir='ltr'>J</span> <span class='ocrx_word' id='word_1_319' title='bbox 1500 1825 1658 1866; x_wconf 92' lang='lat' dir='ltr'>ericho.</span> <span class='ocrx_word' id='word_1_320' title='bbox 1692 1825 1749 1866; x_wconf 91' lang='lat' dir='ltr'>Et</span> <span class='ocrx_word' id='word_1_321' title='bbox 1775 1838 1878 1866; x_wconf 90' lang='lat' dir='ltr'>ecce</span> 
     </span>
     <span class='ocr_line' id='line_1_72' title="bbox 1044 1880 1878 1933; baseline -0.001 -11"><span class='ocrx_word' id='word_1_322' title='bbox 1044 1882 1111 1922; x_wconf 92' lang='lat' dir='ltr'>vir</span> <span class='ocrx_word' id='word_1_323' title='bbox 1134 1882 1312 1923; x_wconf 89' lang='lat' dir='ltr'>nomine</span> <span class='ocrx_word' id='word_1_324' title='bbox 1331 1881 1561 1923; x_wconf 83' lang='lat' dir='ltr'>Zachaeus:</span> <span class='ocrx_word' id='word_1_325' title='bbox 1595 1886 1638 1922; x_wconf 92' lang='lat' dir='ltr'>et</span> <span class='ocrx_word' id='word_1_326' title='bbox 1665 1880 1737 1921; x_wconf 90' lang='lat' dir='ltr'>hic</span> <span class='ocrx_word' id='word_1_327' title='bbox 1763 1881 1878 1933; x_wconf 90' lang='lat' dir='ltr'>prin-</span> 
     </span>
     <span class='ocr_line' id='line_1_73' title="bbox 1046 1937 1879 1990; baseline -0.001 -11"><span class='ocrx_word' id='word_1_328' title='bbox 1046 1951 1150 1990; x_wconf 85' lang='lat' dir='ltr'>ceps</span> <span class='ocrx_word' id='word_1_329' title='bbox 1183 1942 1278 1979; x_wconf 90' lang='lat' dir='ltr'>erat</span> <span class='ocrx_word' id='word_1_330' title='bbox 1308 1937 1661 1990; x_wconf 82' lang='lat' dir='ltr'>publicanorum,</span> <span class='ocrx_word' id='word_1_331' title='bbox 1707 1943 1751 1978; x_wconf 92' lang='lat' dir='ltr'>et</span> <span class='ocrx_word' id='word_1_332' title='bbox 1781 1937 1879 1990; x_wconf 89' lang='lat' dir='ltr'>ipse</span> 
     </span>
     <span class='ocr_line' id='line_1_74' title="bbox 1047 1993 1476 2046; baseline -0.002 -11"><span class='ocrx_word' id='word_1_333' title='bbox 1047 1993 1181 2035; x_wconf 90' lang='lat' dir='ltr'>dives.</span> <span class='ocrx_word' id='word_1_334' title='bbox 1220 1994 1277 2035; x_wconf 90' lang='lat' dir='ltr'>Et</span> <span class='ocrx_word' id='word_1_335' title='bbox 1295 1993 1476 2046; x_wconf 89' lang='lat' dir='ltr'>reliqua.</span> 
     </span>
    </p>
   </div>
   <div class='ocr_carea' id='block_1_10' title="bbox 1089 2028 1845 2104">
    <p class='ocr_par' dir='ltr' id='par_1_15' title="bbox 1089 2028 1845 2104">
     <span class='ocr_line' id='line_1_75' title="bbox 1089 2028 1845 2104; baseline 0.004 -3"><span class='ocrx_word' id='word_1_336' title='bbox 1089 2061 1154 2104; x_wconf 93' lang='lat' dir='ltr'>De</span> <span class='ocrx_word' id='word_1_337' title='bbox 1182 2062 1375 2103; x_wconf 90' lang='lat' dir='ltr'>Homilia</span> <span class='ocrx_word' id='word_1_338' title='bbox 1402 2028 1679 2104; x_wconf 84' lang='lat' dir='ltr'>Venerabilis</span> <span class='ocrx_word' id='word_1_339' title='bbox 1707 2062 1845 2104; x_wconf 86' lang='lat' dir='ltr'>Bedae</span> 
     </span>
    </p>
   </div>
   <div class='ocr_carea' id='block_1_11' title="bbox 1171 2118 1763 2217">
    <p class='ocr_par' dir='ltr' id='par_1_16' title="bbox 1171 2118 1763 2217">
     <span class='ocr_line' id='line_1_76' title="bbox 1331 2118 1596 2171; baseline 0 -12"><span class='ocrx_word' id='word_1_340' title='bbox 1331 2118 1596 2171; x_wconf 72' lang='lat' dir='ltr'>Presbyteri.</span> 
     </span>
     <span class='ocr_line' id='line_1_77' title="bbox 1171 2172 1763 2217; baseline -0.007 -8"><span class='ocrx_word' id='word_1_341' title='bbox 1171 2175 1255 2210; x_wconf 92' lang='lat' dir='ltr'>Lib.</span> <span class='ocrx_word' id='word_1_342' title='bbox 1279 2174 1309 2208; x_wconf 88' lang='lat'>5.</span> <span class='ocrx_word' id='word_1_343' title='bbox 1335 2173 1428 2217; x_wconf 89' lang='lat' dir='ltr'>Cap.</span> <span class='ocrx_word' id='word_1_344' title='bbox 1452 2172 1505 2207; x_wconf 89' lang='lat'>77.</span> <span class='ocrx_word' id='word_1_345' title='bbox 1530 2173 1569 2206; x_wconf 91' lang='lat' dir='ltr'>in</span> <span class='ocrx_word' id='word_1_346' title='bbox 1594 2173 1685 2206; x_wconf 91' lang='lat' dir='ltr'>Luc.</span> <span class='ocrx_word' id='word_1_347' title='bbox 1712 2172 1763 2206; x_wconf 85' lang='lat'>19.</span> 
     </span>
    </p>
   </div>
   <div class='ocr_carea' id='block_1_12' title="bbox 991 2230 1880 2327">
    <p class='ocr_par' dir='ltr' id='par_1_17' title="bbox 991 2230 1880 2327">
     <span class='ocr_line' id='line_1_78' title="bbox 991 2230 1880 2327; baseline 0.002 -57"><span class='ocrx_word' id='word_1_348' title='bbox 991 2280 1001 2289; x_wconf 89' lang='lat'>.</span> <span class='ocrx_word' id='word_1_349' title='bbox 1054 2243 1064 2310; x_wconf 76' lang='lat'>]</span> <span class='ocrx_word' id='word_1_350' title='bbox 1087 2234 1182 2327; x_wconf 45' lang='lat'>7&gt;</span> <span class='ocrx_word' id='word_1_351' title='bbox 1207 2243 1306 2271; x_wconf 88' lang='lat' dir='ltr'>cum</span> <span class='ocrx_word' id='word_1_352' title='bbox 1329 2232 1524 2272; x_wconf 89' lang='lat' dir='ltr'>venisset</span> <span class='ocrx_word' id='word_1_353' title='bbox 1549 2230 1606 2272; x_wconf 90' lang='lat' dir='ltr'>ad</span> <span class='ocrx_word' id='word_1_354' title='bbox 1630 2231 1792 2280; x_wconf 91' lang='lat' dir='ltr'>locum,</span> <span class='ocrx_word' id='word_1_355' title='bbox 1813 2244 1880 2272; x_wconf 93' lang='lat' dir='ltr'>su-</span> 
     </span>
    </p>
   </div>
   <div class='ocr_carea' id='block_1_13' title="bbox 1048 2286 1882 2786">
    <p class='ocr_par' dir='ltr' id='par_1_18' title="bbox 1048 2286 1882 2786">
     <span class='ocr_line' id='line_1_79' title="bbox 1055 2286 1882 2346; baseline 0.001 -20"><span class='ocrx_word' id='word_1_356' title='bbox 1055 2312 1063 2343; x_wconf 49' lang='grc'>,</span> <span class='ocrx_word' id='word_1_357' title='bbox 1086 2307 1135 2344; x_wconf 36' lang='lat'>3323?</span> <span class='ocrx_word' id='word_1_358' title='bbox 1148 2311 1157 2346; x_wconf 53' lang='lat'>*.</span> <span class='ocrx_word' id='word_1_359' title='bbox 1178 2286 1367 2338; x_wconf 90' lang='lat' dir='ltr'>spiciens</span> <span class='ocrx_word' id='word_1_360' title='bbox 1378 2287 1402 2327; x_wconf 88' lang='lat' dir='ltr'><strong>J</strong></span> <span class='ocrx_word' id='word_1_361' title='bbox 1405 2299 1506 2328; x_wconf 92' lang='lat' dir='ltr'>esus</span> <span class='ocrx_word' id='word_1_362' title='bbox 1516 2286 1627 2328; x_wconf 91' lang='lat' dir='ltr'>vidit</span> <span class='ocrx_word' id='word_1_363' title='bbox 1636 2287 1769 2328; x_wconf 83' lang='lat' dir='ltr'>illum.</span> <span class='ocrx_word' id='word_1_364' title='bbox 1787 2287 1882 2328; x_wconf 92' lang='lat' dir='ltr'>Per—</span> 
     </span>
     <span class='ocr_line' id='line_1_80' title="bbox 1049 2341 1880 2392; baseline 0 -10"><span class='ocrx_word' id='word_1_365' title='bbox 1049 2342 1157 2365; x_wconf 37' lang='lat' dir='ltr'>La.</span> <span class='ocrx_word' id='word_1_366' title='bbox 1179 2341 1408 2383; x_wconf 88' lang='lat' dir='ltr'>ambulans</span> <span class='ocrx_word' id='word_1_367' title='bbox 1444 2343 1469 2383; x_wconf 91' lang='lat' dir='ltr'><strong>J</strong></span> <span class='ocrx_word' id='word_1_368' title='bbox 1471 2343 1620 2385; x_wconf 88' lang='lat' dir='ltr'>ericho</span> <span class='ocrx_word' id='word_1_369' title='bbox 1643 2343 1880 2392; x_wconf 61' lang='lat' dir='ltr'>Salvator,</span> 
     </span>
     <span class='ocr_line' id='line_1_81' title="bbox 1048 2397 1880 2452; baseline 0 -13"><span class='ocrx_word' id='word_1_370' title='bbox 1048 2397 1168 2439; x_wconf 91' lang='lat' dir='ltr'>venit</span> <span class='ocrx_word' id='word_1_371' title='bbox 1202 2397 1260 2439; x_wconf 85' lang='lat' dir='ltr'>ad</span> <span class='ocrx_word' id='word_1_372' title='bbox 1290 2397 1455 2449; x_wconf 85' lang='lat' dir='ltr'>locum,</span> <span class='ocrx_word' id='word_1_373' title='bbox 1494 2398 1570 2441; x_wconf 94' lang='lat' dir='ltr'>ubi</span> <span class='ocrx_word' id='word_1_374' title='bbox 1602 2402 1880 2452; x_wconf 77' lang='lat' dir='ltr'>praecurrens</span> 
     </span>
     <span class='ocr_line' id='line_1_82' title="bbox 1049 2453 1880 2506; baseline 0 -12"><span class='ocrx_word' id='word_1_375' title='bbox 1049 2453 1265 2494; x_wconf 86' lang='lat' dir='ltr'>Zachaeus</span> <span class='ocrx_word' id='word_1_376' title='bbox 1302 2456 1582 2506; x_wconf 81' lang='lat' dir='ltr'>sycomorum</span> <span class='ocrx_word' id='word_1_377' title='bbox 1615 2453 1880 2502; x_wconf 84' lang='lat' dir='ltr'>conscende-</span> 
     </span>
     <span class='ocr_line' id='line_1_83' title="bbox 1049 2509 1881 2563; baseline 0.001 -14"><span class='ocrx_word' id='word_1_378' title='bbox 1049 2513 1132 2550; x_wconf 88' lang='lat' dir='ltr'>rat:</span> <span class='ocrx_word' id='word_1_379' title='bbox 1166 2509 1268 2562; x_wconf 86' lang='lat' dir='ltr'>quia</span> <span class='ocrx_word' id='word_1_380' title='bbox 1293 2510 1439 2551; x_wconf 91' lang='lat' dir='ltr'>missis</span> <span class='ocrx_word' id='word_1_381' title='bbox 1467 2523 1548 2563; x_wconf 91' lang='lat' dir='ltr'>per</span> <span class='ocrx_word' id='word_1_382' title='bbox 1574 2510 1786 2551; x_wconf 90' lang='lat' dir='ltr'>mundum</span> <span class='ocrx_word' id='word_1_383' title='bbox 1813 2509 1881 2550; x_wconf 94' lang='lat' dir='ltr'>sui</span> 
     </span>
     <span class='ocr_line' id='line_1_84' title="bbox 1049 2565 1881 2618; baseline 0 -12"><span class='ocrx_word' id='word_1_384' title='bbox 1049 2565 1174 2607; x_wconf 89' lang='lat' dir='ltr'>verbi</span> <span class='ocrx_word' id='word_1_385' title='bbox 1199 2567 1496 2618; x_wconf 83' lang='lat' dir='ltr'>praeconibus,</span> <span class='ocrx_word' id='word_1_386' title='bbox 1530 2567 1573 2607; x_wconf 91' lang='lat' dir='ltr'>in</span> <span class='ocrx_word' id='word_1_387' title='bbox 1599 2566 1758 2618; x_wconf 92' lang='lat' dir='ltr'>quibus</span> <span class='ocrx_word' id='word_1_388' title='bbox 1784 2565 1881 2617; x_wconf 91' lang='lat' dir='ltr'>ipse</span> 
     </span>
     <span class='ocr_line' id='line_1_85' title="bbox 1050 2621 1880 2675; baseline 0 -14"><span class='ocrx_word' id='word_1_389' title='bbox 1050 2622 1253 2662; x_wconf 91' lang='lat' dir='ltr'>nimirum</span> <span class='ocrx_word' id='word_1_390' title='bbox 1272 2627 1316 2664; x_wconf 90' lang='lat' dir='ltr'>et</span> <span class='ocrx_word' id='word_1_391' title='bbox 1334 2622 1598 2675; x_wconf 90' lang='lat' dir='ltr'>loquebatur</span> <span class='ocrx_word' id='word_1_392' title='bbox 1618 2626 1662 2663; x_wconf 89' lang='lat' dir='ltr'>et</span> <span class='ocrx_word' id='word_1_393' title='bbox 1679 2621 1786 2670; x_wconf 86' lang='lat' dir='ltr'>ibat,</span> <span class='ocrx_word' id='word_1_394' title='bbox 1810 2633 1880 2661; x_wconf 93' lang='lat' dir='ltr'>ve-</span> 
     </span>
     <span class='ocr_line' id='line_1_86' title="bbox 1050 2677 1880 2731; baseline -0.002 -13"><span class='ocrx_word' id='word_1_395' title='bbox 1050 2677 1114 2718; x_wconf 93' lang='lat' dir='ltr'>nit</span> <span class='ocrx_word' id='word_1_396' title='bbox 1133 2677 1190 2718; x_wconf 92' lang='lat' dir='ltr'>ad</span> <span class='ocrx_word' id='word_1_397' title='bbox 1206 2678 1420 2731; x_wconf 90' lang='lat' dir='ltr'>populum</span> <span class='ocrx_word' id='word_1_398' title='bbox 1438 2678 1673 2727; x_wconf 87' lang='lat' dir='ltr'>nationum,</span> <span class='ocrx_word' id='word_1_399' title='bbox 1695 2677 1769 2728; x_wconf 92' lang='lat' dir='ltr'>qui</span> <span class='ocrx_word' id='word_1_400' title='bbox 1783 2689 1880 2728; x_wconf 89' lang='lat' dir='ltr'>pas-</span> 
     </span>
     <span class='ocr_line' id='line_1_87' title="bbox 1051 2732 1881 2786; baseline -0.002 -12"><span class='ocrx_word' id='word_1_401' title='bbox 1051 2734 1188 2774; x_wconf 91' lang='lat' dir='ltr'>sionis</span> <span class='ocrx_word' id='word_1_402' title='bbox 1214 2735 1305 2786; x_wconf 73' lang='lat' dir='ltr'>eJus</span> <span class='ocrx_word' id='word_1_403' title='bbox 1329 2734 1418 2776; x_wconf 89' lang='lat' dir='ltr'>fide</span> <span class='ocrx_word' id='word_1_404' title='bbox 1442 2735 1528 2786; x_wconf 86' lang='lat' dir='ltr'>jam</span> <span class='ocrx_word' id='word_1_405' title='bbox 1551 2732 1748 2775; x_wconf 91' lang='lat' dir='ltr'>sublimis</span> <span class='ocrx_word' id='word_1_406' title='bbox 1772 2733 1881 2773; x_wconf 82' lang='lat' dir='ltr'>exsi-</span> 
     </span>
    </p>
   </div>
   <div class='ocr_carea' id='block_1_14' title="bbox 91 171 1954 2838">
    <p class='ocr_par' dir='ltr' id='par_1_19' title="bbox 91 171 1954 2838">
     <span class='ocr_line' id='line_1_88' title="bbox 91 171 1954 2838; baseline 0 0"><span class='ocrx_word' id='word_1_407' title='bbox 91 171 1954 2838; x_wconf 95' lang='lat' dir='ltr'> </span> 
     </span>
    </p>
   </div>
  </div>
 </body>
</html>
