2040 2976
545 242 617 275 Dic
644 242 692 276 15.
717 241 835 275 Junii.
882 240 917 275 S.
943 241 1147 275 Germanae
1173 242 1318 276 Cousin
1347 242 1448 283 Yirg.

146 339 272 382 tiam?
327 339 424 392 quis
469 337 571 378 huic
615 338 768 388 gratiae
813 338 976 388 gratias

148 396 320 451 agendo
340 392 550 436 sufficiat?
579 393 650 435 Fit
672 393 814 444 homo,
835 398 879 436 et
897 406 977 447 per

146 453 332 495 liberum
359 450 586 493 arbitrium
613 450 727 502 perit
754 450 904 500 homo,
933 455 977 492 et

146 509 364 550 invenitur
394 507 528 549 homo
562 506 721 555 factus,
755 507 829 558 qui
861 507 976 556 fecit,

146 579 200 608 ne
225 567 403 618 periret,
436 576 566 616 quem
590 562 704 603 fecit.
746 563 797 603 In
820 563 976 615 princi-

146 621 221 675 pio
235 620 433 663 Verbum
447 620 569 661 Deus
589 619 707 672 apud
724 619 878 669 Deum,
897 632 977 672 per

148 677 268 731 quod
301 678 448 719 omnia
474 676 591 718 facta
620 680 738 726 sunt,
775 676 826 717 fit
856 688 977 717 caro:

146 734 344 777 Verbum
369 746 472 775 caro
496 733 661 775 factum
684 737 768 782 est,
796 737 838 773 et
857 732 976 774 habi-

146 791 257 833 tavit
285 791 330 832 in
356 790 496 832 nobis.
549 790 662 832 Caro
690 789 741 830 fit
767 788 977 839 Verbum,

147 847 227 890 sed
251 860 354 889 caro
380 846 551 889 accedit
570 846 627 888 ad
646 845 862 895 Verbum,
890 859 978 887 non

148 904 278 957 periit
300 904 343 945 in
364 917 494 946 carne
512 902 721 946 Verbum.
757 902 794 943 O
819 901 977 953 gratia!

149 966 196 1003 ut
214 961 300 1047 hoc
318 960 591 1011 haberemus,
618 958 724 1013 quid
743 958 863 1010 digni
884 961 975 1000 era-

147 1031 261 1059 mus.

203 1074 264 1116 Te
283 1075 426 1115 Deum
444 1072 686 1116 laudamus.
704 1074 763 1114 13.

200 1136 245 1170 In
267 1135 386 1169 Laud.
417 1135 457 1169 fit
482 1144 615 1169 comm.
641 1133 698 1167 Ss.
723 1133 830 1167 Mart.
860 1133 978 1167 Primi

150 1188 186 1218 et
208 1183 406 1218 Feliciani.

204 1235 275 1276 Ad
294 1234 428 1276 Laud.
455 1234 554 1275 Ant.
574 1233 722 1275 Vestri
742 1232 892 1285 capilli
912 1234 978 1273 ca-

149 1291 253 1344 pitis
278 1303 431 1332 omnes
458 1290 676 1332 numerati
700 1294 815 1331 sunt:
844 1288 979 1330 nolite

148 1348 319 1389 timere:
337 1346 485 1388 multis
503 1346 756 1399 passeribus
774 1346 979 1387 meliores

151 1404 256 1446 estis
274 1417 367 1446 vos.

202 1458 253 1510 V.
275 1461 571 1503 Exsultabunt
597 1460 738 1502 sancti
761 1460 805 1501 in
830 1459 979 1511 gloria.

150 1519 201 1571 Rz.
217 1517 507 1559 Laetabuntur
526 1518 571 1559 in
591 1517 808 1559 cubilibus
827 1516 928 1557 suis.

412 1614 497 1656 Die
518 1615 577 1655 15.
595 1613 721 1656 Junii.

229 1682 272 1723 S.
295 1681 558 1726 Germanae
580 1682 762 1724 Cousin
781 1681 901 1731 Virg.

481 1744 646 1787 Duplex.

205 1800 342 1835 Omnia
367 1801 414 1835 de
440 1801 584 1836 Comm.
609 1801 714 1844 Virg.
736 1801 809 1845 [83]
839 1806 980 1844 praeter

152 1850 362 1893 sequentia.

486 1902 651 1943 Oratio.

239 1973 334 2010 euS‚
371 1960 597 2003 humilium
634 1961 868 2011 celsitudo,
907 1962 981 2014 qui

246 2016 423 2058 beatam
455 2017 721 2059 Germanam
753 2018 980 2069 Virginem

150 2077 271 2114 tuam
295 2074 490 2116 caritatis
513 2079 557 2116 et
574 2075 798 2128 patientiae
819 2075 980 2116 decore

151 2130 366 2172 excellere
394 2129 666 2184 disposuisti:
693 2133 784 2183 ejus
812 2130 979 2172 meritis

152 2191 196 2228 et
222 2187 537 2230 intercessione
566 2188 775 2239 concede;
810 2193 858 2229 ut
886 2200 978 2229 cru-

151 2255 247 2284 cem
265 2244 421 2296 jugiter
438 2244 643 2295 ferentes,
661 2250 705 2286 te
726 2257 900 2297 semper
919 2243 979 2285 di-

149 2298 285 2351 ligere
300 2300 534 2343 valeamus.
561 2301 646 2343 Per
665 2301 914 2342 Dominum.

204 2355 249 2389 In
278 2355 305 2390 1.
335 2355 535 2391 Nocturno
565 2355 769 2390 Lectiones
803 2354 849 2388 de
882 2353 979 2388 Scri-

151 2407 265 2447 ptura
289 2409 522 2440 occurrente.

376 2476 425 2514 In
452 2476 502 2515 ΙΙ.
531 2475 754 2515 Nocturno.

454 2536 606 2577 Lectio
627 2536 680 2575 iv.

157 2605 462 2661 Jff„{?,}'fiffl·ma1m
476 2604 639 2645 Cousin
653 2602 838 2650 Pibraei,
859 2600 979 2653 quod

186 2657 253 2679 ⁶
265 2657 278 2710 Ϊξ
303 2660 518 2713 oppidum
537 2665 604 2702 est
618 2659 855 2700 Tolosanae
873 2656 978 2698 dioe-

220 2715 274 2740 ³³ss
302 2716 430 2766 cesis,
461 2716 615 2758 humili
642 2715 742 2756 loco
770 2718 890 2762 nata,
922 2711 977 2753 ab

151 2771 248 2823 ipsa
279 2784 394 2824 pene
425 2772 605 2814 infantia
631 2769 839 2822 gravibus
869 2771 978 2810 aeru-

311 2912 374 2936 Pars
392 2912 499 2935 AEstiva.

1028 338 1142 378 mnis
1162 338 1241 380 fuit
1256 339 1459 380 obnoxia.
1487 338 1596 379 Cum
1613 339 1726 380 enim
1740 351 1858 379 man-

1031 406 1083 434 ea
1102 399 1234 444 esset,
1253 399 1297 436 et
1317 395 1494 437 strumis
1513 395 1688 445 infecta,
1709 395 1859 436 statim

1029 455 1134 502 post
1176 450 1342 492 obitum
1382 451 1535 506 matris
1575 452 1619 492 in
1654 454 1857 493 novercae

1032 506 1182 548 odium
1212 507 1382 557 incidit,
1420 509 1600 559 ejusque
1634 510 1770 561 opera
1804 507 1859 550 de

1030 566 1214 616 paterna
1234 564 1367 606 domo
1388 566 1525 616 ejecta
1548 570 1592 606 et
1611 564 1858 606 custodien-

1032 620 1099 662 dis
1119 620 1326 672 gregibus
1346 620 1539 671 addicta,
1566 621 1661 663 solo
1682 634 1796 674 pane
1816 626 1860 663 et

1031 690 1146 729 aqua
1174 677 1394 727 victitans,
1429 683 1472 719 et
1505 691 1638 730 super
1666 683 1859 719 stramen

1031 739 1106 775 aut
1135 733 1284 775 aridos
1311 735 1516 787 palmites
1540 735 1583 775 in
1608 735 1706 787 ipsa
1731 736 1860 787 pecu-

1032 790 1137 831 dum
1169 791 1295 832 caula
1327 804 1528 832 somnum
1561 803 1763 844 carpens,
1800 791 1859 831 vi-

1032 851 1122 888 tam
1144 847 1188 887 in
1213 860 1382 888 summa
1403 850 1600 899 egestate
1625 851 1860 900 rerumque

1032 904 1228 945 omnium
1256 904 1405 957 inopia
1428 903 1643 945 toleravit.
1680 905 1790 945 Haec
1819 909 1862 946 et

1033 960 1132 1010 alia,
1160 960 1318 1013 quibus
1344 960 1541 1012 quotidie
1566 960 1860 1012 premebatur,

1032 1017 1223 1068 frigoris,
1248 1022 1382 1059 aestus
1407 1023 1450 1059 et
1473 1017 1677 1059 imbrium
1700 1018 1861 1059 incom-

1031 1073 1180 1123 moda,
1217 1074 1321 1126 quin
1354 1074 1485 1115 etiam
1518 1072 1862 1116 domesticorum

1033 1131 1231 1172 convicia
1282 1135 1327 1172 et
1376 1130 1707 1179 insectationes,
1761 1130 1863 1172 forti

1033 1200 1207 1239 semper
1226 1188 1390 1237 animo,
1420 1192 1463 1229 et
1490 1199 1567 1228 ore
1592 1187 1648 1228 ad
1671 1187 1862 1228 hilarita-

1033 1249 1122 1285 tem
1144 1244 1409 1297 composito,
1428 1257 1516 1285 non
1537 1244 1680 1285 solum
1696 1243 1862 1296 patien-

1034 1300 1201 1342 tissime
1225 1301 1341 1351 tulit,
1373 1300 1452 1342 sed
1479 1301 1645 1352 majora
1671 1300 1764 1352 pati
1792 1313 1862 1341 ex-

1034 1357 1258 1408 cogitavit,
1285 1362 1334 1398 ut
1360 1357 1596 1399 conformis
1615 1356 1741 1398 fieret
1758 1356 1862 1397 ima-

1031 1414 1121 1465 gini
1157 1414 1255 1454 Filii
1292 1414 1394 1464 Dei,
1434 1426 1565 1465 quem
1598 1413 1724 1454 unice
1765 1417 1861 1455 toto

1033 1469 1179 1512 cordis
1200 1470 1358 1512 affectu
1378 1470 1542 1512 dilexit.

1087 1530 1139 1581 R.
1175 1527 1364 1580 Propter
1395 1527 1638 1575 veritatem,
1671 1530 1714 1567 et
1745 1538 1861 1566 man-

1034 1584 1325 1634 suetudinem,
1354 1588 1398 1625 et
1425 1583 1647 1635 justitiam,
1666 1583 1688 1605 *
1708 1582 1765 1623 Et
1790 1580 1860 1622 de-

1034 1641 1166 1683 ducet
1201 1646 1246 1682 te
1277 1639 1533 1681 mirabiliter
1564 1638 1745 1680 dextera
1776 1643 1862 1679 tua.

1035 1692 1086 1744 V.
1102 1698 1257 1750 Specie
1276 1702 1362 1746 tua,
1383 1701 1426 1738 et
1444 1694 1769 1748 pulchritudine
1787 1699 1863 1735 tua

1032 1754 1224 1804 intende,
1252 1756 1467 1806 prospere
1491 1751 1700 1804 procede,
1729 1755 1773 1792 et
1799 1763 1862 1791 re-

1033 1824 1129 1862 gna.
1157 1811 1215 1852 Et
1234 1810 1435 1851 deducet.

1346 1864 1496 1905 Lectio
1518 1878 1554 1903 v.

1037 1918 1172 2025 Sive
1214 1923 1330 1964 enim
1371 1934 1549 1973 gregem
1584 1919 1641 1961 ad
1678 1921 1862 1972 pascua,

1124 1981 1216 2021 sive
1252 1979 1297 2019 in
1335 1978 1462 2020 arvis⁴
1485 1977 1672 2018 stamina
1705 1988 1729 2017 e
1761 1975 1860 2017 colo

1034 2036 1232 2085 duceret,
1263 2039 1410 2077 mente
1443 2038 1486 2075 et
1518 2033 1786 2084 cogitatione
1818 2032 1861 2072 in

1032 2094 1176 2135 Deum
1216 2092 1378 2138 defixa,
1420 2089 1619 2132 assiduas
1651 2088 1863 2130 fundebat

1032 2162 1206 2203 preces,
1252 2153 1295 2190 et
1331 2147 1488 2200 positis
1524 2146 1645 2187 humi
1678 2144 1862 2196 genibus

1033 2211 1133 2248 ante
1167 2204 1307 2247 crucis
1340 2204 1527 2254 signum,
1548 2201 1861 2244 >ardentissimi

1033 2262 1193 2304 amoris
1239 2266 1374 2302 aestus
1424 2272 1571 2301 rerum
1617 2258 1861 2300 coelestium

1034 2317 1402 2370 contemplatione
1420 2314 1710 2369 temperabat.
1746 2315 1860 2364 Quo-

1030 2375 1138 2417 tidie
1187 2373 1401 2426 templum
1451 2371 1589 2422 adire,
1644 2369 1860 2412 sacrificio

1030 2431 1180 2472 Missae
1199 2430 1422 2479 interesse,
1443 2433 1486 2470 et
1506 2427 1687 2479 singulis
1706 2424 1860 2467 diebus

1030 2486 1153 2528 festis
1173 2498 1220 2527 se
1245 2485 1406 2527 divinae
1428 2496 1593 2526 mensae
1612 2481 1776 2535 pabulo
1795 2493 1860 2522 re-

1030 2543 1165 2584 ficere
1192 2543 1236 2582 in
1263 2554 1388 2583 more
1414 2540 1578 2582 habuit.
1622 2539 1860 2590 Deiparam

1031 2599 1259 2649 Virginem
1300 2596 1508 2649 singulari
1542 2594 1751 2645 religione
1788 2594 1858 2634 co-

1031 2655 1127 2705 luit,
1154 2657 1282 2707 eique
1300 2652 1545 2706 frequentia
1568 2649 1764 2692 exhibuit
1785 2648 1858 2690 ob·

1031 2711 1173 2763 sequii
1199 2715 1243 2752 et
1269 2710 1449 2763 pietatis
1473 2707 1627 2750 officia.
1666 2704 1858 2747 Caritate

1031 2780 1135 2819 erga
1150 2779 1303 2809 omnes
1317 2766 1483 2815 affecta,
1500 2766 1663 2816 pueros
1679 2766 1724 2803 et
1739 2760 1859 2813 puel-
