2040 2976
657 211 726 244 Die
751 211 802 244 27.
828 211 931 244 ιΙιι1ιι.
980 210 1014 244 S.
1042 210 1291 244 pantaleonis
1316 209 1423 242 Mart.

181 308 357 350 coelitus
388 307 560 350 factam.
601 308 763 349 Dicant
792 308 899 350 item
926 320 1014 348 ma-

180 370 271 406 tres
298 377 452 406 omnes
474 364 558 406 hac
587 363 876 406 foecunditate
903 366 1013 417 prae-

182 421 303 462 ditae:
330 421 600 463 Benedictus
626 421 701 473 qui
721 420 950 462 orantibus
968 419 1014 462 id

182 477 303 529 quod
325 477 553 530 optabant,
571 477 755 528 largitus
775 482 854 527 est,
874 482 919 518 et
938 476 1014 518 foe-

182 532 453 576 cunditatem
473 533 611 576 sterili
630 533 768 582 dedit,
788 546 840 575 ac
859 532 1015 575 felicis-

182 591 340 632 simum
365 590 474 632 illud
497 603 679 642 germen
698 590 894 641 Virginis
914 603 1015 631 con-

183 647 332 697 cessit,
369 660 469 699 quae
493 647 636 689 Mater
661 647 745 689 Dei
774 645 1016 688 secandum

183 716 360 745 carnem
392 703 489 753 fuit,
522 704 644 755 cujus
671 709 824 745 venter
853 702 1016 745 coelum

183 765 266 810 est,
294 760 339 801 in
368 773 454 812 qua
478 760 694 802 habitavit
718 760 772 809 is,
802 760 875 812 qui
894 759 1015 800 nullo

182 817 282 858 loco
316 817 416 869 capi
447 822 609 869 potest.
664 817 916 858 Censonam
949 815 1016 856 his

181 886 263 914 nos
293 886 471 924 quoque
498 874 602 926 ipsi,
645 887 745 926 quae
774 872 1016 914 vocabatur

183 930 361 980 sterilis,
394 943 509 971 nunc
537 935 685 972 autem
712 929 895 980 virginei
923 929 1015 971 tha-

182 987 286 1028 lami
304 992 445 1028 mater
465 987 647 1036 exstitit,
667 986 843 1028 laudem
862 985 1016 1028 offera-

182 1056 291 1084 mus.
333 1043 543 1084 Dicamus
570 1043 627 1084 ad
655 1056 753 1084 eam
780 1056 880 1084 cum
906 1043 1016 1084 Scri-

183 1103 328 1153 ptura:
355 1101 497 1150 Quam
521 1099 653 1142 beata
680 1099 838 1142 domus
860 1099 1017 1149 David,

185 1169 239 1198 ex
259 1169 346 1208 qua
365 1156 587 1209 prodiisti,
617 1162 660 1198 et
681 1161 834 1198 venter
858 1156 902 1196 in
929 1169 1016 1208 quo

183 1213 305 1254 Deus
339 1213 700 1254 sanctificationis
733 1225 898 1262 arcam,
931 1212 1017 1254 hoc

184 1275 251 1311 est
280 1282 393 1319 eam,
427 1282 453 1310 a
490 1282 576 1322 qua
604 1270 700 1322 ipse
729 1270 824 1311 sine
852 1270 1018 1311 semine

184 1328 427 1379 conceptus
448 1331 526 1376 est,
547 1326 789 1368 fabricavit.

237 1386 288 1425 R
318 1383 523 1425 Dilexisti
557 1383 792 1435 justitiam,
814 1387 858 1424 et
886 1382 1019 1425 odisti

183 1439 475 1491 iniquitatem:
507 1440 529 1463 *
552 1440 796 1492 Propterea
820 1439 944 1480 unxit
975 1444 1019 1480 te

184 1497 323 1546 Deus,
368 1497 490 1538 Deus
534 1501 652 1546 tuus,
699 1496 799 1537 oleo
841 1495 1018 1537 laetitiae.

185 1550 234 1601 V.
263 1553 452 1605 Propter
476 1553 723 1602 veritatem,
753 1558 796 1594 et
819 1565 1018 1594 mansue-

184 1608 398 1659 tiidinem,
434 1614 478 1651 et
510 1609 731 1661 justitiam.
775 1609 1020 1661 Propterea

186 1666 320 1707 unxit.

490 1717 643 1757 Lectio
665 1716 717 1755 vi.

277 1791 349 1820 ere
368 1778 501 1820 beata
521 1791 579 1829 eS,
600 1791 652 1820 ac
670 1783 738 1820 ter
756 1778 900 1827 beata,
920 1790 1020 1829 quae

288 1834 562 1877 beatitudine
578 1835 789 1877 donatam
804 1847 830 1876 a
845 1835 943 1876 Deo
958 1834 1018 1876 in-

186 1892 367 1941 fantem,
396 1891 482 1933 hoc
502 1897 586 1942 est,
615 1892 816 1942 Mariam,
844 1891 1020 1932 nomine

187 1961 366 2000 quoque
391 1948 490 2001 ipso
516 1950 786 2001 magnapere
811 1950 1019 1989 veneran-

186 2004 288 2046 dam
324 2005 553 2057 peperisti:
598 2017 654 2046 ex
696 2017 783 2057 qua
820 2004 1020 2046 Christus

185 2061 288 2102 vitae
308 2061 391 2101 flos
411 2061 594 2111 exstitit,
620 2062 742 2113 cuius
761 2061 957 2111 Virginis
977 2066 1021 2102 et

185 2117 406 2168 gloriesus
421 2117 502 2159 fuit
519 2122 654 2166 ortus,
670 2123 714 2159 et
729 2122 882 2170 partus
899 2130 1019 2158 mun-

187 2173 246 2215 do
267 2173 507 2215 sublimior.
540 2174 636 2215 Nos
656 2187 845 2226 quoque,
871 2187 898 2215 o
919 2173 1019 2216 bea-

186 2231 357 2273 tissima
393 2231 571 2279 femina,
618 2230 699 2272 tibi
739 2231 1021 2282 gratulamur.

187 2287 362 2328 Etenim
380 2292 581 2328 nostrum
603 2287 795 2328 emnium
815 2300 940 2340 spem
959 2287 1020 2329 di-

187 2343 348 2385 vinitus
376 2345 650 2393 concessam,
685 2343 772 2385 hoc
800 2349 882 2394 est,
920 2356 1020 2396 pro-

187 2400 409 2441 missionis
435 2400 591 2441 foetum
617 2401 843 2455 peperisti.
879 2400 1020 2441 Beata

187 2458 341 2498 revera
361 2469 420 2506 es,
440 2462 483 2498 et
501 2456 658 2498 beatus
675 2457 841 2498 fructus
855 2457 1020 2498 ventris

187 2514 262 2555 tui.
295 2513 474 2554 Piorum
499 2518 646 2554 autem
671 2513 819 2564 lingua
841 2526 1020 2564 germen

187 2575 311 2612 tuum
329 2569 598 2620 magnificat,
627 2582 678 2611 ac
704 2582 849 2610 sermo
878 2570 1020 2610 omnis

188 2627 316 2669 laetus
340 2631 517 2678 partum
540 2631 664 2666 tuum
688 2626 914 2678 praedicat.
947 2625 1020 2666 Di-

188 2697 323 2735 gnum
359 2695 463 2724 sane
502 2681 695 2734 quidem,
740 2695 792 2723 ac
829 2682 1020 2723 maxime

189 2739 369 2791 dignum
394 2744 462 2781 est
489 2751 586 2781 eam
609 2738 809 2789 laudare,
839 2750 939 2790 quae
959 2736 1020 2779 di-

1066 308 1168 348 vina
1186 306 1457 357 benignitate
1476 307 1702 348 oraculum
1717 306 1899 359 accepit,

1068 376 1120 404 ac
1142 363 1277 404 talem
1301 367 1346 404 et
1367 367 1538 404 tantum
1559 362 1687 405 nobis
1711 363 1899 405 fructum

1068 418 1220 469 edidit,
1240 432 1295 460 ex
1315 431 1403 471 quo
1424 418 1565 461 dulcis
1579 419 1603 460 J
1606 432 1706 461 esus
1719 418 1899 472 prodiit.

1122 479 1172 530 Ru
1188 475 1342 518 Fallax
1361 476 1513 526 gratia,
1533 481 1577 518 et
1591 488 1704 518 vana
1723 477 1792 517 est
1806 475 1899 528 pul-

1069 531 1289 574 chritudo:
1314 536 1338 560 *
1364 532 1522 573 Mulier
1553 532 1712 574 timens
1745 532 1900 581 Deum,

1068 590 1165 641 ipsa
1183 588 1449 630 laudabitur.
1476 585 1527 636 V.
1545 589 1661 631 Date
1681 589 1720 630 ei
1740 588 1795 630 de
1814 588 1899 629 fru-

1069 651 1142 687 ctu
1174 647 1383 687 manuum
1414 647 1609 695 suarum,
1647 649 1691 686 et
1722 643 1902 686 laudent

1070 715 1167 744 eam
1193 702 1237 742 in
1263 702 1404 754 portis
1430 704 1566 754 opera
1591 702 1693 754 ejus.
1733 699 1902 742 Malier.

1070 759 1222 800 Gloria
1240 759 1373 800 Patri.
1400 758 1568 800 Mulier.

1121 824 1163 857 In
1188 824 1251 857 HI.
1276 824 1306 857 N
1314 830 1474 857 octurno
1501 824 1670 858 Homilia
1697 825 1734 857 in
1755 824 1812 858 Ev
1817 834 1901 867 ang.

1071 872 1202 907 Simile
1227 875 1295 907 est.
1323 873 1369 906 dc
1397 873 1533 906 codem
1559 872 1773 907 Communi
1800 869 1902 913 [108]

1125 926 1167 959 In
1191 926 1237 959 II.
1263 925 1378 968 Vcsp
1405 936 1602 959 commem
1628 935 1734 968 sequ.

1338 1010 1423 1052 Die
1442 1010 1505 1051 27.
1524 1010 1549 1050 J
1550 1010 1637 1051 ulii.

1221 1080 1264 1121 S.
1283 1078 1605 1120 Pantaleom's
1627 1076 1752 1119 Mart.

1124 1143 1222 1184 Ant.
1262 1144 1352 1183 Iste
1380 1146 1556 1182 sanctus
1585 1152 1667 1193 pro
1695 1139 1793 1190 lege
1820 1137 1904 1179 Dei

1072 1199 1140 1240 sui
1166 1198 1352 1240 certavit
1376 1209 1518 1250 usque
1544 1196 1601 1238 ad
1627 1200 1831 1243 mortem,
1860 1199 1904 1235 et

1073 1269 1098 1296 a
1116 1254 1264 1296 verbis
1283 1254 1520 1307 impierum
1533 1265 1623 1293 non
1636 1251 1795 1294 timuit:
1813 1250 1904 1291 fun-

1073 1312 1205 1354 datus
1228 1311 1343 1353 enim
1368 1315 1461 1352 erat
1485 1322 1620 1362 supra
1639 1308 1811 1349 firmam
1830 1319 1904 1359 pe·

1071 1375 1195 1412 tram.

1125 1424 1175 1472 V.
1214 1424 1367 1467 Glaria
1401 1428 1444 1465 et
1476 1422 1647 1464 honore
1679 1421 1905 1463 coronasti

1074 1495 1174 1524 eum
1204 1481 1404 1522 Domine.
1458 1482 1509 1533 Rz.
1545 1479 1603 1520 Et
1637 1477 1905 1520 constituisti

1074 1552 1174 1580 eum
1193 1551 1326 1591 super
1346 1540 1482 1590 (Spera
1497 1538 1705 1577 manuum
1718 1536 1905 1576 tuarum.

1412 1599 1575 1639 Oratio.

1073 1650 1314 1757 Praesta
1331 1655 1585 1706 quaesumus
1623 1653 1904 1706 omnipotens

1177 1712 1314 1752 Deus:
1351 1715 1400 1752 ut
1438 1708 1738 1751 intercedente
1769 1703 1904 1750 beato

1072 1768 1342 1810 Pantaleone
1361 1766 1556 1818 Mai-tyre
1575 1770 1669 1815 tuo,
1696 1769 1740 1807 et
1759 1777 1785 1805 a
1804 1776 1906 1806 cun-

1074 1825 1157 1866 ctis
1201 1822 1543 1866 adversitatibus
1583 1821 1821 1863 liberemur
1862 1819 1907 1860 in

1075 1884 1283 1934 cerpore,
1316 1885 1360 1922 et
1392 1893 1418 1921 a
1450 1879 1599 1944 pravis
1633 1875 1904 1929 cogitatieni-

1073 1938 1156 1980 bus
1178 1935 1472 1978 mundemur
1461 1949 1505 1976 ιιι
1524 1939 1682 1977 mente.
1714 1934 1798 1975 Per
1816 1933 1905 1974 Βό-

1073 1995 1238 2035 ιιιιιιιιιιι
1255 1998 1466 2034 nostrum.

1376 2050 1558 2091 Lectio
1548 2050 1602 2090 ιιι.

1100 2127 1139 2167 Γ)
1162 2115 1367 2156 antaleon
1386 2112 1756 2162 Nicomediensis,
1783 2110 1904 2153 nebi-

1105 2182 1119 2213 }
1172 2171 1226 2212 lis
1241 2170 1451 2221 medicus,
1467 2169 1522 2212 ab
1534 2169 1777 2211 Hermolao
1794 2180 1908 2221 pres-

1073 2229 1231 2281 bytero
1257 2228 1301 2268 ιιι
1326 2228 1351 2268 J
1354 2240 1431 2268 esu
1459 2226 1622 2268 Christi
1646 2225 1735 2267 fide
1763 2225 1904 2266 erudi-

1074 2291 1163 2334 tus,
1188 2284 1440 2337 baptizatus
1465 2289 1545 2325 est:
1573 2283 1648 2335 qui
1667 2294 1772 2323 mox
1790 2280 1906 2334 patri

1073 2340 1309 2392 Eustergio
1325 2341 1556 2393 persuasit,
1571 2345 1619 2381 ut
1632 2338 1905 2380 Christianus

1074 2399 1212 2441 fieret.
1232 2399 1377 2448 Quare
1390 2410 1490 2438 cum
1500 2394 1775 2438 Nicomediae
1785 2396 1904 2447 pest-

1074 2469 1126 2497 ea
1169 2454 1330 2497 Christi
1364 2453 1544 2494 Demini
1589 2452 1722 2493 fidem
1766 2451 1904 2492 libere

1074 2511 1358 2564 praedicaret,
1387 2515 1430 2552 et
1457 2509 1515 2551 ad
1543 2522 1580 2562 e]
1584 2522 1634 2550 us
1660 2507 1905 2550 doctrinam

1076 2580 1228 2610 omnes
1261 2566 1585 2615 cohortaretur,
1626 2564 1904 2606 Diocletiano

1073 2625 1341 2677 imperatore
1366 2622 1555 2675 equaleo
1579 2626 1739 2670 tortus,
1767 2625 1812 2662 et
1830 2614 1903 2662 ad-

1073 2681 1207 2722 metis
1234 2679 1291 2722 ad
1315 2681 1407 2732 ejus
1433 2691 1594 2731 corpus
1612 2677 1784 2718 laminis
1804 2689 1903 2718 can-

1074 2736 1290 2787 dentibuS,
1319 2736 1538 2779 cruciatus
1558 2740 1639 2777 est:
1665 2746 1798 2786 quam
1815 2738 1904 2775 tor-
