2040 2976
692 194 803 227 Feria
829 199 937 228 sexta
962 194 1009 227 ad
1035 194 1269 228 Matutinum.

183 287 235 327 In
254 286 537 328 tribulatione
564 286 779 328 invocasti
802 298 883 336 me,
911 290 955 327 et

132 343 316 385 liberavi
344 347 403 384 te:
429 345 453 370 *
482 343 684 384 exaudivi
710 348 754 384 te
787 343 832 383 in
859 342 955 384 abs-

133 399 311 441 condito
357 399 646 452 tempestatis:
686 398 873 452 probavi
910 403 955 440 te

132 455 251 508 apud
277 463 436 508 aquam
460 455 833 497 contradictionis.

183 512 301 554 Audi
334 512 525 565 p6pulus
560 524 700 562 meus,
734 516 778 553 et
810 515 955 552 conte-

133 568 285 610 stabor
309 574 368 610 te:
393 570 417 596 *
441 568 579 609 Israel
602 568 640 609 si
662 567 853 609 audieris
874 580 955 617 me,

131 638 220 666 non
246 626 329 667 erit
352 625 397 666 in
422 630 467 667 te
494 624 602 666 deus
626 637 789 674 recens,
813 637 956 676 neque

133 681 340 723 adorabis
369 681 499 723 deum
526 680 724 722 alienum.

183 738 278 790 Ego
308 738 423 779 enim
450 751 547 778 sum
574 738 668 778 Dfis
696 738 816 778 Deus
844 742 956 786 tuus,

135 795 209 847 qui
237 794 370 836 eduxi
401 799 445 836 te
479 793 534 835 de
561 798 679 835 terra
706 793 905 846 AEgypti:
932 794 956 820 *

126 850 269 892 dilata
287 863 337 892 os
356 855 489 900 tuum,
509 855 553 892 et
571 850 764 903 implebo
784 849 905 891 illud.

184 907 241 949 Et
276 920 365 948 non
405 907 572 949 audivit
607 907 798 960 populus
834 919 956 948 meus

133 976 288 1006 vocem
314 977 472 1006 meam:
498 965 522 991 *
546 968 590 1005 et
617 963 755 1005 Israel
782 975 869 1004 non
896 963 956 1003 in-

133 1019 277 1062 tendit
303 1020 418 1062 mihi.

185 1077 242 1118 Et
279 1077 423 1118 dimisi
460 1089 536 1119 eos
572 1076 813 1118 secundum
847 1075 956 1118 desi-

136 1132 257 1174 deria
277 1133 423 1175 cordis
444 1135 606 1183 eorum,
628 1134 652 1160 *
670 1132 796 1174 ibunt
817 1133 861 1173 in
885 1132 957 1174 ad-

134 1189 460 1232 inventicnibus
488 1190 589 1231 suis.

185 1245 231 1287 Si
251 1246 441 1299 p6pulus
465 1259 589 1288 meus
613 1245 807 1287 audisset
831 1258 916 1286 me:
935 1247 958 1272 *

135 1302 273 1344 Israel
294 1303 331 1343 si
358 1303 403 1343 in
429 1303 511 1343 viis
538 1302 647 1343 meis
676 1301 959 1343 ambulasset:

189 1359 276 1400 Pro
300 1359 436 1400 nihilo
459 1359 642 1400 farsitan
666 1358 864 1399 inimicos
890 1359 958 1399 eo-

137 1427 235 1457 rum
249 1414 560 1457 humiliassem:
579 1415 603 1440 *
619 1419 663 1456 et
680 1427 811 1467 super
825 1414 958 1456 tribu-

136 1471 277 1513 lantes
294 1484 370 1513 eos
384 1472 601 1513 misissem
615 1484 792 1512 manum
806 1483 959 1512 meam.

187 1527 358 1569 Inimici
380 1527 558 1569 Domini
583 1528 755 1569 mentiti
783 1532 883 1568 sunt
906 1527 959 1568 ei:

138 1585 162 1611 *
189 1588 232 1625 et
256 1584 338 1626 erit
356 1589 531 1637 tempus
555 1586 707 1626 eorum
725 1584 769 1625 in
788 1583 960 1625 saecula.

188 1640 245 1682 Et
260 1640 423 1682 cibavit
438 1653 514 1682 eos
529 1653 583 1682 ex
599 1640 728 1693 adipe
739 1640 959 1682 frumenti:

137 1697 161 1723 *
181 1701 224 1738 et
246 1696 301 1739 de
325 1702 468 1750 petra,
491 1697 620 1739 melle
640 1697 854 1739 saturavit
873 1709 959 1738 eos.

404 1761 603 1801 Psalmus
632 1763 690 1802 81.

137 1809 299 1916 Deus
318 1810 441 1852 stetit
459 1810 503 1851 in
517 1812 740 1862 synagoga
761 1809 959 1852 deorum:

255 1867 278 1894 *
301 1867 346 1907 in
372 1866 518 1909 medio
546 1871 693 1908 autem
719 1866 827 1908 deos
854 1866 958 1918 diju-

135 1921 262 1964 dicat.

185 1979 425 2031 Usquequo
449 1979 650 2031 judicatis
669 1979 959 2031 iniquitatem:

135 2036 158 2062 *
187 2041 230 2077 et
257 2036 390 2077 facies
417 2038 702 2088 peccatorum
729 2034 921 2077 sumitis?

186 2092 210 2132 J
211 2092 386 2134 udicate
407 2094 555 2144 egeno,
576 2097 619 2134 et
637 2092 822 2145 pupillo:
841 2094 864 2119 *
882 2092 957 2133 hu-

134 2147 291 2198 milem,
320 2154 364 2190 et
391 2152 631 2201 pauperem
658 2148 900 2200 justificate.

185 2204 354 2257 Eripite
372 2208 628 2258 pauperem:
652 2207 676 2232 *
701 2210 745 2246 et
774 2206 958 2256 egenum

139 2260 193 2302 de
220 2274 351 2302 manu
377 2261 626 2313 peccatoris
653 2261 850 2302 liberate.
944 2262 948 2266 “

187 2317 459 2367 Nescierunt‚
477 2331 619 2370 neque
640 2317 959 2368 intellexerunt,

136 2373 181 2414 in
203 2372 396 2415 tenebris
419 2373 657 2415 ambulant:
680 2375 704 2401 *
723 2373 957 2415 movebun-

138 2434 209 2470 tur
238 2430 382 2471 omnia
410 2429 690 2472 fundamenta
717 2435 858 2471 terrae.

187 2486 283 2538 Ego
305 2485 410 2527 dixi:
444 2486 516 2526 Dii
536 2487 652 2536 estis,
671 2488 695 2513 *
717 2491 760 2527 et
781 2485 858 2526 filii
876 2486 958 2527 Ex-

138 2542 243 2583 celsi
271 2554 433 2583 omnes.

188 2599 284 2640 Vos
304 2603 449 2639 autem
468 2598 581 2640 sicut
604 2598 804 2640 hamines
830 2600 958 2641 mori-

138 2654 283 2695 emini:
315 2656 339 2681 *
367 2660 410 2696 et
438 2655 551 2696 sieut
579 2668 689 2696 unus
723 2654 777 2697 de
803 2657 959 2708 princi-

138 2710 268 2763 pibus
296 2710 475 2753 cadetis.

1058 285 1196 337 Surge
1207 286 1337 336 Deus,
1354 286 1496 338 judica
1511 292 1688 329 terram:
1699 288 1722 314 *
1734 289 1831 338 quo-

1007 342 1125 383 niam
1161 347 1208 383 tu
1240 342 1523 384 haereditabis
1555 344 1599 384 in
1629 343 1830 385 Omnibus

1009 398 1235 440 Gentibus.

1060 458 1159 498 Ant.
1188 455 1418 497 Exsultate
1437 456 1534 497 Deo
1554 456 1742 508 adjut6ri
1757 469 1830 497 no-

1009 516 1114 553 stro.

1062 570 1161 610 Ant.
1198 571 1264 609 Tu
1291 567 1420 609 solus.

1278 628 1475 669 Psalmus
1505 630 1567 668 82.

1099 694 1187 731 eus,
1207 681 1303 733 quis
1324 680 1476 722 similis
1497 682 1579 723 erit
1598 681 1698 723 tibi?
1723 684 1746 710 *
1764 683 1832 725 Ne

1136 739 1304 787 taceas,
1347 750 1490 789 neque
1536 740 1831 791 compescaris

1010 793 1146 835 Deus:

1061 851 1277 901 Queniam
1303 863 1406 892 ecce
1431 851 1595 892 inimici
1621 852 1685 893 tui
1706 865 1831 893 sonu-

1009 910 1151 951 erunt:
1175 911 1198 937 *
1222 914 1265 951 et
1290 909 1365 961 qui
1385 908 1573 950 oderunt
1592 913 1646 958 te,
1672 908 1832 950 extule-

1009 970 1110 1007 runt
1138 971 1280 1019 caput.

1061 1022 1201 1074 Super
1233 1022 1445 1075 p6pulum
1478 1026 1602 1063 tuum
1629 1021 1833 1072 maligna-

1010 1079 1166 1120 verunt
1182 1079 1426 1120 consilium:
1437 1078 1460 1103 *
1472 1083 1516 1119 et
1531 1078 1835 1129 cogitaverunt

1011 1135 1222 1176 adversus
1251 1140 1428 1177 sanctos
1456 1140 1568 1176 tuos.

1062 1192 1293 1233 Dixerunt:
1328 1192 1506 1241 Venite,
1541 1196 1584 1232 et
1613 1190 1835 1243 disperda-

1010 1261 1107 1297 mus
1137 1260 1213 1289 eos
1242 1248 1297 1289 de
1325 1253 1468 1299 gente:
1503 1249 1527 1274 *
1559 1252 1603 1288 et
1633 1260 1720 1288 non
1748 1261 1834 1289 me-

1011 1305 1208 1345 moretur
1234 1317 1395 1345 nomen
1422 1304 1560 1345 Israel
1589 1303 1713 1344 ultra.

1064 1361 1281 1410 Quoniam
1305 1361 1608 1412 cogitaverunt
1628 1360 1835 1401 unanimi-

1011 1421 1093 1457 ter:
1109 1418 1132 1443 *
1148 1417 1276 1458 simul
1291 1417 1524 1458 adversum
1542 1421 1585 1458 te
1604 1418 1835 1457 testamen-

1011 1478 1105 1514 tum
1117 1473 1439 1526 disposuerunt,
1450 1472 1734 1514 tabernacula
1744 1472 1836 1514 Idu-

1011 1532 1224 1571 maeorum
1252 1535 1295 1571 et
1323 1529 1606 1571 Ismahelitae:

1063 1586 1206 1636 Moab,
1226 1592 1269 1628 et
1285 1586 1489 1638 Agareni,
1505 1585 1655 1635 Gebal‚
1672 1590 1715 1627 et
1736 1586 1835 1626 Am-

1011 1655 1127 1692 mon,
1147 1648 1190 1684 et
1209 1643 1406 1684 Amalec:
1423 1644 1447 1669 *
1466 1642 1720 1693 alienigenae
1737 1655 1836 1683 cum

1011 1698 1311 1742 habitantibus
1338 1699 1514 1752 Tyrum.

1063 1756 1238 1797 Etenim
1256 1756 1396 1797 Assur
1420 1755 1539 1797 venit
1564 1768 1663 1796 cum
1688 1754 1788 1795 illis:
1812 1756 1836 1781 *

1010 1811 1115 1853 facti
1139 1817 1240 1854 sunt
1264 1813 1308 1853 in
1333 1812 1597 1864 adjutorium
1621 1810 1722 1852 filiis
1740 1811 1835 1852 Lot.

1062 1868 1151 1910 Fac
1184 1869 1270 1910 illis
1298 1869 1412 1910 sicut
1438 1867 1626 1917 Madian,
1655 1872 1699 1908 et
1724 1867 1835 1908 Sisa-

1011 1937 1087 1966 rae:
1103 1927 1126 1952 *
1136 1925 1250 1967 sicut
1261 1926 1286 1966 J
1288 1925 1390 1966 abin
1403 1925 1448 1966 in
1461 1925 1657 1966 torrente
1669 1924 1835 1965 Cisson.

1061 1981 1370 2034 Disperierunt
1404 1982 1448 2022 in
1483 1980 1651 2022 Endor:
1681 1982 1704 2008 *
1731 1980 1835 2021 facti

1012 2043 1112 2079 sunt
1139 2043 1187 2080 ut
1215 2044 1384 2080 stercus
1412 2043 1554 2079 terrae.

1062 2094 1184 2136 Pone
1192 2095 1413 2148 principes
1423 2096 1575 2136 eorum
1585 2094 1698 2134 sicut
1705 2092 1834 2142 Oreb,

1013 2155 1056 2192 et
1084 2150 1188 2200 Zeb,
1216 2153 1239 2178 *
1267 2156 1311 2193 et
1338 2151 1485 2193 zebee
1513 2155 1557 2192 et
1584 2149 1801 2191 Salmana:

1063 2207 1226 2251 Omnes
1258 2208 1480 2260 principes
1514 2206 1681 2248 eoru'm:
1709 2207 1732 2233 *
1761 2205 1834 2257 qui

1011 2263 1229 2305 dixerunt:
1243 2264 1517 2306 Haereditate
1531 2262 1834 2315 possideamus

1010 2320 1314 2361 Sanctuarium
1342 2320 1437 2362 Dei.

1062 2377 1181 2417 Deus
1196 2389 1318 2418 meus
1336 2390 1452 2429 pone
1466 2376 1566 2417 illos
1581 2381 1628 2417 ut
1643 2380 1800 2416 rotam:
1811 2375 1834 2400 *

1012 2437 1054 2473 et
1070 2432 1183 2474 sicut
1199 2433 1405 2485 stipulam
1420 2438 1520 2474 ante
1534 2432 1690 2473 faciem
1704 2430 1833 2472 venti.

1062 2488 1183 2530 Sicut
1219 2489 1348 2540 ignis,
1394 2490 1469 2541 qui
1510 2487 1729 2530 comburit
1765 2486 1832 2527 sil-

1011 2558 1124 2585 vam:
1144 2547 1167 2572 *
1185 2550 1228 2586 et
1246 2546 1359 2587 sicut
1379 2546 1553 2587 flamma
1573 2543 1832 2586 comburens

1011 2606 1197 2642 montes:

1063 2658 1131 2698 Ita
1142 2658 1421 2710 persequeris
1432 2657 1532 2698 illos
1547 2657 1590 2697 in
1600 2656 1830 2707 tempesta-

1011 2717 1055 2754 te
1074 2718 1165 2754 tua:
1179 2715 1203 2740 *
1219 2718 1262 2754 et
1281 2714 1325 2753 in
1343 2714 1408 2754 ira
1428 2717 1505 2754 tua
1526 2710 1723 2753 turbabis
1743 2722 1831 2751 eos.
