2040 2976
594 203 663 236 Die
691 203 737 235 15.
764 202 859 242 Aug.

180 299 402 341 desertum
439 298 552 339 sicut
584 297 753 348 virgula
791 295 912 345 fumi,
949 307 1003 335 ex

175 354 446 396 aromatibus
470 354 659 407 myrrhae
685 358 729 395 et
748 349 908 394 thuris?
935 351 1002 391 Et.

485 422 637 463 Lectio
658 422 694 461 ii.

177 485 376 591 Nolite
402 502 472 530 me
498 487 778 530 considerare
804 486 922 541 quod
942 486 1001 526 fu-

288 559 362 587 sca
382 545 481 593 sim,
512 545 614 597 quia
639 543 910 586 decoloravit
933 554 1003 583 me

178 603 259 644 sol:
288 602 364 644 filii
388 602 539 644 matris
563 614 674 644 meae
699 601 1003 654 pugnaverunt

178 664 331 701 contra
365 671 452 708 me,
485 659 728 710 posuerunt
759 670 829 699 me
861 656 1002 698 custe-

178 715 279 758 dem
302 716 346 756 in
370 714 524 756 vineis:
552 716 724 755 vineam
747 726 890 755 meam
914 724 1002 752 non

179 771 407 814 custodivi.
445 770 597 813 Indica
622 770 726 811 mihi
755 782 885 823 quem
910 767 1002 810 dili—

177 829 240 880 git
260 829 402 870 anima
421 841 533 877 mea,
554 827 627 869 ubi
646 839 817 880 pascas,
838 825 913 867 ubi
933 838 1002 866 cu-

179 885 258 928 bes
277 886 319 926 in
338 884 536 934 meridie,
555 897 610 925 ne
630 883 780 934 vagari
799 881 1005 934 incipiam

179 948 283 995 post
307 954 463 993 greges
493 940 709 982 sodalium
737 942 924 981 tuorum.
960 937 1006 979 Si

179 999 355 1051 ignotas
393 1003 452 1047 te,
497 1010 523 1038 o
565 996 857 1050 pulcherrima
894 995 1006 1036 inter

179 1056 398 1105 muheres,
444 1053 668 1106 egredere,
714 1059 758 1095 et
796 1052 866 1094 abi
902 1056 1006 1104 post
1068 1055 1151 1080 wa

181 1113 365 1162 vestigia
389 1123 586 1163 gregum,
621 1116 663 1152 et
689 1122 822 1163 pasce
845 1107 1006 1150 hoedos

181 1175 281 1211 tuos
314 1170 432 1220 juxta
459 1167 742 1209 tabernacula
767 1167 1007 1219 pasterum.

180 1224 406 1278 Equitatui
424 1236 523 1265 meo
542 1223 586 1263 in
602 1223 801 1264 curribus
815 1221 1006 1263 Pharae-

180 1282 247 1323 nis
273 1281 510 1323 assimilavi
533 1285 577 1321 te
602 1282 741 1321 amica
766 1292 874 1321 mea.
909 1278 1007 1320 Pul-

182 1337 298 1379 chrae
320 1343 420 1379 sunt
438 1349 563 1388 genae
580 1342 668 1378 tuae
685 1337 797 1378 sicut
811 1335 1008 1387 turturis·

182 1395 342 1437 collum
361 1399 485 1436 tuum
502 1394 616 1435 sicut
635 1393 823 1435 monilia.

233 1461 285 1512 R
311 1459 431 1501 Sieut
454 1458 612 1500 cedrus
636 1458 830 1500 exaltata
851 1471 948 1499 sum
966 1457 1010 1498 in

181 1516 362 1566 Libano,
382 1521 425 1557 et
446 1516 558 1557 sicut
574 1517 808 1568 cypressus
828 1515 870 1555 in
889 1527 1008 1555 mon-

183 1579 227 1615 te
264 1573 381 1614 Sion.
420 1572 545 1625 quasi
580 1571 758 1624 myrrha
795 1571 951 1621 electa,
986 1571 1008 1595 *

183 1629 299 1672 Dedi
339 1629 600 1670 suavitatem
642 1627 803 1670 oderis.
864 1622 915 1674 ἶν’.
954 1628 1012 1670 Et

185 1687 296 1728 sicut
332 1686 653 1727 cinnamomum
689 1690 733 1727 et
768 1684 1013 1726 balsamum

185 1745 486 1784 aromatizans.
512 1740 638 1784 Dedi.

488 1810 638 1851 Lectio
659 1810 714 1849 iii.

188 1870 493 1976 Murenulas
518 1881 673 1919 aureas
696 1876 904 1918 faciemus
922 1876 1011 1926 tibi,

308 1935 614 1977 vermiculatas
647 1935 840 1985 argento.
896 1933 1014 1974 Dum

189 1997 307 2034 esset
330 2005 407 2033 rex
430 1992 474 2032 in
499 1990 704 2033 accubitu
725 2002 822 2039 suo,
850 1989 1013 2031 nardus

189 2061 286 2091 mea
306 2048 426 2090 dedit
445 2047 629 2090 odorem
649 2060 786 2088 suum.
813 2047 1014 2088 Fascicu-

189 2105 257 2147 lus
289 2104 476 2157 myrrhae
514 2104 699 2146 dilectus
736 2116 860 2145 meus
891 2103 1014 2153 mihi,

190 2162 302 2204 inter
344 2161 479 2203 ubera
519 2174 617 2202 mea
661 2159 1014 2202 commorabitur.

190 2219 354 2260 Botrus
381 2218 514 2270 Cypri
539 2217 723 2259 dilectus
747 2230 871 2259 meus
898 2216 1015 2266 mihi,

191 2275 234 2315 in
267 2274 405 2315 vineis
438 2273 652 2325 Engaddi.
696 2274 813 2315 Ecce
844 2279 891 2315 tu
922 2274 1015 2326 pul-

193 2331 299 2373 chra
326 2343 373 2371 es
401 2333 540 2371 amica
565 2343 679 2379 mea,
716 2343 818 2372 ecce
848 2336 896 2372 tu
923 2330 1015 2383 pul·

193 2387 299 2429 chra
335 2398 399 2435 eS,
445 2386 559 2427 eculi
601 2386 664 2427 tui
701 2386 1012 2428 columbarum.

193 2443 310 2484 Ecce
333 2447 382 2483 tu
406 2442 589 2494 pulcher
614 2455 661 2483 es
687 2442 845 2484 dilecte
869 2443 946 2492 mi,
973 2448 1018 2484 et

195 2499 394 2542 decorus.
426 2498 634 2540 Lectulus
652 2497 802 2540 noster
822 2499 1019 2540 fleridus:

194 2556 315 2608 tigna
330 2554 562 2596 domerum
571 2557 821 2596 nostrarum
833 2554 1020 2604 cedrina,

194 2611 419 2664 laquearia
437 2616 587 2652 nostra
606 2610 869 2663 cypressina.

247 2676 296 2727 R.
333 2671 442 2722 Quae
469 2675 538 2712 est
565 2671 651 2712 ista
680 2683 779 2723 quae
806 2671 1022 2723 processit

197 2718 309 2770 sicut
328 2726 410 2777 sol,
435 2732 479 2768 et
497 2726 693 2768 formosa
710 2731 935 2778 tamquam
954 2727 977 2767 J
982 2739 1021 2768 e

908 199 949 233 In
976 195 1251 238 Assumptione
1278 193 1318 226 B.
1343 192 1390 226 M.
1416 192 1459 225 V.

1056 289 1269 333 rusalem?
1315 294 1338 318 *
1374 289 1593 332 Viderunt
1637 300 1735 330 eam
1780 286 1884 328 fssiae
1955 293 1958 296 ’

1055 348 1174 397 Sion,
1202 352 1245 389 et
1267 346 1445 389 beatam
1464 345 1685 394 dixerunt,
1713 348 1758 385 et
1775 345 1885 395 regi-

1055 418 1123 446 nae
1149 403 1440 446 laudaverunt
1465 414 1574 444 eam.
1616 395 1667 448 V.
1691 400 1748 441 Et
1773 399 1887 441 sicut

1056 459 1150 502 dies
1175 460 1298 502 verni
1326 456 1677 501 circumdabant
1685 469 1784 498 eam
1811 455 1886 498 flo-

1056 530 1127 558 res
1164 518 1365 559 rosarum
1404 520 1448 558 et
1484 514 1574 556 lilia
1611 512 1886 556 convallium.

1056 572 1284 615 Viderunt.
1319 572 1470 614 Gloria
1491 571 1623 613 Patri.
1657 569 1888 613 Viderunt.

1291 661 1340 699 In
1359 660 1410 699 ΙΙ.
1431 658 1655 698 Noeturno.

1112 723 1211 762 Ant
1247 718 1404 771 Specie
1430 716 1554 759 tua*
1580 720 1624 757 et
1648 713 1887 768 pulchritu-

1058 775 1158 817 dine
1177 780 1253 817 tua
1275 773 1470 833 intende,
1495 775 1711 826 prespere
1735 772 1887 824 proce-

1058 832 1125 883 de,
1145 837 1188 874 et
1208 844 1353 883 regna.

1334 902 1367 941 l
1372 915 1403 942 s
1395 901 1533 941 ilmus
1554 900 1619 939 44.

1098 968 1110 1010 ῑζ
1144 962 1366 1008 ructavit
1406 974 1483 1003 cor
1523 974 1670 1003 meum
1706 959 1890 1002 verbum

1102 1019 1110 1046 'f
1202 1019 1382 1062 bonum:
1423 1020 1447 1045 *
1486 1018 1586 1060 dico
1629 1029 1711 1070 ego
1753 1018 1891 1069 epera

1202 1089 1301 1118 mea
1319 1076 1423 1127 regi.

1111 1134 1280 1184 Lingua
1311 1145 1410 1174 mea
1437 1132 1630 1174 calamus
1659 1129 1834 1179 scribae,
1868 1129 1891 1154 *

1060 1190 1270 1232 veleciter
1298 1188 1541 1230 scribentis.

1112 1250 1348 1304 Speciesus
1382 1249 1523 1291 forma
1554 1261 1649 1302 prae
1681 1247 1782 1288 filiis
1815 1246 1890 1288 he-

1061 1308 1236 1357 minum,
1265 1306 1422 1348 diffusa
1451 1310 1518 1347 est
1537 1305 1679 1356 gratia
1697 1304 1742 1345 in
1763 1302 1892 1345 labiis

1061 1364 1162 1406 tuis:
1177 1364 1449 1416 *propterea
1468 1361 1695 1404 benedi'xit
1710 1365 1755 1403 te
1770 1359 1892 1402 Deus

1062 1421 1106 1461 in
1134 1422 1356 1462 aeternum.
1782 1467 1787 1476 ι

1115 1482 1359 1532 Accingere
1387 1478 1534 1531 gladio
1568 1483 1646 1521 tuo
1674 1490 1807 1531 super
1834 1477 1892 1520 fe-

1062 1551 1160 1580 mur
1187 1544 1322 1587 tuum,
1349 1537 1373 1563 *
1401 1535 1716 1590 potentissime,
1798 1555 1803 1558 ·

1115 1599 1270 1652 Specie
1297 1603 1373 1640 tua
1397 1603 1440 1639 et
1467 1595 1791 1650 pulchritudine
1818 1600 1894 1637 tua

1064 1657 1087 1681 *
1124 1655 1316 1705 intende,
1352 1656 1566 1708 prespere
1603 1651 1814 1706 procede,
1850 1656 1895 1694 et

1064 1725 1209 1763 regna.

1117 1769 1306 1822 Propter
1324 1768 1566 1816 veritatem,
1587 1771 1631 1809 et
1647 1767 1894 1808 mansuetu-

1066 1825 1223 1875 dinem,
1252 1830 1295 1867 et
1324 1825 1544 1877 justitiam:
1577 1824 1601 1849 *
1634 1828 1678 1865 et
1705 1821 1896 1864 deducet

1066 1887 1110 1924 te
1137 1881 1392 1924 mirabiliter
1421 1880 1603 1928 dextera
1630 1884 1716 1922 tua.

1119 1939 1299 1990 Sagittae
1333 1942 1422 1980 tuae
1451 1940 1607 1987 aeutae,
1633 1935 1788 1990 pepuli
1814 1934 1896 1977 sub

1066 2000 1110 2037 te
1139 1994 1308 2045 cadent,
1336 1996 1359 2021 *
1387 1995 1431 2036 ιιι
1459 1993 1596 2036 corda
1622 1991 1910 2034 inimicorum

1067 2052 1194 2103 regis.

1120 2107 1257 2150 Sedes
1276 2113 1352 2150 tua
1369 2108 1491 2149 Deus
1517 2107 1562 2148 in
1585 2105 1795 2148 saeculum
1819 2105 1896 2145 sae-

1069 2165 1170 2206 culi:
1197 2166 1221 2190 *
1249 2165 1371 2216 virga
1400 2163 1652 2206 directienis
1683 2163 1807 2213 virga
1834 2173 1897 2202 re-

1097 2221 1141 2262 ni
1168 2221 1242 2263 tui.

1068 2234 1096 2272 g
1119 2277 1323 2319 Dilexisti
1349 2276 1565 2328 justitiam,
1594 2281 1638 2318 et
1666 2274 1798 2317 odisti
1824 2273 1899 2315 ini·

1070 2334 1301 2386 quitatem:
1348 2334 1372 2358 *
1414 2334 1651 2386 propterea
1692 2331 1816 2373 unxit
1856 2334 1901 2372 te

1068 2390 1189 2432 Deus
1216 2390 1337 2431 Deus
1365 2395 1464 2431 tuus
1493 2389 1592 2430 eleo
1616 2388 1781 2430 laetitiae
1807 2398 1901 2440 prae

1070 2445 1346 2488 consortibus
1373 2446 1470 2488 tuis.
1846 2490 1850 2494 .

1124 2502 1313 2555 Myrrha,
1341 2508 1385 2544 et
1412 2507 1545 2554 gutta,
1568 2506 1619 2543 et
1646 2500 1764 2542 casia
1787 2512 1813 2541 a
1830 2511 1900 2540 ve-

1073 2559 1285 2601 stimentis
1306 2559 1403 2607 tuis,
1421 2572 1446 2600 a
1463 2557 1665 2600 demibus
1685 2555 1904 2598 eburneis:

1073 2616 1095 2640 *
1113 2629 1167 2657 ex
1197 2616 1354 2668 quibus
1374 2616 1703 2657 delectaverunt
1726 2617 1771 2654 te
1799 2611 1902 2652 filiae

1074 2684 1226 2722 regum
1252 2672 1296 2712 in
1323 2671 1492 2713 honore
1519 2675 1607 2712 tuo.

1126 2728 1277 2770 Astitit
1309 2730 1460 2779 regina
1493 2740 1518 2768 a
1546 2725 1712 2768 dextris
1745 2724 1832 2767 tuis
1859 2724 1904 2765 in
