2040 2976
536 211 635 243 Infra
665 207 956 241 llcbdonmdum
983 206 1031 239 ix.
1057 209 1145 247 post
1168 206 1246 237 Oct.
1274 204 1532 236 Pentecoste&

173 320 197 347 a
225 305 310 354 die,
345 317 430 356 qua
457 302 633 354 reliquit
664 306 826 342 terram
859 311 999 350 usque

172 361 229 403 ad
247 373 453 413 praesens.

228 425 276 475 Ιζι.
296 421 471 461 Montes
491 418 675 461 Gelboe.
694 417 781 457 218.

467 490 619 530 Lectio
640 488 694 527 iii.

174 543 351 647 Venit
401 560 579 599 quoque
622 546 798 587 Eliseus
842 543 1001 583 Dama-

275 617 415 654 scum,
449 609 492 645 et
516 601 729 644 Benadad
762 613 839 641 rex
864 598 1002 650 Syriae

170 660 433 712 aegrotabat:
453 659 852 709 nuntiaveruntque
873 655 922 704 ei,
942 654 1002 695 di-

170 720 334 759 centes:
367 716 501 757 Venit
527 716 594 755 vir
619 714 705 756 Dei
723 713 818 753 huc.
859 712 918 752 Et
943 710 1003 751 ait

170 786 248 814 rex
276 773 333 813 ad
360 771 542 812 Hazael:
583 770 712 812 Tolle
739 774 885 810 tecum
912 769 1003 806 mu-

170 841 287 878 nera,
308 834 351 869 et
370 826 483 869 vade
503 828 547 867 in
566 830 800 868 occursum
815 823 895 863 viri
910 822 1004 870 Dei,

172 890 216 926 et
236 883 417 925 consule
436 883 674 924 Dominum
697 893 777 934 per
801 892 914 928 eum,
944 876 1004 918 di-

173 953 292 982 cens:
326 940 371 981 Si
400 939 588 980 evadere
617 940 776 990 potero
807 934 862 976 de
889 933 1003 974 infir-

171 997 324 1038 mitate
344 1008 442 1036 mea
460 993 564 1035 hac?
584 993 819 1043 Ivit'igitur
837 989 1006 1031 Hazael

172 1053 216 1093 in
242 1054 473 1093 occursum
501 1051 602 1102 ejus.
641 1050 838 1100 Cumque
862 1048 1004 1087 stetis-

173 1113 241 1149 set
267 1120 416 1148 coram
442 1119 512 1155 eo,
541 1106 616 1147 ait:
644 1105 780 1145 Filius
803 1109 904 1145 tuus
924 1102 1004 1142 Be-

172 1162 319 1204 nadad
348 1176 426 1204 rex
453 1162 591 1214 Sy'riae
619 1161 736 1202 misit
763 1171 833 1200 me
862 1157 919 1199 ad
945 1163 1005 1207 te,

173 1219 340 1260 dicens:
371 1219 416 1260 Si
444 1218 590 1258 sanari
617 1219 776 1269 potero
806 1215 862 1256 de
890 1214 1003 1254 infir-

172 1275 325 1316 mitate
350 1287 448 1315 mea
472 1272 577 1314 hac?
615 1273 827 1323 Dixitque
853 1271 893 1311 ei
918 1269 1005 1310 Eli-

173 1332 288 1371 seus:
308 1330 453 1379 Vade,
473 1329 544 1370 dic
565 1329 619 1370 ei:
638 1327 887 1370 Sanaberis:
906 1338 1004 1378 por-

172 1399 222 1427 ro
262 1384 456 1427 ostendit
497 1384 605 1425 mihi
645 1384 862 1425 Dominus
906 1381 1007 1434 quia

172 1447 315 1484 morte
335 1441 557 1483 morietur.

232 1504 282 1554 R».
303 1503 399 1553 Ego
419 1506 463 1543 te
482 1501 572 1542 tuli.
591 1501 678 1541 218.

424 1621 452 1657 S
479 1632 504 1657 a
527 1621 554 1656 b
579 1620 605 1656 b
633 1630 658 1655 a
681 1623 698 1654 t
722 1629 760 1655 o.

295 1680 360 1719 De
384 1677 497 1718 libro
523 1680 680 1729 quarto
704 1676 887 1725 Regum.

231 1742 385 1782 Lectio
406 1741 429 1779 i.
796 1739 899 1789 Cap.
919 1739 956 1777 9.

204 1806 397 1853 ‚Vtiliseus
433 1810 580 1847 autem
607 1804 850 1857 prophetes
880 1806 1009 1845 voca-

205 1865 254 1900 Q
292 1862 354 1903 vit
386 1876 521 1903 unum
554 1860 609 1902 de
640 1861 742 1901 filiis
774 1859 1010 1912 propheta-

179 1931 292 1967 rum,
325 1923 368 1959 et
400 1918 459 1959 ait
491 1918 567 1958 illi:
609 1918 803 1967 Accinge
835 1916 1010 1957 lumbos

180 1979 298 2022 tuos,
323 1979 366 2015 et
390 1974 496 2015 tolle
520 1973 772 2015 lenticulam
792 1972 878 2013 olei
897 1972 1011 2014 hanc

178 2029 222 2070 in
249 2042 381 2070 manu
409 2035 503 2079 tua,
532 2034 576 2071 et
604 2028 717 2070 vade
744 2028 788 2068 in
815 2028 1010 2069 Ramoth

180 2085 362 2126 Galaad.
397 2086 595 2137 Cumque
613 2084 785 2126 veneris
806 2084 924 2133 illuc,
951 2085 1009 2125 vi-

180 2141 305 2182 debis
343 2141 455 2182 Jehu
500 2141 638 2182 filium
674 2139 889 2192 Josaphat
933 2140 1011 2180 filii

179 2197 348 2238 Namsi:
368 2202 411 2238 et
426 2197 647 2248 ingressus
663 2196 895 2237 suscitabis
912 2209 1011 2237 eum

180 2252 235 2294 de
265 2252 412 2293 medio
443 2252 627 2294 fratrum
652 2254 849 2302 suorum,
884 2257 928 2293 et
951 2252 1010 2292 in-

179 2307 392 2349 troduces
437 2308 479 2348 in
523 2309 703 2350 interius
749 2307 1009 2349 cubiculum.

179 2364 444 2415 Tenensque
463 2364 713 2405 lenticulam
735 2363 834 2413 olei,
853 2362 1010 2404 fundes

181 2432 315 2472 super
349 2426 482 2472 eaput
515 2421 623 2472 ejus,
657 2425 699 2461 et
733 2419 869 2460 dices:
901 2419 1013 2460 Haec

181 2475 287 2517 dicit
310 2476 540 2516 Dominus:
567 2476 681 2517 Unxi
704 2481 748 2516 te
772 2487 920 2525 regem
945 2488 1012 2515 su-

180 2545 260 2584 per
280 2531 428 2572 Israel.
465 2532 740 2583 Aperiesque
762 2531 940 2578 ostium,
967 2536 1013 2571 et

181 2588 340 2639 fugies,
369 2592 412 2628 et
435 2600 523 2628 non
547 2587 608 2628 ibi
628 2587 852 2627 subsistes.
890 2585 1014 2626 Abiit

182 2656 287 2694 ergo
308 2642 566 2684 adolescens
586 2655 696 2695 puer
715 2641 949 2694 prophetae
969 2642 1013 2681 in

182 2699 377 2740 Ramoth
406 2698 592 2747 Galaad‚
625 2704 669 2739 et
696 2699 918 2748 ingressus
947 2703 1013 2738 est

1051 297 1170 338 illuc:
1192 308 1295 337 ecce
1315 301 1462 336 autem
1480 294 1703 347 principes
1723 294 1884 335 exerci-

1051 358 1123 394 tus
1143 351 1374 399 sedebant,
1399 356 1443 392 et
1462 351 1538 391 ait:
1561 349 1761 392 Verbum
1778 349 1886 390 mihi

1054 408 1110 449 ad
1136 412 1181 449 te
1209 420 1235 448 o
1262 407 1481 460 princeps.
1520 406 1732 457 Dixitque
1757 404 1886 446 Jehu:

1055 463 1129 505 Ad
1158 475 1288 515 quem
1317 475 1372 504 ex
1400 461 1602 503 omnibus
1629 459 1780 502 nobis?
1826 460 1887 502 At

1054 520 1126 561 ille
1146 519 1270 561 dixit:
1298 518 1372 559 Ad
1389 523 1434 560 te
1455 530 1482 559 o
1500 517 1718 570 princeps.

1113 581 1162 620 R.
1184 574 1382 616 Peccavi.
1403 574 1488 614 179.

1370 633 1523 673 Lectio
1544 633 1583 671 ii.

1144 692 1162 728 t
1181 686 1387 735 surrexit,
1416 690 1460 727 et
1477 686 1701 736 ingressus
1720 689 1788 726 est
1817 697 1888 725 cu-

1158 742 1366 784 biculum:
1404 746 1449 783 at
1484 741 1557 782 ille
1594 740 1708 782 fudit
1744 740 1891 782 oleum

1057 811 1190 851 super
1210 804 1343 850 caput
1363 798 1465 849 ejus,
1487 801 1531 838 et
1554 797 1629 838 ait:
1653 797 1765 838 Haec
1784 794 1891 838 dicit

1057 855 1274 911 Dominus
1293 855 1415 895 Deus
1434 852 1588 896 Israel:
1615 853 1731 894 Unxi
1755 857 1802 894 te
1826 864 1890 893 re-

1056 923 1157 961 gem
1172 923 1306 963 super
1320 909 1534 962 populum
1549 908 1730 950 Domini
1742 907 1892 957 Israel,

1058 971 1103 1008 et
1121 967 1344 1019 percuties
1360 965 1541 1007 domum
1555 963 1711 1006 Achab
1727 963 1894 1006 domini

1059 1023 1139 1072 tui,
1174 1028 1218 1064 et
1245 1023 1432 1064 ulciscar
1461 1021 1719 1072 sanguinem
1747 1021 1893 1062 servo-

1060 1091 1158 1119 rum
1174 1080 1374 1120 meorum
1388 1077 1720 1130 prophetarum,
1739 1080 1784 1118 et
1797 1077 1893 1117 sen-

1059 1134 1236 1184 guinem
1255 1134 1450 1175 omnium
1469 1134 1698 1174 servorum
1716 1131 1896 1173 Domini

1062 1189 1117 1231 de
1144 1203 1277 1231 manu
1304 1190 1328 1230 J
1332 1189 1495 1230 ezabel.
1541 1187 1832 1239 Perdamque⁴
1850 1199 1894 1228 o-

1060 1259 1206 1287 mnem
1239 1245 1420 1287 domum
1453 1244 1625 1286 Achab:
1660 1249 1704 1286 et
1733 1242 1896 1285 interfi-

1062 1302 1175 1343 ciam
1198 1301 1253 1343 de
1272 1301 1429 1342 Achab
1454 1301 1723 1351 mingentem
1744 1298 1802 1341 ad
1821 1313 1896 1353 pa-

1061 1360 1230 1407 rietem,
1251 1362 1294 1398 et
1313 1357 1526 1406 clausum,
1546 1361 1590 1397 et
1607 1355 1897 1397 novissimum

1060 1414 1104 1455 in
1124 1413 1274 1454 Isra‘el.
1306 1413 1363 1455 Et
1388 1412 1506 1454 dabo
1527 1411 1710 1453 domum
1728 1411 1897 1462 Achab,

1062 1470 1174 1511 sicut
1193 1468 1374 1510 domum
1388 1469 1412 1509 J
1415 1468 1628 1510 eroboam
1647 1467 1726 1508 fflii
1738 1467 1897 1518 Nabat,

1062 1531 1106 1567 et
1138 1525 1252 1566 sicut
1280 1524 1461 1566 domum
1488 1524 1635 1564 Baasa
1662 1523 1742 1564 filii
1770 1523 1897 1564 Ahia.

1062 1582 1086 1623 J
1089 1580 1243 1623 ezabel
1262 1592 1438 1632 quoque
1458 1579 1693 1621 comedent
1707 1591 1838 1621 canes
1852 1579 1898 1620 in

1064 1650 1170 1688 agro
1185 1637 1210 1677 J
1213 1635 1399 1686 ezrahel,
1418 1648 1500 1677 nec
1520 1635 1604 1677 erit
1624 1635 1698 1687 qui
1714 1634 1898 1690 sepeliat

1063 1707 1172 1735 eam.
1211 1694 1489 1746 Aperuitque
1510 1691 1689 1740 ostium,
1714 1695 1759 1732 et
1775 1691 1897 1743 fugit.

1056 1796 1057 1799 Ἴ
1119 1751 1170 1802 R.
1192 1748 1424 1790 Exaudisti
1442 1747 1643 1788 Domine.
1662 1747 1758 1788 180.
1857 1760 1862 1763 ·

1358 1806 1512 1847 Lectio
1532 1805 1590 1845 iii.

1066 1859 1219 1965 Jehu
1244 1865 1392 1902 autem
1415 1861 1619 1910 egressus
1644 1862 1712 1900 est
1730 1856 1788 1899 ad
1806 1870 1894 1899 ser-

1148 1929 1230 1958 vos
1246 1916 1415 1958 domini
1429 1915 1511 1956 sui:
1530 1914 1605 1967 qui
1621 1914 1824 1956 dixerunt
1842 1913 1897 1954 ei:

1064 1974 1203 2014 Recte
1228 1985 1284 2014 ne
1312 1977 1414 2013 sunt
1441 1970 1610 2012 omnia?
1645 1969 1753 2022 quid
1777 1970 1897 2011 venit

1062 2029 1242 2070 insanus
1260 2028 1343 2070 iste
1363 2026 1421 2069 ad
1438 2025 1505 2068 te?
1533 2026 1618 2076 Qui
1637 2026 1698 2067 ait
1712 2025 1790 2067 eis:
1807 2025 1896 2067 No-

1063 2086 1142 2126 stis
1160 2084 1400 2133 hominem,
1429 2088 1472 2124 et
1497 2081 1604 2135 quid
1628 2082 1806 2123 locutus
1831 2081 1897 2123 sit.

1064 2142 1124 2182 At
1150 2141 1213 2182 illi
1236 2139 1578 2192 responderunt:
1608 2137 1789 2179 Falsum
1814 2141 1898 2186 est,

1065 2197 1144 2239 sed
1162 2197 1301 2247 magis
1319 2207 1448 2236 narra
1467 2194 1606 2236 nobis.
1636 2193 1720 2243 Qui
1742 2193 1802 2235 ait
1821 2193 1899 2234 eis:

1064 2254 1175 2295 Haec
1204 2258 1248 2294 et
1274 2252 1371 2293 haec
1397 2251 1574 2292 locutus
1603 2255 1671 2291 est
1698 2249 1821 2299 mihi,
1854 2254 1899 2290 et

1065 2310 1139 2351 ait:
1171 2310 1283 2350 Haec
1312 2307 1418 2349 dicit
1445 2306 1678 2347 Dominus:
1711 2305 1827 2346 Unxi
1854 2309 1898 2346 te

1065 2378 1214 2416 regem
1233 2377 1365 2417 super
1383 2363 1532 2404 Israel.
1562 2362 1899 2403 Festinaverunt

1065 2423 1225 2473 itaque,
1245 2425 1289 2462 et
1307 2421 1610 2470 unusquisque
1628 2417 1789 2459 tollens
1805 2416 1897 2468 pal-

1065 2477 1170 2518 lium
1195 2490 1322 2518 suum
1344 2477 1588 2528 posuerunt
1607 2472 1688 2514 sub
1708 2471 1898 2524 pedibus

1067 2534 1168 2583 ejus,
1187 2533 1232 2573 in
1253 2530 1581 2573 similitudinem
1594 2527 1836 2577 tribunalis,
1856 2533 1899 2570 et

1067 2589 1318 2630 cecinerunt
1349 2587 1471 2637 tuba,
1511 2591 1644 2637 atque
1676 2584 1898 2625 dixerunt:

1067 2644 1287 2694 Regnavit
1305 2644 1330 2684 J
1333 2643 1429 2685 ehu.

1123 2700 1172 2738 R·.
1195 2700 1314 2741 Audi
1332 2699 1533 2740 Domine.
1552 2697 1645 2737 180.
