2040 2976
492 209 561 243 Die
585 211 618 243 8.
643 209 748 243 Julii.
795 210 829 243 S.
856 210 1056 244 Elisabeth
1083 210 1174 253 ch.
1200 210 1410 253 Portugall.
1435 211 1585 247 Viduae.

186 313 275 354 lum
291 313 383 363 ejus
398 311 592 361 Paulum,
611 311 742 353 tertio
757 310 1014 361 naufragan-

185 375 293 418 tem,
320 368 375 410 de
393 367 616 421 profundo
634 367 779 420 pelagi
799 366 1014 408 liberavit:

186 425 346 467 exaudi
370 438 450 466 nos
474 425 708 478 propitius,
734 429 777 466 et
804 423 1014 472 concede3

184 488 232 524 ut
276 481 504 523 amborum
547 482 712 523 meritis
754 479 1014 522 aeternitatis

183 538 367 589 gloriam
385 541 720 591 consequamur:
741 538 824 588 Qui
843 538 965 578 vivis.

390 625 452 666 In
474 624 532 666 11.
556 623 806 676 vesperis.

239 694 374 727 Omnia
398 698 439 727 ut
461 693 499 726 in
524 692 568 727 ΙΙ,
590 692 776 735 Vesperis
798 691 845 725 de
869 691 1013 726 Comm.

186 742 476 784 Apostolorum.
500 743 569 787 [13]

240 803 289 852 V.
315 804 568 846 Constitues
595 816 672 845 eos
698 803 919 856 principes
946 815 1012 843 su-

184 874 264 914 per
293 874 469 902 omnem
496 866 668 902 terram.
715 861 765 912 Ra
794 860 1014 900 Memores

184 923 311 960 erunt
330 918 516 959 nominis
535 917 599 959 tui
616 916 815 958 Domine.

239 979 307 1020 Ad
324 979 497 1026 Magnif.
523 979 622 1019 Ant.
655 979 805 1020 Petrus
822 978 1013 1030 Aposto-

183 1036 262 1086 lus,
277 1041 321 1078 et
333 1036 494 1077 Paulus
509 1036 680 1077 Doctor
697 1034 915 1084 Gentium,
929 1034 1014 1087 ipsi

183 1105 266 1134 nos
278 1092 520 1134 docuerunt
531 1093 672 1143 legem
683 1097 804 1133 tuam
814 1091 1013 1132 Domine.

467 1194 550 1235 Die
570 1194 608 1235 8.
625 1193 650 1234 J
652 1193 737 1234 ulii.

211 1263 253 1304 S.
276 1262 539 1304 Elisabeth
564 1263 668 1312 Reg.
693 1261 986 1311 Portugalliae,

514 1318 685 1359 Viduae.

470 1380 730 1423 Semiduplex.

396 1450 457 1490 In
482 1449 518 1490 Ι.
547 1448 797 1499 vesperis.

235 1512 322 1546 Ant.
349 1516 385 1546 ct
410 1512 533 1556 Capit.
559 1513 606 1547 de
631 1512 750 1546 Laud.
775 1511 849 1545 414.
886 1511 947 1545 Ps.
973 1515 1013 1545 ut

184 1561 222 1594 in
249 1561 272 1594 I.
298 1560 483 1603 Vesperis
510 1561 556 1595 de
582 1561 726 1595 Comm.
751 1560 856 1602 Virg.
883 1559 955 1602 [83]

495 1626 705 1678 Hymnus.

183 1685 420 1791 Domare
462 1690 608 1788 cgrdff
648 1693 837 1743 impetus
878 1690 1013 1731 Elisa-

235 1803 393 1853 Fortis,
411 1759 630 1856 inopsque
648 1803 746 1845 Deo

236 1859 419 1909 Servire‚
439 1872 574 1911 regno
595 1859 800 1912 praetulit.

183 1926 250 1966 En
270 1924 447 1977 fulgidis
466 1926 645 1978 recepta
664 1924 765 1966 coeli
784 1924 972 1974 sedibus

235 1981 518 2034 Sidereaeque
538 1981 696 2023 domus

236 2038 388 2080 Ditata
407 2038 570 2080 sanctis
589 2037 773 2089 gaudiis.

1405 306 1568 347 Oratio.

1144 363 1458 405 lementissime
1476 362 1607 412 Deus,
1628 362 1702 415 qui
1719 362 1896 404 beatam

1163 419 1392 462 Elisabeth
1411 421 1621 470 reginam,
1648 419 1760 460 inter
1784 419 1896 460 cete-

1068 490 1139 518 ras
1168 477 1367 529 egregias
1395 475 1538 525 dotes,
1564 474 1710 517 bellici
1736 474 1896 516 furoris

1068 532 1252 575 sedandi
1270 535 1565 586 praerogativa
1585 531 1819 574 decorasti:
1840 530 1896 573 da

1067 590 1196 632 nobis
1217 590 1307 642 ejus
1331 589 1644 632 intercessione
1663 593 1767 641 post
1784 601 1896 630 mor-

1067 647 1167 689 talis
1198 647 1317 696 vitae,
1346 659 1478 699 quam
1506 644 1762 698 suppliciter
1788 645 1896 698 peti-

1067 717 1174 754 mus,
1194 716 1360 756 pacem,
1376 702 1433 744 ad
1449 704 1614 744 aeterna
1627 699 1788 752 gaudia
1801 713 1897 754 per-

1067 763 1226 802 venire.
1254 761 1339 802 Per
1357 759 1607 801 Dominum.

1230 833 1318 874 Ad
1350 831 1739 874 matutinum.

1121 895 1245 935 Invit.
1267 893 1517 935 Laudemus
1537 893 1680 934 Deum
1698 896 1898 933 nostrum

1071 951 1093 974 *
1118 952 1172 992 In
1205 951 1367 993 sanctis
1403 949 1612 1004 operibus
1640 948 1784 991 beatae
1810 947 1896 988 Eli-

1068 1007 1234 1050 sabeth.

1119 1068 1188 1107 Ps.
1210 1068 1375 1114 Venite,
1396 1065 1673 1107 exsultemus.
1691 1064 1728 1104 2.

1120 1124 1330 1175 Hymnus.
1358 1124 1561 1164 Domare.
1585 1129 1631 1164 ut
1651 1136 1794 1175 supra.

1312 1194 1361 1232 In
1380 1194 1411 1232 Ι.
1431 1192 1654 1232 Nocturno.

1120 1259 1219 1300 Ant.
1242 1257 1427 1299 Elevata
1446 1262 1514 1298 est
1531 1257 1556 1282 *
1574 1255 1897 1306 magnificentia

1067 1313 1296 1356 Elisabeth
1315 1326 1448 1367 super
1468 1313 1619 1355 coelos.

1120 1376 1181 1411 Ps.
1215 1377 1331 1411 trium
1358 1375 1469 1411 Noct.
1503 1376 1550 1411 de
1583 1375 1788 1411 Communi
1819 1385 1898 1410 non

1068 1424 1175 1468 Virg.
1199 1423 1297 1467 [101]

1120 1478 1219 1518 Ant.
1255 1475 1367 1518 Veni
1396 1474 1536 1516 electa
1560 1486 1674 1524 mea,
1698 1474 1722 1500 *
1750 1476 1794 1514 et
1819 1485 1896 1526 po-

1066 1546 1167 1574 nam
1199 1533 1243 1573 in
1274 1537 1318 1574 te
1353 1531 1562 1573 thronum
1592 1542 1755 1580 meum,
1795 1529 1897 1582 quia

1067 1589 1319 1642 concupivit
1337 1589 1435 1630 Rex
1454 1587 1648 1640 speciem
1665 1591 1797 1628 tuam.

1123 1646 1222 1687 Ant.
1251 1645 1436 1697 Accepit
1453 1642 1809 1686 benedictionem
1827 1642 1852 1669 *
1871 1655 1897 1684 a

1066 1701 1273 1752 Domino,
1309 1706 1353 1743 et
1375 1700 1726 1743 misericordiam
1749 1713 1775 1742 a
1796 1699 1896 1741 Deo

1065 1758 1245 1800 salutari
1265 1771 1357 1800 suo.

1119 1809 1170 1862 V.
1199 1814 1351 1856 Multae
1383 1814 1486 1856 filiae
1519 1814 1898 1865 congregaverunt

1066 1869 1252 1913 divitias.
1281 1871 1332 1912 R.
1350 1872 1420 1914 Tu
1439 1871 1726 1924 supergressa
1741 1882 1788 1911 es
1805 1869 1896 1911 uni-

1066 1940 1228 1969 versas.

1182 2000 1250 2040 De
1270 1996 1502 2038 Parabolis
1520 1995 1778 2037 Salomonis.

188 2103 311 2144 Nunc
333 2108 486 2154 regnat
508 2103 621 2145 inter
644 2102 812 2144 co'elites
831 2103 1014 2152 beatior,
1075 2146 1077 2159 ζ
1123 2143 1149 2159 ἲ
1212 2144 1214 2149 ,
1276 2126 1285 2135 ›

235 2160 292 2201 Et
310 2160 470 2212 premit
490 2165 619 2210 astra,
642 2160 807 2202 docens

237 2217 346 2267 Quae
365 2229 470 2258 vera
490 2217 575 2259 sint
593 2218 715 2269 regni
735 2217 862 2258 bona.

192 2281 305 2323 Patri
323 2283 533 2335 potestas,
553 2282 753 2334 Filioque
772 2282 922 2333 gloria,

236 2338 593 2390 Perpetuumque
614 2339 749 2380 decus

235 2393 339 2435 Tibi
359 2394 415 2435 sit
435 2394 548 2436 alme
567 2395 764 2447 Spiritus.
792 2395 945 2436 Amen.

234 2457 285 2506 ils.
319 2458 409 2500 Ora
440 2472 522 2512 pro
556 2459 683 2501 nobis
718 2459 850 2501 beata
877 2459 1012 2500 Elisa-

185 2515 301 2558 beth.
344 2516 393 2566 Rz.
419 2515 478 2557 Ut
503 2515 622 2566 digni
649 2516 888 2557 efficiamur
914 2528 1012 2568 pro-

184 2571 466 2614 missionibus
485 2572 656 2614 Christi.

236 2632 308 2674 Ad
333 2633 505 2682 Magnif.
546 2635 643 2673 Ant.
680 2634 737 2673 Et
760 2645 875 2673 nunc
900 2634 923 2656 *
949 2645 1012 2674 re-

186 2703 263 2740 ges
287 2689 531 2739 intelligite,
557 2688 787 2730 erudimini
812 2689 886 2740 qui
909 2688 1013 2739 judi-

187 2746 296 2788 catis
314 2751 487 2788 terram.

1095 2173 1115 2237 ξ
1137 2170 1183 2235 Ἶᾯζ,
1242 2179 1353 2221 niet?
1382 2179 1552 2233 procul,
1582 2183 1625 2220 et
1650 2177 1706 2220 de
1731 2177 1896 2220 ultimis

1075 2234 1078 2239 ’
1111 2236 1124 2245 “’
1212 2234 1215 2239 ’
1243 2236 1402 2278 finibus
1426 2236 1617 2288 pretium
1641 2236 1744 2287 eius.
1786 2234 1895 2276 Con-

1067 2294 1164 2336 fidit
1189 2294 1234 2335 in
1261 2306 1313 2335 ea
1341 2306 1418 2335 cor
1445 2293 1527 2334 viri
1556 2292 1642 2342 sui,
1671 2296 1714 2334 et
1743 2291 1896 2344 spoliis

1066 2364 1155 2392 non
1182 2349 1403 2401 indigebit.
1448 2349 1626 2392 Reddet
1652 2348 1693 2390 ei
1719 2348 1895 2397 bonum,

1068 2412 1111 2449 et
1144 2420 1234 2448 non
1269 2406 1448 2455 malum,
1497 2405 1699 2448 omnibus
1740 2403 1894 2446 diebus

1067 2464 1169 2506 vitae
1184 2476 1286 2505 suae.
1306 2463 1519 2513 Quaesivit
1532 2462 1676 2503 lanam
1692 2465 1735 2502 et
1748 2460 1893 2509 linum,

1067 2525 1110 2562 et
1149 2521 1334 2572 operata
1369 2523 1436 2560 est
1472 2517 1654 2560 consilio
1687 2518 1893 2558 manuum

1067 2578 1256 2617 suarum.
1291 2575 1428 2617 Facta
1452 2580 1520 2617 est
1545 2573 1670 2627 quasi
1691 2571 1815 2613 navis
1833 2571 1893 2612 in-

1066 2632 1252 2681 stitoris,
1281 2630 1337 2673 de
1364 2631 1496 2682 longe
1523 2635 1706 2683 portans
1732 2640 1893 2680 panem

1066 2702 1203 2730 suum.
1243 2688 1301 2728 Et
1332 2686 1388 2729 de
1420 2692 1550 2729 nocte
1582 2685 1787 2734 surrexit,
1820 2683 1891 2725 de-

1066 2744 1218 2797 ditque
1236 2743 1434 2796 praedam
1453 2741 1705 2784 domesticis
1723 2741 1824 2790 suis
1848 2746 1892 2782 et
