2040 2976
496 224 567 258 Die
595 225 645 257 19.
670 224 767 266 Aug.
816 223 956 263 Quinta
984 222 1046 256 die
1072 222 1170 255 infra
1196 221 1274 255 Oct.
1299 222 1497 264 assumpt.

143 327 261 364 trum
280 324 504 364 carcerem
524 322 746 372 conjectus
766 323 899 369 esset,
923 322 972 359 ut

144 379 250 421 nihil
272 380 448 421 omnino
471 391 551 430 per
577 379 766 429 quatuor
786 375 880 417 dies
898 388 971 427 gu-

145 438 297 486 staret,
325 448 348 477 e
375 434 577 476 custodia
602 438 670 476 est
694 432 893 475 eductus:
929 436 972 473 et

145 492 400 534 ardentibus
427 490 692 533 carbonibus
719 489 855 542 capiti
881 490 972 541 ejus

143 549 376 602 impositis,
402 549 499 590 Deo
524 560 658 598 agens
686 546 867 598 gratias,
895 547 972 586 ite·

144 619 240 647 rum
259 605 441 648 affectus
460 603 727 653 verberibus,
750 601 893 644 nudus
912 602 973 643 ita

144 662 331 716 pedibus
360 663 598 714 suspensus
627 664 712 710 est,
744 664 792 700 ut
819 659 972 709 ingens

145 721 288 762 fumus
313 731 336 761 e
364 718 561 770 subjecto
586 718 686 768 igne
711 729 762 758 os
786 717 876 768 ejus
897 715 971 757 ob-

145 780 303 819 rueret.
339 776 454 817 Tum
477 775 650 817 fervens
674 786 788 826 aqua
811 773 856 814 in
882 773 973 825 ejus

145 839 343 875 ventrem
380 831 518 874 effusa
560 836 642 881 est,
693 829 973 882 maxillaeque

146 890 395 932 confractae.
436 890 534 940 Quo
561 890 762 940 tempore
790 886 921 939 judex
949 899 973 928 e

144 946 352 989 tribunali
378 946 545 999 lapsus,
573 945 707 998 paulo
732 949 835 997 post
859 945 972 984 mor-

145 1009 247 1046 tuus
267 1009 344 1044 est.
377 1003 442 1044 Ea
464 1015 511 1044 re
535 1003 713 1044 incenso
737 1001 972 1053 imperato-

145 1073 208 1111 re,
233 1064 433 1101 sanetum
457 1060 656 1111 juvenem
675 1058 850 1111 jubente
869 1058 973 1100 feris

147 1117 292 1169 ubjici‚
321 1130 421 1159 cum
447 1116 534 1157 illae
559 1128 648 1157 non
673 1115 887 1158 auderent
914 1120 974 1157 at-

142 1177 326 1226 tingere,
357 1174 583 1215 Praeneste
615 1172 764 1225 gladio
797 1176 973 1225 percus-

144 1244 218 1272 sus
238 1235 316 1273 est.

197 1296 259 1336 Te
278 1293 422 1334 Deum
439 1291 681 1333 laudamus.
700 1291 758 1332 13.

195 1371 238 1404 In
263 1370 381 1404 Laud.
407 1370 449 1403 fit
471 1380 666 1404 commem.
692 1371 726 1404 S.
752 1371 923 1414 Agapiti.

199 1431 298 1471 Ant.
336 1427 420 1479 Qui
447 1427 543 1469 odit
568 1427 757 1468 animam
782 1439 906 1468 suam
930 1427 974 1467 in

145 1486 231 1528 hoc
249 1485 430 1535 mundo,
454 1485 499 1526 in
517 1484 654 1526 vitam
673 1485 884 1526 aeternam
904 1496 974 1526 cu-

147 1542 283 1586 stodit
303 1555 410 1584 eam.

196 1607 246 1658 V.
298 1609 323 1649 J
325 1612 449 1649 ustus
497 1612 546 1649 ut
594 1606 741 1660 palma
787 1605 974 1647 florebit.

145 1670 195 1722 R.
232 1664 354 1707 Sicut
388 1664 547 1706 cedrus
575 1662 733 1706 Libani
764 1661 970 1715 multipli-

146 1721 327 1763 cabitur.

480 1780 642 1821 Oratio.

216 1844 372 1885 aetetur
391 1842 591 1885 Ecclesia
605 1846 692 1892 tua,
707 1843 841 1892 Deus
854 1843 974 1885 beati

255 1899 435 1952 Agapiti
469 1900 676 1952 Martyris
709 1899 774 1941 tui
808 1899 976 1941 confisa

147 1956 379 2008 suffragiis:
401 1961 534 2008 atque
557 1957 647 2009 ejus
662 1955 869 2008 precibus
884 1956 973 2007 glo-

146 2013 286 2063 ri6sis,
306 2018 350 2055 et
372 2012 536 2054 devota
554 2014 821 2065 permaneat,
842 2018 886 2055 et
910 2025 974 2054 se-

148 2073 253 2111 cura
272 2071 494 2111 consistat.
520 2070 605 2111 Per
623 2069 871 2110 Dominum.

369 2178 454 2220 Die
473 2179 533 2219 19.
552 2178 752 2230 Augusti.

251 2247 410 2296 Quinta
436 2246 505 2287 die
530 2246 639 2287 infra
665 2246 879 2287 Octavam

366 2307 754 2359 Assumptionis.

394 2384 444 2423 In
462 2383 491 2422 Ι.
511 2382 734 2423 Nocturno.

274 2453 340 2493 De
360 2451 549 2494 Canticis
569 2453 850 2495 canticorum.

229 2522 380 2563 Lectio
401 2522 424 2562 i.
691 2524 793 2575 Cap.
811 2525 847 2564 5.
864 2538 898 2565 c.

160 2594 284 2637 :cy-3:³3
302 2586 426 2638 djuro
458 2599 553 2636 vos,
586 2586 689 2628 fssiae
720 2587 974 2638 Jerusalem,

159 2637 287 2714 s
319 2643 355 2684 si
378 2643 631 2684 inveneritis
656 2643 865 2686 dilectum
887 2657 973 2686 me-

194 2724 202 2725 v
318 2712 407 2750 um,
453 2705 501 2741 ut
543 2700 749 2742 nuntietis
792 2701 832 2742 ei
872 2701 974 2753 quia

148 2757 296 2798 amure
326 2756 526 2807 langueo.
583 2756 734 2807 Qualis
769 2762 836 2799 est
870 2756 972 2799 dile-

1024 322 1120 359 ctus
1146 320 1248 357 tuus
1273 327 1328 356 ex
1355 313 1533 364 dilectO,
1563 326 1589 356 o
1615 311 1854 366 pulcherri-

1022 386 1094 415 ma
1118 369 1374 413 mulierum?
1411 370 1551 422 qualis
1576 375 1644 412 est
1669 369 1855 411 dilectus

1023 435 1125 472 tuus
1148 441 1203 470 ex
1222 428 1402 478 dilecto,
1433 427 1535 479 quia
1559 427 1622 468 sic
1646 425 1856 477 adjurasti

1022 485 1127 529 nos?
1160 485 1359 527 Dilectus
1390 496 1514 525 meus
1549 483 1779 532 candiduS‚
1813 487 1856 524 et

1023 540 1310 591 rubicundus,
1356 541 1523 582 electus
1560 553 1614 582 ex
1650 538 1856 581 millibus.

1025 601 1170 653 Caput
1191 600 1281 651 ejus
1297 611 1451 639 aurum
1467 597 1696 650 optimum:
1716 609 1856 637 comae

1025 659 1116 710 ejus
1141 657 1253 698 sicut
1278 654 1407 697 elatae
1428 654 1691 707 palmarum,
1719 653 1857 704 nigrae

1027 714 1153 766 quasi
1171 725 1342 755 corvus.
1380 710 1507 753 Oculi
1533 711 1624 762 ejus
1650 711 1762 751 sicut
1786 722 1856 751 co-

1024 770 1187 812 lumbae
1233 781 1365 822 super
1417 767 1583 809 rivulos
1629 769 1857 819 aquarum,

1026 840 1125 880 quae
1152 827 1268 869 lacte
1297 830 1398 867 sunt
1428 824 1551 874 lotae,
1590 829 1634 865 et
1661 821 1858 865 resident

1024 885 1145 936 juxta
1164 884 1327 925 fluenta
1343 881 1610 935 plenissima.

1080 959 1130 998 R.
1155 952 1261 995 Vidi
1284 952 1534 1005 speciosam
1558 951 1672 993 sicut
1696 950 1858 992 colum-

1025 1011 1143 1061 bam,
1177 1009 1489 1051 ascendentem
1518 1007 1710 1060 desuper
1738 1007 1857 1048 rivos

1026 1069 1254 1120 aquarum:
1274 1067 1394 1118 cujus
1411 1064 1730 1106 inaestimabilis
1745 1064 1857 1105 odor

1027 1129 1120 1166 erat
1138 1123 1266 1164 nimis
1286 1123 1329 1163 in
1347 1122 1621 1164 vestimentis
1643 1122 1748 1174 ejus:
1766 1127 1788 1150 *
1802 1121 1859 1162 Et

1027 1181 1139 1222 sicut
1159 1179 1253 1222 dies
1268 1179 1390 1221 verni
1410 1178 1742 1220 circumdabant
1763 1191 1859 1219 eam

1027 1238 1158 1279 flores
1182 1239 1383 1278 rosarum
1407 1241 1451 1278 et
1473 1235 1563 1277 lilia
1582 1234 1858 1276 convallium.

1028 1292 1077 1343 V.
1101 1295 1210 1344 Quae
1237 1299 1303 1335 est
1327 1293 1413 1334 ista
1438 1306 1538 1346 quae
1563 1291 1760 1334 ascendit
1779 1304 1859 1344 per

1029 1351 1253 1393 desertum
1291 1351 1404 1392 sicut
1436 1349 1606 1400 virgula
1643 1349 1766 1400 fumi,
1804 1360 1859 1389 ex

1027 1407 1299 1450 aromatibus
1351 1406 1542 1460 myrrhae
1598 1410 1642 1447 et
1690 1403 1857 1447 thuris?

1026 1466 1084 1507 Et
1112 1465 1236 1506 sicut.

1106 1546 1258 1586 Lectio
1280 1545 1318 1585 ii.
1624 1544 1726 1595 Cap.
1745 1547 1780 1582 (5.

1120 1609 1277 1650 ilectus
1295 1621 1420 1650 meus
1446 1606 1675 1650 descendit
1699 1607 1743 1648 in
1762 1607 1859 1648 hor-

1131 1670 1225 1708 tum
1249 1679 1377 1707 suum
1403 1665 1460 1707 ad
1479 1664 1673 1706 areolam
1693 1666 1860 1705 aroma·
1909 1713 1910 1717 Ἰ

1026 1729 1138 1773 tum,
1163 1728 1212 1765 ut
1230 1725 1439 1776 pascatur
1457 1723 1502 1763 in
1520 1721 1677 1771 hortis,
1704 1726 1748 1762 et
1771 1720 1862 1762 lilia

1028 1781 1218 1832 culligat.
1250 1780 1346 1831 Ego
1368 1778 1531 1821 dilecto
1550 1791 1667 1828 meo,
1694 1783 1738 1820 et
1757 1776 1860 1819 dile-

1028 1843 1124 1879 ctus
1144 1850 1268 1879 meus
1287 1836 1407 1887 mihi,
1435 1836 1509 1889 qui
1532 1835 1730 1888 pascitur
1748 1835 1861 1876 inter

1027 1894 1128 1935 lilia.
1167 1893 1359 1935 Pulchra
1384 1906 1431 1935 es
1458 1895 1599 1934 amica
1620 1904 1737 1942 mea,
1765 1893 1860 1933 sua-

1027 1952 1105 2001 vis,
1125 1956 1169 1993 et
1189 1951 1352 1992 decora
1370 1951 1484 1991 sicut
1499 1948 1758 1991 Jerusalem:
1777 1953 1861 1990 ter-

1028 2007 1167 2050 ribilis
1186 2013 1235 2050 ut
1253 2009 1500 2049 castrorum
1515 2007 1633 2048 acies
1649 2005 1861 2048 ordinata.

1028 2065 1192 2106 Averte
1213 2064 1367 2106 oculos
1385 2069 1487 2105 tuos
1506 2076 1532 2105 a
1549 2076 1634 2114 me,
1655 2063 1758 2116 quia
1775 2063 1861 2115 ipsi

1027 2134 1098 2163 me
1129 2121 1307 2163 avolare
1340 2121 1549 2162 fecerunt.
1609 2119 1766 2173 Capilli
1797 2120 1861 2165 tui

1028 2178 1142 2219 sicut
1168 2190 1277 2228 grex
1305 2179 1555 2230 caprarum,
1593 2190 1693 2230 quae
1726 2189 1860 2230 appa-

1027 2236 1209 2276 ruerunt
1249 2234 1304 2276 de
1350 2234 1532 2276 Galaad.
1594 2234 1763 2276 Dentes
1796 2234 1861 2276 tui

1028 2291 1141 2333 sicut
1173 2304 1281 2343 grex
1313 2291 1478 2342 ovium,
1519 2304 1618 2344 quae
1651 2290 1858 2334 ascende-

1028 2353 1130 2390 runt
1158 2348 1214 2393 de
1240 2348 1436 2398 lavacro,
1475 2347 1859 2400 omnes'gemellis

1028 2404 1219 2456 fo'etibus,
1239 2410 1283 2447 et
1302 2405 1463 2447 sterilis
1482 2419 1570 2448 non
1590 2410 1657 2448 est
1675 2405 1720 2446 in
1739 2405 1813 2447 eis.

1082 2473 1133 2525 Rz.
1157 2475 1278 2516 Sicut
1301 2474 1459 2516 cedrus
1483 2475 1678 2517 exaltata
1699 2487 1796 2516 sum
1813 2474 1857 2515 in

1026 2530 1207 2582 Libano,
1227 2536 1271 2573 et
1292 2532 1404 2574 sicut
1421 2534 1655 2585 cypressus
1674 2531 1718 2572 in
1736 2543 1856 2572 mon-

1026 2593 1071 2629 te
1108 2588 1226 2630 Sion:
1265 2588 1390 2641 quasi
1426 2588 1605 2641 myrrha
1642 2587 1798 2637 electa,
1836 2589 1858 2612 *

1026 2644 1142 2686 Dedi
1183 2645 1446 2687 suavitatem
1487 2644 1649 2688 odoris.
1714 2639 1764 2689 V.
1800 2644 1859 2686 Et

1026 2701 1138 2743 sicut
1174 2702 1497 2744 cinnamomum
1533 2707 1577 2743 et
1612 2700 1858 2743 balsamum

1025 2761 1328 2800 aromatizans.
1354 2757 1481 2800 Dedi.
