2040 2976
762 228 876 262 Festa
902 230 1147 272 Septembris.
1173 232 1227 269 (1.)

145 328 338 378 Domini,
363 332 407 370 et
429 327 503 369 illa
521 327 695 380 elequia
714 332 849 377 casta,
874 339 972 379 pro-

145 385 251 427 bata
269 385 640 436 sicut‘argentum,
662 383 879 425 mentibus
897 382 972 423 he-

145 442 310 482 minum
346 439 652 482 foeneraverit?
713 440 827 481 Nam
863 439 974 480 sicut

145 497 392 540 Jerusalem
420 497 579 539 dicitur
612 496 831 539 aedificata
862 496 974 537 sicut

147 555 312 604 civitas,
330 554 392 596 ita
411 558 513 595 sunt
529 554 684 595 animae
698 553 911 606 pacificae:
931 556 975 593 et

147 611 260 653 sicut
278 610 437 662 Angeli
462 615 670 663 praesunt,
694 610 755 651 ita
781 614 824 651 et
847 609 878 649 ii
901 608 975 660 qui

147 668 282 710 vitam
299 668 538 709 meruerint
557 666 837 718 Angelorum.

199 725 262 766 Te
280 724 424 766 Deum
441 723 682 765 laudamus.

346 815 430 856 Die
449 816 479 856 1.
498 814 779 867 Septembris.

240 877 327 917 (Pro
350 876 585 910 Archidiocc.
610 877 644 911 S.
670 875 882 918 Ludovici.)

274 936 323 974 In
345 934 513 974 Octava
533 936 576 977 S.
595 934 846 977 Ludovici.

478 994 642 1037 Duplex.

200 1047 243 1081 In
274 1047 301 1082 Ι.
326 1048 526 1082 Nocturno
560 1047 762 1082 Lectiones
797 1048 843 1081 de
875 1047 972 1081 Scri-

146 1099 258 1139 ptura
284 1100 517 1130 occurrente.

370 1163 420 1202 In
447 1163 498 1202 ΙΙ.
526 1162 749 1201 Nocturno.

152 1227 219 1267 De
244 1226 453 1268 Serm6ne
478 1224 518 1266 S.
537 1221 752 1265 Bernardi
778 1221 976 1264 Abbatis.

313 1287 430 1322 Scrm.
454 1289 484 1322 2.
510 1288 557 1322 dc
583 1288 616 1321 S.
642 1287 807 1321 Victore.

450 1344 603 1385 Lectio
624 1345 677 1383 iv.

160 1406 273 1461 ’ἰή
285 1397 444 1441 audete
476 1398 520 1439 in
547 1397 755 1446 Domino,
789 1395 975 1437 dilectis-

158 1484 168 1509 χ
184 1456 277 1490 ‘ka
302 1455 411 1506 simi,
438 1454 512 1508 qui
530 1455 642 1496 inter
661 1454 866 1495 continua
885 1464 976 1492 suae

239 1515 271 1533 Α
301 1512 479 1566 pietatis
487 1510 704 1554 beneficia
713 1508 892 1551 indulsit
902 1508 975 1550 h6-

150 1569 312 1612 minem
333 1568 518 1619 mundo,
546 1569 666 1620 cujus
691 1566 816 1608 multi
840 1565 975 1606 salva-

150 1628 300 1670 rentur
315 1625 529 1679 exemplo.
552 1625 718 1667 Iterum
732 1622 846 1665 dico:
863 1622 975 1664 Gau-

151 1683 263 1735 dete,
284 1683 405 1736 quod
423 1683 565 1724 factus
585 1681 640 1723 de
657 1679 803 1722 medio
819 1692 976 1732 appro-

149 1740 288 1793 piavit
314 1741 430 1790 Deo,
462 1744 511 1782 ut
541 1738 679 1780 multo
710 1736 858 1790 plures
886 1736 977 1787 ejus

150 1796 466 1839 intercessione
495 1796 726 1838 salventur.
771 1794 823 1834 In
850 1792 977 1834 terris

150 1854 270 1896 visus
290 1858 368 1904 est,
387 1858 436 1895 ut
455 1856 573 1895 esset
593 1850 811 1903 exemplo:
829 1849 872 1890 in
893 1861 975 1890 coe-

150 1909 242 1952 lum
264 1911 436 1953 levatus
461 1914 544 1960 est,
571 1913 619 1950 ut
644 1909 700 1949 sit
723 1906 977 1959 patrocinio.

151 1967 236 2009 Hic
254 1967 459 2013 infermat
477 1965 535 2008 ad
553 1966 697 2014 vitam,
718 1963 806 2004 illic
823 1962 978 2003 invitat

151 2023 208 2066 ad
226 2023 427 2075 gloriam:
446 2023 586 2065 factus
606 2026 672 2063 est
685 2018 902 2062 m'ediator
921 2017 977 2059 ad

151 2093 344 2133 regnum,
364 2081 438 2134 qui
456 2080 537 2122 fuit
552 2078 759 2120 incitator
778 2075 835 2117 ad
855 2087 977 2127 opus.

151 2137 303 2179 Bonus
325 2137 560 2185 mediator,
589 2135 662 2187 qui
687 2133 770 2175 sibi
795 2133 878 2184 jam
900 2133 975 2184 po-

152 2194 318 2236 stulans
341 2194 465 2244 nihil,
493 2198 636 2235 totum
662 2191 706 2232 in
734 2202 815 2231 nos
842 2194 976 2230 trans-

151 2251 266 2293 ferre
289 2250 522 2300 desiderat,
549 2254 592 2291 et
612 2245 899 2300 supplicantis
919 2244 976 2285 af-

151 2307 325 2358 fectum,
352 2312 396 2350 et
416 2303 750 2360 supplicationis
774 2302 977 2343 fructum:

153 2364 259 2416 quid
281 2364 396 2406 enim
420 2367 588 2416 quaerat
607 2360 700 2410 sibi,
727 2358 800 2410 qui
819 2356 976 2398 nullius

153 2419 276 2472 eget?
329 2423 379 2472 R'-
409 2421 658 2463 Honestum
676 2415 788 2457 fecit.

462 2482 611 2522 Lectio
635 2494 669 2518 v.

249 2551 314 2579 aec
346 2537 440 2579 dies
471 2535 676 2587 gloriesae
707 2529 975 2582 migratienis

274 2595 376 2646 eim,
402 2593 496 2635 dies
519 2590 686 2633 laetitiae
710 2586 855 2629 cordis
875 2586 975 2637 ejus,

153 2649 420 2691 exsultemus
449 2653 493 2690 et
520 2648 719 2689 laetemur
746 2643 790 2683 in
818 2654 883 2683 ea:
916 2641 974 2680 in-

152 2705 302 2747 troivit
327 2706 371 2746 in
398 2703 620 2758 potentias
646 2697 843 2746 Demini‚
874 2709 974 2747 gau-

153 2761 350 2812 deamus,
383 2761 484 2813 quia
517 2771 631 2800 nunc
657 2753 878 2809 potentior
910 2756 976 2793 est

1026 326 1082 368 ad
1113 327 1378 369 salvandum.
1422 326 1567 369 Hodie
1594 327 1844 369 Ludovicus

1025 383 1170 434 posito
1217 385 1422 435 corpore,
1473 387 1597 424 tanto
1650 383 1845 432 alacrior,

1027 444 1188 490 quanto
1233 439 1477 491 expeditior
1512 440 1758 491 penetravit
1802 440 1844 480 in

1027 501 1186 545 sancta,
1206 496 1355 537 similis
1373 496 1513 537 factus
1531 496 1575 536 in
1594 496 1731 547 gleria
1750 509 1843 537 san-

1027 554 1208 593 ctorum.
1244 552 1404 601 Hedie,
1432 551 1642 605 despecto
1671 551 1845 602 mundo,

1027 613 1070 650 et
1088 608 1239 650 mundi
1256 609 1453 662 principe
1472 608 1751 661 triumphato,
1778 621 1844 649 su-

1026 678 1106 717 pra
1130 664 1339 706 mundum
1358 678 1459 707 vere
1478 665 1619 706 victor
1639 663 1845 713 ascendit,

1027 721 1244 774 accipiens
1280 721 1335 763 de
1360 734 1490 763 manu
1516 721 1692 762 Domini
1724 723 1845 762 coro-

1025 791 1127 819 nam
1138 778 1345 820 victeriae.
1364 777 1575 819 Ascendit
1589 783 1733 819 autem
1748 790 1846 819 cum

1026 835 1236 876 immensa
1281 833 1540 887 supellectili
1582 833 1846 884 meritarum,

1028 891 1170 932 clarus
1189 890 1431 943 triumphis,
1451 890 1669 931 miraculis
1688 890 1845 940 glorie-

977 983 983 993 .
1028 961 1116 989 sus:
1140 947 1266 990 sedet
1285 949 1517 989 veteranus
1540 946 1674 994 mileS,
1700 945 1847 988 debita

1027 1005 1111 1056 jam
1142 1004 1357 1045 suavitate
1389 1008 1432 1045 et
1465 1002 1699 1044 securitate
1732 1002 1846 1054 quie-

1027 1066 1114 1111 tus;
1141 1063 1320 1102 securus
1348 1058 1524 1112 quidem
1547 1058 1646 1108 sibi,
1670 1058 1748 1099 sed
1772 1071 1845 1099 no-

1029 1117 1106 1159 stri
1120 1117 1342 1159 sollicitus.
1364 1116 1400 1158 O
1411 1115 1703 1157 venerandam
1718 1115 1847 1157 etiam

1027 1174 1134 1226 ipsis
1171 1173 1350 1225 Angelis
1387 1171 1680 1214 sanctitatem!
1718 1184 1847 1223 quam

1027 1231 1122 1282 pari
1141 1230 1298 1280 studio,
1325 1229 1406 1271 etsi
1431 1228 1594 1282 dispari
1612 1227 1847 1276 voluntate,

1030 1292 1073 1328 et
1091 1287 1192 1328 mali
1210 1286 1396 1337 fugitant
1416 1291 1459 1327 et
1478 1286 1753 1337 frequentant
1773 1284 1846 1325 bo-

1028 1343 1087 1384 ni!
1115 1343 1209 1384 Nec
1227 1342 1354 1384 facile
1373 1341 1566 1392 dixerim,
1586 1340 1691 1393 quid
1708 1341 1847 1381 virum

1029 1400 1227 1442 adstruat
1246 1399 1518 1448 sanctffirem,
1540 1398 1696 1439 horum
1714 1397 1846 1446 favor,

1029 1462 1103 1498 aut
1121 1469 1259 1509 pavor
1277 1456 1460 1497 illerum.

1083 1515 1132 1566 Rg.
1157 1512 1333 1554 Amavit
1361 1525 1469 1554 eum.

1327 1566 1478 1606 Lectio
1499 1565 1551 1604 vi.

1138 1625 1263 1667 miles
1288 1625 1477 1674 emerite,
1503 1624 1576 1675 qui
1599 1623 1846 1665 christianae

1156 1681 1322 1723 militiae
1342 1681 1462 1722 duris
1480 1679 1703 1721 laboribus
1723 1681 1846 1730 ange-

1029 1739 1125 1780 licae
1149 1738 1367 1780 felicitatis
1394 1737 1588 1789 requiem
1613 1738 1846 1777 commuta-

1030 1795 1102 1836 sti!
1122 1795 1292 1847 respice
1312 1793 1368 1835 ad
1386 1793 1581 1835 imbelles
1599 1798 1642 1834 et
1659 1791 1846 1833 imbecil-

1029 1851 1093 1892 les
1126 1851 1442 1892 commilitenes
1478 1854 1592 1897 tuos,
1630 1848 1703 1900 qui
1737 1847 1847 1889 inter

1030 1907 1211 1949 hostiles
1245 1906 1415 1957 gladios
1452 1911 1495 1947 et
1530 1903 1745 1957 spiritales
1776 1916 1846 1944 ne-

1031 1964 1188 2016 quitias
1221 1963 1307 2004 tuis
1338 1961 1540 2003 laudibus
1572 1962 1847 2012 occupamur.

1030 2022 1168 2071 Quam
1198 2020 1336 2072 pium,
1373 2031 1503 2070 quam
1537 2017 1680 2066 dulce,
1717 2029 1847 2068 quam

1029 2079 1173 2126 suave,
1197 2089 1223 2117 o
1242 2074 1475 2124 Ludovice,
1498 2074 1541 2114 in
1564 2074 1649 2114 hoc
1670 2073 1768 2114 loco
1789 2073 1846 2113 af-

1029 2133 1234 2174 flictionis
1257 2136 1300 2173 et
1318 2132 1361 2172 in
1385 2131 1470 2172 hoc
1489 2132 1674 2182 cerpore
1692 2129 1846 2170 mortis

1028 2194 1072 2231 te
1105 2191 1278 2237 canere,
1314 2193 1358 2230 te
1391 2187 1552 2236 colere,
1584 2191 1628 2227 te
1659 2184 1846 2238 precari!

1028 2246 1200 2287 Nomen
1227 2249 1350 2286 tuum
1377 2248 1421 2285 et
1446 2242 1698 2284 memoriale
1725 2246 1846 2283 tuum

1028 2303 1151 2343 favus
1181 2299 1395 2342 distillans
1426 2299 1470 2340 in
1500 2298 1627 2340 labiis
1647 2297 1844 2350 ,captivo-

1028 2371 1139 2407 rum;
1162 2356 1249 2398 mel
1272 2361 1315 2398 et
1333 2356 1402 2397 lac
1421 2354 1502 2397 sub
1520 2354 1665 2406 lingua
1685 2355 1844 2403 eorum,

1029 2414 1102 2466 qui
1127 2413 1191 2455 tui
1218 2412 1427 2454 memoria
1453 2411 1731 2453 delectantur.
1768 2408 1846 2459 Eia

1029 2482 1145 2521 ergo,
1164 2469 1289 2510 fortis
1305 2468 1478 2517 athleta,
1498 2466 1635 2508 dulcis
1650 2466 1844 2517 patrone,

1028 2525 1241 2568 advocate
1265 2524 1422 2573 fidelis,
1450 2525 1634 2572 exsurge
1660 2521 1703 2561 in
1729 2519 1844 2571 adju-

1027 2582 1190 2624 terium
1212 2581 1355 2630 nobis;
1378 2585 1426 2621 ut
1449 2583 1492 2620 et
1514 2591 1594 2619 nos
1618 2576 1673 2618 de
1693 2581 1844 2617 nostra

1028 2637 1251 2690 ereptione
1285 2635 1569 2688 gaudeamus,
1611 2637 1655 2674 et
1696 2636 1744 2672 tu
1788 2630 1843 2672 de

1026 2693 1155 2746 plena
1182 2692 1363 2734 victeria
1389 2689 1596 2742 glorieris.

1081 2749 1131 2799 R.
1154 2750 1243 2790 Iste
1263 2748 1405 2789 homo.
