<?xml version="1.0" encoding="UTF-8"?>
<!DOCTYPE html PUBLIC "-//W3C//DTD XHTML 1.0 Transitional//EN"
    "http://www.w3.org/TR/xhtml1/DTD/xhtml1-transitional.dtd">
<html xmlns="http://www.w3.org/1999/xhtml" xml:lang="en" lang="en">
 <head>
  <title>
</title>
<meta http-equiv="Content-Type" content="text/html;charset=utf-8" />
  <meta name='ocr-system' content='tesseract 3.04.00' />
  <meta name='ocr-capabilities' content='ocr_page ocr_carea ocr_par ocr_line ocrx_word'/>
</head>
<body>
  <div class='ocr_page' id='page_1' title='image "./p3breviariumroma00cathuoft_0875.png"; bbox 0 0 2040 2976; ppageno 0'>
   <div class='ocr_carea' id='block_1_1' title="bbox 418 241 1550 287">
    <p class='ocr_par' dir='ltr' id='par_1_1' title="bbox 418 241 1550 287">
     <span class='ocr_line' id='line_1_1' title="bbox 418 241 1550 287; baseline 0.004 -13"><span class='ocrx_word' id='word_1_1' title='bbox 418 241 490 274; x_wconf 79' lang='lat' dir='ltr'>Die</span> <span class='ocrx_word' id='word_1_2' title='bbox 514 242 543 274; x_wconf 75' lang='lat'>2.</span> <span class='ocrx_word' id='word_1_3' title='bbox 568 241 684 275; x_wconf 78' lang='lat' dir='ltr'>Junii.</span> <span class='ocrx_word' id='word_1_4' title='bbox 732 242 772 275; x_wconf 87' lang='lat' dir='ltr'>B.</span> <span class='ocrx_word' id='word_1_5' title='bbox 798 242 844 275; x_wconf 81' lang='lat' dir='ltr'>M.</span> <span class='ocrx_word' id='word_1_6' title='bbox 870 243 995 275; x_wconf 55' lang='lat' dir='ltr'>Anna:</span> <span class='ocrx_word' id='word_1_7' title='bbox 1020 254 1041 275; x_wconf 75' lang='lat' dir='ltr'>a</span> <span class='ocrx_word' id='word_1_8' title='bbox 1065 243 1158 276; x_wconf 76' lang='lat' dir='ltr'>Jcsu</span> <span class='ocrx_word' id='word_1_9' title='bbox 1184 244 1230 277; x_wconf 85' lang='lat' dir='ltr'>dc</span> <span class='ocrx_word' id='word_1_10' title='bbox 1256 244 1423 278; x_wconf 50' lang='lat' dir='ltr'>Pin-caes</span> <span class='ocrx_word' id='word_1_11' title='bbox 1451 246 1550 287; x_wconf 63' lang='lat' dir='ltr'>Virg.</span> 
     </span>
    </p>
   </div>
   <div class='ocr_carea' id='block_1_2' title="bbox 130 330 962 1667">
    <p class='ocr_par' dir='ltr' id='par_1_2' title="bbox 130 330 962 1667">
     <span class='ocr_line' id='line_1_2' title="bbox 135 330 960 381; baseline -0.001 -8"><span class='ocrx_word' id='word_1_12' title='bbox 135 345 187 373; x_wconf 91' lang='lat' dir='ltr'>ea</span> <span class='ocrx_word' id='word_1_13' title='bbox 203 344 376 373; x_wconf 93' lang='lat' dir='ltr'>morum</span> <span class='ocrx_word' id='word_1_14' title='bbox 393 330 618 380; x_wconf 86' lang='lat' dir='ltr'>integritas</span> <span class='ocrx_word' id='word_1_15' title='bbox 638 336 682 373; x_wconf 95' lang='lat' dir='ltr'>et</span> <span class='ocrx_word' id='word_1_16' title='bbox 701 331 876 381; x_wconf 88' lang='lat' dir='ltr'>candor,</span> <span class='ocrx_word' id='word_1_17' title='bbox 897 344 960 372; x_wconf 88' lang='lat' dir='ltr'>ar-</span> 
     </span>
     <span class='ocr_line' id='line_1_3' title="bbox 132 387 960 439; baseline -0.002 -9"><span class='ocrx_word' id='word_1_18' title='bbox 132 387 241 430; x_wconf 90' lang='lat' dir='ltr'>dens</span> <span class='ocrx_word' id='word_1_19' title='bbox 259 388 304 428; x_wconf 92' lang='lat' dir='ltr'>in</span> <span class='ocrx_word' id='word_1_20' title='bbox 322 387 467 428; x_wconf 92' lang='lat' dir='ltr'>Deum</span> <span class='ocrx_word' id='word_1_21' title='bbox 485 389 643 439; x_wconf 91' lang='lat' dir='ltr'>pietas,</span> <span class='ocrx_word' id='word_1_22' title='bbox 671 392 879 428; x_wconf 85' lang='lat' dir='ltr'>constans</span> <span class='ocrx_word' id='word_1_23' title='bbox 897 400 960 428; x_wconf 89' lang='lat' dir='ltr'>er—</span> 
     </span>
     <span class='ocr_line' id='line_1_4' title="bbox 131 442 962 495; baseline -0.001 -10"><span class='ocrx_word' id='word_1_24' title='bbox 131 457 186 495; x_wconf 91' lang='lat' dir='ltr'>ga</span> <span class='ocrx_word' id='word_1_25' title='bbox 220 442 543 484; x_wconf 89' lang='lat' dir='ltr'>immaculatam</span> <span class='ocrx_word' id='word_1_26' title='bbox 576 443 661 484; x_wconf 92' lang='lat' dir='ltr'>Dei</span> <span class='ocrx_word' id='word_1_27' title='bbox 694 443 962 485; x_wconf 90' lang='lat' dir='ltr'>Genitricem</span> 
     </span>
     <span class='ocr_line' id='line_1_5' title="bbox 132 497 961 548; baseline -0.002 -7"><span class='ocrx_word' id='word_1_28' title='bbox 132 499 274 541; x_wconf 90' lang='lat' dir='ltr'>cultus</span> <span class='ocrx_word' id='word_1_29' title='bbox 313 502 357 540; x_wconf 94' lang='lat' dir='ltr'>et</span> <span class='ocrx_word' id='word_1_30' title='bbox 394 497 692 548; x_wconf 88' lang='lat' dir='ltr'>observantia,</span> <span class='ocrx_word' id='word_1_31' title='bbox 736 498 961 540; x_wconf 90' lang='lat' dir='ltr'>assiduum</span> 
     </span>
     <span class='ocr_line' id='line_1_6' title="bbox 130 552 962 607; baseline -0.001 -11"><span class='ocrx_word' id='word_1_32' title='bbox 130 552 341 607; x_wconf 87' lang='lat' dir='ltr'>precandi</span> <span class='ocrx_word' id='word_1_33' title='bbox 373 552 576 595; x_wconf 77' lang='lat' dir='ltr'>studium.</span> <span class='ocrx_word' id='word_1_34' title='bbox 624 554 712 595; x_wconf 85' lang='lat' dir='ltr'>Vix</span> <span class='ocrx_word' id='word_1_35' title='bbox 745 554 962 596; x_wconf 91' lang='lat' dir='ltr'>decimum</span> 
     </span>
     <span class='ocr_line' id='line_1_7' title="bbox 131 609 962 660; baseline -0.004 -8"><span class='ocrx_word' id='word_1_36' title='bbox 131 610 274 652; x_wconf 86' lang='lat' dir='ltr'>aetatis</span> <span class='ocrx_word' id='word_1_37' title='bbox 310 622 470 650; x_wconf 91' lang='lat' dir='ltr'>annum</span> <span class='ocrx_word' id='word_1_38' title='bbox 504 609 702 660; x_wconf 90' lang='lat' dir='ltr'>ingressa</span> <span class='ocrx_word' id='word_1_39' title='bbox 738 623 785 652; x_wconf 91' lang='lat' dir='ltr'>se</span> <span class='ocrx_word' id='word_1_40' title='bbox 821 614 962 652; x_wconf 88' lang='lat' dir='ltr'>totam</span> 
     </span>
     <span class='ocr_line' id='line_1_8' title="bbox 130 665 960 715; baseline -0.001 -8"><span class='ocrx_word' id='word_1_41' title='bbox 130 667 228 707; x_wconf 94' lang='lat' dir='ltr'>Deo</span> <span class='ocrx_word' id='word_1_42' title='bbox 261 666 505 707; x_wconf 84' lang='lat' dir='ltr'><strong>arctissime</strong></span> <span class='ocrx_word' id='word_1_43' title='bbox 538 665 789 715; x_wconf 83' lang='lat' dir='ltr'>obstrinxit,</span> <span class='ocrx_word' id='word_1_44' title='bbox 820 665 960 707; x_wconf 89' lang='lat' dir='ltr'>tribus</span> 
     </span>
     <span class='ocr_line' id='line_1_9' title="bbox 132 722 960 774; baseline -0.001 -11"><span class='ocrx_word' id='word_1_45' title='bbox 132 722 302 763; x_wconf 79' lang='lat' dir='ltr'>emissis</span> <span class='ocrx_word' id='word_1_46' title='bbox 329 722 558 774; x_wconf 81' lang='lat' dir='ltr'>perpetuae</span> <span class='ocrx_word' id='word_1_47' title='bbox 586 722 819 771; x_wconf 89' lang='lat' dir='ltr'>castitatis,</span> <span class='ocrx_word' id='word_1_48' title='bbox 856 734 960 774; x_wconf 88' lang='lat' dir='ltr'>pau-</span> 
     </span>
     <span class='ocr_line' id='line_1_10' title="bbox 130 776 960 830; baseline -0.001 -11"><span class='ocrx_word' id='word_1_49' title='bbox 130 777 314 830; x_wconf 89' lang='lat' dir='ltr'>pertatis</span> <span class='ocrx_word' id='word_1_50' title='bbox 340 782 384 819; x_wconf 90' lang='lat' dir='ltr'>et</span> <span class='ocrx_word' id='word_1_51' title='bbox 410 776 674 819; x_wconf 86' lang='lat' dir='ltr'>obedientiae</span> <span class='ocrx_word' id='word_1_52' title='bbox 699 778 831 826; x_wconf 87' lang='lat' dir='ltr'>votis,</span> <span class='ocrx_word' id='word_1_53' title='bbox 862 790 960 828; x_wconf 87' lang='lat' dir='ltr'>quae</span> 
     </span>
     <span class='ocr_line' id='line_1_11' title="bbox 131 833 960 885; baseline -0.001 -10"><span class='ocrx_word' id='word_1_54' title='bbox 131 833 188 875; x_wconf 90' lang='lat' dir='ltr'>ad</span> <span class='ocrx_word' id='word_1_55' title='bbox 215 833 385 875; x_wconf 91' lang='lat' dir='ltr'>obitum</span> <span class='ocrx_word' id='word_1_56' title='bbox 411 845 551 885; x_wconf 90' lang='lat' dir='ltr'>usque</span> <span class='ocrx_word' id='word_1_57' title='bbox 580 837 729 874; x_wconf 87' lang='lat' dir='ltr'>sancte</span> <span class='ocrx_word' id='word_1_58' title='bbox 758 834 960 875; x_wconf 88' lang='lat' dir='ltr'>servavit.</span> 
     </span>
     <span class='ocr_line' id='line_1_12' title="bbox 132 888 960 931; baseline -0.002 0"><span class='ocrx_word' id='word_1_59' title='bbox 132 890 242 931; x_wconf 93' lang='lat' dir='ltr'>Cum</span> <span class='ocrx_word' id='word_1_60' title='bbox 259 888 413 930; x_wconf 90' lang='lat' dir='ltr'>laudes</span> <span class='ocrx_word' id='word_1_61' title='bbox 433 888 604 931; x_wconf 88' lang='lat' dir='ltr'>audiret</span> <span class='ocrx_word' id='word_1_62' title='bbox 621 889 752 930; x_wconf 92' lang='lat' dir='ltr'>trium</span> <span class='ocrx_word' id='word_1_63' title='bbox 772 901 795 930; x_wconf 94' lang='lat' dir='ltr'>e</span> <span class='ocrx_word' id='word_1_64' title='bbox 815 889 960 930; x_wconf 89' lang='lat' dir='ltr'>Socie-</span> 
     </span>
     <span class='ocr_line' id='line_1_13' title="bbox 130 945 959 997; baseline -0.001 -11"><span class='ocrx_word' id='word_1_65' title='bbox 130 947 222 987; x_wconf 88' lang='lat' dir='ltr'>tate</span> <span class='ocrx_word' id='word_1_66' title='bbox 248 945 273 985; x_wconf 92' lang='lat' dir='ltr'><strong>J</strong></span> <span class='ocrx_word' id='word_1_67' title='bbox 275 957 353 986; x_wconf 88' lang='lat' dir='ltr'>esu</span> <span class='ocrx_word' id='word_1_68' title='bbox 376 945 633 997; x_wconf 91' lang='lat' dir='ltr'>Martyrum,</span> <span class='ocrx_word' id='word_1_69' title='bbox 668 945 742 996; x_wconf 93' lang='lat' dir='ltr'>qui</span> <span class='ocrx_word' id='word_1_70' title='bbox 766 945 811 985; x_wconf 91' lang='lat' dir='ltr'>in</span> <span class='ocrx_word' id='word_1_71' title='bbox 830 945 855 984; x_wconf 88' lang='lat' dir='ltr'>J</span> <span class='ocrx_word' id='word_1_72' title='bbox 857 947 959 996; x_wconf 91' lang='lat' dir='ltr'>apo-</span> 
     </span>
     <span class='ocr_line' id='line_1_14' title="bbox 130 1000 960 1054; baseline 0 -13"><span class='ocrx_word' id='word_1_73' title='bbox 130 1001 214 1042; x_wconf 88' lang='lat' dir='ltr'>niae</span> <span class='ocrx_word' id='word_1_74' title='bbox 233 1013 369 1052; x_wconf 87' lang='lat' dir='ltr'>regno</span> <span class='ocrx_word' id='word_1_75' title='bbox 394 1013 477 1054; x_wconf 91' lang='lat' dir='ltr'>pro</span> <span class='ocrx_word' id='word_1_76' title='bbox 498 1000 734 1042; x_wconf 87' lang='lat' dir='ltr'>christiana</span> <span class='ocrx_word' id='word_1_77' title='bbox 756 1000 845 1042; x_wconf 92' lang='lat' dir='ltr'>fide</span> <span class='ocrx_word' id='word_1_78' title='bbox 865 1004 960 1042; x_wconf 89' lang='lat' dir='ltr'>san-</span> 
     </span>
     <span class='ocr_line' id='line_1_15' title="bbox 130 1056 959 1109; baseline 0.001 -12"><span class='ocrx_word' id='word_1_79' title='bbox 130 1057 306 1108; x_wconf 90' lang='lat' dir='ltr'>guinem</span> <span class='ocrx_word' id='word_1_80' title='bbox 315 1056 624 1109; x_wconf 62' lang='lat' dir='ltr'>profudissent,</span> <span class='ocrx_word' id='word_1_81' title='bbox 634 1057 841 1098; x_wconf 88' lang='lat' dir='ltr'>inusitato</span> <span class='ocrx_word' id='word_1_82' title='bbox 855 1070 959 1109; x_wconf 93' lang='lat' dir='ltr'>quo-</span> 
     </span>
     <span class='ocr_line' id='line_1_16' title="bbox 131 1111 960 1165; baseline 0.001 -12"><span class='ocrx_word' id='word_1_83' title='bbox 131 1111 233 1154; x_wconf 85' lang='lat' dir='ltr'>dam</span> <span class='ocrx_word' id='word_1_84' title='bbox 269 1112 429 1154; x_wconf 88' lang='lat' dir='ltr'>divinae</span> <span class='ocrx_word' id='word_1_85' title='bbox 468 1112 621 1163; x_wconf 84' lang='lat' dir='ltr'>gloriae</span> <span class='ocrx_word' id='word_1_86' title='bbox 657 1113 960 1165; x_wconf 65' lang='lat' dir='ltr'>propagandae</span> 
     </span>
     <span class='ocr_line' id='line_1_17' title="bbox 131 1168 961 1217; baseline -0.001 -8"><span class='ocrx_word' id='word_1_87' title='bbox 131 1168 291 1210; x_wconf 89' lang='lat' dir='ltr'>ardore</span> <span class='ocrx_word' id='word_1_88' title='bbox 320 1170 549 1217; x_wconf 88' lang='lat' dir='ltr'>succensa,</span> <span class='ocrx_word' id='word_1_89' title='bbox 578 1168 691 1210; x_wconf 90' lang='lat' dir='ltr'>clam</span> <span class='ocrx_word' id='word_1_90' title='bbox 718 1181 765 1210; x_wconf 91' lang='lat' dir='ltr'>se</span> <span class='ocrx_word' id='word_1_91' title='bbox 794 1168 851 1210; x_wconf 91' lang='lat' dir='ltr'>ad</span> <span class='ocrx_word' id='word_1_92' title='bbox 877 1169 961 1210; x_wconf 88' lang='lat' dir='ltr'>iter</span> 
     </span>
     <span class='ocr_line' id='line_1_18' title="bbox 131 1223 960 1276; baseline 0.001 -12"><span class='ocrx_word' id='word_1_93' title='bbox 131 1225 336 1274; x_wconf 79' lang='lat' dir='ltr'>accinxit,</span> <span class='ocrx_word' id='word_1_94' title='bbox 363 1230 412 1266; x_wconf 91' lang='lat' dir='ltr'>ut</span> <span class='ocrx_word' id='word_1_95' title='bbox 436 1223 554 1276; x_wconf 85' lang='lat' dir='ltr'>apud.</span> <span class='ocrx_word' id='word_1_96' title='bbox 575 1224 788 1266; x_wconf 89' lang='lat' dir='ltr'>barbaras</span> <span class='ocrx_word' id='word_1_97' title='bbox 807 1229 960 1275; x_wconf 86' lang='lat' dir='ltr'>gentes</span> 
     </span>
     <span class='ocr_line' id='line_1_19' title="bbox 130 1280 960 1322; baseline 0.002 -2"><span class='ocrx_word' id='word_1_98' title='bbox 130 1280 278 1321; x_wconf 90' lang='lat' dir='ltr'>lumen</span> <span class='ocrx_word' id='word_1_99' title='bbox 313 1281 508 1322; x_wconf 87' lang='lat' dir='ltr'>veritatis</span> <span class='ocrx_word' id='word_1_100' title='bbox 544 1281 733 1322; x_wconf 89' lang='lat' dir='ltr'>inferret.</span> <span class='ocrx_word' id='word_1_101' title='bbox 792 1282 960 1322; x_wconf 90' lang='lat' dir='ltr'>Verum</span> 
     </span>
     <span class='ocr_line' id='line_1_20' title="bbox 132 1337 960 1388; baseline 0.001 -11"><span class='ocrx_word' id='word_1_102' title='bbox 132 1349 231 1377; x_wconf 91' lang='lat' dir='ltr'>cum</span> <span class='ocrx_word' id='word_1_103' title='bbox 254 1337 408 1378; x_wconf 86' lang='lat' dir='ltr'>initum</span> <span class='ocrx_word' id='word_1_104' title='bbox 432 1337 613 1388; x_wconf 80' lang='lat' dir='ltr'>exsequi</span> <span class='ocrx_word' id='word_1_105' title='bbox 637 1337 866 1378; x_wconf 90' lang='lat' dir='ltr'>consilium</span> <span class='ocrx_word' id='word_1_106' title='bbox 885 1340 960 1378; x_wconf 87' lang='lat' dir='ltr'>mi-</span> 
     </span>
     <span class='ocr_line' id='line_1_21' title="bbox 130 1392 961 1445; baseline 0.002 -13"><span class='ocrx_word' id='word_1_107' title='bbox 130 1393 246 1434; x_wconf 90' lang='lat' dir='ltr'>nime</span> <span class='ocrx_word' id='word_1_108' title='bbox 260 1394 487 1445; x_wconf 88' lang='lat' dir='ltr'>potuisset,</span> <span class='ocrx_word' id='word_1_109' title='bbox 503 1392 662 1435; x_wconf 88' lang='lat' dir='ltr'>divinae</span> <span class='ocrx_word' id='word_1_110' title='bbox 678 1394 961 1444; x_wconf 77' lang='lat' dir='ltr'>acquiescens</span> 
     </span>
     <span class='ocr_line' id='line_1_22' title="bbox 131 1448 959 1501; baseline 0.001 -12"><span class='ocrx_word' id='word_1_111' title='bbox 131 1448 347 1489; x_wconf 90' lang='lat' dir='ltr'>voluntati</span> <span class='ocrx_word' id='word_1_112' title='bbox 372 1449 554 1501; x_wconf 90' lang='lat' dir='ltr'>propria</span> <span class='ocrx_word' id='word_1_113' title='bbox 576 1450 620 1489; x_wconf 90' lang='lat' dir='ltr'>in</span> <span class='ocrx_word' id='word_1_114' title='bbox 640 1448 773 1490; x_wconf 93' lang='lat' dir='ltr'>domo</span> <span class='ocrx_word' id='word_1_115' title='bbox 794 1449 877 1491; x_wconf 93' lang='lat' dir='ltr'>sibi</span> <span class='ocrx_word' id='word_1_116' title='bbox 896 1462 959 1490; x_wconf 90' lang='lat' dir='ltr'>re-</span> 
     </span>
     <span class='ocr_line' id='line_1_23' title="bbox 132 1505 960 1557; baseline 0 -12"><span class='ocrx_word' id='word_1_117' title='bbox 132 1506 303 1545; x_wconf 89' lang='lat' dir='ltr'>cessum</span> <span class='ocrx_word' id='word_1_118' title='bbox 320 1507 478 1557; x_wconf 87' lang='lat' dir='ltr'>parare</span> <span class='ocrx_word' id='word_1_119' title='bbox 498 1505 739 1554; x_wconf 89' lang='lat' dir='ltr'>constituit,</span> <span class='ocrx_word' id='word_1_120' title='bbox 764 1505 839 1546; x_wconf 95' lang='lat' dir='ltr'>ubi</span> <span class='ocrx_word' id='word_1_121' title='bbox 862 1518 960 1557; x_wconf 91' lang='lat' dir='ltr'>pro—</span> 
     </span>
     <span class='ocr_line' id='line_1_24' title="bbox 131 1559 960 1603; baseline 0.001 -3"><span class='ocrx_word' id='word_1_122' title='bbox 131 1559 202 1601; x_wconf 87' lang='lat' dir='ltr'>cul</span> <span class='ocrx_word' id='word_1_123' title='bbox 221 1559 276 1601; x_wconf 87' lang='lat' dir='ltr'>ab</span> <span class='ocrx_word' id='word_1_124' title='bbox 295 1560 496 1601; x_wconf 89' lang='lat' dir='ltr'>humanis</span> <span class='ocrx_word' id='word_1_125' title='bbox 517 1561 632 1602; x_wconf 89' lang='lat' dir='ltr'>euris</span> <span class='ocrx_word' id='word_1_126' title='bbox 650 1561 725 1602; x_wconf 91' lang='lat' dir='ltr'>uni</span> <span class='ocrx_word' id='word_1_127' title='bbox 742 1561 840 1603; x_wconf 92' lang='lat' dir='ltr'>Deo</span> <span class='ocrx_word' id='word_1_128' title='bbox 861 1574 960 1603; x_wconf 92' lang='lat' dir='ltr'>con-</span> 
     </span>
     <span class='ocr_line' id='line_1_25' title="bbox 130 1616 592 1667; baseline 0.004 -11"><span class='ocrx_word' id='word_1_129' title='bbox 130 1616 396 1667; x_wconf 86' lang='lat' dir='ltr'>junctissime</span> <span class='ocrx_word' id='word_1_130' title='bbox 408 1618 592 1658; x_wconf 76' lang='lat' dir='ltr'>viveret.</span> 
     </span>
    </p>
   </div>
   <div class='ocr_carea' id='block_1_3' title="bbox 131 1689 962 2018">
    <p class='ocr_par' dir='ltr' id='par_1_3' title="bbox 131 1689 962 2018">
     <span class='ocr_line' id='line_1_26' title="bbox 184 1689 961 1743; baseline -0.001 -13"><span class='ocrx_word' id='word_1_131' title='bbox 184 1692 235 1743; x_wconf 70' lang='lat' dir='ltr'>R.</span> <span class='ocrx_word' id='word_1_132' title='bbox 269 1689 458 1741; x_wconf 89' lang='lat' dir='ltr'>Propter</span> <span class='ocrx_word' id='word_1_133' title='bbox 484 1689 734 1739; x_wconf 88' lang='lat' dir='ltr'>veritatem,</span> <span class='ocrx_word' id='word_1_134' title='bbox 771 1694 815 1731; x_wconf 94' lang='lat' dir='ltr'>et</span> <span class='ocrx_word' id='word_1_135' title='bbox 844 1703 961 1731; x_wconf 89' lang='lat' dir='ltr'>man-</span> 
     </span>
     <span class='ocr_line' id='line_1_27' title="bbox 131 1743 959 1796; baseline 0.004 -12"><span class='ocrx_word' id='word_1_136' title='bbox 131 1743 421 1795; x_wconf 78' lang='lat' dir='ltr'>suetudinem,</span> <span class='ocrx_word' id='word_1_137' title='bbox 450 1750 494 1787; x_wconf 93' lang='lat' dir='ltr'>et</span> <span class='ocrx_word' id='word_1_138' title='bbox 514 1745 736 1796; x_wconf 87' lang='lat' dir='ltr'>justitiam:</span> <span class='ocrx_word' id='word_1_139' title='bbox 765 1750 786 1773; x_wconf 87' lang='lat'>*</span> <span class='ocrx_word' id='word_1_140' title='bbox 807 1745 864 1787; x_wconf 91' lang='lat' dir='ltr'>Et</span> <span class='ocrx_word' id='word_1_141' title='bbox 888 1745 959 1787; x_wconf 91' lang='lat' dir='ltr'>de-</span> 
     </span>
     <span class='ocr_line' id='line_1_28' title="bbox 133 1798 960 1843; baseline 0.004 -3"><span class='ocrx_word' id='word_1_142' title='bbox 133 1798 265 1842; x_wconf 78' lang='lat' dir='ltr'>ducet</span> <span class='ocrx_word' id='word_1_143' title='bbox 294 1805 339 1841; x_wconf 92' lang='lat' dir='ltr'>te</span> <span class='ocrx_word' id='word_1_144' title='bbox 372 1801 627 1842; x_wconf 89' lang='lat' dir='ltr'>mirabiliter</span> <span class='ocrx_word' id='word_1_145' title='bbox 663 1801 845 1843; x_wconf 82' lang='lat' dir='ltr'>dextera</span> <span class='ocrx_word' id='word_1_146' title='bbox 875 1806 960 1843; x_wconf 88' lang='lat' dir='ltr'>tua.</span> 
     </span>
     <span class='ocr_line' id='line_1_29' title="bbox 132 1855 962 1910; baseline 0 -12"><span class='ocrx_word' id='word_1_147' title='bbox 132 1855 183 1905; x_wconf 70' lang='lat' dir='ltr'>V.</span> <span class='ocrx_word' id='word_1_148' title='bbox 208 1855 363 1907; x_wconf 90' lang='lat' dir='ltr'>Specie</span> <span class='ocrx_word' id='word_1_149' title='bbox 386 1861 463 1898; x_wconf 90' lang='lat' dir='ltr'>tua</span> <span class='ocrx_word' id='word_1_150' title='bbox 482 1862 525 1898; x_wconf 90' lang='lat' dir='ltr'>et</span> <span class='ocrx_word' id='word_1_151' title='bbox 542 1856 867 1910; x_wconf 79' lang='lat' dir='ltr'>pulchritudine</span> <span class='ocrx_word' id='word_1_152' title='bbox 886 1862 962 1898; x_wconf 91' lang='lat' dir='ltr'>tua</span> 
     </span>
     <span class='ocr_line' id='line_1_30' title="bbox 131 1910 959 2008; baseline 0.002 -56"><span class='ocrx_word' id='word_1_153' title='bbox 131 1910 323 2008; x_wconf 56' lang='grc' dir='ltr'>ἰῃῒὲηιξ,</span> <span class='ocrx_word' id='word_1_154' title='bbox 350 1914 563 1965; x_wconf 90' lang='lat' dir='ltr'>prospere</span> <span class='ocrx_word' id='word_1_155' title='bbox 585 1913 797 1965; x_wconf 80' lang='lat' dir='ltr'>procede,</span> <span class='ocrx_word' id='word_1_156' title='bbox 826 1918 870 1954; x_wconf 93' lang='lat' dir='ltr'>et</span> <span class='ocrx_word' id='word_1_157' title='bbox 897 1925 959 1954; x_wconf 93' lang='lat' dir='ltr'>re-</span> 
     </span>
     <span class='ocr_line' id='line_1_31' title="bbox 131 1973 327 2018; baseline -0.005 -9"><span class='ocrx_word' id='word_1_158' title='bbox 131 1980 226 2018; x_wconf 86' lang='lat' dir='ltr'>gna.</span> <span class='ocrx_word' id='word_1_159' title='bbox 297 1973 327 2010; x_wconf 88' lang='lat' dir='ltr'>t.</span> 
     </span>
    </p>
   </div>
   <div class='ocr_carea' id='block_1_4' title="bbox 440 2050 650 2091">
    <p class='ocr_par' dir='ltr' id='par_1_4' title="bbox 440 2050 650 2091">
     <span class='ocr_line' id='line_1_32' title="bbox 440 2050 650 2091; baseline -0.005 -1"><span class='ocrx_word' id='word_1_160' title='bbox 440 2050 590 2091; x_wconf 87' lang='lat' dir='ltr'>Lectio</span> <span class='ocrx_word' id='word_1_161' title='bbox 613 2064 650 2089; x_wconf 89' lang='lat' dir='ltr'>v.</span> 
     </span>
    </p>
   </div>
   <div class='ocr_carea' id='block_1_5' title="bbox 131 2117 963 2783">
    <p class='ocr_par' dir='ltr' id='par_1_5' title="bbox 183 2117 962 2170">
     <span class='ocr_line' id='line_1_33' title="bbox 183 2117 962 2170; baseline -0.001 -11"><span class='ocrx_word' id='word_1_162' title='bbox 183 2123 316 2170; x_wconf 87' lang='lat' dir='ltr'>taque</span> <span class='ocrx_word' id='word_1_163' title='bbox 338 2118 383 2159; x_wconf 89' lang='lat' dir='ltr'>in</span> <span class='ocrx_word' id='word_1_164' title='bbox 406 2123 578 2170; x_wconf 91' lang='lat' dir='ltr'>partem</span> <span class='ocrx_word' id='word_1_165' title='bbox 597 2121 776 2160; x_wconf 90' lang='lat' dir='ltr'>suarum</span> <span class='ocrx_word' id='word_1_166' title='bbox 799 2117 962 2159; x_wconf 80' lang='lat' dir='ltr'>aedium</span> 
     </span>
    </p>

    <p class='ocr_par' dir='ltr' id='par_1_6' title="bbox 131 2173 963 2783">
     <span class='ocr_line' id='line_1_34' title="bbox 197 2173 961 2227; baseline -0.001 -13"><span class='ocrx_word' id='word_1_167' title='bbox 197 2174 450 2215; x_wconf 90' lang='lat' dir='ltr'>interiorem</span> <span class='ocrx_word' id='word_1_168' title='bbox 475 2186 522 2215; x_wconf 89' lang='lat' dir='ltr'>se</span> <span class='ocrx_word' id='word_1_169' title='bbox 546 2175 731 2227; x_wconf 91' lang='lat' dir='ltr'>recepit,</span> <span class='ocrx_word' id='word_1_170' title='bbox 759 2186 841 2215; x_wconf 92' lang='lat' dir='ltr'>nec</span> <span class='ocrx_word' id='word_1_171' title='bbox 859 2173 961 2214; x_wconf 92' lang='lat' dir='ltr'>inde</span> 
     </span>
     <span class='ocr_line' id='line_1_35' title="bbox 132 2229 962 2282; baseline -0.002 -12"><span class='ocrx_word' id='word_1_172' title='bbox 132 2242 340 2281; x_wconf 90' lang='lat' dir='ltr'>umquam</span> <span class='ocrx_word' id='word_1_173' title='bbox 353 2229 562 2282; x_wconf 84' lang='lat' dir='ltr'>prodibat</span> <span class='ocrx_word' id='word_1_174' title='bbox 575 2230 617 2270; x_wconf 93' lang='lat' dir='ltr'>in</span> <span class='ocrx_word' id='word_1_175' title='bbox 626 2229 862 2282; x_wconf 81' lang='lat' dir='ltr'>publicum,</span> <span class='ocrx_word' id='word_1_176' title='bbox 880 2229 962 2269; x_wconf 89' lang='lat' dir='ltr'>nisi</span> 
     </span>
     <span class='ocr_line' id='line_1_36' title="bbox 132 2284 960 2338; baseline -0.002 -12"><span class='ocrx_word' id='word_1_177' title='bbox 132 2285 203 2326; x_wconf 90' lang='lat' dir='ltr'>vel</span> <span class='ocrx_word' id='word_1_178' title='bbox 222 2285 382 2326; x_wconf 89' lang='lat' dir='ltr'>caritas</span> <span class='ocrx_word' id='word_1_179' title='bbox 401 2298 505 2336; x_wconf 86' lang='lat' dir='ltr'>erga</span> <span class='ocrx_word' id='word_1_180' title='bbox 523 2286 761 2338; x_wconf 87' lang='lat' dir='ltr'>proximos,</span> <span class='ocrx_word' id='word_1_181' title='bbox 784 2285 854 2326; x_wconf 90' lang='lat' dir='ltr'>vel</span> <span class='ocrx_word' id='word_1_182' title='bbox 872 2284 960 2336; x_wconf 91' lang='lat' dir='ltr'>pie-</span> 
     </span>
     <span class='ocr_line' id='line_1_37' title="bbox 131 2340 962 2393; baseline -0.001 -12"><span class='ocrx_word' id='word_1_183' title='bbox 131 2341 237 2382; x_wconf 90' lang='lat' dir='ltr'>tatis</span> <span class='ocrx_word' id='word_1_184' title='bbox 257 2340 401 2382; x_wconf 87' lang='lat' dir='ltr'>officia</span> <span class='ocrx_word' id='word_1_185' title='bbox 421 2340 637 2393; x_wconf 84' lang='lat' dir='ltr'>explenda</span> <span class='ocrx_word' id='word_1_186' title='bbox 661 2343 878 2391; x_wconf 89' lang='lat' dir='ltr'>urgerent.</span> <span class='ocrx_word' id='word_1_187' title='bbox 910 2340 962 2380; x_wconf 89' lang='lat' dir='ltr'>In</span> 
     </span>
     <span class='ocr_line' id='line_1_38' title="bbox 134 2396 960 2448; baseline -0.001 -11"><span class='ocrx_word' id='word_1_188' title='bbox 134 2408 187 2437; x_wconf 93' lang='lat' dir='ltr'>eo</span> <span class='ocrx_word' id='word_1_189' title='bbox 207 2400 353 2437; x_wconf 89' lang='lat' dir='ltr'>autem</span> <span class='ocrx_word' id='word_1_190' title='bbox 369 2398 555 2446; x_wconf 87' lang='lat' dir='ltr'>secessu,</span> <span class='ocrx_word' id='word_1_191' title='bbox 573 2402 799 2448; x_wconf 86' lang='lat' dir='ltr'>tamquam</span> <span class='ocrx_word' id='word_1_192' title='bbox 812 2396 857 2436; x_wconf 90' lang='lat' dir='ltr'>in</span> <span class='ocrx_word' id='word_1_193' title='bbox 872 2398 960 2437; x_wconf 90' lang='lat' dir='ltr'>ere-</span> 
     </span>
     <span class='ocr_line' id='line_1_39' title="bbox 133 2452 963 2504; baseline -0.001 -12"><span class='ocrx_word' id='word_1_194' title='bbox 133 2464 223 2501; x_wconf 93' lang='lat' dir='ltr'>mo,</span> <span class='ocrx_word' id='word_1_195' title='bbox 260 2452 449 2503; x_wconf 85' lang='lat' dir='ltr'>antiquis</span> <span class='ocrx_word' id='word_1_196' title='bbox 487 2453 758 2494; x_wconf 84' lang='lat' dir='ltr'>severiorum</span> <span class='ocrx_word' id='word_1_197' title='bbox 787 2457 963 2504; x_wconf 91' lang='lat' dir='ltr'>patrum</span> 
     </span>
     <span class='ocr_line' id='line_1_40' title="bbox 135 2507 961 2560; baseline -0.002 -11"><span class='ocrx_word' id='word_1_198' title='bbox 135 2507 346 2560; x_wconf 83' lang='lat' dir='ltr'>exemplis</span> <span class='ocrx_word' id='word_1_199' title='bbox 382 2508 617 2558; x_wconf 86' lang='lat' dir='ltr'>innovatis,</span> <span class='ocrx_word' id='word_1_200' title='bbox 660 2507 961 2549; x_wconf 90' lang='lat' dir='ltr'>innocentissi-</span> 
     </span>
     <span class='ocr_line' id='line_1_41' title="bbox 133 2563 962 2615; baseline 0 -12"><span class='ocrx_word' id='word_1_201' title='bbox 133 2576 254 2603; x_wconf 92' lang='lat' dir='ltr'>mum</span> <span class='ocrx_word' id='word_1_202' title='bbox 298 2575 458 2615; x_wconf 91' lang='lat' dir='ltr'>corpus</span> <span class='ocrx_word' id='word_1_203' title='bbox 501 2564 659 2605; x_wconf 92' lang='lat' dir='ltr'>mirum</span> <span class='ocrx_word' id='word_1_204' title='bbox 702 2564 747 2604; x_wconf 91' lang='lat' dir='ltr'>in</span> <span class='ocrx_word' id='word_1_205' title='bbox 782 2563 962 2604; x_wconf 92' lang='lat' dir='ltr'>modum</span> 
     </span>
     <span class='ocr_line' id='line_1_42' title="bbox 135 2616 962 2672; baseline -0.002 -12"><span class='ocrx_word' id='word_1_206' title='bbox 135 2619 405 2660; x_wconf 90' lang='lat' dir='ltr'>continenter</span> <span class='ocrx_word' id='word_1_207' title='bbox 419 2620 606 2662; x_wconf 84' lang='lat' dir='ltr'>vexavit.</span> <span class='ocrx_word' id='word_1_208' title='bbox 635 2620 779 2672; x_wconf 91' lang='lat' dir='ltr'>Caput</span> <span class='ocrx_word' id='word_1_209' title='bbox 798 2616 962 2660; x_wconf 78' lang='lat' dir='ltr'>corona</span> 
     </span>
     <span class='ocr_line' id='line_1_43' title="bbox 134 2674 961 2726; baseline 0 -12"><span class='ocrx_word' id='word_1_210' title='bbox 134 2676 302 2726; x_wconf 86' lang='lat' dir='ltr'>spinea,</span> <span class='ocrx_word' id='word_1_211' title='bbox 328 2680 484 2726; x_wconf 89' lang='lat' dir='ltr'>pectus</span> <span class='ocrx_word' id='word_1_212' title='bbox 506 2680 550 2717; x_wconf 91' lang='lat' dir='ltr'>et</span> <span class='ocrx_word' id='word_1_213' title='bbox 571 2676 711 2717; x_wconf 88' lang='lat' dir='ltr'>latera</span> <span class='ocrx_word' id='word_1_214' title='bbox 729 2674 886 2725; x_wconf 87' lang='lat' dir='ltr'>rigenti</span> <span class='ocrx_word' id='word_1_215' title='bbox 906 2674 961 2714; x_wconf 95' lang='lat' dir='ltr'>ci-</span> 
     </span>
     <span class='ocr_line' id='line_1_44' title="bbox 132 2729 958 2783; baseline -0.001 -12"><span class='ocrx_word' id='word_1_216' title='bbox 132 2730 252 2781; x_wconf 80' lang='lat' dir='ltr'>licio,</span> <span class='ocrx_word' id='word_1_217' title='bbox 275 2729 414 2782; x_wconf 89' lang='lat' dir='ltr'>pedes</span> <span class='ocrx_word' id='word_1_218' title='bbox 433 2731 608 2783; x_wconf 86' lang='lat' dir='ltr'>lapillis,</span> <span class='ocrx_word' id='word_1_219' title='bbox 634 2733 874 2783; x_wconf 90' lang='lat' dir='ltr'>omnesque</span> <span class='ocrx_word' id='word_1_220' title='bbox 894 2741 958 2770; x_wconf 90' lang='lat' dir='ltr'>ar-</span> 
     </span>
    </p>
   </div>
   <div class='ocr_carea' id='block_1_6' title="bbox 1746 239 1840 283">
    <p class='ocr_par' dir='ltr' id='par_1_7' title="bbox 1746 239 1840 283">
     <span class='ocr_line' id='line_1_45' title="bbox 1746 239 1840 283; baseline 0.011 -1"><span class='ocrx_word' id='word_1_221' title='bbox 1746 239 1840 283; x_wconf 84' lang='lat'>[285]</span> 
     </span>
    </p>
   </div>
   <div class='ocr_carea' id='block_1_7' title="bbox 1011 332 1843 2777">
    <p class='ocr_par' dir='ltr' id='par_1_8' title="bbox 1011 332 1842 1267">
     <span class='ocr_line' id='line_1_46' title="bbox 1012 332 1838 383; baseline 0.005 -11"><span class='ocrx_word' id='word_1_222' title='bbox 1012 336 1083 373; x_wconf 92' lang='lat' dir='ltr'>tus</span> <span class='ocrx_word' id='word_1_223' title='bbox 1112 332 1310 383; x_wconf 89' lang='lat' dir='ltr'>flagellis,</span> <span class='ocrx_word' id='word_1_224' title='bbox 1343 338 1387 374; x_wconf 93' lang='lat' dir='ltr'>et</span> <span class='ocrx_word' id='word_1_225' title='bbox 1414 334 1564 375; x_wconf 87' lang='lat' dir='ltr'>ferreis</span> <span class='ocrx_word' id='word_1_226' title='bbox 1593 335 1758 376; x_wconf 91' lang='lat' dir='ltr'>catenis</span> <span class='ocrx_word' id='word_1_227' title='bbox 1787 348 1838 376; x_wconf 89' lang='lat' dir='ltr'>ac</span> 
     </span>
     <span class='ocr_line' id='line_1_47' title="bbox 1012 387 1841 443; baseline 0.005 -16"><span class='ocrx_word' id='word_1_228' title='bbox 1012 387 1220 429; x_wconf 87' lang='lat' dir='ltr'>inauditis</span> <span class='ocrx_word' id='word_1_229' title='bbox 1240 389 1503 439; x_wconf 81' lang='lat' dir='ltr'>quibusdam</span> <span class='ocrx_word' id='word_1_230' title='bbox 1524 390 1706 440; x_wconf 90' lang='lat' dir='ltr'>artibus,</span> <span class='ocrx_word' id='word_1_231' title='bbox 1733 404 1841 443; x_wconf 92' lang='lat' dir='ltr'>quas</span> 
     </span>
     <span class='ocr_line' id='line_1_48' title="bbox 1015 443 1839 497; baseline 0.004 -13"><span class='ocrx_word' id='word_1_232' title='bbox 1015 443 1175 485; x_wconf 87' lang='lat' dir='ltr'>Christi</span> <span class='ocrx_word' id='word_1_233' title='bbox 1202 444 1379 485; x_wconf 85' lang='lat' dir='ltr'>Domini</span> <span class='ocrx_word' id='word_1_234' title='bbox 1411 457 1533 486; x_wconf 89' lang='lat' dir='ltr'>amor</span> <span class='ocrx_word' id='word_1_235' title='bbox 1567 446 1839 497; x_wconf 84' lang='lat' dir='ltr'>suggerebat,</span> 
     </span>
     <span class='ocr_line' id='line_1_49' title="bbox 1014 499 1840 553; baseline 0.005 -14"><span class='ocrx_word' id='word_1_236' title='bbox 1014 499 1149 551; x_wconf 90' lang='lat' dir='ltr'>semel</span> <span class='ocrx_word' id='word_1_237' title='bbox 1174 505 1306 550; x_wconf 91' lang='lat' dir='ltr'>atque</span> <span class='ocrx_word' id='word_1_238' title='bbox 1330 502 1489 541; x_wconf 92' lang='lat' dir='ltr'>iterum</span> <span class='ocrx_word' id='word_1_239' title='bbox 1517 501 1592 542; x_wconf 93' lang='lat' dir='ltr'>diu</span> <span class='ocrx_word' id='word_1_240' title='bbox 1616 506 1840 553; x_wconf 79' lang='lat' dir='ltr'>noctuque</span> 
     </span>
     <span class='ocr_line' id='line_1_50' title="bbox 1013 555 1841 607; baseline 0.002 -12"><span class='ocrx_word' id='word_1_241' title='bbox 1013 555 1280 596; x_wconf 88' lang='lat' dir='ltr'>cruentabat.</span> <span class='ocrx_word' id='word_1_242' title='bbox 1317 555 1390 597; x_wconf 92' lang='lat' dir='ltr'>Ad</span> <span class='ocrx_word' id='word_1_243' title='bbox 1412 557 1620 607; x_wconf 89' lang='lat' dir='ltr'>majorem</span> <span class='ocrx_word' id='word_1_244' title='bbox 1644 558 1711 597; x_wconf 90' lang='lat' dir='ltr'>sui</span> <span class='ocrx_word' id='word_1_245' title='bbox 1735 558 1841 598; x_wconf 87' lang='lat' dir='ltr'>affli-</span> 
     </span>
     <span class='ocr_line' id='line_1_51' title="bbox 1013 611 1841 662; baseline 0.005 -12"><span class='ocrx_word' id='word_1_246' title='bbox 1013 611 1251 651; x_wconf 87' lang='lat' dir='ltr'>ctationem</span> <span class='ocrx_word' id='word_1_247' title='bbox 1264 611 1426 652; x_wconf 90' lang='lat' dir='ltr'>lectulo</span> <span class='ocrx_word' id='word_1_248' title='bbox 1447 624 1501 652; x_wconf 79' lang='lat' dir='ltr'>ex</span> <span class='ocrx_word' id='word_1_249' title='bbox 1522 612 1751 662; x_wconf 85' lang='lat' dir='ltr'>asseribus,</span> <span class='ocrx_word' id='word_1_250' title='bbox 1770 613 1841 654; x_wconf 90' lang='lat' dir='ltr'>vel</span> 
     </span>
     <span class='ocr_line' id='line_1_52' title="bbox 1014 667 1841 719; baseline 0.002 -12"><span class='ocrx_word' id='word_1_251' title='bbox 1014 679 1143 707; x_wconf 90' lang='lat' dir='ltr'>cruce</span> <span class='ocrx_word' id='word_1_252' title='bbox 1168 667 1428 707; x_wconf 89' lang='lat' dir='ltr'>acutissimis</span> <span class='ocrx_word' id='word_1_253' title='bbox 1453 668 1588 719; x_wconf 90' lang='lat' dir='ltr'>spinis</span> <span class='ocrx_word' id='word_1_254' title='bbox 1607 668 1841 709; x_wconf 81' lang='lat' dir='ltr'>intertexta</span> 
     </span>
     <span class='ocr_line' id='line_1_53' title="bbox 1012 721 1840 772; baseline 0.002 -10"><span class='ocrx_word' id='word_1_255' title='bbox 1012 721 1233 770; x_wconf 90' lang='lat' dir='ltr'>utebatur,</span> <span class='ocrx_word' id='word_1_256' title='bbox 1253 721 1351 763; x_wconf 91' lang='lat' dir='ltr'>cibo</span> <span class='ocrx_word' id='word_1_257' title='bbox 1372 721 1484 763; x_wconf 89' lang='lat' dir='ltr'>adeo</span> <span class='ocrx_word' id='word_1_258' title='bbox 1504 724 1637 772; x_wconf 89' lang='lat' dir='ltr'>tenui,</span> <span class='ocrx_word' id='word_1_259' title='bbox 1656 728 1704 764; x_wconf 92' lang='lat' dir='ltr'>ut</span> <span class='ocrx_word' id='word_1_260' title='bbox 1724 726 1840 765; x_wconf 88' lang='lat' dir='ltr'>octa-</span> 
     </span>
     <span class='ocr_line' id='line_1_54' title="bbox 1012 776 1839 830; baseline 0.004 -13"><span class='ocrx_word' id='word_1_261' title='bbox 1012 789 1081 826; x_wconf 89' lang='lat' dir='ltr'>vo,</span> <span class='ocrx_word' id='word_1_262' title='bbox 1105 776 1372 828; x_wconf 89' lang='lat' dir='ltr'>quandoque</span> <span class='ocrx_word' id='word_1_263' title='bbox 1392 778 1523 819; x_wconf 87' lang='lat' dir='ltr'>etiam</span> <span class='ocrx_word' id='word_1_264' title='bbox 1544 779 1713 819; x_wconf 91' lang='lat' dir='ltr'>decimo</span> <span class='ocrx_word' id='word_1_265' title='bbox 1735 792 1839 830; x_wconf 90' lang='lat' dir='ltr'>quo-</span> 
     </span>
     <span class='ocr_line' id='line_1_55' title="bbox 1014 832 1842 885; baseline 0.002 -12"><span class='ocrx_word' id='word_1_266' title='bbox 1014 845 1099 883; x_wconf 93' lang='lat' dir='ltr'>que</span> <span class='ocrx_word' id='word_1_267' title='bbox 1119 832 1190 874; x_wconf 91' lang='lat' dir='ltr'>die</span> <span class='ocrx_word' id='word_1_268' title='bbox 1205 833 1278 873; x_wconf 80' lang='lat' dir='ltr'>vix</span> <span class='ocrx_word' id='word_1_269' title='bbox 1296 833 1425 873; x_wconf 84' lang='lat' dir='ltr'>unica</span> <span class='ocrx_word' id='word_1_270' title='bbox 1445 833 1556 875; x_wconf 90' lang='lat' dir='ltr'>aridi</span> <span class='ocrx_word' id='word_1_271' title='bbox 1574 835 1698 885; x_wconf 86' lang='lat' dir='ltr'>panis</span> <span class='ocrx_word' id='word_1_272' title='bbox 1713 835 1842 876; x_wconf 81' lang='lat' dir='ltr'>uncia</span> 
     </span>
     <span class='ocr_line' id='line_1_56' title="bbox 1012 889 1840 939; baseline 0.002 -10"><span class='ocrx_word' id='word_1_273' title='bbox 1012 890 1274 929; x_wconf 89' lang='lat' dir='ltr'>vesceretur.</span> <span class='ocrx_word' id='word_1_274' title='bbox 1337 889 1453 939; x_wconf 89' lang='lat' dir='ltr'>Erga</span> <span class='ocrx_word' id='word_1_275' title='bbox 1498 901 1649 930; x_wconf 90' lang='lat' dir='ltr'>omnes</span> <span class='ocrx_word' id='word_1_276' title='bbox 1693 895 1840 931; x_wconf 86' lang='lat' dir='ltr'>tamen</span> 
     </span>
     <span class='ocr_line' id='line_1_57' title="bbox 1013 944 1842 994; baseline 0.001 -9"><span class='ocrx_word' id='word_1_277' title='bbox 1013 944 1151 985; x_wconf 88' lang='lat' dir='ltr'>comis</span> <span class='ocrx_word' id='word_1_278' title='bbox 1183 949 1228 985; x_wconf 94' lang='lat' dir='ltr'>et</span> <span class='ocrx_word' id='word_1_279' title='bbox 1260 944 1462 994; x_wconf 86' lang='lat' dir='ltr'>affabilis,</span> <span class='ocrx_word' id='word_1_280' title='bbox 1504 946 1672 986; x_wconf 89' lang='lat' dir='ltr'>animos</span> <span class='ocrx_word' id='word_1_281' title='bbox 1711 946 1842 986; x_wconf 89' lang='lat' dir='ltr'>etiam</span> 
     </span>
     <span class='ocr_line' id='line_1_58' title="bbox 1012 999 1840 1052; baseline 0 -11"><span class='ocrx_word' id='word_1_282' title='bbox 1012 999 1287 1052; x_wconf 91' lang='lat' dir='ltr'>perditorum</span> <span class='ocrx_word' id='word_1_283' title='bbox 1305 999 1531 1041; x_wconf 90' lang='lat' dir='ltr'>hominum</span> <span class='ocrx_word' id='word_1_284' title='bbox 1551 1000 1633 1041; x_wconf 92' lang='lat' dir='ltr'>sibi</span> <span class='ocrx_word' id='word_1_285' title='bbox 1649 1000 1840 1042; x_wconf 91' lang='lat' dir='ltr'>demere-</span> 
     </span>
     <span class='ocr_line' id='line_1_59' title="bbox 1012 1056 1842 1107; baseline 0 -10"><span class='ocrx_word' id='word_1_286' title='bbox 1012 1056 1158 1106; x_wconf 89' lang='lat' dir='ltr'>batur,</span> <span class='ocrx_word' id='word_1_287' title='bbox 1188 1069 1299 1107; x_wconf 90' lang='lat' dir='ltr'>quos</span> <span class='ocrx_word' id='word_1_288' title='bbox 1329 1059 1383 1097; x_wconf 80' lang='lat' dir='ltr'>ex</span> <span class='ocrx_word' id='word_1_289' title='bbox 1412 1056 1530 1097; x_wconf 92' lang='lat' dir='ltr'>omni</span> <span class='ocrx_word' id='word_1_290' title='bbox 1554 1056 1707 1097; x_wconf 85' lang='lat' dir='ltr'>ordine</span> <span class='ocrx_word' id='word_1_291' title='bbox 1732 1069 1757 1097; x_wconf 90' lang='lat' dir='ltr'>a</span> <span class='ocrx_word' id='word_1_292' title='bbox 1782 1057 1842 1097; x_wconf 90' lang='lat' dir='ltr'>vi-</span> 
     </span>
     <span class='ocr_line' id='line_1_60' title="bbox 1011 1110 1840 1154; baseline -0.001 -1"><span class='ocrx_word' id='word_1_293' title='bbox 1011 1113 1174 1154; x_wconf 91' lang='lat' dir='ltr'>tiorum</span> <span class='ocrx_word' id='word_1_294' title='bbox 1201 1112 1401 1153; x_wconf 87' lang='lat' dir='ltr'>foeditate</span> <span class='ocrx_word' id='word_1_295' title='bbox 1429 1110 1486 1153; x_wconf 87' lang='lat' dir='ltr'>ad</span> <span class='ocrx_word' id='word_1_296' title='bbox 1511 1112 1613 1153; x_wconf 88' lang='lat' dir='ltr'>vitae</span> <span class='ocrx_word' id='word_1_297' title='bbox 1641 1112 1840 1153; x_wconf 89' lang='lat' dir='ltr'>honesta-</span> 
     </span>
     <span class='ocr_line' id='line_1_61' title="bbox 1012 1168 1840 1219; baseline -0.002 -9"><span class='ocrx_word' id='word_1_298' title='bbox 1012 1174 1117 1219; x_wconf 89' lang='lat' dir='ltr'>tem,</span> <span class='ocrx_word' id='word_1_299' title='bbox 1143 1168 1232 1209; x_wconf 91' lang='lat' dir='ltr'>suis</span> <span class='ocrx_word' id='word_1_300' title='bbox 1257 1168 1450 1209; x_wconf 87' lang='lat' dir='ltr'>consiliis</span> <span class='ocrx_word' id='word_1_301' title='bbox 1471 1173 1514 1209; x_wconf 91' lang='lat' dir='ltr'>et</span> <span class='ocrx_word' id='word_1_302' title='bbox 1532 1168 1738 1219; x_wconf 91' lang='lat' dir='ltr'>precibus</span> <span class='ocrx_word' id='word_1_303' title='bbox 1757 1172 1840 1208; x_wconf 90' lang='lat' dir='ltr'>tra-</span> 
     </span>
     <span class='ocr_line' id='line_1_62' title="bbox 1014 1226 1150 1267; baseline -0.007 0"><span class='ocrx_word' id='word_1_304' title='bbox 1014 1226 1150 1267; x_wconf 82' lang='lat' dir='ltr'>d1&#39;1xit.</span> 
     </span>
    </p>

    <p class='ocr_par' dir='ltr' id='par_1_9' title="bbox 1012 1279 1843 1555">
     <span class='ocr_line' id='line_1_63' title="bbox 1066 1279 1843 1338; baseline -0.004 -14"><span class='ocrx_word' id='word_1_305' title='bbox 1066 1288 1117 1338; x_wconf 55' lang='lat' dir='ltr'>R:-</span> <span class='ocrx_word' id='word_1_306' title='bbox 1151 1280 1355 1322; x_wconf 82' lang='lat' dir='ltr'>Dilexisti</span> <span class='ocrx_word' id='word_1_307' title='bbox 1383 1281 1604 1330; x_wconf 90' lang='lat' dir='ltr'>justitiam,</span> <span class='ocrx_word' id='word_1_308' title='bbox 1639 1286 1682 1321; x_wconf 92' lang='lat' dir='ltr'>et</span> <span class='ocrx_word' id='word_1_309' title='bbox 1710 1279 1843 1322; x_wconf 88' lang='lat' dir='ltr'>odisti</span> 
     </span>
     <span class='ocr_line' id='line_1_64' title="bbox 1014 1335 1842 1388; baseline -0.001 -10"><span class='ocrx_word' id='word_1_310' title='bbox 1014 1337 1303 1388; x_wconf 90' lang='lat' dir='ltr'>iniquitatem:</span> <span class='ocrx_word' id='word_1_311' title='bbox 1333 1343 1355 1366; x_wconf 84' lang='grc'>*</span> <span class='ocrx_word' id='word_1_312' title='bbox 1378 1335 1620 1387; x_wconf 87' lang='lat' dir='ltr'>Propterea</span> <span class='ocrx_word' id='word_1_313' title='bbox 1646 1336 1770 1377; x_wconf 82' lang='lat' dir='ltr'>unxit</span> <span class='ocrx_word' id='word_1_314' title='bbox 1798 1341 1842 1377; x_wconf 92' lang='lat' dir='ltr'>te</span> 
     </span>
     <span class='ocr_line' id='line_1_65' title="bbox 1012 1391 1841 1445; baseline -0.001 -12"><span class='ocrx_word' id='word_1_315' title='bbox 1012 1393 1148 1445; x_wconf 84' lang='lat' dir='ltr'>Deus,</span> <span class='ocrx_word' id='word_1_316' title='bbox 1200 1393 1322 1432; x_wconf 88' lang='lat' dir='ltr'>Deus</span> <span class='ocrx_word' id='word_1_317' title='bbox 1372 1396 1474 1432; x_wconf 90' lang='lat' dir='ltr'>tuus</span> <span class='ocrx_word' id='word_1_318' title='bbox 1520 1391 1618 1432; x_wconf 93' lang='lat' dir='ltr'>oleo</span> <span class='ocrx_word' id='word_1_319' title='bbox 1664 1392 1841 1433; x_wconf 87' lang='lat' dir='ltr'>laetitiae.</span> 
     </span>
     <span class='ocr_line' id='line_1_66' title="bbox 1015 1447 1840 1500; baseline -0.004 -10"><span class='ocrx_word' id='word_1_320' title='bbox 1015 1447 1065 1498; x_wconf 66' lang='lat' dir='ltr'>V.</span> <span class='ocrx_word' id='word_1_321' title='bbox 1089 1449 1278 1500; x_wconf 92' lang='lat' dir='ltr'>Propter</span> <span class='ocrx_word' id='word_1_322' title='bbox 1302 1447 1546 1497; x_wconf 87' lang='lat' dir='ltr'>veritatem,</span> <span class='ocrx_word' id='word_1_323' title='bbox 1575 1452 1618 1488; x_wconf 95' lang='lat' dir='ltr'>et</span> <span class='ocrx_word' id='word_1_324' title='bbox 1645 1459 1840 1488; x_wconf 89' lang='lat' dir='ltr'>mansue-</span> 
     </span>
     <span class='ocr_line' id='line_1_67' title="bbox 1012 1503 1797 1555; baseline -0.004 -9"><span class='ocrx_word' id='word_1_325' title='bbox 1012 1503 1219 1553; x_wconf 78' lang='lat' dir='ltr'>tudinem,</span> <span class='ocrx_word' id='word_1_326' title='bbox 1240 1508 1283 1544; x_wconf 91' lang='lat' dir='ltr'>et</span> <span class='ocrx_word' id='word_1_327' title='bbox 1300 1503 1518 1554; x_wconf 86' lang='lat' dir='ltr'>justitiam.</span> <span class='ocrx_word' id='word_1_328' title='bbox 1546 1504 1797 1555; x_wconf 89' lang='lat' dir='ltr'>Propterea.</span> 
     </span>
    </p>

    <p class='ocr_par' dir='ltr' id='par_1_10' title="bbox 1316 1564 1541 1605">
     <span class='ocr_line' id='line_1_68' title="bbox 1316 1564 1541 1605; baseline -0.004 -1"><span class='ocrx_word' id='word_1_329' title='bbox 1316 1564 1468 1605; x_wconf 78' lang='lat' dir='ltr'>Lectio</span> <span class='ocrx_word' id='word_1_330' title='bbox 1490 1565 1541 1604; x_wconf 81' lang='lat' dir='ltr'>vi.</span> 
     </span>
    </p>

    <p class='ocr_par' dir='ltr' id='par_1_11' title="bbox 1013 1614 1843 2777">
     <span class='ocr_line' id='line_1_69' title="bbox 1108 1614 1842 1666; baseline -0.001 -11"><span class='ocrx_word' id='word_1_331' title='bbox 1108 1616 1145 1655; x_wconf 90' lang='lat' dir='ltr'>is</span> <span class='ocrx_word' id='word_1_332' title='bbox 1182 1615 1365 1666; x_wconf 88' lang='lat' dir='ltr'>aliisque</span> <span class='ocrx_word' id='word_1_333' title='bbox 1403 1618 1576 1654; x_wconf 89' lang='lat' dir='ltr'>auctam</span> <span class='ocrx_word' id='word_1_334' title='bbox 1609 1614 1842 1655; x_wconf 70' lang='lat' dir='ltr'>virtatibus</span> 
     </span>
     <span class='ocr_line' id='line_1_70' title="bbox 1135 1669 1842 1711; baseline -0.003 0"><span class='ocrx_word' id='word_1_335' title='bbox 1135 1671 1256 1711; x_wconf 92' lang='lat' dir='ltr'>Deus</span> <span class='ocrx_word' id='word_1_336' title='bbox 1292 1669 1499 1710; x_wconf 89' lang='lat' dir='ltr'>famulam</span> <span class='ocrx_word' id='word_1_337' title='bbox 1536 1681 1659 1709; x_wconf 89' lang='lat' dir='ltr'>suam</span> <span class='ocrx_word' id='word_1_338' title='bbox 1694 1669 1842 1710; x_wconf 90' lang='lat' dir='ltr'>multis</span> 
     </span>
     <span class='ocr_line' id='line_1_71' title="bbox 1013 1723 1842 1780; baseline -0.004 -13"><span class='ocrx_word' id='word_1_339' title='bbox 1013 1726 1327 1780; x_wconf 83' lang='lat' dir='ltr'>praeclarisque</span> <span class='ocrx_word' id='word_1_340' title='bbox 1368 1723 1621 1765; x_wconf 91' lang='lat' dir='ltr'>muneribus</span> <span class='ocrx_word' id='word_1_341' title='bbox 1657 1724 1842 1765; x_wconf 92' lang='lat' dir='ltr'>illustra-</span> 
     </span>
     <span class='ocr_line' id='line_1_72' title="bbox 1013 1779 1842 1824; baseline -0.005 -1"><span class='ocrx_word' id='word_1_342' title='bbox 1013 1784 1087 1824; x_wconf 89' lang='lat' dir='ltr'>vit.</span> <span class='ocrx_word' id='word_1_343' title='bbox 1150 1781 1356 1822; x_wconf 84' lang='lat' dir='ltr'>Assiduae</span> <span class='ocrx_word' id='word_1_344' title='bbox 1406 1793 1551 1820; x_wconf 91' lang='lat' dir='ltr'>rerum</span> <span class='ocrx_word' id='word_1_345' title='bbox 1597 1779 1842 1820; x_wconf 88' lang='lat' dir='ltr'>divinarum</span> 
     </span>
     <span class='ocr_line' id='line_1_73' title="bbox 1015 1835 1841 1889; baseline -0.006 -9"><span class='ocrx_word' id='word_1_346' title='bbox 1015 1837 1375 1889; x_wconf 88' lang='lat' dir='ltr'>contemplationi</span> <span class='ocrx_word' id='word_1_347' title='bbox 1389 1835 1548 1884; x_wconf 86' lang='lat' dir='ltr'>dedita,</span> <span class='ocrx_word' id='word_1_348' title='bbox 1564 1835 1657 1876; x_wconf 90' lang='lat' dir='ltr'>dies</span> <span class='ocrx_word' id='word_1_349' title='bbox 1671 1837 1841 1875; x_wconf 90' lang='lat' dir='ltr'>noctes-</span> 
     </span>
     <span class='ocr_line' id='line_1_74' title="bbox 1015 1890 1841 1946; baseline -0.005 -11"><span class='ocrx_word' id='word_1_350' title='bbox 1015 1907 1100 1946; x_wconf 92' lang='lat' dir='ltr'>que</span> <span class='ocrx_word' id='word_1_351' title='bbox 1132 1905 1245 1945; x_wconf 91' lang='lat' dir='ltr'>pene</span> <span class='ocrx_word' id='word_1_352' title='bbox 1277 1894 1466 1942; x_wconf 89' lang='lat' dir='ltr'>integras</span> <span class='ocrx_word' id='word_1_353' title='bbox 1503 1892 1548 1931; x_wconf 91' lang='lat' dir='ltr'>in</span> <span class='ocrx_word' id='word_1_354' title='bbox 1578 1890 1662 1931; x_wconf 92' lang='lat' dir='ltr'>Dei</span> <span class='ocrx_word' id='word_1_355' title='bbox 1693 1892 1841 1931; x_wconf 88' lang='lat' dir='ltr'>amore</span> 
     </span>
     <span class='ocr_line' id='line_1_75' title="bbox 1015 1945 1842 2000; baseline -0.006 -10"><span class='ocrx_word' id='word_1_356' title='bbox 1015 1948 1283 2000; x_wconf 83' lang='lat' dir='ltr'>quiescebat3</span> <span class='ocrx_word' id='word_1_357' title='bbox 1303 1960 1384 1988; x_wconf 93' lang='lat' dir='ltr'>nec</span> <span class='ocrx_word' id='word_1_358' title='bbox 1404 1945 1634 1987; x_wconf 88' lang='lat' dir='ltr'>defuerunt</span> <span class='ocrx_word' id='word_1_359' title='bbox 1652 1946 1726 1997; x_wconf 94' lang='lat' dir='ltr'>qui</span> <span class='ocrx_word' id='word_1_360' title='bbox 1746 1958 1842 1986; x_wconf 89' lang='lat' dir='ltr'>eam</span> 
     </span>
     <span class='ocr_line' id='line_1_76' title="bbox 1015 2001 1841 2051; baseline -0.006 -5"><span class='ocrx_word' id='word_1_361' title='bbox 1015 2004 1245 2046; x_wconf 92' lang='lat' dir='ltr'>sublimem</span> <span class='ocrx_word' id='word_1_362' title='bbox 1269 2016 1294 2044; x_wconf 90' lang='lat' dir='ltr'>a</span> <span class='ocrx_word' id='word_1_363' title='bbox 1316 2008 1450 2051; x_wconf 88' lang='lat' dir='ltr'>terra,</span> <span class='ocrx_word' id='word_1_364' title='bbox 1485 2002 1629 2042; x_wconf 90' lang='lat' dir='ltr'>animo</span> <span class='ocrx_word' id='word_1_365' title='bbox 1658 2014 1683 2042; x_wconf 90' lang='lat' dir='ltr'>a</span> <span class='ocrx_word' id='word_1_366' title='bbox 1709 2001 1841 2042; x_wconf 87' lang='lat' dir='ltr'>sensi-</span> 
     </span>
     <span class='ocr_line' id='line_1_77' title="bbox 1013 2057 1840 2108; baseline -0.006 -7"><span class='ocrx_word' id='word_1_367' title='bbox 1013 2061 1096 2102; x_wconf 93' lang='lat' dir='ltr'>bus</span> <span class='ocrx_word' id='word_1_368' title='bbox 1116 2061 1319 2108; x_wconf 89' lang='lat' dir='ltr'>avocato,</span> <span class='ocrx_word' id='word_1_369' title='bbox 1345 2063 1388 2099; x_wconf 93' lang='lat' dir='ltr'>et</span> <span class='ocrx_word' id='word_1_370' title='bbox 1407 2057 1531 2099; x_wconf 91' lang='lat' dir='ltr'>vultu</span> <span class='ocrx_word' id='word_1_371' title='bbox 1556 2057 1725 2098; x_wconf 89' lang='lat' dir='ltr'>coelesti</span> <span class='ocrx_word' id='word_1_372' title='bbox 1743 2057 1840 2097; x_wconf 93' lang='lat' dir='ltr'>luce</span> 
     </span>
     <span class='ocr_line' id='line_1_78' title="bbox 1014 2113 1842 2164; baseline -0.005 -8"><span class='ocrx_word' id='word_1_373' title='bbox 1014 2115 1212 2157; x_wconf 78' lang='lat' dir='ltr'>radiante</span> <span class='ocrx_word' id='word_1_374' title='bbox 1232 2114 1286 2155; x_wconf 87' lang='lat' dir='ltr'>ab</span> <span class='ocrx_word' id='word_1_375' title='bbox 1306 2127 1353 2155; x_wconf 91' lang='lat' dir='ltr'>se</span> <span class='ocrx_word' id='word_1_376' title='bbox 1369 2114 1507 2154; x_wconf 88' lang='lat' dir='ltr'>visam</span> <span class='ocrx_word' id='word_1_377' title='bbox 1522 2113 1842 2164; x_wconf 84' lang='lat' dir='ltr'>confirmarent.</span> 
     </span>
     <span class='ocr_line' id='line_1_79' title="bbox 1013 2168 1842 2224; baseline -0.006 -11"><span class='ocrx_word' id='word_1_378' title='bbox 1013 2172 1265 2224; x_wconf 89' lang='lat' dir='ltr'>Prophetiae</span> <span class='ocrx_word' id='word_1_379' title='bbox 1285 2176 1328 2211; x_wconf 92' lang='lat' dir='ltr'>et</span> <span class='ocrx_word' id='word_1_380' title='bbox 1345 2169 1624 2211; x_wconf 89' lang='lat' dir='ltr'>scrutationis</span> <span class='ocrx_word' id='word_1_381' title='bbox 1644 2168 1842 2209; x_wconf 93' lang='lat' dir='ltr'>cordium</span> 
     </span>
     <span class='ocr_line' id='line_1_80' title="bbox 1015 2224 1841 2277; baseline -0.006 -8"><span class='ocrx_word' id='word_1_382' title='bbox 1015 2227 1132 2269; x_wconf 93' lang='lat' dir='ltr'>dono</span> <span class='ocrx_word' id='word_1_383' title='bbox 1152 2226 1349 2277; x_wconf 88' lang='lat' dir='ltr'>insignis,</span> <span class='ocrx_word' id='word_1_384' title='bbox 1368 2238 1455 2266; x_wconf 92' lang='lat' dir='ltr'>non</span> <span class='ocrx_word' id='word_1_385' title='bbox 1475 2224 1616 2266; x_wconf 91' lang='lat' dir='ltr'>solum</span> <span class='ocrx_word' id='word_1_386' title='bbox 1634 2224 1779 2265; x_wconf 76' lang='lat' dir='ltr'>futura</span> <span class='ocrx_word' id='word_1_387' title='bbox 1798 2228 1841 2264; x_wconf 92' lang='lat' dir='ltr'>et</span> 
     </span>
     <span class='ocr_line' id='line_1_81' title="bbox 1015 2279 1840 2334; baseline -0.007 -10"><span class='ocrx_word' id='word_1_388' title='bbox 1015 2283 1212 2324; x_wconf 89' lang='lat' dir='ltr'>absentia</span> <span class='ocrx_word' id='word_1_389' title='bbox 1230 2280 1551 2334; x_wconf 84' lang='lat' dir='ltr'>praenuntiavit,</span> <span class='ocrx_word' id='word_1_390' title='bbox 1572 2279 1652 2320; x_wconf 92' lang='lat' dir='ltr'>sed</span> <span class='ocrx_word' id='word_1_391' title='bbox 1671 2279 1840 2319; x_wconf 89' lang='lat' dir='ltr'>animos</span> 
     </span>
     <span class='ocr_line' id='line_1_82' title="bbox 1015 2333 1843 2386; baseline -0.007 -7"><span class='ocrx_word' id='word_1_392' title='bbox 1015 2339 1255 2386; x_wconf 90' lang='lat' dir='ltr'>hominum,</span> <span class='ocrx_word' id='word_1_393' title='bbox 1276 2336 1565 2386; x_wconf 86' lang='lat' dir='ltr'>cogitationes</span> <span class='ocrx_word' id='word_1_394' title='bbox 1585 2340 1628 2376; x_wconf 94' lang='lat' dir='ltr'>et</span> <span class='ocrx_word' id='word_1_395' title='bbox 1646 2333 1843 2374; x_wconf 83' lang='lat' dir='ltr'>maculas</span> 
     </span>
     <span class='ocr_line' id='line_1_83' title="bbox 1014 2388 1840 2445; baseline -0.008 -10"><span class='ocrx_word' id='word_1_396' title='bbox 1014 2393 1288 2445; x_wconf 82' lang='lat' dir='ltr'>introspexit.</span> <span class='ocrx_word' id='word_1_397' title='bbox 1323 2392 1419 2433; x_wconf 91' lang='lat' dir='ltr'>Nec</span> <span class='ocrx_word' id='word_1_398' title='bbox 1443 2391 1585 2432; x_wconf 85' lang='lat' dir='ltr'>minor</span> <span class='ocrx_word' id='word_1_399' title='bbox 1607 2391 1650 2430; x_wconf 94' lang='lat' dir='ltr'>in</span> <span class='ocrx_word' id='word_1_400' title='bbox 1675 2388 1840 2430; x_wconf 91' lang='lat' dir='ltr'>morbis</span> 
     </span>
     <span class='ocr_line' id='line_1_84' title="bbox 1016 2443 1840 2501; baseline -0.008 -11"><span class='ocrx_word' id='word_1_401' title='bbox 1016 2448 1289 2501; x_wconf 88' lang='lat' dir='ltr'>depellendis</span> <span class='ocrx_word' id='word_1_402' title='bbox 1338 2447 1405 2488; x_wconf 90' lang='lat' dir='ltr'>vis</span> <span class='ocrx_word' id='word_1_403' title='bbox 1458 2446 1632 2488; x_wconf 83' lang='lat' dir='ltr'>exstitit.</span> <span class='ocrx_word' id='word_1_404' title='bbox 1692 2443 1840 2486; x_wconf 84' lang='lat' dir='ltr'>Multis</span> 
     </span>
     <span class='ocr_line' id='line_1_85' title="bbox 1016 2499 1840 2548; baseline -0.01 -2"><span class='ocrx_word' id='word_1_405' title='bbox 1016 2505 1130 2546; x_wconf 91' lang='lat' dir='ltr'>enim</span> <span class='ocrx_word' id='word_1_406' title='bbox 1145 2506 1341 2545; x_wconf 82' lang='lat' dir='ltr'>extremo</span> <span class='ocrx_word' id='word_1_407' title='bbox 1356 2502 1513 2544; x_wconf 92' lang='lat' dir='ltr'>morbo</span> <span class='ocrx_word' id='word_1_408' title='bbox 1528 2499 1840 2548; x_wconf 80' lang='lat' dir='ltr'>laborantibus,</span> 
     </span>
     <span class='ocr_line' id='line_1_86' title="bbox 1015 2559 1839 2610; baseline -0.008 -9"><span class='ocrx_word' id='word_1_409' title='bbox 1015 2566 1089 2601; x_wconf 90' lang='lat' dir='ltr'>aut</span> <span class='ocrx_word' id='word_1_410' title='bbox 1115 2560 1256 2601; x_wconf 90' lang='lat' dir='ltr'>crucis</span> <span class='ocrx_word' id='word_1_411' title='bbox 1281 2559 1423 2610; x_wconf 90' lang='lat' dir='ltr'>signo,</span> <span class='ocrx_word' id='word_1_412' title='bbox 1452 2562 1527 2599; x_wconf 86' lang='lat' dir='ltr'>aut</span> <span class='ocrx_word' id='word_1_413' title='bbox 1551 2568 1677 2607; x_wconf 86' lang='lat' dir='ltr'>aquae</span> <span class='ocrx_word' id='word_1_414' title='bbox 1701 2567 1839 2595; x_wconf 86' lang='lat' dir='ltr'>sacrae</span> 
     </span>
     <span class='ocr_line' id='line_1_87' title="bbox 1016 2610 1839 2668; baseline -0.01 -11"><span class='ocrx_word' id='word_1_415' title='bbox 1016 2615 1269 2668; x_wconf 88' lang='lat' dir='ltr'>aspersione</span> <span class='ocrx_word' id='word_1_416' title='bbox 1315 2613 1593 2666; x_wconf 79' lang='lat' dir='ltr'>desperatam</span> <span class='ocrx_word' id='word_1_417' title='bbox 1640 2610 1839 2662; x_wconf 91' lang='lat' dir='ltr'>corporis</span> 
     </span>
     <span class='ocr_line' id='line_1_88' title="bbox 1015 2665 1839 2718; baseline -0.011 -5"><span class='ocrx_word' id='word_1_418' title='bbox 1015 2672 1246 2713; x_wconf 86' lang='lat' dir='ltr'>sanitatem</span> <span class='ocrx_word' id='word_1_419' title='bbox 1265 2670 1467 2718; x_wconf 83' lang='lat' dir='ltr'>restituit3</span> <span class='ocrx_word' id='word_1_420' title='bbox 1485 2673 1528 2709; x_wconf 91' lang='lat' dir='ltr'>et</span> <span class='ocrx_word' id='word_1_421' title='bbox 1545 2669 1760 2707; x_wconf 88' lang='lat' dir='ltr'>mortuam</span> <span class='ocrx_word' id='word_1_422' title='bbox 1781 2665 1839 2704; x_wconf 90' lang='lat' dir='ltr'>fe-</span> 
     </span>
     <span class='ocr_line' id='line_1_89' title="bbox 1013 2721 1836 2777; baseline -0.012 -8"><span class='ocrx_word' id='word_1_423' title='bbox 1013 2728 1177 2769; x_wconf 91' lang='lat' dir='ltr'>minam</span> <span class='ocrx_word' id='word_1_424' title='bbox 1204 2726 1293 2768; x_wconf 88' lang='lat' dir='ltr'>suis</span> <span class='ocrx_word' id='word_1_425' title='bbox 1317 2723 1519 2777; x_wconf 89' lang='lat' dir='ltr'>precibus</span> <span class='ocrx_word' id='word_1_426' title='bbox 1545 2723 1590 2763; x_wconf 92' lang='lat' dir='ltr'>in</span> <span class='ocrx_word' id='word_1_427' title='bbox 1612 2721 1748 2763; x_wconf 91' lang='lat' dir='ltr'>vitam</span> <span class='ocrx_word' id='word_1_428' title='bbox 1770 2732 1836 2760; x_wconf 93' lang='lat' dir='ltr'>re-</span> 
     </span>
    </p>
   </div>
  </div>
 </body>
</html>
