2040 2976
183 200 283 244 [340]

663 206 731 239 Die
758 205 809 239 27.
836 206 940 239 Julii.
988 207 1022 239 S.
1052 206 1298 239 I'amtalcouis
1324 206 1431 239 Mart.

242 303 287 352 1³3.
311 299 402 340 Iste
431 305 499 342 est
527 300 601 352 qui
629 306 730 342 ante
755 301 900 342 Deum
926 314 1014 342 ma-

182 367 291 405 gnas
319 355 504 398 virtutes
533 359 745 410 operatus
777 363 859 407 est,
889 362 932 399 et
960 357 1015 399 de

184 411 301 452 omni
313 411 448 454 corde
463 426 545 455 suo
556 413 753 456 laudavit
763 414 1015 456 Dominum:

187 474 207 494 *
231 468 334 520 Ipse
362 468 607 512 intercedat
633 483 716 523 pro
745 471 941 524 peccatis
971 473 1014 512 o-

181 524 346 565 mnium
361 525 640 578 populorum.
679 524 729 575 Y.
745 527 860 569 Ecce
879 527 1015 568 homo

183 580 275 621 sine
297 582 486 633 querela,
500 595 631 624 verus
647 584 731 625 Dei
751 583 904 631 cultor,
919 583 1015 625 abs-

181 636 325 678 tinens
356 650 403 679 se
429 638 484 680 ab
511 639 631 680 omni
656 642 791 693 opere
811 640 944 689 malo,
972 644 1016 681 et

181 694 445 745 permanens
465 695 508 736 in
522 695 772 738 innocentia
792 709 881 737 sua.
900 697 1014 748 Ipse.

476 766 626 806 Lectio
648 767 730 805 viii.

184 826 346 932 Nam
371 834 415 870 et
438 829 627 872 mundus
650 832 824 880 transit,
852 837 895 873 et
914 843 1013 872 con-

285 886 557 938 cupiscentia
579 889 681 939 ejus,
703 893 747 929 et
766 888 1016 940 relinquere

180 941 277 983 haec
302 942 441 993 magis
466 944 648 996 expedit
669 943 1015 997 quam”relinqui.

181 998 313 1047 Ecce,
333 998 490 1051 inquit,
510 1000 769 1053 reliquimus
790 1001 950 1050 omnia,
973 1006 1016 1043 et

182 1055 322 1097 secuti
342 1069 493 1097 sumus
513 1062 572 1098 te:
597 1058 801 1101 nimirum
822 1058 925 1110 quia
945 1070 1015 1099 ex-

182 1111 363 1153 sultavit
403 1117 453 1153 ut
494 1113 620 1165 gigas
658 1114 715 1155 ad
752 1113 1016 1156 currendam

181 1168 307 1217 viam,
327 1181 408 1210 nec
429 1171 677 1212 currentem
697 1171 823 1223 sequi
838 1173 1016 1224 poterat

182 1226 401 1266 oneratus.
431 1225 520 1267 Sed
538 1240 620 1268 nec
639 1227 803 1270 inutilis
824 1240 1015 1269 commu·

181 1280 303 1331 tatio,
327 1294 410 1334 pro
431 1294 495 1331 eo,
523 1284 597 1335 qui
617 1297 751 1337 super
771 1284 917 1326 omnia
938 1290 1015 1334 est,

182 1338 329 1379 omnia
376 1338 623 1391 reliquisse;
669 1354 770 1382 nam
809 1346 853 1383 et
888 1341 1016 1382 simul

183 1407 283 1436 cum
316 1407 368 1436 eo
403 1394 623 1438 donantur
657 1398 822 1448 omnia,
865 1403 909 1439 et
940 1397 1016 1439 ubi

182 1451 530 1504 apprehenderis
551 1466 667 1505 eum,
688 1454 771 1496 erit
789 1468 901 1496 unus
920 1455 1015 1507 ipse

182 1508 327 1550 omnia
359 1509 403 1549 in
436 1510 656 1561 omnibus,
696 1511 771 1564 qui
802 1524 884 1564 pro
916 1511 1015 1564 ipso

182 1565 327 1606 omnia
373 1565 655 1618 reliquerunt.
709 1568 866 1609 Omnia
911 1581 1016 1609 sane

182 1621 379 1671 dixerim,
398 1635 487 1664 non
506 1628 677 1666 tantum
695 1625 1015 1678 possessiones,

181 1678 260 1720 sed
287 1679 418 1720 etiam
444 1679 728 1733 cupiditateS‚
758 1686 802 1723 et
828 1694 902 1723 eas
926 1684 1014 1723 ma-

180 1748 307 1777 xime.

236 1806 286 1857 R.
314 1805 408 1846 Sint
440 1805 578 1847 lumbi
608 1807 743 1848 vestri
776 1808 1015 1860 praecincti,

181 1866 224 1902 et
261 1861 452 1904 lucernae
491 1863 705 1905 ardentes
735 1865 779 1904 in
812 1864 1015 1906 manibus

180 1919 354 1960 vestris:
393 1922 415 1946 *
444 1921 501 1963 Et
529 1933 610 1962 vos
638 1920 803 1962 similes
830 1920 1014 1962 homini-

181 1973 262 2015 bus
295 1977 654 2029 exspectantibus
687 1977 914 2019 dominum
946 1992 1014 2020 su-

180 2043 268 2080 um,
303 2033 480 2084 quando
510 2037 758 2076 revertatur
785 2047 810 2076 a
837 2035 1013 2088 nuptiis.

185 2082 235 2134 Y.
251 2087 441 2138 Vigilate
462 2103 584 2142 ergo,
609 2091 710 2144 quia
728 2091 908 2133 nescitis
927 2104 1014 2144 qua

180 2142 291 2185 hora
308 2145 525 2189 Dominus
544 2153 691 2190 vester
709 2151 922 2190 venturus
944 2148 1013 2193 sit.

180 2200 248 2242 Et.
281 2201 430 2244 Gloria
450 2203 581 2246 Patri.
610 2205 677 2247 Et.

480 2271 633 2311 Lectio
653 2272 707 2311 ix.

184 2330 388 2436 Petrus
423 2339 664 2389 cogitatum
692 2353 819 2381 suum
846 2341 1013 2392 jactans

274 2393 319 2433 in
343 2393 554 2445 Domino,
583 2401 626 2438 et
653 2409 828 2438 omnem
853 2397 1012 2439 sollici-

180 2449 377 2493 tudinem
410 2464 535 2493 suam
566 2452 610 2492 in
639 2465 739 2494 eum
763 2454 1013 2507 projiciens,

181 2511 328 2548 certus
358 2507 479 2560 quod
507 2508 569 2549 illi
594 2509 709 2551 foret
735 2523 839 2552 cura
865 2510 920 2552 de
947 2524 1012 2561 eo,

181 2563 357 2616 reliquit
382 2566 543 2615 omnia,
570 2569 747 2608 secutus
773 2573 840 2608 est
863 2568 1012 2609 Domi-

179 2634 301 2670 num,
342 2634 397 2663 ne
435 2622 711 2673 interrogans
746 2623 923 2675 quidem
957 2623 1012 2666 de

181 2678 382 2729 praemio,
419 2677 562 2720 donec
595 2691 649 2720 ex
676 2680 875 2732 periculo
905 2680 1011 2722 divi-

179 2738 288 2785 tum,
327 2735 448 2787 quod
487 2735 691 2777 Salvator
711 2737 1008 2789 prosequeba-

1068 304 1157 350 tur,
1186 303 1380 342 sumeret
1409 301 1690 344 occasionem
1718 316 1901 357 percun-

1069 355 1232 398 ctandi:
1264 357 1382 408 Quid
1406 370 1512 409 ergo
1538 359 1620 401 erit
1642 359 1794 402 nobis?
1827 361 1903 404 Ait

1068 412 1153 454 illis
1173 413 1194 454 J
1201 426 1317 455 esus:
1341 414 1484 456 Amen
1505 414 1605 457 dico
1625 416 1765 459 vobis
1793 418 1902 460 Ver-

1069 469 1174 511 bum
1216 470 1565 513 confirmationis
1605 474 1903 526 praemittitur;

1068 539 1275 577 magnum
1293 528 1469 569 noveris
1489 541 1598 578 esse,
1620 529 1740 582 quod
1760 532 1902 584 sequi-

1067 588 1150 624 tur.
1187 584 1238 624 In
1263 585 1596 635 regeneratione
1622 585 1834 630 sedebitis
1859 593 1904 631 et

1069 652 1161 684 vos.
1199 640 1556 692 Consequemini‚
1578 642 1656 691 ait,
1683 656 1813 696 quem
1837 657 1902 687 se-

1070 697 1268 748 quimini:
1285 702 1333 739 ut
1348 710 1448 739 cum
1463 698 1558 751 ipse
1573 698 1747 750 sederit,
1763 706 1807 743 et
1821 713 1903 743 vos

1069 754 1237 806 pariter
1269 753 1472 796 sedeatis.
1532 755 1569 797 Ο
1600 756 1756 798 sessio!
1795 757 1902 808 Quis

1068 810 1175 851 mihi
1207 810 1372 853 tribuat
1405 817 1454 854 ut
1487 812 1629 864 dignis
1658 814 1903 867 exprimam

1070 866 1232 918 verbis,
1259 868 1380 920 quod
1408 868 1463 910 de
1488 870 1686 911 sessione
1706 870 1789 912 hac
1809 884 1903 913 cor-

1071 923 1137 965 dis
1163 923 1395 967 affectione
1424 924 1651 978 concipio?
1681 927 1777 969 Imo
1806 929 1903 981 quis

1069 980 1234 1027 tribuat
1252 981 1358 1022 mihi
1378 982 1587 1024 sessionis
1605 982 1732 1035 hujus
1746 984 1902 1037 imper-

1069 1037 1245 1080 turbata
1261 1038 1345 1079 frui
1359 1040 1521 1091 requie,
1539 1052 1670 1092 quam
1686 1040 1903 1092 desidero,

1071 1107 1203 1146 quam
1222 1095 1366 1148 cupio,
1387 1108 1519 1148 quam
1538 1097 1740 1149 requiro?

1124 1158 1185 1197 Te
1204 1156 1349 1197 Deum
1367 1156 1609 1198 laudamus.
1629 1159 1687 1199 13.

1338 1252 1422 1294 Die
1441 1254 1505 1294 27.
1524 1253 1550 1294 J
1551 1253 1637 1295 ulii.

1176 1320 1219 1361 S.
1236 1320 1562 1364 Pantaleonis
1582 1324 1800 1377 Martyris.

1355 1390 1616 1434 Semiduplex.

1124 1446 1261 1481 Omnia
1294 1447 1341 1481 de
1374 1448 1518 1482 Comm.
1552 1448 1665 1483 unius
1695 1449 1803 1484 Mart.
1833 1448 1902 1493 [21]

1071 1502 1212 1538 priL'tCI‘
1234 1506 1340 1540 Sequ.

1291 1562 1352 1603 In
1370 1562 1406 1604 1.
1426 1563 1681 1615 vesperis.

1122 1624 1161 1658 Si
1190 1625 1215 1658 Ι.
1247 1625 1363 1669 Vesp.
1395 1626 1467 1660 dic.
1498 1627 1674 1670 integrae,
1703 1632 1906 1662 sumuntur

1070 1674 1157 1707 Ant.
1185 1674 1231 1707 de
1255 1674 1373 1708 Laud.
1403 1674 1504 1717 [342],
1528 1675 1590 1710 Ps.
1617 1680 1658 1710 ut
1682 1676 1721 1710 in
1741 1676 1767 1711 I.
1789 1676 1903 1721 Vesp.

1071 1721 1117 1755 de
1143 1722 1288 1757 Comm.
1314 1724 1452 1766 Apost.
1474 1722 1521 1766 [2]

1123 1775 1247 1818 Capit.
1274 1782 1309 1810 et
1334 1776 1474 1819 Hymn.
1502 1776 1548 1810 de
1574 1776 1719 1811 Comm.
1742 1775 1812 1820 [21]

1123 1831 1193 1872 Ad
1214 1833 1386 1883 Magnif.
1414 1834 1513 1874 Ant.
1543 1832 1773 1874 Gloriosus
1792 1833 1900 1875 Pan-

1069 1886 1218 1928 taleon
1245 1888 1269 1913 *
1297 1887 1525 1930 coelestem
1555 1889 1775 1931 medicum
1803 1895 1900 1933 toto

1069 1942 1222 1985 dilexit
1241 1944 1386 1995 corde,
1406 1950 1451 1987 et
1469 1946 1661 1988 moriens
1679 1959 1762 1999 pro
1782 1946 1901 1989 Chri-

1068 2004 1138 2042 sto
1158 2000 1267 2042 vivit
1285 2001 1329 2042 in
1349 2001 1464 2043 coelo
1485 2004 1735 2044 coronatus.

1123 2059 1172 2110 V.
1213 2061 1366 2104 Gloria
1398 2068 1442 2105 et
1475 2063 1644 2106 honore
1677 2065 1900 2107 coronasti

1068 2131 1168 2159 eum
1200 2119 1400 2161 Domine.
1460 2122 1512 2174 Ru.
1545 2120 1602 2162 Et
1635 2121 1901 2164 constituisti

1067 2187 1167 2216 eum
1183 2188 1316 2228 super
1336 2178 1473 2229 opera
1487 2179 1696 2219 manuum
1714 2180 1900 2220 tuarum.

1407 2238 1572 2280 Oratio.

1154 2305 1247 2342 euS‚
1277 2293 1351 2345 qui
1378 2293 1558 2336 beatum
1585 2295 1899 2338 Pantaleonem

1162 2349 1402 2403 Martyrem
1412 2356 1536 2392 tuum
1546 2352 1667 2393 varia
1679 2355 1899 2395 tormenta

1067 2409 1278 2459 superare
1298 2407 1458 2457 fecisti,
1479 2414 1523 2450 et
1542 2421 1624 2461 pro
1644 2412 1896 2462 persecuto-

1067 2463 1187 2505 ribus
1215 2466 1414 2506 exorare:
1443 2465 1638 2507 concede
1663 2466 1897 2519 propitius:

1065 2524 1114 2561 ut
1144 2521 1219 2572 qui
1247 2521 1337 2572 ejus
1363 2521 1650 2574 imploramus
1679 2522 1897 2570 auxilium,

1065 2576 1382 2619 misericordiae
1410 2583 1499 2620 tuae
1529 2580 1768 2620 sentiamus
1798 2575 1897 2621 effe-

1067 2637 1198 2674 ctum.
1225 2634 1310 2675 Per
1329 2634 1578 2676 Dominum.

1119 2690 1161 2723 In
1194 2690 1219 2723 I.
1252 2689 1453 2723 Nocturno
1484 2689 1687 2723 Lectiones
1723 2689 1769 2723 de
1799 2689 1897 2724 Scri-

1068 2743 1179 2781 ptura
1205 2743 1438 2772 occurrente.
