2040 2976
531 204 601 238 Die
625 204 654 237 6.
681 203 779 246 Aug.

164 301 405 353 majestatis
428 300 629 342 intonuit:
649 301 672 325 *
691 300 907 341 Dominus
927 314 994 342 su—

162 371 242 411 per
262 371 399 411 aquas
418 357 588 399 multas.

214 415 318 457 Vox
349 414 529 467 Domini
566 414 609 454 in
642 414 819 457 virtute:
852 416 875 443 *
906 427 994 457 vox

163 472 340 513 Domini
358 471 403 512 in
421 471 757 521 magnificentia.

213 529 317 570 Vox
351 528 529 569 Domini
570 527 885 580 confringentis
927 541 993 570 ce-

163 585 282 627 dros:
301 587 325 612 *
346 590 390 627 et
413 585 660 636 confringet
682 585 900 626 Dominus
926 598 992 627 ce-

162 642 267 684 dros
286 642 455 684 Libani:

213 700 270 741 Et
294 701 562 741 comminuet
588 711 663 741 eas
686 704 912 752 tamquam
931 701 990 741 vi-

161 756 302 797 tulum
327 755 496 798 Libani:
515 757 539 784 *
558 761 602 798 et
629 755 817 798 dilectus
844 768 991 808 quem-

162 812 402 855 admodum
421 812 538 854 filius
557 813 844 855 unicornium.

213 869 316 911 Vox
340 869 519 911 Domini
546 868 844 911 intercidentis
873 870 991 910 flam-

161 939 279 967 mam
305 926 433 977 ignis:
461 926 484 951 *
513 939 601 967 vox
628 926 807 967 Domini
834 939 991 968 concu-

159 982 308 1024 tientis
341 983 580 1025 desertum:
619 988 663 1025 et
695 982 993 1025 commovebit

160 1039 377 1081 Dominus
397 1039 620 1082 desertum
642 1039 796 1082 Cades.

212 1096 315 1138 Vox
323 1096 500 1138 Domini
515 1097 809 1149 praeparantis
825 1109 992 1146 cervos,

162 1156 206 1194 et
224 1152 440 1195 revelabit
460 1153 697 1195 condensa:
717 1154 740 1179 *
761 1158 804 1195 et
823 1153 867 1194 in
886 1158 991 1195 tem-

159 1208 234 1261 plo
255 1210 346 1261 ejus
366 1222 519 1251 omnes
539 1209 686 1251 dicent
703 1209 899 1260 gloriam.

211 1265 427 1307 Dominus
444 1265 657 1308 diluvium
671 1266 918 1308 inhabitare
933 1267 990 1307 fa-

161 1322 234 1364 cit:
257 1323 281 1348 *
306 1328 349 1364 et
377 1322 550 1365 sedebit
577 1323 793 1364 Dominus
821 1323 919 1365 Rex
946 1323 990 1364 in

161 1380 385 1420 aeternum.

213 1435 428 1477 Dominus
460 1435 670 1477 virtutem
703 1437 872 1490 populo
911 1449 992 1478 suo

161 1491 299 1534 dabit:
331 1493 355 1519 *
387 1491 604 1533 Dominus
641 1492 876 1536 benedicet
915 1495 992 1546 po—

160 1548 266 1601 pulo
287 1561 368 1590 suo
389 1548 433 1589 in
453 1561 575 1601 pace.

157 1640 163 1645 .
211 1604 311 1645 Ant.
359 1604 592 1647 Revelavit
630 1606 847 1648 Dominus
892 1620 991 1649 con-

161 1660 313 1714 densa,
333 1666 377 1704 et
395 1662 439 1703 in
458 1661 626 1715 templo
647 1663 738 1715 ejus
758 1676 910 1706 omnes
931 1664 991 1707 di-

161 1721 260 1760 cent
277 1718 472 1771 gloriam.

211 1775 311 1817 Ant.
339 1775 577 1828 Speciosus
601 1775 744 1817 forma
768 1790 861 1829 prae
889 1778 991 1820 filiis

159 1831 399 1873 hominum:
426 1831 586 1874 diffusa
612 1838 679 1875 est
702 1834 844 1884 gratia
867 1834 912 1876 in
932 1835 990 1877 la-

157 1887 241 1929 biis
259 1888 357 1931 tuis.

425 1943 624 1984 Psalmus
652 1944 719 1983 44.

249 1998 438 2040 ructavit
480 2011 557 2049 cor
610 2012 756 2041 meum
805 1999 990 2041 verbum

240 2109 249 2118 .
269 2053 450 2095 bonum:
467 2054 491 2080 *
513 2054 613 2097 dico
633 2068 716 2108 ego
738 2058 874 2108 opera
891 2069 990 2098 mea

159 2121 262 2160 reg1.

211 2166 379 2217 Lingua
410 2179 509 2209 mea
536 2168 729 2211 calamus
758 2169 932 2219 scribae,
965 2170 988 2195 *

160 2222 370 2264 velociter
397 2223 639 2266 scribentis.

211 2279 446 2331 Speciosus
479 2279 621 2322 forma
652 2294 746 2334 prae
779 2281 879 2322 filiis
913 2281 988 2323 ho—

159 2335 334 2384 minum,
363 2334 520 2377 diffusa
548 2341 615 2379 est
634 2338 776 2388 gratia
794 2338 838 2378 in
861 2337 989 2379 labiis

158 2391 260 2432 tuis:
274 2391 298 2417 *
308 2393 547 2444 propterea
566 2393 792 2436 benedixit
807 2399 852 2436 te
867 2394 988 2436 Deus

158 2447 202 2488 in
231 2449 453 2489 aeternum.
733 2497 735 2499 v

210 2504 454 2555 Accingere
482 2503 629 2554 gladio
663 2510 740 2547 tuo
769 2518 902 2559 super
930 2507 987 2548 fe-

158 2573 255 2601 mur
283 2566 417 2610 tuum,
445 2561 468 2586 *
496 2562 810 2613 potentissime,

210 2617 365 2670 Specie
392 2622 467 2659 tua
491 2622 535 2658 et
561 2617 885 2670 pulchritudine
912 2623 988 2661 tua

158 2673 182 2699 *
217 2673 411 2723 intende,
446 2675 661 2726 prospere
697 2674 906 2727 procede,
944 2681 988 2718 et

158 2741 303 2780 regna.

312 2869 377 2894 Pars
392 2870 503 2895 AEstiva.

825 203 869 236 In
894 202 1252 245 Transfiguratione
1276 202 1319 236 D.
1346 202 1390 235 N.
1415 202 1447 236 .Ι.
1476 202 1515 236 C.

1100 300 1290 352 Propter
1309 301 1551 351 veritatem,
1573 306 1617 343 et
1634 304 1882 343 mansuetu-

1049 356 1206 407 dinem,
1236 362 1280 399 et
1308 358 1529 409 justitiam:
1563 358 1586 383 *
1620 363 1664 400 et
1693 357 1884 400 deducet

1048 418 1092 455 te
1120 413 1377 456 mirabiliter
1405 413 1588 456 dextera
1615 420 1701 456 tua.

1100 470 1281 521 Sagittae
1317 475 1406 513 tuae
1435 474 1592 521 acutae,
1618 472 1773 525 populi
1801 472 1882 514 sub

1047 531 1091 568 te
1121 526 1291 577 cadent,
1319 528 1343 553 *
1371 527 1415 568 in
1443 527 1580 570 corda
1607 528 1883 571 inimicorum

1049 596 1176 634 regis.

1101 639 1239 682 Sedes
1258 645 1334 683 tua
1352 641 1474 683 Deus
1501 641 1545 682 in
1569 641 1779 683 saeculum
1805 644 1882 683 sae-

1049 697 1150 738 culi:
1178 698 1202 723 *
1230 698 1353 749 virga
1382 697 1635 740 directionis
1667 699 1790 750 virga
1818 712 1881 740 re-

1048 754 1122 804 gni
1148 754 1222 796 tui.

1097 811 1301 853 Dilexisti
1328 810 1546 862 justitiam,
1576 816 1620 853 et
1648 811 1780 854 odisti
1807 812 1882 854 ini-

1047 867 1279 919 quitatem:
1328 868 1351 893 *
1394 869 1631 920 propterea
1675 869 1798 911 unxit
1840 875 1884 912 te

1045 924 1166 965 Deus
1194 924 1315 966 Deus
1343 929 1443 966 tuus
1473 924 1572 966 oleo
1597 925 1762 967 laetitiae
1790 939 1883 979 prae

1046 980 1324 1023 consortibus
1351 981 1448 1023 tuis.

1099 1037 1289 1090 Myrrha,
1318 1043 1362 1080 et
1390 1043 1523 1089 gutta,
1553 1043 1597 1080 et
1625 1038 1744 1079 casia
1768 1052 1793 1080 a
1813 1052 1882 1081 ve-

1048 1094 1262 1137 stimentis
1283 1095 1380 1144 tuis,
1398 1108 1424 1136 a
1440 1094 1643 1137 domibus
1664 1095 1884 1137 eburneis:

1046 1152 1070 1177 *
1088 1164 1142 1193 ex
1172 1152 1329 1204 quibus
1350 1152 1681 1194 delectaverunt
1705 1157 1750 1194 te
1779 1153 1882 1194 filiae

1046 1220 1199 1258 regum
1226 1209 1270 1249 in
1298 1208 1467 1250 honore
1495 1214 1584 1250 tuo.

1099 1265 1251 1306 Astitit
1284 1267 1435 1316 regina
1468 1278 1494 1306 a
1522 1265 1688 1308 dextris
1723 1267 1809 1308 tuis
1838 1267 1882 1307 in
1929 1273 1931 1276 “

1047 1321 1455 1364 vestitu'deaurato:
1474 1323 1497 1348 *
1518 1322 1790 1365 circumdata
1810 1337 1881 1365 va-

1046 1378 1213 1420 rietate.

1085 1431 1218 1477 'Audi
1240 1435 1339 1485 filia,
1363 1440 1407 1477 et
1425 1435 1537 1486 vide,
1558 1441 1602 1478 et
1626 1436 1785 1478 inclina
1809 1450 1879 1479 au-

1046 1504 1139 1532 rem
1157 1496 1292 1533 tuam:
1303 1492 1326 1518 *
1338 1497 1382 1534 et
1393 1492 1654 1535 obliviscere
1667 1494 1881 1546 populum

1008 1582 1009 1588 ,
1045 1553 1180 1598 tuum,
1210 1553 1254 1590 et
1281 1548 1461 1590 domum
1488 1550 1626 1602 patris
1655 1555 1728 1592 tui.

1097 1604 1155 1646 Et
1169 1608 1457 1659 concupiscet
1471 1606 1569 1647 Rex
1590 1606 1797 1649 decorem
1815 1612 1879 1649 tu·

1045 1674 1132 1703 um:
1160 1662 1184 1687 *
1213 1662 1420 1714 quoniam
1447 1662 1543 1715 ipse
1571 1668 1638 1705 est
1664 1663 1879 1706 Dominus

1044 1718 1165 1759 Deus
1194 1723 1306 1768 tuus,
1335 1724 1379 1761 et
1406 1719 1656 1762 adorabunt
1684 1733 1794 1762 eum.
1817 1723 1820 1726 ⁴

1096 1775 1153 1817 Et
1169 1775 1272 1816 filiae
1292 1776 1399 1828 Tyri
1420 1776 1463 1817 in
1482 1776 1736 1819 muneribus
1750 1778 1773 1803 *
1790 1778 1878 1819 vul-

1043 1836 1136 1873 tum
1169 1837 1293 1874 tuum
1321 1832 1691 1885 deprecabuntur:
1726 1847 1879 1876 omnes
1929 1862 1931 1865 v

1044 1887 1202 1930 divites
1230 1889 1384 1941 plebis.

1097 1945 1249 1986 Omnis
1268 1946 1408 1996 gloria
1430 1947 1520 1998 ejus
1544 1946 1646 1987 filiae
1666 1947 1802 1998 Regis
1821 1948 1877 1990 ab

1042 2001 1169 2051 intus,
1195 2003 1219 2028 *
1243 2002 1287 2043 in
1313 2002 1496 2044 fimbriis
1522 2003 1666 2045 aureis
1696 2003 1876 2046 circum-

1042 2060 1202 2100 amicta
1229 2058 1525 2100 varietatibus.

1094 2114 1383 2157 Adducentur
1412 2116 1525 2166 Regi
1551 2116 1741 2167 virgines
1774 2123 1878 2170 post

1042 2183 1154 2211 eam:
1164 2171 1188 2196 *
1198 2171 1413 2223 proximae
1430 2172 1520 2223 ejus
1536 2172 1772 2215 afferentur
1786 2174 1876 2216 tibi.

1093 2226 1346 2269 Afferentur
1373 2228 1418 2268 in
1437 2228 1590 2271 laetitia
1618 2234 1663 2272 et
1688 2231 1874 2273 exsulta-

1040 2283 1174 2379 ἱὶὶόῑιᾳι
1209 2284 1233 2310 *
1267 2283 1541 2328 adducentur
1580 2286 1625 2327 in
1661 2287 1874 2340 templum

1084 2351 1186 2390 egls.
1612 2353 1621 2361 ’

1092 2395 1180 2437 Pro
1208 2397 1408 2449 patribus
1435 2398 1522 2440 tuis
1547 2399 1638 2441 nati
1666 2405 1767 2442 sunt
1794 2399 1874 2442 tibi

1039 2451 1132 2492 filii:
1151 2452 1174 2478 *
1194 2455 1434 2496 constitues
1457 2467 1534 2496 eos
1558 2456 1781 2509 principes
1805 2469 1872 2497 su-

1039 2520 1119 2560 per
1149 2521 1323 2551 omnem
1350 2515 1524 2552 terram.

1090 2565 1310 2608 Memores
1349 2572 1477 2609 erunt
1513 2568 1703 2617 nominis·
1737 2568 1829 2610 tuiz.
1847 2567 1870 2593 *

1038 2621 1082 2662 in
1108 2622 1226 2663 omni
1250 2624 1533 2674 generatione
1560 2629 1604 2666 et
1628 2623 1869 2675 generatio-

1037 2690 1148 2719 nem.

1089 2735 1334 2787 Propterea
1360 2736 1515 2789 populi
1543 2736 1869 2778 confitebuntur

1597 2867 1638 2899 31
