<?xml version="1.0" encoding="UTF-8"?>
<!DOCTYPE html PUBLIC "-//W3C//DTD XHTML 1.0 Transitional//EN"
    "http://www.w3.org/TR/xhtml1/DTD/xhtml1-transitional.dtd">
<html xmlns="http://www.w3.org/1999/xhtml" xml:lang="en" lang="en">
 <head>
  <title>
</title>
<meta http-equiv="Content-Type" content="text/html;charset=utf-8" />
  <meta name='ocr-system' content='tesseract 3.04.00' />
  <meta name='ocr-capabilities' content='ocr_page ocr_carea ocr_par ocr_line ocrx_word'/>
</head>
<body>
  <div class='ocr_page' id='page_1' title='image "./p3breviariumroma00cathuoft_0109.png"; bbox 0 0 2040 2976; ppageno 0'>
   <div class='ocr_carea' id='block_1_1' title="bbox 674 177 1821 225">
    <p class='ocr_par' dir='ltr' id='par_1_1' title="bbox 674 177 1821 225">
     <span class='ocr_line' id='line_1_1' title="bbox 674 177 1821 225; baseline -0.003 -10"><span class='ocrx_word' id='word_1_1' title='bbox 674 182 784 215; x_wconf 81' lang='lat' dir='ltr'>Feria</span> <span class='ocrx_word' id='word_1_2' title='bbox 810 182 940 225; x_wconf 75' lang='lat' dir='ltr'>quinta</span> <span class='ocrx_word' id='word_1_3' title='bbox 968 182 1015 215; x_wconf 87' lang='lat' dir='ltr'>ad</span> <span class='ocrx_word' id='word_1_4' title='bbox 1043 182 1275 216; x_wconf 78' lang='lat' dir='ltr'>Matutinum.</span> <span class='ocrx_word' id='word_1_5' title='bbox 1775 177 1821 212; x_wconf 89' lang='lat'>79</span> 
     </span>
    </p>
   </div>
   <div class='ocr_carea' id='block_1_2' title="bbox 127 271 952 1509">
    <p class='ocr_par' dir='ltr' id='par_1_2' title="bbox 128 271 949 370">
     <span class='ocr_line' id='line_1_2' title="bbox 129 271 949 314; baseline -0.001 0"><span class='ocrx_word' id='word_1_6' title='bbox 129 285 283 314; x_wconf 91' lang='lat' dir='ltr'>carnes</span> <span class='ocrx_word' id='word_1_7' title='bbox 311 274 564 313; x_wconf 85' lang='lat' dir='ltr'>sanctorum</span> <span class='ocrx_word' id='word_1_8' title='bbox 591 274 767 313; x_wconf 83' lang='lat' dir='ltr'>tuorum</span> <span class='ocrx_word' id='word_1_9' title='bbox 795 271 949 313; x_wconf 90' lang='lat' dir='ltr'>bestiis</span> 
     </span>
     <span class='ocr_line' id='line_1_3' title="bbox 128 334 269 370; baseline -0.007 0"><span class='ocrx_word' id='word_1_10' title='bbox 128 334 269 370; x_wconf 81' lang='lat' dir='ltr'>terrae.</span> 
     </span>
    </p>

    <p class='ocr_par' dir='ltr' id='par_1_3' title="bbox 127 384 950 550">
     <span class='ocr_line' id='line_1_4' title="bbox 179 384 950 436; baseline -0.001 -10"><span class='ocrx_word' id='word_1_11' title='bbox 179 384 438 426; x_wconf 90' lang='lat' dir='ltr'>Effuderunt</span> <span class='ocrx_word' id='word_1_12' title='bbox 492 385 746 436; x_wconf 91' lang='lat' dir='ltr'>sanguinem</span> <span class='ocrx_word' id='word_1_13' title='bbox 798 386 950 426; x_wconf 85' lang='lat' dir='ltr'>eorum</span> 
     </span>
     <span class='ocr_line' id='line_1_5' title="bbox 127 441 950 494; baseline -0.001 -11"><span class='ocrx_word' id='word_1_14' title='bbox 127 447 351 494; x_wconf 80' lang='lat' dir='ltr'><strong>tamquam</strong></span> <span class='ocrx_word' id='word_1_15' title='bbox 375 454 532 493; x_wconf 88' lang='lat' dir='ltr'>aquam</span> <span class='ocrx_word' id='word_1_16' title='bbox 556 441 600 481; x_wconf 90' lang='lat' dir='ltr'>in</span> <span class='ocrx_word' id='word_1_17' title='bbox 626 441 812 482; x_wconf 90' lang='lat' dir='ltr'>circuitu</span> <span class='ocrx_word' id='word_1_18' title='bbox 829 441 854 481; x_wconf 88' lang='lat' dir='ltr'>J</span> <span class='ocrx_word' id='word_1_19' title='bbox 857 444 950 482; x_wconf 92' lang='lat' dir='ltr'>eru-</span> 
     </span>
     <span class='ocr_line' id='line_1_6' title="bbox 129 497 950 550; baseline -0.004 -10"><span class='ocrx_word' id='word_1_20' title='bbox 129 498 282 540; x_wconf 90' lang='lat' dir='ltr'>salem:</span> <span class='ocrx_word' id='word_1_21' title='bbox 301 500 324 525; x_wconf 88' lang='grc'>*</span> <span class='ocrx_word' id='word_1_22' title='bbox 345 503 388 539; x_wconf 93' lang='lat' dir='ltr'>et</span> <span class='ocrx_word' id='word_1_23' title='bbox 406 510 496 539; x_wconf 92' lang='lat' dir='ltr'>non</span> <span class='ocrx_word' id='word_1_24' title='bbox 515 502 608 539; x_wconf 90' lang='lat' dir='ltr'>erat</span> <span class='ocrx_word' id='word_1_25' title='bbox 635 497 710 549; x_wconf 90' lang='lat' dir='ltr'>qui</span> <span class='ocrx_word' id='word_1_26' title='bbox 734 497 950 550; x_wconf 82' lang='lat' dir='ltr'>sepeliret.</span> 
     </span>
    </p>

    <p class='ocr_par' dir='ltr' id='par_1_4' title="bbox 130 553 952 719">
     <span class='ocr_line' id='line_1_7' title="bbox 179 553 951 606; baseline -0.003 -10"><span class='ocrx_word' id='word_1_27' title='bbox 179 555 303 596; x_wconf 86' lang='lat' dir='ltr'>Facti</span> <span class='ocrx_word' id='word_1_28' title='bbox 341 567 490 595; x_wconf 91' lang='lat' dir='ltr'>sumus</span> <span class='ocrx_word' id='word_1_29' title='bbox 528 553 817 606; x_wconf 80' lang='lat' dir='ltr'>oppr6brium</span> <span class='ocrx_word' id='word_1_30' title='bbox 850 554 951 595; x_wconf 87' lang='lat' dir='ltr'>vici-</span> 
     </span>
     <span class='ocr_line' id='line_1_8' title="bbox 130 609 950 652; baseline -0.002 0"><span class='ocrx_word' id='word_1_31' title='bbox 130 612 198 652; x_wconf 92' lang='lat' dir='ltr'>nis</span> <span class='ocrx_word' id='word_1_32' title='bbox 225 611 402 652; x_wconf 92' lang='lat' dir='ltr'>nostris:</span> <span class='ocrx_word' id='word_1_33' title='bbox 430 611 454 638; x_wconf 85' lang='lat'>*</span> <span class='ocrx_word' id='word_1_34' title='bbox 473 609 757 652; x_wconf 89' lang='lat' dir='ltr'>subsannatio</span> <span class='ocrx_word' id='word_1_35' title='bbox 787 614 830 651; x_wconf 92' lang='lat' dir='ltr'>et</span> <span class='ocrx_word' id='word_1_36' title='bbox 857 610 950 651; x_wconf 92' lang='lat' dir='ltr'>illu-</span> 
     </span>
     <span class='ocr_line' id='line_1_9' title="bbox 130 666 952 719; baseline -0.002 -10"><span class='ocrx_word' id='word_1_37' title='bbox 130 668 195 709; x_wconf 92' lang='lat' dir='ltr'>sio</span> <span class='ocrx_word' id='word_1_38' title='bbox 214 667 292 717; x_wconf 90' lang='lat' dir='ltr'>his,</span> <span class='ocrx_word' id='word_1_39' title='bbox 313 667 388 719; x_wconf 93' lang='lat' dir='ltr'>qui</span> <span class='ocrx_word' id='word_1_40' title='bbox 407 667 451 707; x_wconf 93' lang='lat' dir='ltr'>in</span> <span class='ocrx_word' id='word_1_41' title='bbox 469 666 655 708; x_wconf 89' lang='lat' dir='ltr'>circuitu</span> <span class='ocrx_word' id='word_1_42' title='bbox 669 671 822 707; x_wconf 90' lang='lat' dir='ltr'>nostro</span> <span class='ocrx_word' id='word_1_43' title='bbox 841 671 952 708; x_wconf 89' lang='lat' dir='ltr'>sunt.</span> 
     </span>
    </p>

    <p class='ocr_par' dir='ltr' id='par_1_5' title="bbox 131 722 952 878">
     <span class='ocr_line' id='line_1_10' title="bbox 182 722 951 776; baseline -0.004 -10"><span class='ocrx_word' id='word_1_44' title='bbox 182 724 421 776; x_wconf 89' lang='lat' dir='ltr'>Usquequo</span> <span class='ocrx_word' id='word_1_45' title='bbox 453 723 641 764; x_wconf 84' lang='lat' dir='ltr'>Domine</span> <span class='ocrx_word' id='word_1_46' title='bbox 674 722 876 764; x_wconf 87' lang='lat' dir='ltr'>irasceris</span> <span class='ocrx_word' id='word_1_47' title='bbox 908 723 951 763; x_wconf 92' lang='lat' dir='ltr'>in</span> 
     </span>
     <span class='ocr_line' id='line_1_11' title="bbox 131 779 952 830; baseline -0.001 -9"><span class='ocrx_word' id='word_1_48' title='bbox 131 781 279 821; x_wconf 91' lang='lat' dir='ltr'>finem:</span> <span class='ocrx_word' id='word_1_49' title='bbox 315 781 339 807; x_wconf 83' lang='grc'><em>*</em></span> <span class='ocrx_word' id='word_1_50' title='bbox 377 779 640 820; x_wconf 88' lang='lat' dir='ltr'>accendetur</span> <span class='ocrx_word' id='word_1_51' title='bbox 680 779 800 820; x_wconf 88' lang='lat' dir='ltr'>velut</span> <span class='ocrx_word' id='word_1_52' title='bbox 840 780 952 830; x_wconf 91' lang='lat' dir='ltr'>ignis</span> 
     </span>
     <span class='ocr_line' id='line_1_12' title="bbox 131 835 404 878; baseline 0 -1"><span class='ocrx_word' id='word_1_53' title='bbox 131 836 250 878; x_wconf 88' lang='lat' dir='ltr'>zelus</span> <span class='ocrx_word' id='word_1_54' title='bbox 277 835 404 877; x_wconf 87' lang='lat' dir='ltr'>tuus?</span> 
     </span>
    </p>

    <p class='ocr_par' dir='ltr' id='par_1_6' title="bbox 131 892 952 1104">
     <span class='ocr_line' id='line_1_13' title="bbox 182 892 951 943; baseline 0 -10"><span class='ocrx_word' id='word_1_55' title='bbox 182 892 369 934; x_wconf 87' lang='lat' dir='ltr'>Effunde</span> <span class='ocrx_word' id='word_1_56' title='bbox 403 892 513 933; x_wconf 87' lang='lat' dir='ltr'>iram</span> <span class='ocrx_word' id='word_1_57' title='bbox 544 896 666 933; x_wconf 91' lang='lat' dir='ltr'>tuam</span> <span class='ocrx_word' id='word_1_58' title='bbox 698 892 742 932; x_wconf 92' lang='lat' dir='ltr'>in</span> <span class='ocrx_word' id='word_1_59' title='bbox 776 892 951 943; x_wconf 72' lang='lat' dir='ltr'>Gentes,</span> 
     </span>
     <span class='ocr_line' id='line_1_14' title="bbox 133 948 952 1001; baseline -0.002 -11"><span class='ocrx_word' id='word_1_60' title='bbox 133 962 231 1001; x_wconf 88' lang='lat' dir='ltr'>quae</span> <span class='ocrx_word' id='word_1_61' title='bbox 272 954 317 990; x_wconf 93' lang='lat' dir='ltr'>te</span> <span class='ocrx_word' id='word_1_62' title='bbox 358 961 446 990; x_wconf 92' lang='lat' dir='ltr'>non</span> <span class='ocrx_word' id='word_1_63' title='bbox 486 950 725 989; x_wconf 87' lang='lat' dir='ltr'>noverunt:</span> <span class='ocrx_word' id='word_1_64' title='bbox 767 948 791 975; x_wconf 82' lang='lat'>*</span> <span class='ocrx_word' id='word_1_65' title='bbox 828 954 871 990; x_wconf 86' lang='lat' dir='ltr'>et</span> <span class='ocrx_word' id='word_1_66' title='bbox 909 949 952 989; x_wconf 93' lang='lat' dir='ltr'>in</span> 
     </span>
     <span class='ocr_line' id='line_1_15' title="bbox 131 1006 952 1057; baseline 0 -11"><span class='ocrx_word' id='word_1_67' title='bbox 131 1018 276 1056; x_wconf 87' lang='lat' dir='ltr'>regna,</span> <span class='ocrx_word' id='word_1_68' title='bbox 295 1018 394 1057; x_wconf 83' lang='lat' dir='ltr'>quae</span> <span class='ocrx_word' id='word_1_69' title='bbox 413 1018 571 1046; x_wconf 90' lang='lat' dir='ltr'>nomen</span> <span class='ocrx_word' id='word_1_70' title='bbox 590 1010 714 1046; x_wconf 89' lang='lat' dir='ltr'>tuum</span> <span class='ocrx_word' id='word_1_71' title='bbox 728 1017 815 1046; x_wconf 91' lang='lat' dir='ltr'>non</span> <span class='ocrx_word' id='word_1_72' title='bbox 832 1006 952 1046; x_wconf 91' lang='lat' dir='ltr'>invo-</span> 
     </span>
     <span class='ocr_line' id='line_1_16' title="bbox 132 1064 358 1104; baseline -0.009 0"><span class='ocrx_word' id='word_1_73' title='bbox 132 1064 358 1104; x_wconf 89' lang='lat' dir='ltr'>caverunt:</span> 
     </span>
    </p>

    <p class='ocr_par' dir='ltr' id='par_1_7' title="bbox 132 1116 952 1227">
     <span class='ocr_line' id='line_1_17' title="bbox 185 1116 952 1169; baseline 0.001 -10"><span class='ocrx_word' id='word_1_74' title='bbox 185 1118 297 1169; x_wconf 84' lang='lat' dir='ltr'>Quia</span> <span class='ocrx_word' id='word_1_75' title='bbox 316 1117 602 1160; x_wconf 88' lang='lat' dir='ltr'>comederunt</span> <span class='ocrx_word' id='word_1_76' title='bbox 620 1116 772 1159; x_wconf 84' lang='lat' dir='ltr'><strong>Jacob:</strong></span> <span class='ocrx_word' id='word_1_77' title='bbox 792 1120 815 1145; x_wconf 85' lang='lat'>*</span> <span class='ocrx_word' id='word_1_78' title='bbox 830 1124 873 1160; x_wconf 88' lang='lat' dir='ltr'>et</span> <span class='ocrx_word' id='word_1_79' title='bbox 891 1119 952 1160; x_wconf 92' lang='lat' dir='ltr'>lo-</span> 
     </span>
     <span class='ocr_line' id='line_1_18' title="bbox 132 1174 698 1227; baseline -0.005 -10"><span class='ocrx_word' id='word_1_80' title='bbox 132 1188 231 1217; x_wconf 93' lang='lat' dir='ltr'>cum</span> <span class='ocrx_word' id='word_1_81' title='bbox 259 1176 349 1227; x_wconf 90' lang='lat' dir='ltr'>ejus</span> <span class='ocrx_word' id='word_1_82' title='bbox 379 1174 698 1216; x_wconf 88' lang='lat' dir='ltr'>desolaverunt.</span> 
     </span>
    </p>

    <p class='ocr_par' dir='ltr' id='par_1_8' title="bbox 130 1230 952 1453">
     <span class='ocr_line' id='line_1_19' title="bbox 181 1230 951 1282; baseline 0.001 -10"><span class='ocrx_word' id='word_1_83' title='bbox 181 1231 250 1273; x_wconf 92' lang='lat' dir='ltr'>Ne</span> <span class='ocrx_word' id='word_1_84' title='bbox 283 1230 531 1272; x_wconf 91' lang='lat' dir='ltr'>memineris</span> <span class='ocrx_word' id='word_1_85' title='bbox 568 1230 846 1282; x_wconf 67' lang='lat' dir='ltr'>iniquitatum</span> <span class='ocrx_word' id='word_1_86' title='bbox 878 1245 951 1273; x_wconf 91' lang='lat' dir='ltr'>no-</span> 
     </span>
     <span class='ocr_line' id='line_1_20' title="bbox 131 1287 950 1339; baseline -0.001 -10"><span class='ocrx_word' id='word_1_87' title='bbox 131 1290 321 1329; x_wconf 91' lang='lat' dir='ltr'>strarum</span> <span class='ocrx_word' id='word_1_88' title='bbox 354 1287 647 1339; x_wconf 83' lang='lat' dir='ltr'>antiquarum,</span> <span class='ocrx_word' id='word_1_89' title='bbox 681 1287 768 1328; x_wconf 92' lang='lat' dir='ltr'>cito</span> <span class='ocrx_word' id='word_1_90' title='bbox 803 1289 950 1329; x_wconf 86' lang='lat' dir='ltr'>antici-</span> 
     </span>
     <span class='ocr_line' id='line_1_21' title="bbox 130 1342 952 1396; baseline 0.001 -11"><span class='ocrx_word' id='word_1_91' title='bbox 130 1349 236 1396; x_wconf 89' lang='lat' dir='ltr'>pent</span> <span class='ocrx_word' id='word_1_92' title='bbox 255 1357 336 1385; x_wconf 92' lang='lat' dir='ltr'>nos</span> <span class='ocrx_word' id='word_1_93' title='bbox 355 1342 670 1384; x_wconf 84' lang='lat' dir='ltr'>misericordiae</span> <span class='ocrx_word' id='word_1_94' title='bbox 690 1348 795 1384; x_wconf 87' lang='lat' dir='ltr'>tuae:</span> <span class='ocrx_word' id='word_1_95' title='bbox 810 1346 834 1371; x_wconf 92' lang='lat'>*</span> <span class='ocrx_word' id='word_1_96' title='bbox 850 1345 952 1396; x_wconf 89' lang='lat' dir='ltr'>quia</span> 
     </span>
     <span class='ocr_line' id='line_1_22' title="bbox 130 1399 823 1453; baseline -0.001 -12"><span class='ocrx_word' id='word_1_97' title='bbox 130 1403 348 1453; x_wconf 80' lang='lat' dir='ltr'>pauperes</span> <span class='ocrx_word' id='word_1_98' title='bbox 376 1399 480 1440; x_wconf 88' lang='lat' dir='ltr'>facti</span> <span class='ocrx_word' id='word_1_99' title='bbox 508 1412 656 1440; x_wconf 92' lang='lat' dir='ltr'>sumus</span> <span class='ocrx_word' id='word_1_100' title='bbox 684 1400 823 1440; x_wconf 87' lang='lat' dir='ltr'>nimis.</span> 
     </span>
    </p>

    <p class='ocr_par' dir='ltr' id='par_1_9' title="bbox 182 1456 951 1509">
     <span class='ocr_line' id='line_1_23' title="bbox 182 1456 951 1509; baseline 0 -11"><span class='ocrx_word' id='word_1_101' title='bbox 182 1456 355 1509; x_wconf 91' lang='lat' dir='ltr'>Adjuva</span> <span class='ocrx_word' id='word_1_102' title='bbox 387 1468 470 1497; x_wconf 91' lang='lat' dir='ltr'>nos</span> <span class='ocrx_word' id='word_1_103' title='bbox 498 1456 619 1497; x_wconf 90' lang='lat' dir='ltr'>Deus</span> <span class='ocrx_word' id='word_1_104' title='bbox 647 1456 851 1497; x_wconf 89' lang='lat' dir='ltr'>salutaris</span> <span class='ocrx_word' id='word_1_105' title='bbox 878 1470 951 1498; x_wconf 93' lang='lat' dir='ltr'>no-</span> 
     </span>
    </p>
   </div>
   <div class='ocr_carea' id='block_1_3' title="bbox 129 1511 952 1781">
    <p class='ocr_par' dir='ltr' id='par_1_10' title="bbox 129 1511 952 1734">
     <span class='ocr_line' id='line_1_24' title="bbox 131 1511 950 1565; baseline 0 -11"><span class='ocrx_word' id='word_1_106' title='bbox 131 1517 236 1554; x_wconf 90' lang='lat' dir='ltr'>ster:</span> <span class='ocrx_word' id='word_1_107' title='bbox 261 1517 304 1554; x_wconf 92' lang='lat' dir='ltr'>et</span> <span class='ocrx_word' id='word_1_108' title='bbox 330 1516 512 1565; x_wconf 91' lang='lat' dir='ltr'>propter</span> <span class='ocrx_word' id='word_1_109' title='bbox 545 1511 730 1563; x_wconf 74' lang='lat' dir='ltr'>glutiam</span> <span class='ocrx_word' id='word_1_110' title='bbox 762 1513 950 1554; x_wconf 79' lang='lat' dir='ltr'>numinis</span> 
     </span>
     <span class='ocr_line' id='line_1_25' title="bbox 130 1568 949 1622; baseline 0.001 -12"><span class='ocrx_word' id='word_1_111' title='bbox 130 1570 195 1610; x_wconf 92' lang='lat' dir='ltr'>tui</span> <span class='ocrx_word' id='word_1_112' title='bbox 221 1569 409 1610; x_wconf 81' lang='lat' dir='ltr'>Domine</span> <span class='ocrx_word' id='word_1_113' title='bbox 435 1568 575 1610; x_wconf 91' lang='lat' dir='ltr'>libera</span> <span class='ocrx_word' id='word_1_114' title='bbox 601 1581 699 1610; x_wconf 91' lang='lat' dir='ltr'>nos:</span> <span class='ocrx_word' id='word_1_115' title='bbox 727 1570 750 1596; x_wconf 86' lang='lat'>*</span> <span class='ocrx_word' id='word_1_116' title='bbox 782 1574 825 1610; x_wconf 92' lang='lat' dir='ltr'>et</span> <span class='ocrx_word' id='word_1_117' title='bbox 851 1583 949 1622; x_wconf 94' lang='lat' dir='ltr'>pro-</span> 
     </span>
     <span class='ocr_line' id='line_1_26' title="bbox 130 1625 952 1678; baseline 0.002 -12"><span class='ocrx_word' id='word_1_118' title='bbox 130 1625 264 1678; x_wconf 92' lang='lat' dir='ltr'>pitius</span> <span class='ocrx_word' id='word_1_119' title='bbox 297 1630 391 1667; x_wconf 90' lang='lat' dir='ltr'>esto</span> <span class='ocrx_word' id='word_1_120' title='bbox 423 1625 618 1678; x_wconf 84' lang='lat' dir='ltr'>peccatis</span> <span class='ocrx_word' id='word_1_121' title='bbox 648 1626 828 1676; x_wconf 87' lang='lat' dir='ltr'>nostris,</span> <span class='ocrx_word' id='word_1_122' title='bbox 860 1639 952 1678; x_wconf 93' lang='lat' dir='ltr'>pro-</span> 
     </span>
     <span class='ocr_line' id='line_1_27' title="bbox 129 1686 581 1734; baseline -0.002 -11"><span class='ocrx_word' id='word_1_123' title='bbox 129 1687 228 1734; x_wconf 90' lang='lat' dir='ltr'>pter</span> <span class='ocrx_word' id='word_1_124' title='bbox 256 1695 415 1724; x_wconf 93' lang='lat' dir='ltr'>nomen</span> <span class='ocrx_word' id='word_1_125' title='bbox 442 1686 581 1723; x_wconf 92' lang='lat' dir='ltr'>tuum:</span> 
     </span>
    </p>

    <p class='ocr_par' dir='ltr' id='par_1_11' title="bbox 180 1737 952 1781">
     <span class='ocr_line' id='line_1_28' title="bbox 180 1737 952 1781; baseline 0 -2"><span class='ocrx_word' id='word_1_126' title='bbox 180 1738 249 1779; x_wconf 93' lang='lat' dir='ltr'>Ne</span> <span class='ocrx_word' id='word_1_127' title='bbox 268 1738 379 1780; x_wconf 91' lang='lat' dir='ltr'>forte</span> <span class='ocrx_word' id='word_1_128' title='bbox 399 1738 546 1780; x_wconf 89' lang='lat' dir='ltr'>dicant</span> <span class='ocrx_word' id='word_1_129' title='bbox 564 1738 607 1778; x_wconf 89' lang='lat' dir='ltr'>in</span> <span class='ocrx_word' id='word_1_130' title='bbox 621 1737 851 1779; x_wconf 76' lang='lat' dir='ltr'>Gentibus:</span> <span class='ocrx_word' id='word_1_131' title='bbox 866 1739 952 1781; x_wconf 89' lang='lat' dir='ltr'>Ubi</span> 
     </span>
    </p>
   </div>
   <div class='ocr_carea' id='block_1_4' title="bbox 131 1793 952 2738">
    <p class='ocr_par' dir='ltr' id='par_1_12' title="bbox 132 1793 952 1893">
     <span class='ocr_line' id='line_1_29' title="bbox 133 1793 952 1838; baseline 0.001 -2"><span class='ocrx_word' id='word_1_132' title='bbox 133 1799 200 1836; x_wconf 90' lang='lat' dir='ltr'>est</span> <span class='ocrx_word' id='word_1_133' title='bbox 225 1795 346 1837; x_wconf 91' lang='lat' dir='ltr'>Deus</span> <span class='ocrx_word' id='word_1_134' title='bbox 382 1793 557 1836; x_wconf 73' lang='lat' dir='ltr'>eurum?</span> <span class='ocrx_word' id='word_1_135' title='bbox 587 1796 611 1822; x_wconf 89' lang='lat'>*</span> <span class='ocrx_word' id='word_1_136' title='bbox 638 1799 682 1836; x_wconf 89' lang='lat' dir='ltr'>et</span> <span class='ocrx_word' id='word_1_137' title='bbox 708 1795 952 1838; x_wconf 90' lang='lat' dir='ltr'>innotescat</span> 
     </span>
     <span class='ocr_line' id='line_1_30' title="bbox 132 1851 952 1893; baseline 0.001 -2"><span class='ocrx_word' id='word_1_138' title='bbox 132 1851 176 1892; x_wconf 92' lang='lat' dir='ltr'>in</span> <span class='ocrx_word' id='word_1_139' title='bbox 191 1851 441 1893; x_wconf 83' lang='lat' dir='ltr'>nationibus</span> <span class='ocrx_word' id='word_1_140' title='bbox 457 1864 606 1893; x_wconf 89' lang='lat' dir='ltr'>coram</span> <span class='ocrx_word' id='word_1_141' title='bbox 622 1851 760 1892; x_wconf 85' lang='lat' dir='ltr'>oculis</span> <span class='ocrx_word' id='word_1_142' title='bbox 778 1852 952 1893; x_wconf 86' lang='lat' dir='ltr'>nostris.</span> 
     </span>
    </p>

    <p class='ocr_par' dir='ltr' id='par_1_13' title="bbox 131 1907 952 2118">
     <span class='ocr_line' id='line_1_31' title="bbox 183 1907 951 1959; baseline 0.001 -10"><span class='ocrx_word' id='word_1_143' title='bbox 183 1907 303 1949; x_wconf 89' lang='lat' dir='ltr'>Ultio</span> <span class='ocrx_word' id='word_1_144' title='bbox 340 1908 562 1959; x_wconf 90' lang='lat' dir='ltr'>sanguinis</span> <span class='ocrx_word' id='word_1_145' title='bbox 597 1909 823 1949; x_wconf 84' lang='lat' dir='ltr'>servorum</span> <span class='ocrx_word' id='word_1_146' title='bbox 857 1911 951 1950; x_wconf 85' lang='lat' dir='ltr'>tuo-</span> 
     </span>
     <span class='ocr_line' id='line_1_32' title="bbox 131 1964 952 2016; baseline 0.001 -11"><span class='ocrx_word' id='word_1_147' title='bbox 131 1977 243 2014; x_wconf 90' lang='lat' dir='ltr'>rum,</span> <span class='ocrx_word' id='word_1_148' title='bbox 281 1964 355 2016; x_wconf 93' lang='lat' dir='ltr'>qui</span> <span class='ocrx_word' id='word_1_149' title='bbox 390 1964 552 2006; x_wconf 89' lang='lat' dir='ltr'>effusus</span> <span class='ocrx_word' id='word_1_150' title='bbox 587 1968 673 2005; x_wconf 89' lang='lat' dir='ltr'>est:</span> <span class='ocrx_word' id='word_1_151' title='bbox 704 1965 728 1991; x_wconf 89' lang='lat'>*</span> <span class='ocrx_word' id='word_1_152' title='bbox 762 1964 952 2006; x_wconf 78' lang='lat' dir='ltr'>introeat</span> 
     </span>
     <span class='ocr_line' id='line_1_33' title="bbox 131 2020 951 2074; baseline 0.002 -13"><span class='ocrx_word' id='word_1_153' title='bbox 131 2020 176 2061; x_wconf 93' lang='lat' dir='ltr'>in</span> <span class='ocrx_word' id='word_1_154' title='bbox 203 2022 443 2073; x_wconf 91' lang='lat' dir='ltr'>conspectu</span> <span class='ocrx_word' id='word_1_155' title='bbox 469 2025 546 2062; x_wconf 92' lang='lat' dir='ltr'>tuo</span> <span class='ocrx_word' id='word_1_156' title='bbox 565 2020 751 2071; x_wconf 77' lang='lat' dir='ltr'>gemitus</span> <span class='ocrx_word' id='word_1_157' title='bbox 779 2033 951 2074; x_wconf 92' lang='lat' dir='ltr'>compe-</span> 
     </span>
     <span class='ocr_line' id='line_1_34' title="bbox 132 2075 333 2118; baseline 0 0"><span class='ocrx_word' id='word_1_158' title='bbox 132 2075 333 2118; x_wconf 83' lang='lat' dir='ltr'>ditorum.</span> 
     </span>
    </p>

    <p class='ocr_par' dir='ltr' id='par_1_14' title="bbox 131 2133 951 2242">
     <span class='ocr_line' id='line_1_35' title="bbox 183 2133 951 2184; baseline 0 -10"><span class='ocrx_word' id='word_1_159' title='bbox 183 2133 385 2175; x_wconf 79' lang='lat' dir='ltr'>Secundu</span> <span class='ocrx_word' id='word_1_160' title='bbox 411 2133 755 2184; x_wconf 81' lang='lat' dir='ltr'>magnitudinem</span> <span class='ocrx_word' id='word_1_161' title='bbox 782 2133 951 2175; x_wconf 90' lang='lat' dir='ltr'>brachii</span> 
     </span>
     <span class='ocr_line' id='line_1_36' title="bbox 131 2189 951 2242; baseline 0.002 -13"><span class='ocrx_word' id='word_1_162' title='bbox 131 2189 429 2242; x_wconf 82' lang='lat' dir='ltr'>tui‚*p6sside</span> <span class='ocrx_word' id='word_1_163' title='bbox 446 2189 561 2231; x_wconf 91' lang='lat' dir='ltr'>filios</span> <span class='ocrx_word' id='word_1_164' title='bbox 577 2189 951 2231; x_wconf 79' lang='lat' dir='ltr'>mortifiCatorum.</span> 
     </span>
    </p>

    <p class='ocr_par' dir='ltr' id='par_1_15' title="bbox 131 2245 950 2456">
     <span class='ocr_line' id='line_1_37' title="bbox 183 2245 950 2299; baseline 0.003 -13"><span class='ocrx_word' id='word_1_165' title='bbox 183 2246 239 2286; x_wconf 87' lang='lat' dir='ltr'>Et</span> <span class='ocrx_word' id='word_1_166' title='bbox 265 2245 402 2287; x_wconf 91' lang='lat' dir='ltr'>redde</span> <span class='ocrx_word' id='word_1_167' title='bbox 430 2246 584 2287; x_wconf 87' lang='lat' dir='ltr'>vicinis</span> <span class='ocrx_word' id='word_1_168' title='bbox 612 2247 775 2287; x_wconf 91' lang='lat' dir='ltr'>nostris</span> <span class='ocrx_word' id='word_1_169' title='bbox 807 2248 950 2299; x_wconf 89' lang='lat' dir='ltr'>septu-</span> 
     </span>
     <span class='ocr_line' id='line_1_38' title="bbox 131 2301 950 2356; baseline 0.002 -14"><span class='ocrx_word' id='word_1_170' title='bbox 131 2301 253 2354; x_wconf 93' lang='lat' dir='ltr'>plum</span> <span class='ocrx_word' id='word_1_171' title='bbox 286 2301 330 2342; x_wconf 93' lang='lat' dir='ltr'>in</span> <span class='ocrx_word' id='word_1_172' title='bbox 363 2302 458 2343; x_wconf 91' lang='lat' dir='ltr'>sinu</span> <span class='ocrx_word' id='word_1_173' title='bbox 491 2305 657 2344; x_wconf 82' lang='lat' dir='ltr'>eorum:</span> <span class='ocrx_word' id='word_1_174' title='bbox 684 2304 708 2330; x_wconf 87' lang='lat'>*</span> <span class='ocrx_word' id='word_1_175' title='bbox 735 2303 950 2356; x_wconf 88' lang='lat' dir='ltr'>imprope-</span> 
     </span>
     <span class='ocr_line' id='line_1_39' title="bbox 132 2358 950 2411; baseline 0.004 -13"><span class='ocrx_word' id='word_1_176' title='bbox 132 2358 243 2398; x_wconf 90' lang='lat' dir='ltr'>rium</span> <span class='ocrx_word' id='word_1_177' title='bbox 269 2358 482 2410; x_wconf 80' lang='lat' dir='ltr'>ips6rum,</span> <span class='ocrx_word' id='word_1_178' title='bbox 516 2359 634 2411; x_wconf 94' lang='lat' dir='ltr'>quod</span> <span class='ocrx_word' id='word_1_179' title='bbox 661 2358 950 2411; x_wconf 82' lang='lat' dir='ltr'>exprobrave-</span> 
     </span>
     <span class='ocr_line' id='line_1_40' title="bbox 131 2413 565 2456; baseline 0.005 -2"><span class='ocrx_word' id='word_1_180' title='bbox 131 2418 233 2455; x_wconf 93' lang='lat' dir='ltr'>runt</span> <span class='ocrx_word' id='word_1_181' title='bbox 259 2413 340 2455; x_wconf 87' lang='lat' dir='ltr'>tibi</span> <span class='ocrx_word' id='word_1_182' title='bbox 366 2414 565 2456; x_wconf 84' lang='lat' dir='ltr'>Domine.</span> 
     </span>
    </p>

    <p class='ocr_par' dir='ltr' id='par_1_16' title="bbox 131 2469 951 2623">
     <span class='ocr_line' id='line_1_41' title="bbox 182 2469 950 2523; baseline 0.004 -13"><span class='ocrx_word' id='word_1_183' title='bbox 182 2469 277 2511; x_wconf 92' lang='lat' dir='ltr'>Nos</span> <span class='ocrx_word' id='word_1_184' title='bbox 295 2474 441 2510; x_wconf 89' lang='lat' dir='ltr'>autem</span> <span class='ocrx_word' id='word_1_185' title='bbox 455 2471 646 2523; x_wconf 80' lang='lat' dir='ltr'>pepulus</span> <span class='ocrx_word' id='word_1_186' title='bbox 662 2477 773 2521; x_wconf 88' lang='lat' dir='ltr'>tuus,</span> <span class='ocrx_word' id='word_1_187' title='bbox 791 2476 834 2513; x_wconf 88' lang='lat' dir='ltr'>et</span> <span class='ocrx_word' id='word_1_188' title='bbox 845 2484 950 2513; x_wconf 87' lang='lat' dir='ltr'>oves</span> 
     </span>
     <span class='ocr_line' id='line_1_42' title="bbox 131 2527 951 2578; baseline 0.004 -12"><span class='ocrx_word' id='word_1_189' title='bbox 131 2528 308 2578; x_wconf 90' lang='lat' dir='ltr'>pascuae</span> <span class='ocrx_word' id='word_1_190' title='bbox 328 2531 427 2576; x_wconf 84' lang='lat' dir='ltr'>tuae,</span> <span class='ocrx_word' id='word_1_191' title='bbox 447 2528 470 2553; x_wconf 88' lang='lat'>*</span> <span class='ocrx_word' id='word_1_192' title='bbox 490 2527 794 2569; x_wconf 89' lang='lat' dir='ltr'>confitebimur</span> <span class='ocrx_word' id='word_1_193' title='bbox 810 2527 889 2569; x_wconf 88' lang='lat' dir='ltr'>tibi</span> <span class='ocrx_word' id='word_1_194' title='bbox 908 2528 951 2569; x_wconf 89' lang='lat' dir='ltr'>in</span> 
     </span>
     <span class='ocr_line' id='line_1_43' title="bbox 133 2582 352 2623; baseline 0 0"><span class='ocrx_word' id='word_1_195' title='bbox 133 2582 352 2623; x_wconf 79' lang='lat' dir='ltr'>saeculum.</span> 
     </span>
    </p>

    <p class='ocr_par' dir='ltr' id='par_1_17' title="bbox 132 2639 950 2738">
     <span class='ocr_line' id='line_1_44' title="bbox 183 2639 950 2690; baseline 0.003 -11"><span class='ocrx_word' id='word_1_196' title='bbox 183 2639 234 2678; x_wconf 93' lang='lat' dir='ltr'>In</span> <span class='ocrx_word' id='word_1_197' title='bbox 268 2639 592 2689; x_wconf 87' lang='lat' dir='ltr'>generationem</span> <span class='ocrx_word' id='word_1_198' title='bbox 634 2644 676 2681; x_wconf 90' lang='lat' dir='ltr'>et</span> <span class='ocrx_word' id='word_1_199' title='bbox 711 2641 950 2690; x_wconf 85' lang='lat' dir='ltr'>generatio-</span> 
     </span>
     <span class='ocr_line' id='line_1_45' title="bbox 132 2695 950 2738; baseline 0.001 -3"><span class='ocrx_word' id='word_1_200' title='bbox 132 2707 231 2735; x_wconf 93' lang='lat' dir='ltr'>nem</span> <span class='ocrx_word' id='word_1_201' title='bbox 247 2696 271 2722; x_wconf 87' lang='lat'>*</span> <span class='ocrx_word' id='word_1_202' title='bbox 288 2695 607 2737; x_wconf 72' lang='lat' dir='ltr'>anuntiabimus</span> <span class='ocrx_word' id='word_1_203' title='bbox 626 2695 802 2737; x_wconf 89' lang='lat' dir='ltr'>laudem</span> <span class='ocrx_word' id='word_1_204' title='bbox 819 2701 950 2738; x_wconf 88' lang='lat' dir='ltr'>tuam.</span> 
     </span>
    </p>
   </div>
   <div class='ocr_carea' id='block_1_5' title="bbox 1000 275 1826 2748">
    <p class='ocr_par' dir='ltr' id='par_1_18' title="bbox 1000 275 1821 606">
     <span class='ocr_line' id='line_1_46' title="bbox 1273 275 1560 315; baseline 0.007 -2"><span class='ocrx_word' id='word_1_205' title='bbox 1273 275 1468 315; x_wconf 82' lang='lat' dir='ltr'>Psalmus</span> <span class='ocrx_word' id='word_1_206' title='bbox 1497 276 1560 315; x_wconf 69' lang='lat'>79.</span> 
     </span>
     <span class='ocr_line' id='line_1_47' title="bbox 1088 328 1821 381; baseline 0.003 -12"><span class='ocrx_word' id='word_1_207' title='bbox 1088 328 1132 369; x_wconf 92' lang='lat' dir='ltr'>ui</span> <span class='ocrx_word' id='word_1_208' title='bbox 1160 329 1274 379; x_wconf 87' lang='lat' dir='ltr'>regis</span> <span class='ocrx_word' id='word_1_209' title='bbox 1303 330 1449 379; x_wconf 87' lang='lat' dir='ltr'>Isra&#39;el,</span> <span class='ocrx_word' id='word_1_210' title='bbox 1476 330 1667 371; x_wconf 80' lang='lat' dir='ltr'>intende:</span> <span class='ocrx_word' id='word_1_211' title='bbox 1695 331 1719 357; x_wconf 89' lang='lat'>*</span> <span class='ocrx_word' id='word_1_212' title='bbox 1747 330 1821 381; x_wconf 92' lang='lat' dir='ltr'>qui</span> 
     </span>
     <span class='ocr_line' id='line_1_48' title="bbox 1105 384 1792 439; baseline 0 -13"><span class='ocrx_word' id='word_1_213' title='bbox 1105 384 1285 426; x_wconf 83' lang='lat' dir='ltr'>deducis</span> <span class='ocrx_word' id='word_1_214' title='bbox 1312 385 1433 427; x_wconf 85' lang='lat' dir='ltr'>velut</span> <span class='ocrx_word' id='word_1_215' title='bbox 1461 399 1587 427; x_wconf 88' lang='lat' dir='ltr'>ovem</span> <span class='ocrx_word' id='word_1_216' title='bbox 1614 387 1638 427; x_wconf 90' lang='lat' dir='ltr'><strong>J</strong></span> <span class='ocrx_word' id='word_1_217' title='bbox 1642 386 1792 439; x_wconf 90' lang='lat' dir='ltr'>oseph.</span> 
     </span>
     <span class='ocr_line' id='line_1_49' title="bbox 1095 441 1821 494; baseline 0.003 -13"><span class='ocrx_word' id='word_1_218' title='bbox 1095 442 1139 481; x_wconf 89' lang='lat' dir='ltr'>ui</span> <span class='ocrx_word' id='word_1_219' title='bbox 1174 441 1302 483; x_wconf 90' lang='lat' dir='ltr'>sedes</span> <span class='ocrx_word' id='word_1_220' title='bbox 1345 454 1477 494; x_wconf 92' lang='lat' dir='ltr'>super</span> <span class='ocrx_word' id='word_1_221' title='bbox 1514 442 1764 492; x_wconf 84' lang='lat' dir='ltr'>Cherubim,</span> <span class='ocrx_word' id='word_1_222' title='bbox 1798 444 1821 470; x_wconf 87' lang='lat'>*</span> 
     </span>
     <span class='ocr_line' id='line_1_50' title="bbox 1000 498 1820 551; baseline 0.001 -13"><span class='ocrx_word' id='word_1_223' title='bbox 1000 498 1279 539; x_wconf 89' lang='lat' dir='ltr'>manifestare</span> <span class='ocrx_word' id='word_1_224' title='bbox 1303 511 1451 540; x_wconf 91' lang='lat' dir='ltr'>coram</span> <span class='ocrx_word' id='word_1_225' title='bbox 1472 498 1691 551; x_wconf 73' lang='lat' dir='ltr'>Ephraim,</span> <span class='ocrx_word' id='word_1_226' title='bbox 1712 499 1820 540; x_wconf 92' lang='lat' dir='ltr'>Ben-</span> 
     </span>
     <span class='ocr_line' id='line_1_51' title="bbox 1002 554 1444 606; baseline 0 -11"><span class='ocrx_word' id='word_1_227' title='bbox 1002 555 1139 606; x_wconf 51' lang='lat' dir='ltr'>iamin¹</span> <span class='ocrx_word' id='word_1_228' title='bbox 1161 559 1204 595; x_wconf 90' lang='lat' dir='ltr'>et</span> <span class='ocrx_word' id='word_1_229' title='bbox 1231 554 1444 595; x_wconf 87' lang='lat' dir='ltr'>Manasse.</span> 
     </span>
    </p>

    <p class='ocr_par' dir='ltr' id='par_1_19' title="bbox 1002 611 1821 709">
     <span class='ocr_line' id='line_1_52' title="bbox 1053 611 1821 663; baseline 0.001 -12"><span class='ocrx_word' id='word_1_230' title='bbox 1053 611 1208 652; x_wconf 82' lang='lat' dir='ltr'>Excita</span> <span class='ocrx_word' id='word_1_231' title='bbox 1217 612 1458 663; x_wconf 90' lang='lat' dir='ltr'>potentiam</span> <span class='ocrx_word' id='word_1_232' title='bbox 1472 616 1601 662; x_wconf 88' lang='lat' dir='ltr'>tuam,</span> <span class='ocrx_word' id='word_1_233' title='bbox 1619 616 1661 653; x_wconf 91' lang='lat' dir='ltr'>et</span> <span class='ocrx_word' id='word_1_234' title='bbox 1676 612 1785 662; x_wconf 82' lang='lat' dir='ltr'>veni,</span> <span class='ocrx_word' id='word_1_235' title='bbox 1798 614 1821 639; x_wconf 90' lang='lat'>*</span> 
     </span>
     <span class='ocr_line' id='line_1_53' title="bbox 1002 667 1503 709; baseline 0 -1"><span class='ocrx_word' id='word_1_236' title='bbox 1002 673 1050 709; x_wconf 92' lang='lat' dir='ltr'>ut</span> <span class='ocrx_word' id='word_1_237' title='bbox 1078 667 1224 708; x_wconf 89' lang='lat' dir='ltr'>salvos</span> <span class='ocrx_word' id='word_1_238' title='bbox 1252 668 1386 709; x_wconf 88' lang='lat' dir='ltr'>facias</span> <span class='ocrx_word' id='word_1_239' title='bbox 1410 681 1503 709; x_wconf 91' lang='lat' dir='ltr'>nos.</span> 
     </span>
    </p>

    <p class='ocr_par' dir='ltr' id='par_1_20' title="bbox 1003 724 1823 830">
     <span class='ocr_line' id='line_1_54' title="bbox 1054 724 1823 766; baseline 0.001 -2"><span class='ocrx_word' id='word_1_240' title='bbox 1054 724 1174 765; x_wconf 89' lang='lat' dir='ltr'>Deus</span> <span class='ocrx_word' id='word_1_241' title='bbox 1195 726 1403 766; x_wconf 89' lang='lat' dir='ltr'>converte</span> <span class='ocrx_word' id='word_1_242' title='bbox 1422 736 1515 765; x_wconf 92' lang='lat' dir='ltr'>nos:</span> <span class='ocrx_word' id='word_1_243' title='bbox 1535 725 1558 751; x_wconf 94' lang='lat'>*</span> <span class='ocrx_word' id='word_1_244' title='bbox 1576 730 1620 766; x_wconf 92' lang='lat' dir='ltr'>et</span> <span class='ocrx_word' id='word_1_245' title='bbox 1640 724 1823 765; x_wconf 91' lang='lat' dir='ltr'>ostende</span> 
     </span>
     <span class='ocr_line' id='line_1_55' title="bbox 1003 780 1720 830; baseline 0 -10"><span class='ocrx_word' id='word_1_246' title='bbox 1003 780 1159 821; x_wconf 86' lang='lat' dir='ltr'>faciem</span> <span class='ocrx_word' id='word_1_247' title='bbox 1187 785 1318 830; x_wconf 84' lang='lat' dir='ltr'>tuam,</span> <span class='ocrx_word' id='word_1_248' title='bbox 1347 785 1391 822; x_wconf 93' lang='lat' dir='ltr'>et</span> <span class='ocrx_word' id='word_1_249' title='bbox 1419 780 1527 821; x_wconf 88' lang='lat' dir='ltr'>salvi</span> <span class='ocrx_word' id='word_1_250' title='bbox 1551 781 1720 821; x_wconf 91' lang='lat' dir='ltr'>erimus.</span> 
     </span>
    </p>

    <p class='ocr_par' dir='ltr' id='par_1_21' title="bbox 1003 836 1823 990">
     <span class='ocr_line' id='line_1_56' title="bbox 1054 836 1823 888; baseline 0.001 -12"><span class='ocrx_word' id='word_1_251' title='bbox 1054 836 1244 878; x_wconf 86' lang='lat' dir='ltr'>Domine</span> <span class='ocrx_word' id='word_1_252' title='bbox 1272 837 1391 878; x_wconf 93' lang='lat' dir='ltr'>Deus</span> <span class='ocrx_word' id='word_1_253' title='bbox 1420 837 1642 887; x_wconf 83' lang='lat' dir='ltr'>virtutum7</span> <span class='ocrx_word' id='word_1_254' title='bbox 1668 838 1691 863; x_wconf 93' lang='lat'>*</span> <span class='ocrx_word' id='word_1_255' title='bbox 1721 849 1823 888; x_wconf 93' lang='lat' dir='ltr'>quo-</span> 
     </span>
     <span class='ocr_line' id='line_1_57' title="bbox 1003 893 1823 945; baseline 0 -12"><span class='ocrx_word' id='word_1_256' title='bbox 1003 895 1143 944; x_wconf 93' lang='lat' dir='ltr'>usque</span> <span class='ocrx_word' id='word_1_257' title='bbox 1177 893 1379 934; x_wconf 89' lang='lat' dir='ltr'>irasceris</span> <span class='ocrx_word' id='word_1_258' title='bbox 1413 906 1544 945; x_wconf 93' lang='lat' dir='ltr'>super</span> <span class='ocrx_word' id='word_1_259' title='bbox 1579 893 1823 934; x_wconf 74' lang='lat' dir='ltr'>oratiOnem</span> 
     </span>
     <span class='ocr_line' id='line_1_58' title="bbox 1004 947 1235 990; baseline 0.004 -1"><span class='ocrx_word' id='word_1_260' title='bbox 1004 949 1119 990; x_wconf 91' lang='lat' dir='ltr'>servi</span> <span class='ocrx_word' id='word_1_261' title='bbox 1147 947 1235 990; x_wconf 85' lang='lat' dir='ltr'>tui?</span> 
     </span>
    </p>

    <p class='ocr_par' dir='ltr' id='par_1_22' title="bbox 1004 1005 1825 1160">
     <span class='ocr_line' id='line_1_59' title="bbox 1057 1005 1825 1058; baseline -0.001 -12"><span class='ocrx_word' id='word_1_262' title='bbox 1057 1005 1235 1046; x_wconf 88' lang='lat' dir='ltr'>Cibabis</span> <span class='ocrx_word' id='word_1_263' title='bbox 1254 1019 1334 1047; x_wconf 91' lang='lat' dir='ltr'>nos</span> <span class='ocrx_word' id='word_1_264' title='bbox 1354 1019 1468 1058; x_wconf 91' lang='lat' dir='ltr'>pane</span> <span class='ocrx_word' id='word_1_265' title='bbox 1492 1005 1783 1046; x_wconf 88' lang='lat' dir='ltr'>lacrimarum:</span> <span class='ocrx_word' id='word_1_266' title='bbox 1802 1007 1825 1032; x_wconf 88' lang='lat'>*</span> 
     </span>
     <span class='ocr_line' id='line_1_60' title="bbox 1005 1062 1824 1115; baseline -0.001 -12"><span class='ocrx_word' id='word_1_267' title='bbox 1005 1067 1049 1103; x_wconf 90' lang='lat' dir='ltr'>et</span> <span class='ocrx_word' id='word_1_268' title='bbox 1075 1067 1229 1115; x_wconf 92' lang='lat' dir='ltr'>potum</span> <span class='ocrx_word' id='word_1_269' title='bbox 1257 1062 1382 1104; x_wconf 89' lang='lat' dir='ltr'>dabis</span> <span class='ocrx_word' id='word_1_270' title='bbox 1408 1062 1536 1103; x_wconf 93' lang='lat' dir='ltr'>nobis</span> <span class='ocrx_word' id='word_1_271' title='bbox 1565 1062 1608 1102; x_wconf 92' lang='lat' dir='ltr'>in</span> <span class='ocrx_word' id='word_1_272' title='bbox 1634 1062 1824 1103; x_wconf 78' lang='lat' dir='ltr'>lacrimis</span> 
     </span>
     <span class='ocr_line' id='line_1_61' title="bbox 1004 1118 1303 1160; baseline 0.003 -1"><span class='ocrx_word' id='word_1_273' title='bbox 1004 1119 1047 1159; x_wconf 91' lang='lat' dir='ltr'>in</span> <span class='ocrx_word' id='word_1_274' title='bbox 1076 1118 1303 1160; x_wconf 86' lang='lat' dir='ltr'>mensura?</span> 
     </span>
    </p>

    <p class='ocr_par' dir='ltr' id='par_1_23' title="bbox 1003 1175 1826 1330">
     <span class='ocr_line' id='line_1_62' title="bbox 1055 1175 1826 1217; baseline 0 -2"><span class='ocrx_word' id='word_1_275' title='bbox 1055 1175 1248 1216; x_wconf 85' lang='lat' dir='ltr'>Posuisti</span> <span class='ocrx_word' id='word_1_276' title='bbox 1266 1188 1347 1216; x_wconf 94' lang='lat' dir='ltr'>nos</span> <span class='ocrx_word' id='word_1_277' title='bbox 1367 1176 1411 1216; x_wconf 92' lang='lat' dir='ltr'>in</span> <span class='ocrx_word' id='word_1_278' title='bbox 1431 1176 1826 1217; x_wconf 66' lang='lat' dir='ltr'>contradictionem</span> 
     </span>
     <span class='ocr_line' id='line_1_63' title="bbox 1003 1232 1825 1273; baseline 0.001 -2"><span class='ocrx_word' id='word_1_279' title='bbox 1003 1232 1157 1272; x_wconf 86' lang='lat' dir='ltr'>vicinis</span> <span class='ocrx_word' id='word_1_280' title='bbox 1198 1232 1376 1273; x_wconf 91' lang='lat' dir='ltr'>nostris:</span> <span class='ocrx_word' id='word_1_281' title='bbox 1408 1233 1431 1259; x_wconf 91' lang='lat'>*</span> <span class='ocrx_word' id='word_1_282' title='bbox 1468 1237 1511 1273; x_wconf 91' lang='lat' dir='ltr'>et</span> <span class='ocrx_word' id='word_1_283' title='bbox 1549 1232 1712 1273; x_wconf 88' lang='lat' dir='ltr'>inimici</span> <span class='ocrx_word' id='word_1_284' title='bbox 1751 1245 1825 1272; x_wconf 90' lang='lat' dir='ltr'>no-</span> 
     </span>
     <span class='ocr_line' id='line_1_64' title="bbox 1006 1287 1605 1330; baseline 0 -2"><span class='ocrx_word' id='word_1_285' title='bbox 1006 1288 1085 1328; x_wconf 90' lang='lat' dir='ltr'>stri</span> <span class='ocrx_word' id='word_1_286' title='bbox 1113 1287 1488 1330; x_wconf 84' lang='lat' dir='ltr'>subsannaverunt</span> <span class='ocrx_word' id='word_1_287' title='bbox 1514 1301 1605 1330; x_wconf 92' lang='lat' dir='ltr'>nos.</span> 
     </span>
    </p>

    <p class='ocr_par' dir='ltr' id='par_1_24' title="bbox 1004 1344 1825 1498">
     <span class='ocr_line' id='line_1_65' title="bbox 1055 1344 1825 1386; baseline 0 -2"><span class='ocrx_word' id='word_1_288' title='bbox 1055 1344 1175 1385; x_wconf 93' lang='lat' dir='ltr'>Deus</span> <span class='ocrx_word' id='word_1_289' title='bbox 1203 1344 1414 1385; x_wconf 88' lang='lat' dir='ltr'>virtutum</span> <span class='ocrx_word' id='word_1_290' title='bbox 1443 1347 1650 1386; x_wconf 87' lang='lat' dir='ltr'>converte</span> <span class='ocrx_word' id='word_1_291' title='bbox 1678 1358 1773 1386; x_wconf 91' lang='lat' dir='ltr'>nos:</span> <span class='ocrx_word' id='word_1_292' title='bbox 1802 1347 1825 1372; x_wconf 88' lang='lat'>*</span> 
     </span>
     <span class='ocr_line' id='line_1_66' title="bbox 1005 1400 1825 1451; baseline 0.001 -10"><span class='ocrx_word' id='word_1_293' title='bbox 1005 1405 1049 1442; x_wconf 91' lang='lat' dir='ltr'>et</span> <span class='ocrx_word' id='word_1_294' title='bbox 1077 1400 1261 1442; x_wconf 88' lang='lat' dir='ltr'>ostende</span> <span class='ocrx_word' id='word_1_295' title='bbox 1289 1401 1445 1442; x_wconf 88' lang='lat' dir='ltr'>faciem</span> <span class='ocrx_word' id='word_1_296' title='bbox 1471 1406 1608 1451; x_wconf 86' lang='lat' dir='ltr'>tuam,</span> <span class='ocrx_word' id='word_1_297' title='bbox 1643 1406 1686 1443; x_wconf 92' lang='lat' dir='ltr'>et</span> <span class='ocrx_word' id='word_1_298' title='bbox 1715 1402 1825 1443; x_wconf 88' lang='lat' dir='ltr'>salvi</span> 
     </span>
     <span class='ocr_line' id='line_1_67' title="bbox 1004 1457 1176 1498; baseline 0 -1"><span class='ocrx_word' id='word_1_299' title='bbox 1004 1457 1176 1498; x_wconf 85' lang='lat' dir='ltr'>erimus.</span> 
     </span>
    </p>

    <p class='ocr_par' dir='ltr' id='par_1_25' title="bbox 1004 1513 1826 1623">
     <span class='ocr_line' id='line_1_68' title="bbox 1054 1513 1826 1566; baseline 0.003 -13"><span class='ocrx_word' id='word_1_300' title='bbox 1054 1513 1241 1554; x_wconf 87' lang='lat' dir='ltr'>Vineam</span> <span class='ocrx_word' id='word_1_301' title='bbox 1261 1513 1315 1555; x_wconf 91' lang='lat' dir='ltr'>de</span> <span class='ocrx_word' id='word_1_302' title='bbox 1330 1514 1526 1566; x_wconf 79' lang='lat' dir='ltr'>AEgy&#39;pto</span> <span class='ocrx_word' id='word_1_303' title='bbox 1549 1515 1826 1556; x_wconf 86' lang='lat' dir='ltr'>transtulisti:</span> 
     </span>
     <span class='ocr_line' id='line_1_69' title="bbox 1004 1570 1825 1623; baseline 0.002 -13"><span class='ocrx_word' id='word_1_304' title='bbox 1004 1570 1027 1596; x_wconf 87' lang='grc'><em>*</em></span> <span class='ocrx_word' id='word_1_305' title='bbox 1047 1570 1211 1622; x_wconf 80' lang='lat' dir='ltr'>eiecisti</span> <span class='ocrx_word' id='word_1_306' title='bbox 1231 1570 1407 1620; x_wconf 89' lang='lat' dir='ltr'>Gentes,</span> <span class='ocrx_word' id='word_1_307' title='bbox 1428 1575 1471 1611; x_wconf 92' lang='lat' dir='ltr'>et</span> <span class='ocrx_word' id='word_1_308' title='bbox 1490 1570 1700 1623; x_wconf 79' lang='lat' dir='ltr'>plantasti</span> <span class='ocrx_word' id='word_1_309' title='bbox 1719 1584 1825 1612; x_wconf 89' lang='lat' dir='ltr'>eam.</span> 
     </span>
    </p>

    <p class='ocr_par' dir='ltr' id='par_1_26' title="bbox 1004 1626 1825 1791">
     <span class='ocr_line' id='line_1_70' title="bbox 1055 1626 1825 1680; baseline 0.003 -14"><span class='ocrx_word' id='word_1_310' title='bbox 1055 1626 1156 1667; x_wconf 85' lang='lat' dir='ltr'>Dux</span> <span class='ocrx_word' id='word_1_311' title='bbox 1180 1627 1348 1668; x_wconf 90' lang='lat' dir='ltr'>itineris</span> <span class='ocrx_word' id='word_1_312' title='bbox 1372 1626 1493 1668; x_wconf 91' lang='lat' dir='ltr'>fuisti</span> <span class='ocrx_word' id='word_1_313' title='bbox 1517 1627 1561 1667; x_wconf 92' lang='lat' dir='ltr'>in</span> <span class='ocrx_word' id='word_1_314' title='bbox 1586 1629 1825 1680; x_wconf 85' lang='lat' dir='ltr'>conspectu</span> 
     </span>
     <span class='ocr_line' id='line_1_71' title="bbox 1005 1683 1823 1736; baseline 0.002 -13"><span class='ocrx_word' id='word_1_315' title='bbox 1005 1683 1111 1734; x_wconf 88' lang='lat' dir='ltr'>ejus:</span> <span class='ocrx_word' id='word_1_316' title='bbox 1143 1684 1167 1710; x_wconf 86' lang='lat'>*</span> <span class='ocrx_word' id='word_1_317' title='bbox 1194 1683 1403 1735; x_wconf 83' lang='lat' dir='ltr'>plantasti</span> <span class='ocrx_word' id='word_1_318' title='bbox 1436 1683 1606 1725; x_wconf 87' lang='lat' dir='ltr'>radices</span> <span class='ocrx_word' id='word_1_319' title='bbox 1640 1685 1746 1736; x_wconf 84' lang='lat' dir='ltr'>ejus,</span> <span class='ocrx_word' id='word_1_320' title='bbox 1780 1689 1823 1725; x_wconf 93' lang='lat' dir='ltr'>et</span> 
     </span>
     <span class='ocr_line' id='line_1_72' title="bbox 1004 1738 1401 1791; baseline 0 -12"><span class='ocrx_word' id='word_1_321' title='bbox 1004 1738 1202 1791; x_wconf 90' lang='lat' dir='ltr'>implevit</span> <span class='ocrx_word' id='word_1_322' title='bbox 1229 1744 1401 1781; x_wconf 87' lang='lat' dir='ltr'>terram.</span> 
     </span>
    </p>

    <p class='ocr_par' dir='ltr' id='par_1_27' title="bbox 1005 1795 1823 1904">
     <span class='ocr_line' id='line_1_73' title="bbox 1056 1795 1823 1848; baseline -0.001 -12"><span class='ocrx_word' id='word_1_323' title='bbox 1056 1795 1241 1847; x_wconf 90' lang='lat' dir='ltr'>Operuit</span> <span class='ocrx_word' id='word_1_324' title='bbox 1273 1801 1446 1837; x_wconf 90' lang='lat' dir='ltr'>montes</span> <span class='ocrx_word' id='word_1_325' title='bbox 1480 1796 1635 1837; x_wconf 90' lang='lat' dir='ltr'>umbra</span> <span class='ocrx_word' id='word_1_326' title='bbox 1667 1797 1772 1848; x_wconf 91' lang='lat' dir='ltr'>ejus:</span> <span class='ocrx_word' id='word_1_327' title='bbox 1800 1797 1823 1823; x_wconf 90' lang='lat'>*</span> 
     </span>
     <span class='ocr_line' id='line_1_74' title="bbox 1005 1851 1676 1904; baseline -0.001 -11"><span class='ocrx_word' id='word_1_328' title='bbox 1005 1856 1048 1893; x_wconf 93' lang='lat' dir='ltr'>et</span> <span class='ocrx_word' id='word_1_329' title='bbox 1072 1851 1251 1893; x_wconf 87' lang='lat' dir='ltr'>arbusta</span> <span class='ocrx_word' id='word_1_330' title='bbox 1280 1853 1369 1904; x_wconf 93' lang='lat' dir='ltr'>ejus</span> <span class='ocrx_word' id='word_1_331' title='bbox 1398 1852 1554 1894; x_wconf 90' lang='lat' dir='ltr'>cedros</span> <span class='ocrx_word' id='word_1_332' title='bbox 1583 1852 1676 1893; x_wconf 92' lang='lat' dir='ltr'>Dei.</span> 
     </span>
    </p>

    <p class='ocr_par' dir='ltr' id='par_1_28' title="bbox 1002 1908 1825 2074">
     <span class='ocr_line' id='line_1_75' title="bbox 1055 1908 1825 1961; baseline 0.003 -13"><span class='ocrx_word' id='word_1_333' title='bbox 1055 1908 1264 1950; x_wconf 84' lang='lat' dir='ltr'>Extendit</span> <span class='ocrx_word' id='word_1_334' title='bbox 1303 1908 1506 1961; x_wconf 86' lang='lat' dir='ltr'>palmites</span> <span class='ocrx_word' id='word_1_335' title='bbox 1543 1921 1647 1950; x_wconf 91' lang='lat' dir='ltr'>suos</span> <span class='ocrx_word' id='word_1_336' title='bbox 1686 1921 1825 1960; x_wconf 93' lang='lat' dir='ltr'>usque</span> 
     </span>
     <span class='ocr_line' id='line_1_76' title="bbox 1003 1964 1824 2017; baseline 0.001 -12"><span class='ocrx_word' id='word_1_337' title='bbox 1003 1964 1060 2006; x_wconf 90' lang='lat' dir='ltr'>ad</span> <span class='ocrx_word' id='word_1_338' title='bbox 1096 1978 1231 2006; x_wconf 92' lang='lat' dir='ltr'>mare:</span> <span class='ocrx_word' id='word_1_339' title='bbox 1263 1966 1287 1992; x_wconf 85' lang='lat'>*</span> <span class='ocrx_word' id='word_1_340' title='bbox 1321 1970 1364 2006; x_wconf 93' lang='lat' dir='ltr'>et</span> <span class='ocrx_word' id='word_1_341' title='bbox 1400 1978 1539 2017; x_wconf 91' lang='lat' dir='ltr'>usque</span> <span class='ocrx_word' id='word_1_342' title='bbox 1577 1965 1633 2006; x_wconf 91' lang='lat' dir='ltr'>ad</span> <span class='ocrx_word' id='word_1_343' title='bbox 1665 1966 1824 2006; x_wconf 91' lang='lat' dir='ltr'>flumen</span> 
     </span>
     <span class='ocr_line' id='line_1_77' title="bbox 1002 2022 1396 2074; baseline 0.003 -13"><span class='ocrx_word' id='word_1_344' title='bbox 1002 2022 1268 2074; x_wconf 86' lang='lat' dir='ltr'>propagines</span> <span class='ocrx_word' id='word_1_345' title='bbox 1297 2022 1396 2073; x_wconf 91' lang='lat' dir='ltr'>ejus.</span> 
     </span>
    </p>

    <p class='ocr_par' dir='ltr' id='par_1_29' title="bbox 1004 2077 1824 2242">
     <span class='ocr_line' id='line_1_78' title="bbox 1054 2077 1823 2130; baseline -0.001 -11"><span class='ocrx_word' id='word_1_346' title='bbox 1054 2078 1114 2119; x_wconf 90' lang='lat' dir='ltr'>Ut</span> <span class='ocrx_word' id='word_1_347' title='bbox 1151 2077 1256 2130; x_wconf 93' lang='lat' dir='ltr'>quid</span> <span class='ocrx_word' id='word_1_348' title='bbox 1294 2077 1550 2119; x_wconf 82' lang='lat' dir='ltr'>destruxisti</span> <span class='ocrx_word' id='word_1_349' title='bbox 1590 2077 1823 2119; x_wconf 89' lang='lat' dir='ltr'>maceriam</span> 
     </span>
     <span class='ocr_line' id='line_1_79' title="bbox 1004 2134 1824 2186; baseline -0.001 -11"><span class='ocrx_word' id='word_1_350' title='bbox 1004 2135 1109 2186; x_wconf 85' lang='lat' dir='ltr'>ejus:</span> <span class='ocrx_word' id='word_1_351' title='bbox 1128 2135 1151 2162; x_wconf 88' lang='lat'>*</span> <span class='ocrx_word' id='word_1_352' title='bbox 1174 2139 1217 2175; x_wconf 92' lang='lat' dir='ltr'>et</span> <span class='ocrx_word' id='word_1_353' title='bbox 1241 2134 1509 2175; x_wconf 88' lang='lat' dir='ltr'>vindemiant</span> <span class='ocrx_word' id='word_1_354' title='bbox 1538 2147 1634 2175; x_wconf 90' lang='lat' dir='ltr'>eam</span> <span class='ocrx_word' id='word_1_355' title='bbox 1662 2147 1824 2183; x_wconf 80' lang='lat' dir='ltr'>omneS‚</span> 
     </span>
     <span class='ocr_line' id='line_1_80' title="bbox 1004 2189 1692 2242; baseline 0 -11"><span class='ocrx_word' id='word_1_356' title='bbox 1004 2191 1078 2242; x_wconf 91' lang='lat' dir='ltr'>qui</span> <span class='ocrx_word' id='word_1_357' title='bbox 1105 2190 1526 2242; x_wconf 81' lang='lat' dir='ltr'>praetergrediuntur</span> <span class='ocrx_word' id='word_1_358' title='bbox 1554 2189 1692 2232; x_wconf 78' lang='lat' dir='ltr'>viam?</span> 
     </span>
    </p>

    <p class='ocr_par' dir='ltr' id='par_1_30' title="bbox 1003 2246 1823 2401">
     <span class='ocr_line' id='line_1_81' title="bbox 1054 2246 1820 2299; baseline -0.003 -12"><span class='ocrx_word' id='word_1_359' title='bbox 1054 2247 1374 2288; x_wconf 84' lang='lat' dir='ltr'>Exterminavit</span> <span class='ocrx_word' id='word_1_360' title='bbox 1389 2260 1485 2288; x_wconf 90' lang='lat' dir='ltr'>eam</span> <span class='ocrx_word' id='word_1_361' title='bbox 1505 2259 1610 2299; x_wconf 92' lang='lat' dir='ltr'>aper</span> <span class='ocrx_word' id='word_1_362' title='bbox 1625 2246 1680 2287; x_wconf 93' lang='lat' dir='ltr'>de</span> <span class='ocrx_word' id='word_1_363' title='bbox 1697 2246 1820 2287; x_wconf 89' lang='lat' dir='ltr'>silva:</span> 
     </span>
     <span class='ocr_line' id='line_1_82' title="bbox 1003 2303 1823 2355; baseline -0.001 -11"><span class='ocrx_word' id='word_1_364' title='bbox 1003 2304 1027 2330; x_wconf 84' lang='lat'>*</span> <span class='ocrx_word' id='word_1_365' title='bbox 1044 2308 1087 2344; x_wconf 94' lang='lat' dir='ltr'>et</span> <span class='ocrx_word' id='word_1_366' title='bbox 1115 2303 1344 2354; x_wconf 90' lang='lat' dir='ltr'>singularis</span> <span class='ocrx_word' id='word_1_367' title='bbox 1373 2303 1489 2345; x_wconf 87' lang='lat' dir='ltr'>ferus</span> <span class='ocrx_word' id='word_1_368' title='bbox 1518 2303 1727 2355; x_wconf 91' lang='lat' dir='ltr'>depastus</span> <span class='ocrx_word' id='word_1_369' title='bbox 1757 2307 1823 2343; x_wconf 90' lang='lat' dir='ltr'>est</span> 
     </span>
     <span class='ocr_line' id='line_1_83' title="bbox 1004 2372 1110 2401; baseline -0.009 0"><span class='ocrx_word' id='word_1_370' title='bbox 1004 2372 1110 2401; x_wconf 88' lang='lat' dir='ltr'>eam.</span> 
     </span>
    </p>

    <p class='ocr_par' dir='ltr' id='par_1_31' title="bbox 1003 2416 1821 2569">
     <span class='ocr_line' id='line_1_84' title="bbox 1053 2416 1821 2457; baseline -0.003 -1"><span class='ocrx_word' id='word_1_371' title='bbox 1053 2416 1174 2457; x_wconf 92' lang='lat' dir='ltr'>Deus</span> <span class='ocrx_word' id='word_1_372' title='bbox 1203 2416 1414 2457; x_wconf 90' lang='lat' dir='ltr'>virtutum</span> <span class='ocrx_word' id='word_1_373' title='bbox 1435 2417 1706 2457; x_wconf 89' lang='lat' dir='ltr'>convertere:</span> <span class='ocrx_word' id='word_1_374' title='bbox 1722 2416 1745 2442; x_wconf 87' lang='lat'>*</span> <span class='ocrx_word' id='word_1_375' title='bbox 1759 2416 1821 2455; x_wconf 90' lang='lat' dir='ltr'>re-</span> 
     </span>
     <span class='ocr_line' id='line_1_85' title="bbox 1003 2471 1821 2524; baseline -0.004 -11"><span class='ocrx_word' id='word_1_376' title='bbox 1003 2472 1123 2524; x_wconf 92' lang='lat' dir='ltr'>spice</span> <span class='ocrx_word' id='word_1_377' title='bbox 1152 2471 1206 2513; x_wconf 92' lang='lat' dir='ltr'>de</span> <span class='ocrx_word' id='word_1_378' title='bbox 1234 2472 1366 2522; x_wconf 87' lang='lat' dir='ltr'>coelo,</span> <span class='ocrx_word' id='word_1_379' title='bbox 1402 2476 1446 2513; x_wconf 92' lang='lat' dir='ltr'>et</span> <span class='ocrx_word' id='word_1_380' title='bbox 1474 2471 1589 2521; x_wconf 84' lang='lat' dir='ltr'>vide,</span> <span class='ocrx_word' id='word_1_381' title='bbox 1622 2475 1666 2512; x_wconf 92' lang='lat' dir='ltr'>et</span> <span class='ocrx_word' id='word_1_382' title='bbox 1694 2471 1821 2512; x_wconf 89' lang='lat' dir='ltr'>visita</span> 
     </span>
     <span class='ocr_line' id='line_1_86' title="bbox 1003 2528 1341 2569; baseline -0.003 0"><span class='ocrx_word' id='word_1_383' title='bbox 1003 2531 1174 2569; x_wconf 90' lang='lat' dir='ltr'>vineam</span> <span class='ocrx_word' id='word_1_384' title='bbox 1202 2528 1341 2569; x_wconf 89' lang='lat' dir='ltr'>istam.</span> 
     </span>
    </p>

    <p class='ocr_par' dir='ltr' id='par_1_32' title="bbox 1002 2582 1819 2748">
     <span class='ocr_line' id='line_1_87' title="bbox 1055 2582 1819 2636; baseline -0.005 -11"><span class='ocrx_word' id='word_1_385' title='bbox 1055 2585 1111 2625; x_wconf 91' lang='lat' dir='ltr'>Et</span> <span class='ocrx_word' id='word_1_386' title='bbox 1132 2584 1294 2636; x_wconf 88' lang='lat' dir='ltr'>perfice</span> <span class='ocrx_word' id='word_1_387' title='bbox 1322 2597 1428 2633; x_wconf 89' lang='lat' dir='ltr'>eam,</span> <span class='ocrx_word' id='word_1_388' title='bbox 1453 2596 1581 2634; x_wconf 87' lang='lat' dir='ltr'>quam</span> <span class='ocrx_word' id='word_1_389' title='bbox 1606 2582 1819 2635; x_wconf 88' lang='lat' dir='ltr'>plantavit</span> 
     </span>
     <span class='ocr_line' id='line_1_88' title="bbox 1004 2637 1818 2691; baseline -0.005 -10"><span class='ocrx_word' id='word_1_390' title='bbox 1004 2640 1184 2681; x_wconf 80' lang='lat' dir='ltr'>dextera</span> <span class='ocrx_word' id='word_1_391' title='bbox 1212 2642 1335 2681; x_wconf 79' lang='lat' dir='ltr'>tuaz*</span> <span class='ocrx_word' id='word_1_392' title='bbox 1352 2644 1394 2681; x_wconf 93' lang='lat' dir='ltr'>et</span> <span class='ocrx_word' id='word_1_393' title='bbox 1422 2652 1553 2691; x_wconf 91' lang='lat' dir='ltr'>super</span> <span class='ocrx_word' id='word_1_394' title='bbox 1580 2639 1717 2679; x_wconf 90' lang='lat' dir='ltr'>filium</span> <span class='ocrx_word' id='word_1_395' title='bbox 1745 2637 1818 2678; x_wconf 83' lang='lat' dir='ltr'>ho-</span> 
     </span>
     <span class='ocr_line' id='line_1_89' title="bbox 1002 2693 1713 2748; baseline -0.004 -11"><span class='ocrx_word' id='word_1_396' title='bbox 1002 2697 1143 2746; x_wconf 89' lang='lat' dir='ltr'>minis,</span> <span class='ocrx_word' id='word_1_397' title='bbox 1172 2709 1302 2748; x_wconf 92' lang='lat' dir='ltr'>quem</span> <span class='ocrx_word' id='word_1_398' title='bbox 1329 2695 1596 2737; x_wconf 89' lang='lat' dir='ltr'>confirmasti</span> <span class='ocrx_word' id='word_1_399' title='bbox 1623 2693 1713 2735; x_wconf 90' lang='lat' dir='ltr'>tibi.</span> 
     </span>
    </p>
   </div>
   <div class='ocr_carea' id='block_1_6' title="bbox 74 125 1887 2805">
    <p class='ocr_par' dir='ltr' id='par_1_33' title="bbox 74 125 1887 2805">
     <span class='ocr_line' id='line_1_90' title="bbox 74 125 1887 2805; baseline 0 0"><span class='ocrx_word' id='word_1_400' title='bbox 74 125 1887 2805; x_wconf 95' lang='lat' dir='ltr'> </span> 
     </span>
    </p>
   </div>
  </div>
 </body>
</html>
