2040 2976
622 200 691 233 Dic
720 202 745 233 1.
772 201 949 243 Augusti.
997 202 1032 235 S.
1059 202 1160 235 Petri
1189 202 1237 235 ad
1264 203 1436 237 Vincula.

333 296 421 337 Ad
453 297 842 340 Matutinum.

228 355 352 395 invit.
383 355 547 405 Regem
570 354 894 407 Apostolorum
917 356 1005 397 Do-

170 410 345 459 minum,
368 411 389 433 *
408 410 569 452 Venite
589 411 838 454 adoremus.

229 466 294 510 I's.
322 472 490 522 Venite,
509 472 790 515 exsultemus.
808 475 847 515 2.

483 538 694 588 Hymnus.

174 577 540 700 Quodcumque
555 594 598 634 in
615 594 723 636 orbe
740 595 925 637 nexibus
940 609 1004 637 re-

429 650 633 701 vinxeris,

222 708 318 749 Erit
341 710 587 749 revinctum
604 708 736 750 Petre
762 708 805 748 in
830 722 932 751 arce
951 711 1003 750 si-

431 763 602 806 derum:

221 822 278 863 Et
321 820 441 873 quod
478 821 661 862 resolvit
697 820 768 862 hic
804 824 1003 874 potestas

430 877 604 926 tradita,

219 935 315 976 Erit
330 934 524 975 solutum
539 934 641 975 coeli
656 934 699 974 in
718 934 808 976 alto
823 935 1003 977 vertice:

219 992 271 1031 In
307 991 394 1031 fine
431 989 580 1032 mundi
618 990 834 1041 judicabis
867 993 1001 1032 saecu-

427 1047 528 1088 lum.

174 1118 288 1160 Patri
308 1119 502 1171 perenne
517 1117 574 1158 sit
588 1129 669 1170 per
686 1117 830 1158 'aevum
850 1117 1001 1169 glotia,

220 1174 410 1226 Tibique
439 1173 594 1272 llmtggs
623 1173 909 1215 concinamus
940 1176 1001 1215 in-

217 1288 400 1328 AEterne
428 1244 649 1352 ggtessit
684 1288 873 1339 superne
906 1287 998 1340 Spi-

217 1400 375 1441 Honor
399 1348 741 1466 tirlssiucfecusque:
766 1406 917 1442 sancta
940 1401 999 1453 ju-

216 1462 589 1556 Laudetuiglcitxeffne
608 1513 802 1555 Trinitas
821 1527 901 1567 per
921 1516 999 1555 sae-

425 1570 581 1612 culum.
627 1570 782 1612 Amen.

222 1638 320 1680 Ant,
343 1639 404 1673 Ps.
429 1644 465 1673 ct
486 1634 570 1680 ῩῩ.
594 1640 704 1675 Noct.
729 1642 775 1675 dc
798 1642 1001 1677 Communi

168 1685 306 1728 Apost.
327 1685 374 1728 [4]
745 1707 753 1717 ·

405 1752 454 1791 In
482 1753 511 1792 Ι.
541 1754 766 1794 Nocturno.

264 1816 330 1856 De
355 1814 545 1856 Actibus
568 1815 902 1867 Apostolorum.

324 1876 476 1918 Lectio
497 1878 520 1917 i.
664 1880 767 1932 Cap.
790 1882 845 1920 12.

308 1937 393 1979 isit
420 1937 626 1979 Herodes
654 1951 732 1979 rex
757 1951 923 1987 manuS‚
948 1942 997 1979 ut

166 1994 174 2052 ἐξ
198 2027 279 2055 ,
347 1994 563 2045 affligeret
590 1994 808 2046 quosdam
835 1994 890 2036 de
916 1995 995 2036 Ec-

170 2055 196 2062 ’“
308 2051 315 2059 ”
347 2050 492 2092 clesia.
546 2051 721 2093 Occidit
753 2055 900 2092 autem
927 2051 996 2092 Ja-

162 2105 323 2147 cebum
338 2107 518 2148 fratrem
533 2107 557 2148 J
561 2108 716 2149 oannis
731 2107 892 2160 gladio.
918 2107 995 2149 Vi-

163 2162 271 2204 dens
300 2168 447 2204 autem
473 2164 575 2216 quia
598 2164 796 2216 placeret
819 2164 843 2205 J
845 2164 995 2214 udaias,

162 2219 372 2271 appesuit
398 2224 446 2260 ut
469 2220 826 2272 apprehenderet
851 2226 895 2262 et
917 2221 995 2262 Pe-

159 2281 287 2317 trum.
307 2276 446 2318 Erant
461 2282 608 2318 autem
624 2276 718 2318 dies
730 2279 995 2329 azymorum.

161 2333 301 2383 Quem
316 2345 415 2373 cum
432 2332 809 2385 apprehendisset,
819 2333 938 2375 misit
951 2333 995 2373 in

161 2391 395 2438 carcerem,
410 2388 590 2430 tradens
611 2392 800 2441 quatuor
823 2394 995 2441 quater-

159 2445 364 2487 nionibus
410 2446 597 2487 militum
643 2444 994 2495 custodiendum,

159 2502 313 2544 volens
328 2507 432 2555 post
441 2502 612 2543 Pascha
626 2502 876 2554 producere
894 2515 995 2543 eum

159 2558 340 2612 pepulo.
378 2558 435 2600 Et
461 2559 620 2600 Petrus
646 2558 823 2610 quidem
849 2570 994 2599 serva-

159 2615 288 2657 batur
302 2615 346 2656 in
366 2617 554 2656 carcere.
587 2615 740 2656 Oratio
759 2620 906 2656 autem
921 2614 993 2655 fie-

158 2671 235 2713 bat
259 2671 351 2713 sine
375 2671 698 2712 intermissione
717 2670 773 2712 ab
795 2670 994 2711 Ecclesia

159 2727 217 2770 ad
235 2728 380 2770 Deum
400 2739 484 2780 pro
506 2739 572 2771 eo,

1116 301 1164 351 Ru
1206 297 1357 338 Simon
1392 298 1523 339 Petre
1561 299 1797 350 antequam
1838 297 1893 339 de

1059 353 1159 393 navi
1184 355 1392 395 vocarem
1417 359 1472 403 te,
1497 354 1601 395 novi
1620 358 1676 403 te,
1696 359 1741 395 et
1759 366 1894 407 super

1058 409 1236 461 plebem
1250 423 1394 451 meam
1409 410 1655 463 principem
1672 415 1716 452 te
1732 412 1892 452 consti-

1059 466 1133 513 tui,
1154 470 1174 492 *
1188 466 1245 508 Et
1265 466 1412 508 claves
1431 466 1553 517 regni
1573 466 1786 508 coelerum
1805 469 1890 508 tra-

1060 521 1151 564 didi
1166 522 1258 564 tibi.
1290 518 1338 569 Y.
1351 522 1674 575 Quodcumque
1687 522 1892 574 ligaveris

1059 591 1193 631 super
1225 583 1408 629 terram,
1441 579 1524 621 erit
1554 579 1738 630 ligatum
1772 583 1816 620 et
1847 579 1891 620 in

1059 635 1200 677 coelis:
1221 641 1264 677 et
1285 635 1599 688 quodcumque
1620 635 1805 676 selveris
1825 648 1891 676 su-

1057 705 1137 744 per
1156 698 1328 743 terram,
1355 692 1436 734 erit
1460 692 1654 734 solutum
1673 696 1718 732 et
1741 691 1784 732 in
1804 704 1890 733 coe-

1056 749 1120 790 lis.
1165 749 1232 791 Et.

1371 803 1524 844 Lectio
1547 805 1586 844 ii.

1062 854 1212 962 Cum
1228 863 1375 900 autem
1390 857 1689 911 producturus
1709 871 1809 900 eum
1828 871 1892 900 es-

1154 920 1222 956 set
1239 914 1457 964 Heredes,
1477 915 1519 955 in
1539 914 1636 968 ipsa
1650 920 1782 957 nocte
1797 920 1892 957 erat

1055 971 1214 1026 Petrus
1230 970 1453 1013 dormiens
1468 971 1581 1012 inter
1597 969 1709 1012 duos
1719 971 1891 1021 milites

1056 1028 1227 1070 vinctus
1258 1028 1425 1070 catenis
1454 1027 1642 1077 duabus3
1675 1032 1719 1069 et
1747 1030 1890 1069 custe-

1057 1083 1136 1126 des
1161 1090 1261 1127 ante
1282 1084 1444 1126 estium
1469 1082 1779 1126 custodiebant
1799 1086 1890 1125 car-

1056 1154 1211 1183 cerem.
1239 1142 1296 1183 Et
1317 1153 1419 1182 ecce
1437 1140 1633 1191 Angelus
1649 1140 1828 1182 Demini
1847 1143 1888 1181 a·

1055 1199 1181 1240 stitit:
1210 1203 1254 1239 et
1281 1198 1428 1239 lumen
1456 1196 1628 1238 refulsit
1651 1197 1695 1237 in
1719 1196 1888 1239 habita-

1055 1254 1170 1296 culo:
1189 1255 1492 1307 percusseque
1512 1253 1650 1294 latere
1667 1253 1798 1302 Petri,
1819 1266 1888 1294 ex·
1929 1267 1936 1277 ·

1055 1311 1206 1352 citavit
1232 1324 1342 1360 eum,
1368 1310 1534 1352 dicens:
1563 1310 1702 1360 Surge
1728 1309 1889 1350 veleci-

1053 1372 1132 1409 ter.
1167 1369 1224 1409 Et
1247 1366 1502 1409 ceciderunt
1526 1367 1694 1408 catenae
1719 1365 1775 1407 de
1799 1368 1888 1407 ma-

1052 1423 1182 1466 nibus
1211 1425 1313 1476 ejus.
1368 1423 1491 1464 Dixit
1520 1427 1668 1464 autem
1692 1421 1888 1474 Angelus

1053 1481 1110 1522 ad
1136 1494 1251 1522 eum:
1283 1481 1572 1530 Praecingere‚
1599 1484 1643 1520 et
1669 1479 1818 1520 calcea
1843 1483 1888 1520 te

1053 1538 1217 1588 caligas
1237 1542 1347 1578 tuas.
1382 1537 1439 1578 Et
1463 1536 1568 1577 fecit
1591 1535 1665 1576 sic.
1699 1535 1757 1576 Et
1776 1534 1889 1577 dixit

1052 1594 1130 1634 illi:
1183 1591 1419 1634 Circumda
1459 1591 1541 1634 tibi
1577 1591 1888 1634 vestimentum

1050 1655 1185 1696 tuum,
1206 1655 1250 1691 et
1269 1651 1456 1701 sequere
1474 1661 1558 1690 me.

1111 1707 1162 1758 R.
1189 1706 1234 1747 Si
1267 1705 1412 1756 dssigis
1443 1717 1529 1754 me,
1563 1704 1715 1747 Simon
1744 1704 1887 1754 Petre,

1051 1775 1185 1816 pasce
1206 1775 1312 1804 oves
1332 1774 1470 1803 meas:
1493 1761 1682 1803 Demine
1701 1767 1751 1803 tu
1767 1761 1883 1802 nosti

1052 1820 1154 1872 quia
1180 1831 1281 1860 amo
1309 1823 1365 1868 te,
1399 1820 1421 1844 *
1439 1818 1498 1858 Et
1525 1817 1715 1858 animam
1742 1829 1887 1858 meam

1049 1888 1169 1928 pono
1189 1887 1270 1928 pro
1293 1879 1349 1916 te.
1404 1869 1452 1920 V.
1472 1874 1517 1915 Si
1543 1873 1792 1926 oportuerit
1814 1885 1885 1914 me

1049 1932 1162 1974 mori
1181 1937 1339 1980 tecum,
1358 1943 1447 1972 non
1467 1935 1511 1972 te
1530 1929 1715 1981 negabo.
1757 1931 1824 1971 Et.

1362 1994 1515 2036 Lectio
1535 1995 1590 2035 iii.

1139 2054 1158 2091 t
1177 2050 1327 2091 exiens
1342 2048 1612 2100 sequebatur
1628 2061 1739 2098 eum,
1755 2052 1799 2090 et
1811 2061 1883 2090 ne-

1150 2106 1319 2148 sciebat
1349 2105 1451 2158 quia
1478 2118 1631 2146 verum
1659 2110 1737 2154 est,
1764 2104 1884 2157 quod

1047 2163 1182 2206 fiebat
1216 2176 1298 2216 per
1335 2162 1568 2213 Angelum:
1603 2161 1884 2204 existimabat

1048 2225 1196 2261 autem
1215 2232 1263 2261 se
1282 2219 1425 2260 visum
1445 2218 1607 2260 videre.
1635 2218 1881 2259 Transeun-

1047 2281 1116 2318 tes
1130 2281 1278 2318 autem
1291 2275 1480 2328 primam
1497 2280 1540 2316 et
1555 2273 1796 2316 secundam
1811 2286 1881 2315 cu-

1048 2332 1253 2380 stediam‚
1278 2333 1493 2373 venerunt
1519 2330 1575 2372 ad
1599 2335 1777 2383 portam
1800 2330 1881 2370 fer-

1047 2401 1179 2438 ream,
1197 2401 1296 2441 quae
1313 2387 1434 2429 ducit
1449 2387 1506 2429 ad
1522 2387 1762 2429 civitatem:
1783 2398 1882 2438 quae

1047 2445 1163 2487 ultro
1192 2446 1346 2496 aperta
1375 2449 1442 2485 est
1471 2443 1546 2485 eis.
1581 2443 1640 2484 Et
1668 2445 1881 2484 exeuntes

1047 2502 1359 2553 processerunt
1381 2500 1527 2541 vicum
1544 2512 1690 2549 unum,
1716 2503 1759 2540 et
1779 2510 1880 2539 con-

1046 2559 1170 2599 tinuo
1195 2557 1398 2598 discessit
1418 2555 1613 2607 Angelus
1639 2554 1694 2596 ab
1722 2566 1787 2596 eo.
1824 2554 1881 2596 Et

1046 2614 1203 2655 Petrus
1223 2613 1279 2654 ad
1300 2626 1346 2654 se
1367 2614 1581 2661 reversus,
1601 2611 1724 2652 dixit:
1751 2610 1880 2651 Nunc

1047 2670 1139 2711 scio
1165 2682 1271 2711 vere
1299 2669 1401 2721 quia
1419 2667 1539 2709 misit
1557 2666 1772 2708 Deminus
1793 2667 1880 2706 An-

1046 2726 1193 2776 gelum
1208 2738 1346 2775 suum,
1359 2730 1403 2766 et
1419 2723 1578 2776 eripuit
1592 2735 1662 2763 me
1679 2721 1734 2763 de
1748 2734 1880 2763 manu
