2040 2976
745 240 984 283 Praeparatio
1011 240 1060 274 ad
1082 240 1251 274 Missam.

190 337 298 372 Deus
327 340 369 372 tu
398 335 610 371 conversus
633 334 854 370 vivificabis
877 344 968 369 nos:

139 387 161 412 ²*
185 391 222 422 et
244 386 358 431 plebs
381 389 449 420 tua
470 384 667 419 laetabitur
689 384 729 419 in
751 388 798 419 te.

194 436 363 473 Ostende
397 435 514 471 nobis
545 435 632 470 Dfie
663 434 971 470 misericordiam

82 502 86 504 ·
139 491 262 523 tuam:
285 487 308 512 ¹⁸¹
331 490 369 523 et
394 486 562 522 salutare
585 489 694 520 tuum
718 485 768 520 da
791 485 916 520 nobis.

191 537 364 573 Audiam
386 536 482 582 quid
504 536 687 580 loquatur
706 536 747 570 in
765 546 826 570 me
841 535 971 571 Domi-

139 598 213 623 nus
236 587 359 622 Deus:
383 587 404 612 ¹⁸
426 586 611 631 queniam
633 582 813 630 loquetur
835 595 972 630 pacem

140 639 181 674 in
202 638 359 683 plebem
381 647 501 672 suam.

192 688 241 724 Et
264 697 382 732 super
406 690 564 722 sanctos
588 696 697 721 suos:
721 686 743 711 ²²²
768 690 806 721 et
829 686 870 720 in
893 696 972 729 eos⁷

143 739 210 784 qui
234 739 512 774 convertuntur
535 737 586 772 ad
608 747 685 772 cor.

191 788 468 824 Venimtamen
503 797 628 831 prope
666 787 843 822 timentes
887 797 974 821 eum

142 839 310 874 salutare
338 838 479 883 ipsius:
510 838 532 862 *
561 842 603 872 ut
630 837 821 872 inhabitet
850 837 974 881 gleria

142 889 183 924 in
206 893 310 924 terra
331 892 476 924 nostra.

192 938 477 982 Miseric<5rdia‚
502 942 540 973 et
554 938 700 973 veritas
718 938 975 973 obviaverunt

144 989 234 1025 sibi:
258 989 280 1014 *
304 989 461 1034 justitia,
486 992 523 1024 et
546 999 626 1033 pax
650 988 836 1023 osculatae
859 992 957 1023 sunt.

195 1039 349 1075 Veritas
374 1039 422 1074 de
446 1043 549 1074 terra
572 1042 658 1073 orta
678 1042 750 1073 est:
772 1038 794 1062 ‘³‘
816 1042 854 1073 et
870 1038 975 1082 iusti-

143 1090 198 1125 tia
221 1089 269 1124 de
295 1089 396 1124 coelo
422 1087 636 1133 prospexit.

197 1140 351 1175 Etenim
384 1139 575 1174 Dominus
614 1138 723 1173 dabit
762 1138 976 1182 benignita-

143 1194 235 1226 tem:
263 1190 286 1215 *
315 1193 353 1225 et
379 1194 483 1225 terra
510 1192 645 1224 nostra
674 1188 784 1223 dabit
812 1188 977 1223 fructum

145 1251 267 1276 suum.

197 1290 356 1326 Justitia
389 1293 477 1325 ante
510 1299 597 1324 eum
629 1288 855 1323 ambulabit:
886 1288 908 1312 ‘³‘
941 1292 978 1323 et

145 1345 267 1385 ponet
290 1341 331 1375 in
352 1340 419 1376 via
443 1350 601 1384 gressus
627 1349 730 1374 suos,

200 1391 336 1427 Gloria
358 1390 475 1426 Patri.

431 1453 610 1487 Psalmus
635 1454 689 1486 85.

177 1514 306 1550 nelina
333 1514 499 1550 Domine
531 1523 663 1548 aurern
693 1516 814 1555 tuam,
848 1515 885 1546 et
916 1521 979 1546 ex-

203 1564 296 1599 audi
311 1574 388 1599 me:
405 1564 426 1589 *
440 1563 625 1608 quoniam
640 1563 767 1606 inops,
782 1566 819 1597 et
831 1571 981 1606 pauper

149 1625 235 1650 sum
259 1624 342 1658 ego.

202 1664 367 1700 Custedi
405 1663 573 1699 animam
610 1673 752 1706 meam,
797 1662 981 1707 queniam

119 1714 123 1716 ’
149 1718 307 1750 sanctus
325 1725 425 1750 sum:
448 1714 470 1739 *
494 1714 647 1750 salvum
663 1714 725 1749 fac
746 1723 902 1748 servum
924 1716 981 1747 tu-

149 1777 224 1810 um,
247 1766 354 1801 Deus
378 1775 498 1809 meus,
523 1767 744 1809 sperantem
767 1765 808 1799 in
831 1768 878 1799 te.

201 1816 384 1851 Miserere
413 1815 490 1851 mei
519 1815 684 1850 Demine
716 1814 900 1858 queniam
932 1813 983 1848 ad

149 1869 187 1901 te
204 1866 371 1902 clamavi
394 1869 477 1901 tota
500 1865 579 1900 die:
603 1865 624 1890 ss
647 1864 801 1899 laetifica
816 1864 983 1898 animam

152 1916 257 1952 servi
278 1916 346 1960 tui,
371 1915 556 1960 quoniam
580 1914 631 1950 ad
654 1918 691 1949 te
714 1914 879 1949 Domine
904 1913 983 1948 ani-

150 1977 254 2001 mam
275 1976 402 2001 meam
423 1965 565 2001 levavi.

205 2017 396 2059 Queniam
414 2021 457 2052 tu
471 2015 636 2051 Demine
658 2014 792 2049 suavis
810 2018 846 2048 et
861 2013 982 2048 mitis:

151 2068 173 2092 *
197 2071 234 2103 et
255 2067 388 2103 multae
410 2065 692 2102 misericordiae
720 2064 899 2099 amnibus
929 2063 984 2097 in-

151 2118 384 2153 vocantibus
406 2121 455 2152 te.

203 2169 377 2204 Auribus
400 2167 558 2212 percipe
581 2165 745 2201 Domine
771 2164 985 2199 orationem

153 2228 292 2253 meam:
315 2218 337 2243 *
361 2221 398 2253 01
419 2216 575 2252 intende
591 2214 682 2251 voci
698 2213 984 2258 deprecationis

153 2278 260 2303 meae.

205 2318 251 2352 In
272 2317 335 2352 die
356 2315 620 2352 tribulatiOnis
639 2324 736 2349 meae
754 2313 919 2349 clamavi
936 2312 986 2347 ad

154 2371 209 2403 te:
233 2367 255 2393 ¹*
280 2367 373 2411 quia
396 2365 592 2402 exaudisti
612 2375 684 2400 me.
858 2402 861 2405 ,

206 2417 297 2452 Νο11
321 2420 380 2452 081
403 2415 541 2450 similis
565 2414 623 2450 tui
647 2414 688 2448 in
713 2413 789 2448 diis
805 2412 984 2448 Demine:

155 2467 176 2491 Σ*
201 2470 238 2501 01
260 2476 340 2501 11011
363 2470 422 2500 081
447 2464 659 2500 secundum
683 2465 802 2507 opera
824 2467 901 2497 tua.

211 2515 353 2551 Omnes
385 2519 520 2559 gentes
555 2515 819 2558 quascumque
851 2512 986 2555 fecisti,

156 2566 326 2609 venient,
360 2570 398 2600 et
430 2564 649 2600 adorabunt
681 2573 811 2598 coram
842 2566 879 2597 te
911 2562 987 2596 Do-

157 2616 274 2651 mine:
299 2616 321 2641 ’3
345 2620 382 2651 et
406 2614 677 2659 glorificabunt
702 2623 843 2647 nomen
870 2616 986 2647 tuum.

211 2666 402 2707 Queniam
428 2674 592 2708 magnus
622 2673 663 2697 es
687 2666 747 2705 tu,
781 2666 818 2696 et
842 2661 987 2696 faciens

158 2716 365 2751 mirabilia:
390 2716 412 2741 *
437 2719 479 2750 tu
501 2724 543 2749 es
566 2713 673 2747 Deus
698 2713 816 2747 solus.

212 2765 348 2801 Deduc
376 2776 436 2800 me
467 2764 632 2800 Demine
662 2763 702 2797 in
732 2762 798 2797 via
833 2766 914 2804 tua,
951 2765 988 2796 et

1022 335 1218 379 ingrediar
1233 337 1273 371 in
1287 337 1449 373 veritate
1465 342 1546 374 tua:
1570 339 1591 363 *
1612 339 1763 374 laetetur
1783 347 1850 373 cor

1022 395 1148 419 meum
1170 389 1212 420 ut
1234 387 1365 422 timeat
1386 397 1527 423 nomen
1549 391 1666 423 tuum.

1076 434 1298 471 Confitebor
1323 436 1396 471 tibi
1418 436 1582 472 Domine
1605 437 1711 472 Deus
1741 446 1849 471 meus

1023 484 1064 518 in
1094 488 1177 519 toto
1213 485 1328 520 corde
1360 496 1466 529 meo,
1499 487 1521 512 ¹¹²
1554 491 1591 522 et
1623 486 1849 531 glorificabo

1023 544 1164 569 nomen
1186 538 1294 570 tuum
1316 536 1356 570 in
1380 537 1578 571 aeternum:

1078 584 1177 625 Quia
1209 585 1477 620 misericerdia
1513 590 1580 621 tua
1619 595 1760 629 magna
1794 588 1852 619 est

1025 644 1143 678 super
1165 644 1241 669 me:
1270 634 1291 659 '³‘
1316 639 1352 670 et
1377 635 1509 670 eruisti
1538 636 1705 670 animam
1727 644 1852 669 meam

1026 694 1075 719 ex
1098 684 1246 719 inferno
1272 684 1454 720 inferiori.

1077 734 1199 778 Deus,
1246 735 1369 778 iniqui
1406 735 1695 770 insurrexerunt
1736 744 1853 778 super

1025 795 1104 827 me,
1143 788 1181 819 et
1215 785 1415 828 synagoga
1445 785 1660 828 potentium
1691 784 1852 828 quaesie-

1025 838 1114 869 runt
1141 834 1309 869 animam
1332 844 1471 869 meam:
1499 835 1520 859 ‘⁸‘
1549 838 1586 869 et
1611 844 1690 869 non
1711 843 1853 878 propo-

1027 886 1185 920 suerunt
1206 888 1243 919 te
1268 884 1308 918 in
1333 885 1543 928 conspectu
1567 894 1648 919 8110.

1078 935 1127 969 Ε1
1162 939 1204 969 111
1237 934 1401 969 Domine
1437 934 1543 968 Deus
1581 934 1783 968 miserator
1816 937 1853 967 et

1026 985 1263 1020 misericors:
1286 985 1307 1009 ’²‘
1323 985 1486 1028 patiens,
1505 988 1541 1019 et
1561 985 1692 1019 multae
1707 983 1854 1018 miseri-

1029 1035 1183 1079 cordiae,
1208 1038 1245 1069 et
1267 1044 1398 1069 verax.

1080 1084 1245 1128 Respice
1263 1084 1303 1118 in
1318 1094 1389 1127 me,
1407 1087 1443 1118 et
1459 1083 1639 1118 miserere
1656 1083 1742 1126 mei,
1763 1083 1784 1107 ’ὓ
1806 1082 1856 1117 da

1029 1135 1232 1179 imperium
1254 1138 1363 1169 tuum
1385 1135 1506 1178 puero
1530 1137 1612 1168 tuo:
1645 1137 1682 1168 et
1706 1133 1857 1168 salvum

1029 1185 1090 1220 fac
1115 1184 1238 1219 filium
1262 1184 1412 1218 ancfflae
1436 1187 1522 1218 tuae.

1080 1235 1159 1270 Fac
1186 1245 1336 1269 mecum
1367 1234 1520 1277 signum
1550 1234 1590 1268 in
1620 1234 1783 1276 bonum,
1815 1237 1858 1267 ut

1029 1285 1187 1320 videant
1220 1284 1287 1328 qui
1320 1283 1484 1318 oderunt
1517 1293 1595 1326 me,
1631 1287 1668 1318 et
1699 1283 1856 1318 confun-

1031 1335 1185 1369 dantur:
1200 1334 1221 1359 ’²‘
1239 1333 1422 1378 queniam
1437 1337 1478 1367 tu
1494 1333 1657 1368 Domine
1675 1333 1857 1376 adjuvisti

1030 1395 1101 1428 me,
1125 1388 1162 1419 et
1186 1384 1410 1419 consolatus
1435 1393 1476 1418 es
1499 1394 1570 1418 me.

1084 1434 1218 1470 Gleria
1241 1433 1357 1468 Patri.

1311 1506 1487 1539 Psalmus
1515 1505 1584 1538 115.

1037 1577 1215 1655 Credidi,
1232 1581 1392 1621 propter
1412 1577 1518 1621 quod
1540 1577 1692 1611 locutus
1717 1586 1816 1610 sum:
1838 1576 1859 1599 ²²<

1114 1637 1186 1671 ego
1210 1631 1336 1662 autem
1352 1627 1576 1662 humiliatus
1600 1637 1684 1662 sum
1704 1626 1829 1660 nimis.

1084 1677 1168 1720 Ego
1194 1676 1277 1710 dixi
1300 1676 1339 1710 in
1364 1678 1526 1711 excessu
1548 1685 1651 1710 meo:
1680 1675 1701 1699 ²³⁴
1726 1674 1860 1709 Omnis

1033 1727 1151 1762 homo
1175 1726 1352 1761 mendax.

1087 1776 1189 1818 Quid
1204 1776 1413 1811 retribuam
1428 1774 1595 1810 Demino
1617 1774 1638 1799 ²5<
1653 1784 1725 1818 pro
1742 1774 1860 1808 emni-

1034 1827 1119 1869 buS,
1144 1836 1232 1870 quae
1256 1826 1432 1860 retribuit
1453 1825 1569 1859 mihi?

1087 1877 1257 1912 Calicem
1274 1876 1454 1911 salutaris
1472 1874 1673 1918 accipiam:
1694 1873 1716 1897 ‘³‘
1738 1876 1774 1907 et
1795 1882 1861 1906 no-

1034 1937 1123 1961 men
1145 1925 1301 1960 Domini
1325 1925 1529 1960 invocabo.

1087 1976 1190 2011 Vota
1223 1986 1309 2010 mea
1341 1975 1508 2009 Demino
1540 1973 1701 2008 reddam
1733 1981 1863 2006 coram

1037 2026 1142 2061 omni
1164 2026 1311 2070 populo
1337 2025 1436 2068 ejus:
1464 2024 1485 2048 *
1512 2023 1684 2067 pretiesa
1712 2021 1752 2055 in
1775 2031 1862 2055 0011-

1036 2077 1171 2120 spectu
1187 2074 1344 2109 Domini
1365 2083 1470 2108 mors
1495 2073 1714 2107 sanctorum
1738 2071 1830 2114 ejus.

1089 2125 1119 2160 O
1141 2124 1305 2159 Demine
1331 2123 1422 2168 quia
1451 2132 1523 2166 ego
1549 2131 1684 2156 servus
1709 2124 1813 2155 tuus:
1842 2119 1863 2143 ²³²

1037 2186 1109 2219 ego
1134 2185 1270 2210 servus
1294 2178 1398 2217 tuuS,
1424 2177 1460 2209 et
1483 2173 1587 2207 fssius
1610 2171 1759 2206 anesslae
1775 2174 1862 2205 tuae.

1087 2224 1279 2268 Dirupisti
1293 2223 1448 2259 vincula
1463 2232 1563 2257 mea:
1588 2221 1609 2246 ²⁹³
1629 2220 1701 2256 tibi
1723 2219 1863 2254 sacrifi-

1038 2275 1134 2310 cabo
1171 2273 1339 2308 hostiam
1371 2271 1516 2315 laudis,
1555 2274 1593 2305 et
1621 2279 1760 2304 nomen
1788 2268 1863 2302 De-

1037 2325 1132 2359 mini
1156 2323 1359 2359 invocabo.
1644 2353 1653 2361 ,

1089 2375 1191 2409 Vota
1220 2383 1305 2408 mea
1329 2371 1496 2407 Demino
1524 2369 1684 2405 reddam
1712 2368 1752 2402 in
1775 2376 1863 2401 con-

1039 2425 1173 2469 spectu
1197 2423 1322 2458 omnis
1345 2421 1483 2466 populi
1512 2421 1609 2463 ejus:
1638 2418 1659 2443 ‘¹‘
1687 2417 1726 2451 in
1755 2415 1863 2451 atriis

1039 2475 1177 2509 domus
1201 2472 1373 2516 Demini,
1406 2472 1446 2506 in
1475 2469 1602 2505 medio
1631 2467 1686 2502 tui
1708 2467 1863 2501 ι1011183-

1038 2526 1123 2560 10111.

1091 2574 1226 2609 Glaria
1249 2573 1366 2608 Patri.

1319 2644 1495 2678 Psalmus
1522 2640 1592 2674 129.

1042 2714 1117 2789 De
1142 2708 1346 2753 profandis
1370 2705 1533 2761 clamavi
1558 2703 1608 2738 ad
1632 2707 1668 2738 te
1685 2701 1864 2736 Domine:

1127 2760 1147 2783 ’¹‘
1170 2758 1333 2795 Domine
1358 2754 1499 2792 exaudl
1522 2763 1658 2789 vocem
1680 2761 1815 2790 meam.
