2040 2976
634 201 704 234 Dic
732 201 779 234 11.
806 200 922 234 Junii.
970 202 1004 234 S.
1031 200 1221 234 Barnabae
1246 201 1439 243 Apostoli.

519 297 683 338 Oratio.

271 363 366 399 eus,
414 351 488 403 qui
524 364 605 393 nos
641 352 759 395 beati
796 353 1013 396 Barnabae

287 407 495 459 Apostoli
527 409 591 449 tui
618 409 784 451 meritis
813 415 857 451 et
884 410 1012 452 inter-

183 463 383 505 cessione
407 463 621 505 laetificas:
646 465 842 507 concede
868 469 1012 518 propi-

182 519 283 568 tius;
312 524 359 561 ut
385 520 458 572 qui
482 525 558 562 tua
580 534 661 573 per
681 534 781 563 eum
799 522 1013 563 beneficia

181 575 419 627 poscimuS‚
443 575 561 618 dono
580 582 668 618 tuae
687 578 840 629 gratiae
861 591 1012 620 conse-

182 633 378 683 quamur.
406 633 490 674 Per
509 633 758 675 Dominum.

236 694 386 727 Deinde
412 696 451 728 lit
476 704 673 729 commem.
699 695 863 737 praeced.

235 746 333 786 Ant.
360 746 534 786 Manum
553 759 677 787 suam
694 747 865 799 aperuit
881 747 1012 799 inopi,

181 806 224 842 et
244 801 414 853 palmas
434 814 535 842 suas
556 801 752 844 extendit
773 802 830 843 ad
849 805 1011 855 paupe-

179 869 282 906 rem,
302 862 346 899 et
364 870 522 910 panem
542 859 685 899 otiosa
703 871 791 900 non
807 857 1010 900 comedit.

234 908 284 958 V.
317 914 489 955 Diffusa
526 920 593 955 est
629 915 769 965 gratia
804 915 847 955 in
884 914 1011 956 labiis

178 969 275 1010 tuis.
325 970 375 1021 Rv.
407 971 651 1022 Propterea
696 971 922 1013 benedixit
966 976 1010 1012 te

177 1025 299 1067 Deus
318 1026 361 1066 in
381 1028 603 1068 aeternum.

419 1101 468 1138 In
496 1101 526 1139 1.
554 1100 776 1140 Nocturno.

284 1167 347 1206 De
368 1164 556 1207 Actibus
575 1165 905 1217 Apostolorum.

332 1237 483 1278 Lectio
504 1238 527 1277 i.
636 1238 738 1289 Cap.
759 1238 815 1277 13.
838 1237 860 1276 f.

180 1300 369 1357 fosskkgs'unl
402 1298 582 1340 dimissa
619 1304 736 1341 esset
769 1301 1009 1351 synagoga,

188 1403 192 1408 ⁸
313 1355 454 1396 secuti
474 1361 575 1397 sunt
599 1355 725 1396 multi
743 1356 767 1395 J
770 1355 1010 1405 udaeorum,

220 1408 289 1434 4¹³³
312 1417 355 1452 et
367 1411 605 1453 colentium
615 1411 895 1462 advenarum,
909 1412 1011 1453 Pau-

175 1469 282 1519 lum,
311 1474 355 1510 et
380 1468 646 1509 Barnabam:
675 1468 751 1520 qui
776 1468 1010 1520 loquentes

177 1525 421 1567 suadebant
455 1525 518 1565 eis
551 1530 599 1566 ut
630 1526 940 1577 permanerent
966 1525 1010 1566 in

176 1582 318 1632 gratia
337 1581 432 1622 Dei.
465 1581 674 1633 Sequenti
693 1593 800 1622 vero
821 1580 1009 1622 sabbato

176 1650 289 1690 pene
309 1637 513 1678 univorsa
537 1637 690 1678 civitas
714 1637 920 1679 convenit
938 1650 1009 1679 au-

176 1693 270 1735 dire
290 1693 473 1735 verbum
492 1694 586 1734 Dei.
623 1693 838 1735 Videntes
863 1698 1009 1735 autem

176 1749 329 1791 turbas
349 1750 373 1790 J
376 1749 507 1798 udaiei,
527 1750 687 1802 repleti
708 1754 808 1791 sunt
826 1749 940 1799 zelo,
965 1754 1009 1791 et

175 1805 539 1847 contradicebant
566 1806 650 1855 his,
687 1819 786 1858 quae
815 1819 841 1847 a
868 1806 1008 1847 Paulo

175 1861 450 1910 dicebantur,
476 1862 846 1914 blasphemantes.
884 1862 1010 1903 Tunc

176 1920 429 1959 constanter
448 1918 610 1959 Paulus
635 1923 679 1959 et
699 1918 928 1959 Barnabas
948 1918 1008 1959 di-

176 1976 346 2015 xerunt:
378 1974 521 2015 Vobis
555 1974 789 2026 oportebat
820 1974 1009 2024 primum

175 2030 297 2082 loqui
331 2030 513 2071 verbum
546 2031 645 2072 Dei:
686 2030 766 2072 sed
802 2031 1009 2082 quoniam

175 2086 388 2138 repellitis
407 2086 530 2136 illud,
560 2092 603 2128 et
626 2087 831 2138 indignos
851 2099 931 2128 vos
950 2087 1008 2138 ju·

177 2141 332 2183 dicatis
357 2144 533 2184 aeternae
554 2143 672 2192 vitae,
700 2155 804 2184 ecce
828 2145 1008 2184 conver-

175 2198 306 2239 timur
327 2197 383 2238 ad
404 2198 581 2239 Gentes.
615 2199 686 2240 Sic
710 2199 825 2240 enim
844 2200 1008 2251 praece-

175 2254 240 2306 pit
276 2253 404 2295 nobis
442 2255 673 2296 Dominus:
710 2255 846 2296 Posui
882 2260 926 2297 te
964 2255 1008 2295 in

174 2310 317 2351 lucem
344 2310 567 2360 Gentium,
595 2316 643 2352 ut
669 2311 728 2352 sis
752 2311 796 2351 in
822 2311 1008 2352 salutem

174 2379 314 2418 usque
333 2365 390 2407 ad
410 2368 653 2407 extremum
672 2372 814 2408 terrae.

231 2434 281 2486 R.
301 2429 418 2471 Ecce
434 2442 516 2481 ego
532 2431 660 2472 mitto
676 2439 755 2472 v'os
771 2432 885 2473 sicut
899 2443 1006 2473 oves

175 2486 218 2525 in
238 2485 384 2527 medio
408 2485 625 2538 luporum,
650 2487 757 2529 dicit
776 2488 1007 2528 Dominus:

179 2543 201 2566 *
218 2542 374 2584 Estote
399 2554 504 2593 ergo
524 2542 765 2594 prudentes
787 2544 900 2584 sicut
920 2556 1006 2584 ser·
1069 2547 1128 2599 32ss

175 2601 343 2652 pentes,
356 2603 399 2640 et
414 2599 636 2650 simplices
649 2600 762 2640 sicut
777 2599 1006 2640 columbae.
1073 2606 1077 2652 ξ

178 2651 229 2702 V.
252 2655 370 2695 Dum
393 2654 537 2695 lucem
562 2654 744 2704 habetis,
769 2654 937 2696 credite
962 2655 1005 2695 in

174 2712 328 2760 lucem,
348 2716 396 2752 ut
416 2710 492 2751 filii
512 2710 622 2752 lucis
641 2711 747 2752 sitis.
775 2711 942 2753 Estote.

1381 296 1534 337 Lectio
1554 297 1593 336 ii.

1143 353 1346 395 udientes
1372 359 1519 396 autem
1543 353 1708 395 Gentes
1732 355 1897 404 gavisae

1170 415 1287 459 sunt,
1314 415 1358 452 et
1382 409 1690 461 glorificabant
1714 409 1897 451 verbum

1066 466 1258 507 Domini:
1290 470 1333 507 et
1365 465 1646 507 crediderunt
1679 470 1898 518 quotquot

1066 527 1190 563 erant
1216 521 1503 573 praeordinati
1531 521 1587 563 ad
1613 521 1748 564 vitam
1773 523 1896 563 aeter-

1065 591 1176 619 nam.
1217 577 1598 619 Disseminabatur
1626 582 1774 619 autem
1803 589 1896 619 ver-

1065 634 1170 676 bum
1189 635 1367 677 Domini
1391 647 1472 688 per
1490 634 1740 676 universam
1757 634 1896 686 regio-

1065 704 1174 733 nem.
1214 692 1238 732 J
1240 691 1357 734 udaei
1390 697 1536 734 autem
1566 691 1897 732 concitaverunt

1064 748 1269 789 mulieres
1288 748 1528 799 religiosas,
1546 752 1591 789 et
1609 747 1830 796 honestas,
1853 751 1898 788 et

1064 804 1232 855 primos
1269 804 1475 854 civitatis,
1512 809 1556 845 et
1594 803 1896 844 excitaverunt

1063 861 1418 911 persecutionem
1436 860 1480 900 in
1499 859 1700 908 Paulum,
1727 863 1771 900 et
1790 858 1895 899 Bar-

1063 915 1237 957 nabam:
1257 921 1301 958 et
1321 918 1542 968 eiecerunt
1561 928 1640 957 eos
1660 915 1716 956 de
1734 914 1896 956 finibus

1063 973 1164 1013 suis.
1206 973 1266 1014 At
1298 973 1359 1013 illi
1393 975 1580 1014 excusso
1613 971 1795 1024 pulvere
1821 983 1895 1023 pe-

1063 1027 1168 1069 dum
1203 1029 1247 1069 in
1284 1041 1381 1077 eos,
1435 1030 1649 1070 venerunt
1685 1027 1895 1068 Iconium.

1062 1083 1278 1137 Discipuli
1298 1097 1476 1137 quoque
1493 1083 1778 1137 replebantur
1792 1086 1895 1134 gau-

1064 1139 1148 1190 dio,
1169 1145 1213 1182 et
1231 1140 1395 1193 Spiritu
1414 1145 1579 1182 sancto.

1123 1198 1172 1249 R·.
1205 1196 1369 1238 Tollite
1404 1197 1553 1248 jugum
1584 1207 1730 1237 meum
1762 1207 1896 1247 super

1063 1264 1154 1301 vos,
1175 1251 1281 1293 dicit
1296 1253 1524 1301 Dominus,
1539 1257 1583 1293 et
1598 1251 1755 1293 discite
1770 1264 1796 1292 a
1814 1263 1895 1300 me,

1064 1308 1167 1358 quia
1185 1309 1303 1350 mitis
1322 1322 1430 1359 sum,
1451 1314 1494 1350 et
1512 1307 1688 1349 humilis
1708 1307 1857 1348 corde:
1876 1315 1899 1341 *

1062 1364 1223 1414 Jugum
1251 1364 1368 1405 enim
1394 1377 1542 1406 meum
1570 1366 1705 1405 suave
1734 1368 1819 1413 est,
1853 1367 1897 1404 et

1064 1432 1175 1461 onus
1199 1433 1345 1462 meum
1369 1421 1477 1462 leve.
1512 1419 1562 1470 V.
1587 1421 1644 1462 Et
1667 1419 1897 1462 invenietis

1062 1477 1260 1528 requiem
1278 1477 1508 1518 animabus
1528 1476 1698 1519 vestris.
1725 1477 1750 1518 J
1751 1488 1897 1527 ugum.

1172 1549 1326 1590 Lectio
1348 1550 1402 1590 iii.
1615 1552 1718 1604 Cap.
1737 1553 1796 1592 14.

1150 1615 1296 1652 actum
1325 1615 1392 1652 est
1419 1615 1566 1652 autem
1584 1611 1739 1660 Iconii,
1767 1614 1815 1652 ut
1842 1611 1896 1652 si-

1153 1666 1244 1707 mul
1279 1667 1510 1708 introirent
1546 1667 1591 1707 in
1628 1668 1897 1719 synagogam

1062 1722 1336 1772 Judae6rum,
1363 1728 1406 1764 et
1431 1723 1734 1775 loquerentur,
1761 1722 1823 1764 ita
1848 1727 1896 1764 ut

1063 1777 1264 1820 crederet
1282 1779 1307 1819 J
1309 1778 1550 1829 udaeorum,
1572 1783 1617 1820 et
1636 1779 1897 1820 Graecorum

1063 1835 1245 1886 copiosa
1277 1835 1526 1877 multitudo.
1580 1835 1664 1885 Qui
1696 1847 1804 1877 vero
1835 1835 1896 1876 in-

1063 1890 1230 1933 creduli
1262 1891 1438 1934 fuerunt
1465 1892 1491 1933 J
1492 1891 1626 1941 udaiei,
1659 1891 1896 1933 suscitave-

1062 1952 1180 1996 runt,
1205 1952 1249 1989 et
1273 1947 1331 1989 ad
1354 1947 1627 1989 iracundiam
1650 1947 1895 1989 concitave-

1063 2009 1164 2045 runt
1211 2004 1379 2045 animas
1426 2004 1633 2046 Gentium
1683 2002 1896 2045 adversus

1062 2059 1232 2102 fratres.
1269 2060 1410 2102 Multo
1435 2060 1567 2111 igitur
1594 2061 1795 2112 tempore
1823 2058 1896 2102 de-

1062 2116 1222 2157 morati
1241 2122 1351 2166 sunt,
1371 2115 1634 2162 fiducialiter
1654 2117 1834 2167 agentes
1852 2116 1896 2156 in

1062 2172 1273 2222 Domino,
1305 2172 1606 2214 testimonium
1634 2172 1896 2225 perhibente

1062 2227 1199 2270 verbo
1226 2229 1380 2279 gratiae
1407 2242 1516 2276 suae,
1546 2227 1678 2271 dante
1703 2228 1826 2280 signa
1853 2233 1897 2270 et

1062 2283 1264 2337 prodigia
1283 2285 1379 2326 fieri
1397 2298 1477 2338 per
1496 2297 1652 2326 manus
1672 2287 1837 2327 eorum.

1118 2340 1168 2390 Rv.
1191 2341 1310 2382 Dum
1328 2341 1547 2383 steteritis.
1575 2341 1630 2394 [7]

1294 2413 1343 2452 In
1370 2413 1422 2453 11.
1450 2413 1675 2453 Nocturno.

1367 2482 1520 2524 Lectio
1540 2483 1592 2522 iv.

1145 2543 1362 2585 'tar-nabas
1387 2544 1583 2593 Levites,
1613 2543 1799 2597 C5⁷prius
1823 2545 1893 2594 ge-

1143 2590 1167 2635 l
1189 2613 1305 2649 nere,
1319 2600 1394 2652 qui
1405 2605 1448 2642 et
1456 2601 1481 2641 J
1483 2600 1633 2652 oseph,
1647 2612 1746 2641 cum
1755 2599 1894 2640 Paulo

1073 2655 1077 2665 “
1096 2652 1148 2681 *7ss
1190 2656 1400 2697 Gentium
1410 2656 1654 2709 Apostolus
1665 2655 1893 2697 ordinatus

1061 2717 1128 2753 est
1154 2711 1211 2753 ad
1240 2712 1575 2764 praedicandum
1600 2711 1625 2752 J
1627 2724 1705 2753 esu
1732 2711 1894 2755 Christi
