2040 2976
447 179 519 213 Die
544 179 576 212 8.
602 178 702 220 Maji.
742 178 785 210 In
802 175 1059 226 Apparitione
1086 174 1121 208 S.
1148 174 1347 207 Michaelis
1374 174 1566 213 Archang.

453 277 604 318 Lectio
624 276 679 315 ix.

153 311 422 436 Quaeritur,
443 327 668 382 quemodo
684 326 865 368 calicem
878 338 983 367 mar-

247 387 350 439 tyrii
368 386 447 427 filii
465 383 688 432 Zebedaei,
708 383 732 424 J
735 382 901 424 acebus
921 381 981 423 vi-

151 443 311 486 delicet
339 447 383 484 et
410 443 435 483 J
437 445 619 490 oannes,
638 439 842 482 biberint:
882 451 982 480 cum

149 500 375 552 Scriptura
394 503 556 548 narret,
579 498 604 538 J
606 496 794 538 acebum
811 499 982 537 tantum

149 555 418 608 “Apestolum
437 554 491 596 ab
507 553 688 595 Herede
704 552 849 604 capite
863 556 980 592 trun-

151 614 315 662 catum,
367 612 392 652 J
394 613 557 652 oannes
609 614 757 651 autem
800 607 981 660 prepria

149 674 291 710 morte
319 668 455 710 vitam
481 667 652 708 finierit.
688 663 776 706 Sed
803 664 840 705 si
864 663 979 714 lega-

150 738 247 766 mus
292 723 612 766 ecclesiasticas
657 721 882 770 historias,
936 720 980 760 in

152 780 310 832 quibus
337 780 490 830 fertur,
533 778 654 832 quod
687 782 730 820 et
756 778 852 830 ipse
880 789 979 829 pro-

149 841 250 889 pter
275 835 531 888 martyrium
558 835 614 876 sit
640 835 801 875 missus
828 833 873 873 in
899 833 979 874 fer-

150 892 293 934 ventis
313 891 399 933 elei
418 890 599 940 dolium,
626 895 669 932 et
691 889 793 931 inde
813 888 870 931 ad
889 902 980 930 sus-

151 948 398 1000 cipiendam
417 950 627 989 coronam
642 946 805 988 Christi
819 945 981 987 athleta

150 1004 427 1057 processerit,
448 1006 684 1056 statimque
703 1003 924 1053 relegatus
939 1002 982 1042 in

151 1061 330 1102 Patmos
377 1060 563 1102 insulam
615 1061 685 1101 sit:
735 1058 982 1101 videbimus

150 1117 360 1169 martyrio
385 1117 576 1158 animum
593 1129 682 1158 non
702 1115 911 1164 defuisse,
940 1118 984 1155 et

150 1172 315 1215 bibisse
348 1173 562 1215 Joannem
597 1173 779 1214 calicem
815 1170 982 1212 confes-

151 1229 306 1278 sienis‚
339 1242 471 1281 quem
499 1235 543 1271 et
569 1234 659 1271 tres
687 1228 815 1281 pueri
842 1227 887 1267 in
916 1239 982 1268 ca-

150 1287 269 1327 mino
288 1286 400 1336 ignis
418 1285 639 1335 biberunt,
658 1285 761 1326 licet
778 1286 981 1336 persecu-

150 1345 222 1383 tor
239 1354 329 1383 non
346 1341 507 1383 fuderit
527 1342 792 1392 sanguinem.

207 1400 269 1440 Te
287 1398 432 1440 Deum
449 1398 691 1440 laudamus.
710 1399 768 1439 13.

432 1494 517 1536 Die
536 1495 573 1534 8.
589 1493 702 1546 Maji.

383 1560 432 1599 In
462 1558 754 1610 Apparitione

247 1615 291 1656 S.
316 1614 582 1661 Michaelis
610 1614 885 1665 Archangeli.

412 1672 568 1716 Duplex
583 1672 717 1714 majus.

366 1733 428 1773 In
448 1733 486 1774 1.
509 1731 761 1783 vesperis.

203 1793 292 1826 Ant.
315 1797 353 1826 et
376 1791 500 1835 Capit.
526 1790 573 1825 de
598 1790 717 1824 Laud.
743 1790 821 1825 291.
853 1789 915 1823 Ps.
941 1794 981 1823 ut

153 1840 191 1874 in
214 1840 242 1874 Ι.
266 1840 384 1883 Vesp.
410 1839 456 1873 de
482 1839 686 1874 Communi
711 1838 847 1882 Apost.
873 1837 920 1881 [2]

176 1932 192 1948 ἶ
227 1940 231 1942 ἡ
460 1892 670 1943 Hymnus.

227 1946 306 2010 μει,
326 1950 536 2004 splendor
556 1956 599 1994 et
618 1951 757 1993 virtus
775 1951 930 2001 Patris,

287 2008 353 2049 Te
373 2008 473 2058 vita,
492 2008 517 2049 J
519 2021 607 2058 esu,
628 2006 838 2057 cordium,

231 2064 302 2106 Ab
322 2077 398 2106 ore
419 2064 494 2116 qui
510 2063 706 2116 pendent
724 2069 813 2113 tuo,

227 2119 480 2162 Laudamus
498 2121 610 2162 inter
629 2119 837 2171 Angelos.

179 2180 278 2222 Tibi
295 2181 413 2223 mille
433 2180 571 2223 densa
587 2181 772 2222 millium

230 2237 404 2279 Ducum
422 2239 588 2279 corena
601 2234 775 2279 militat:

229 2292 317 2334 Sed
337 2294 527 2346 explicat
545 2293 686 2335 victor
706 2306 882 2335 crucem

229 2349 418 2391 Michael
439 2349 591 2391 salutis
611 2350 800 2401 signifer.

181 2410 395 2451 Dracenis
413 2410 484 2451 hic
505 2410 648 2452 dirum
667 2415 801 2463 caput

229 2466 280 2506 In
297 2466 384 2507 ima
401 2466 526 2518 pellit
543 2469 717 2517 tartara,

228 2522 486 2574 Ducemque
505 2535 605 2563 cum
622 2522 858 2564 rebellibus

231 2578 411 2620 Coelesti
430 2577 486 2620 ab
506 2591 606 2620 arce
625 2579 834 2620 fulminat.

181 2638 343 2680 Contra
362 2637 519 2680 ducem
539 2638 759 2691 superbiae

229 2695 472 2747 Sequamur
489 2695 605 2737 hunc
627 2707 707 2736 nos
726 2694 981 2747 principem,

1799 167 1868 203 287

1112 269 1172 310 Ut
1192 267 1320 309 detur
1339 280 1395 309 ex
1415 267 1532 318 Agni
1549 266 1710 308 throno

1111 324 1254 366 Nobis
1275 326 1439 365 corona
1458 323 1623 374 gleriae.

1063 384 1191 434 Patri,
1212 383 1429 436 simulque
1448 383 1572 433 Filio,

1112 441 1303 493 Tibique
1324 444 1474 481 sancte
1493 440 1692 492 Spiritus,

1112 498 1234 539 Sicut
1252 497 1344 546 fuit,
1364 496 1421 538 sit
1440 496 1598 547 jugiter

1113 554 1303 596 Saeclum
1311 565 1392 605 per
1404 565 1533 594 omne
1544 551 1693 603 gleria.
1712 552 1867 592 Amen.

1088 612 1139 663 V.
1184 614 1316 657 Stetit
1351 613 1546 664 Angelus
1590 613 1710 664 juxta
1747 625 1869 654 aram

1035 672 1199 725 templi.
1231 672 1283 723 R.
1305 669 1487 711 Habens
1505 669 1776 711 thuribulum
1796 672 1867 710 au-

1035 742 1160 771 reum
1178 729 1222 769 in
1240 740 1371 769 manu
1391 739 1480 767 sua.

1089 785 1158 826 Ad
1187 785 1360 836 Magnis.
1406 785 1505 825 Ant.
1547 784 1665 823 Dum
1697 794 1870 822 sacrum

1035 841 1292 894 mysterium
1305 841 1503 881 cerneret
1513 838 1538 879 J
1541 840 1717 887 oannes,
1733 837 1869 878 Arch-

1037 897 1218 948 angelus
1231 895 1420 937 Michael
1434 894 1540 937 tuba
1555 894 1727 936 cecinit:
1742 894 1869 944 Igno-

1037 967 1111 996 sce
1129 954 1318 995 Domine
1337 953 1460 993 Deus
1479 956 1646 1000 noster,
1675 951 1750 1002 qui
1769 952 1869 1003 ape-

1035 1011 1094 1051 ris
1114 1010 1285 1059 librum,
1305 1014 1348 1051 et
1368 1008 1504 1050 solvis
1523 1006 1748 1057 signacula
1768 1007 1869 1058 ejus,

1036 1066 1219 1119 alleluia.

1374 1121 1537 1162 Oratio.

1036 1175 1219 1280 Deus,
1253 1179 1328 1230 qui
1355 1178 1468 1218 miro
1498 1175 1651 1218 erdine
1679 1175 1869 1226 Angelo-

1140 1249 1236 1276 rum
1275 1234 1515 1275 ministeria
1555 1232 1869 1283 hominumque

1037 1293 1282 1344 dispensas:
1303 1289 1498 1332 concede
1517 1288 1753 1342 propitius3
1778 1293 1826 1329 ut
1844 1301 1870 1328 a

1038 1349 1195 1402 quibus
1218 1348 1298 1390 tibi
1321 1345 1665 1388 ministrantibus
1689 1345 1733 1385 in
1754 1344 1867 1386 coelo

1037 1418 1211 1458 semper
1236 1404 1472 1453 assistitur,
1505 1402 1560 1443 ab
1590 1401 1657 1442 his
1683 1402 1727 1441 in
1751 1406 1869 1442 terra

1035 1463 1126 1504 vita
1145 1467 1298 1503 nostra
1315 1460 1546 1501 muniatur.
1573 1459 1658 1499 Per
1676 1458 1804 1498 Dfim.

1200 1542 1288 1583 Ad
1313 1540 1707 1582 matutinum.

1090 1607 1214 1648 Invit.
1274 1607 1438 1654 Regem
1490 1600 1870 1651 Archangelowm

1035 1661 1289 1710 Deminum,
1310 1664 1331 1685 *
1350 1659 1513 1704 Venite
1537 1656 1782 1698 adoremus.

1084 1721 1156 1773 ΡΞ.
1190 1718 1356 1766 Venite,
1375 1714 1654 1757 exsultemus.
1673 1714 1711 1754 2.

1087 1777 1244 1827 Hymn.
1282 1775 1338 1815 Te
1358 1770 1580 1824 splendor.
1614 1780 1659 1813 ut
1688 1787 1830 1825 supra.

1282 1849 1330 1886 In
1350 1849 1379 1886 Ι.
1402 1848 1624 1886 Nocturno.

1090 1916 1188 1956 Ant.
1227 1915 1501 1955 Concussum
1539 1914 1607 1952 est
1644 1921 1783 1958 mare,
1826 1914 1870 1950 et

1036 1969 1301 2011 contremuit
1318 1974 1452 2017 terra,
1471 1967 1546 2008 ubi
1565 1965 1868 2016 Archangelus

1034 2026 1223 2068 Michael
1243 2023 1542 2067 descendebat
1561 2023 1616 2064 de
1637 2022 1764 2064 coelo.

1090 2087 1237 2120 Psalmi
1271 2087 1386 2120 trium
1423 2086 1711 2120 Nocturnorum
1751 2089 1790 2118 ut
1832 2085 1867 2117 iu

1039 2135 1175 2170 Officio
1200 2135 1336 2169 votivo
1363 2135 1410 2168 dc
1436 2134 1492 2168 Ss.
1518 2134 1691 2176 Angelis.
1715 2130 1811 2174 [198]

1090 2188 1189 2228 Ant.
1208 2185 1457 2227 Laudemus
1471 2183 1720 2233 Deminum‚
1737 2195 1868 2234 quem

1034 2242 1215 2285 laudant
1251 2241 1429 2293 Angeli,
1467 2253 1599 2292 quem
1630 2239 1867 2281 Cherubim

1036 2306 1079 2341 et
1095 2299 1336 2351 seraphim,
1347 2298 1543 2347 Sanctus,
1554 2297 1750 2345 Sanctus,
1763 2295 1866 2336 San-

1035 2362 1144 2406 ctus,
1163 2354 1451 2408 proclamant.

1087 2413 1187 2453 Ant.
1215 2409 1428 2452 Ascendit
1450 2410 1595 2451 fumus
1622 2410 1866 2449 arematum

1034 2469 1078 2510 in
1098 2469 1339 2520 conspectu
1354 2466 1534 2507 Demini
1553 2465 1608 2507 de
1626 2472 1759 2505 manu
1778 2464 1864 2504 An-

1034 2525 1131 2576 geli.

1091 2576 1141 2627 YV.
1183 2580 1312 2622 Stetit
1349 2577 1545 2629 Angelus
1586 2578 1705 2628 iuxta
1745 2587 1865 2616 aram

1033 2637 1198 2690 templi.
1230 2639 1280 2690 R.
1301 2634 1484 2676 Habens
1503 2631 1773 2675 thuribulum
1791 2633 1864 2671 au-

1034 2706 1157 2736 reum
1174 2693 1219 2734 in
1237 2705 1368 2734 manu
1387 2703 1477 2732 sua.
