2040 2976
185 207 261 251 [50]

189 315 274 355 que
286 301 514 343 Pontificis
539 297 791 342 veneranda
815 295 1015 338 solemni-

185 365 273 408 tas,
311 363 355 400 et
386 357 669 399 devotionem
702 353 830 395 nobis
858 355 1017 403 aageat

187 421 230 458 et
249 415 446 457 salutem.
473 414 559 455 Per
577 411 828 454 Deminum.

462 492 558 530 Alia
580 489 743 530 Oratio.

186 550 410 657 Exaudi,
432 554 684 606 quaesumus
702 548 903 596 Domine,
921 558 1017 599 pre-

289 623 364 653 ces
387 614 579 658 nostraS‚
617 619 726 660 quas
754 605 799 646 in
823 603 944 645 beati
968 604 1016 644 N.

188 666 465 710 Confesseris
510 665 576 707 tui
616 668 749 716 atque
791 658 1018 702 Pontificis

188 723 468 766 solemnitate
493 720 744 763 deferimus-z
773 722 817 759 et
841 715 916 768 qui
938 714 1020 756 tibi

188 781 319 832 digne
346 779 504 821 meruit
529 775 745 824 famulari,
773 775 865 826 ejus
890 772 1019 812 inter-

188 835 448 878 cedentibus
462 834 628 875 meritis
644 832 699 874 ab
716 829 919 872 omnibus
937 839 1020 868 nos

188 893 371 935 absolve
390 891 597 945 peccatis.
629 889 716 930 Per
736 885 986 928 Dominum.

240 960 314 993 Pro
333 959 568 993 Doctoribus
590 959 627 991 in
647 958 818 999 utrisque
837 956 952 999 Vesp

244 1016 310 1056 Ad
338 1016 510 1062 Magnis.
539 1016 635 1054 Ant.
658 1014 694 1053 O
719 1009 890 1052 Doctor
909 1005 1021 1058 opti-

188 1083 270 1121 me,
280 1071 304 1096 *
319 1069 531 1111 Ecclesiae
547 1071 711 1121 sanctae
726 1062 1022 1113 lumen,beate

189 1132 249 1171 N..
274 1127 434 1168 divinae
453 1125 564 1176 legis
580 1125 762 1172 amator,
781 1120 1022 1173 deprecare

188 1196 271 1238 pro
291 1183 422 1225 nobis
440 1181 598 1223 Filium
617 1180 713 1222 Dei.

520 1257 683 1297 Oratio.

189 1316 379 1422 Deus,
423 1320 498 1373 qui
533 1318 702 1372 pepulo
734 1321 812 1358 tuo
845 1316 1022 1356 aeternae

307 1378 460 1419 sallitis
486 1376 669 1418 beatum
696 1377 747 1417 N.
776 1372 1023 1413 ministrum

189 1435 397 1478 tribuisti:
443 1438 610 1487 praesta
658 1433 928 1483 quaesumus3
974 1432 1023 1469 ut

192 1505 323 1544 quem
341 1489 586 1532 Doctorem
603 1488 707 1530 vitae
727 1486 960 1527 habuimus
978 1484 1022 1524 in

190 1549 337 1598 terris,
372 1547 710 1589 intercessorem
740 1542 905 1584 habere
935 1553 1022 1581 me-

191 1607 365 1646 reamur
383 1604 427 1644 in
448 1602 582 1644 coelis.
608 1602 694 1642 Per
712 1599 962 1640 Dominum.

356 1687 444 1728 Ad
471 1685 860 1727 matutinum.

248 1756 368 1796 lnvit.
399 1756 568 1804 Regem
596 1752 910 1794 Confessorum
935 1749 1023 1790 Do-

194 1812 369 1861 minum,
388 1813 408 1836 *
440 1810 601 1851 Venite
621 1808 865 1850 adoremus.

249 1873 310 1911 l's.
352 1872 515 1920 Venite,
544 1869 825 1911 exsultemus.
851 1869 889 1908 2.

250 1935 454 1984 Hymnus.
480 1933 569 1972 Iste
585 1929 823 1972 Confessor
836 1927 1025 1969 Domini.

195 1997 239 2029 ut
261 2003 401 2040 supra.
434 1988 518 2040 [49]

428 2071 476 2109 In
503 2072 533 2111 1.
563 2070 786 2109 Nocturno.

252 2133 346 2174 Ant.
389 2132 551 2172 Beatus
584 2131 665 2180 vir,
692 2131 716 2156 *
750 2130 825 2182 qui
853 2129 897 2170 in
927 2128 1026 2181 lege

196 2187 374 2229 Domini
402 2187 657 2228 meditatur:
698 2186 903 2228 voluntas
935 2187 1026 2238 ejus

195 2246 424 2297 permanet
452 2242 523 2284 die
551 2256 603 2285 ac
630 2247 775 2294 nocte,
808 2246 852 2284 et
881 2243 1027 2283 omnia

198 2303 487 2352 quaecumque
523 2299 672 2350 faciet,
720 2297 896 2352 semper
926 2312 1025 2352 pro-

197 2355 501 2410 sperabuntur.

487 2431 683 2470 Psalmus
714 2431 740 2468 1.

209 2500 215 2549 ζ
300 2496 433 2536 eatus
448 2493 525 2543 vir,
542 2493 617 2544 qui
636 2505 724 2534 non
739 2492 847 2534 abiit
861 2493 905 2533 in
925 2506 1026 2535 con-

210 2559 214 2602 {
236 2553 302 2606 245³*
326 2550 425 2591 silio
445 2549 692 2602 impierum,
712 2554 756 2590 et
774 2549 818 2589 in
837 2550 908 2590 via
926 2563 1026 2602 pec-

205 2603 303 2632 ssss'*
327 2608 526 2648 catorum
558 2618 647 2646 non
679 2605 815 2654 stetit,
847 2606 871 2630 *
906 2610 949 2646 et
982 2606 1026 2645 in

198 2663 409 2705 cathedra
427 2661 690 2715 pestilentiae
710 2673 798 2701 non
818 2660 945 2702 sedit:

249 2718 337 2761 Sed
351 2719 396 2760 in
410 2719 506 2770 lege
516 2717 697 2760 Domini
706 2717 911 2758 voluntas
925 2718 1027 2769 ejus,

692 206 901 238 Commune
929 202 1174 237 ‹jonscssoris
1203 200 1408 234 I’ontiticis

1069 294 1093 319 *
1114 297 1158 334 et
1176 293 1222 333 in
1237 291 1334 343 lege
1349 293 1441 343 ejus
1460 289 1745 332 meditabitur
1762 289 1834 331 die
1849 301 1901 330 ac

1071 354 1213 391 nocte.

1122 406 1180 447 Et
1207 405 1290 446 erit
1315 408 1543 455 tamquam
1569 402 1754 454 lignum,
1782 401 1903 454 quod

1070 462 1317 514 plantatum
1328 464 1395 502 est
1410 472 1538 501 secus
1550 458 1762 501 decursus
1772 460 1902 510 aqua-

1071 531 1179 568 rum,
1205 518 1230 543 *
1259 516 1380 569 quod
1407 516 1599 558 fructum
1627 528 1754 557 suum
1780 513 1904 556 dabit

1071 575 1116 615 in
1135 576 1336 627 ternpore
1357 585 1453 614 suo:
1628 606 1631 608 .

1123 631 1180 672 Et
1208 631 1362 672 felium
1390 631 1482 681 ejus
1509 641 1599 670 non
1619 627 1799 670 defluet:
1815 627 1840 654 *
1859 631 1904 669 et

1073 687 1221 729 emnia
1239 689 1531 739 quaecumque
1550 685 1698 736 faciet,
1722 696 1903 738 prospe-

1071 743 1295 785 rabuntur.

1123 800 1227 842 Non
1260 800 1323 841 sic
1356 798 1500 851 impii,
1532 811 1623 840 non
1655 796 1738 839 sic:
1768 797 1793 823 *
1825 795 1905 838 sed

1073 862 1299 909 tamquam
1343 855 1509 908 pulvis,
1553 867 1686 907 quem
1729 853 1906 907 projicit

1073 918 1230 955 ventus
1249 926 1275 954 a
1293 913 1405 954 facie
1423 917 1566 954 terrae.
1850 941 1856 946 .

1125 969 1235 1012 Ideo
1259 982 1349 1011 non
1373 972 1606 1020 resurgent
1628 967 1755 1020 impii
1778 967 1824 1008 in
1847 967 1905 1019 ju-

1075 1026 1206 1068 dicio:
1231 1026 1255 1052 *
1281 1038 1425 1078 neque
1452 1026 1712 1078 peccatores
1735 1023 1781 1064 in
1805 1035 1906 1064 con-

1075 1083 1177 1125 cilio
1197 1083 1423 1135 justorum.

1128 1139 1348 1190 Quoniam
1383 1138 1508 1180 novit
1538 1136 1757 1179 Dominus
1789 1135 1908 1177 viam

1074 1197 1304 1248 justorum:
1326 1195 1350 1222 *
1376 1200 1420 1237 et
1442 1195 1526 1237 iter
1549 1194 1788 1247 impierum
1809 1204 1907 1245 per-

1075 1252 1165 1294 ibit.

1130 1312 1228 1351 Ant.
1259 1310 1424 1350 Beatus
1448 1307 1514 1349 vir
1539 1306 1615 1360 qui
1635 1306 1681 1347 in
1698 1306 1796 1357 lege
1818 1306 1906 1347 Do-

1075 1365 1179 1406 mini
1198 1364 1450 1407 meditatur:
1473 1363 1681 1406 voluntas
1702 1364 1792 1415 ejus
1811 1363 1907 1415 per-

1075 1426 1223 1463 manet
1243 1421 1313 1463 die
1334 1434 1386 1462 ac
1404 1425 1546 1470 nocte,
1566 1425 1610 1461 et
1629 1419 1778 1461 omnia
1792 1431 1907 1471 quae-

1076 1482 1265 1530 cumque
1291 1478 1436 1528 faciet,
1474 1489 1650 1530 semper
1674 1488 1907 1529 prospera-

1075 1534 1249 1576 buntur.

1132 1594 1230 1633 Ant.
1260 1593 1425 1633 Beatus
1452 1591 1535 1632 iste
1563 1593 1760 1639 sanctus,
1781 1589 1806 1615 *
1835 1587 1911 1641 qui

1077 1648 1271 1690 confisus
1287 1652 1353 1689 est
1371 1648 1416 1688 in
1431 1647 1635 1696 Domino,
1648 1645 1911 1699 praedicavit

1076 1706 1352 1757 praeceptum
1361 1703 1549 1753 D6mini,
1563 1702 1827 1744 constitutus
1842 1705 1911 1743 est

1076 1761 1121 1801 in
1139 1765 1290 1802 monte
1310 1764 1464 1801 sancto
1485 1761 1587 1812 ejus.

1367 1822 1564 1861 Psalmus
1592 1820 1627 1859 2.

1164 1886 1270 1915 uare
1297 1874 1569 1915 fremuerunt
1597 1872 1781 1922 Gentes,
1812 1871 1837 1898 *
1865 1876 1910 1913 et

1181 1930 1337 1983 populi
1362 1928 1564 1971 meditati
1591 1933 1694 1970 sunt
1721 1927 1891 1971 inania?

1130 1987 1379 2028 Astiterunt
1402 1998 1529 2038 reges
1555 1989 1703 2036 terrae,
1727 1989 1772 2027 et
1793 1987 1909 2038 prin-

1079 2044 1201 2096 cipes
1226 2044 1528 2085 convenerunt
1551 2042 1597 2083 in
1620 2055 1757 2084 unum
1783 2042 1808 2068 *
1836 2040 1909 2082 ad-

1078 2101 1232 2141 versus
1282 2100 1547 2150 Dominum,
1600 2103 1645 2141 et
1698 2097 1910 2140 adversus

1079 2156 1301 2198 Christum
1329 2157 1431 2208 ejus.

1131 2213 1447 2265 Dirumpamus
1479 2211 1655 2253 vincula
1687 2212 1859 2253 eorum:
1886 2210 1910 2236 *

1079 2274 1124 2311 et
1149 2269 1434 2322 projiciamus
1462 2281 1487 2310 a
1515 2268 1645 2310 nobis
1671 2269 1821 2321 jugum
1847 2267 1910 2319 ip-

1079 2338 1240 2367 sorum.

1132 2382 1218 2433 Qui
1247 2381 1419 2423 habitat
1450 2381 1495 2422 in
1528 2381 1673 2431 coelis,
1709 2379 1911 2422 irridebit

1079 2451 1171 2480 eos:
1185 2439 1210 2465 *
1227 2443 1271 2480 et
1284 2438 1502 2479 Dominus
1518 2436 1807 2480 subsannabit
1822 2449 1910 2478 605.

1130 2495 1256 2536 Tunc
1275 2495 1481 2546 loquetur
1500 2494 1558 2536 ad
1578 2507 1654 2536 eos
1673 2494 1719 2534 in
1737 2493 1803 2534 ira
1821 2505 1912 2542 sua,

1078 2551 1102 2576 *
1123 2556 1166 2592 et
1185 2551 1230 2591 in
1248 2551 1396 2592 furore
1417 2564 1497 2592 suo
1517 2549 1800 2592 conturbabit
1823 2561 1911 2590 eos.

1130 2607 1226 2658 Ego
1247 2612 1394 2649 autem
1414 2607 1680 2648 constitutus
1700 2618 1797 2647 sum
1811 2605 1911 2646 Rex

1080 2663 1135 2704 ab
1155 2676 1209 2705 eo
1230 2677 1362 2716 super
1377 2664 1483 2705 Sion
1497 2668 1694 2705 montem
1709 2666 1910 2703 sanctum

1081 2720 1183 2770 ejus,
1201 2720 1225 2746 *
1244 2720 1495 2772 praedicans
1513 2720 1789 2772 praeceptum
1808 2718 1910 2769 ejus.
