2040 2976
628 219 700 253 Die
725 219 754 253 7.
778 220 883 254 Julii.
930 220 964 254 S.
990 220 1207 254 Pulcheriae
1232 220 1368 263 Imper.
1394 220 1499 262 Virg.

193 315 379 354 noscant
397 317 441 354 te
461 312 604 353 solum
623 313 768 354 Deum
787 325 956 363 verum,
982 318 1027 355 et

193 369 508 479 qurilecrlrlilffisisti
527 369 551 409 J
555 381 678 410 esum
701 369 936 412 Christum.
971 370 1028 412 Et

348 542 538 587 Homilia
566 544 706 586 sancti
735 544 885 597 Cyrilli

461 599 760 644 Alexandrini.

228 677 283 711 De
310 677 404 712 Fide
431 679 480 712 ad
505 678 750 714 Pulcheriam
775 685 811 715 et
839 691 994 715 sorores

528 737 694 770 reginas.

395 802 476 831 vos
497 802 645 831 sacras
668 789 1027 841 castissimasque

198 846 230 901 Ῑ
243 896 248 899 .
277 840 288 881 ³5
313 846 475 888 Christi
502 846 696 888 omnium
717 852 917 888 nostrum
936 846 1026 888 Sal-

209 908 238 929 *ss
315 903 479 945 vatoris
512 916 715 956 sponsas,
754 903 1026 954 religiosissi-

193 972 278 1001 mae
306 973 357 1001 ac
385 960 482 1002 Deo
517 960 813 1002 dilectissimae
842 961 1026 1013 impera-

193 1019 344 1066 trices,
386 1016 506 1058 orbis
545 1019 762 1058 terrarum
800 1019 1026 1058 ornamen-

192 1078 301 1124 tum,
330 1073 796 1126 sanctissimarumque
822 1073 1026 1116 ecclesia-

193 1143 289 1172 rum
327 1130 462 1172 decus
499 1131 668 1184 optimo
701 1132 793 1183 jure
827 1131 1027 1187 quisquis

192 1187 499 1240 appellaverit,
546 1188 591 1228 in
629 1188 788 1241 quibus
823 1188 1027 1229 nimirum

193 1257 322 1286 omne
355 1245 567 1287 virtutum
603 1258 758 1296 genus,
795 1247 1026 1297 omnisque

192 1304 373 1343 ornatus
412 1302 571 1344 divinae
609 1303 851 1355 majestatis
886 1302 1026 1344 oculis

190 1363 341 1409 gratus
362 1363 662 1412 acceptusque
681 1359 867 1402 mirifice
883 1360 1024 1413 splen-

192 1414 278 1457 det.
331 1416 489 1470 Neque
522 1416 589 1458 his
619 1417 778 1470 opibus
806 1419 1025 1460 contentae

192 1485 369 1514 omnem
406 1486 584 1526 quoque
623 1487 775 1516 curam
807 1476 1026 1527 omneque

191 1529 387 1571 studium
407 1530 642 1582 adhibetiS,
673 1544 761 1584 quo
785 1530 873 1574 fide
892 1537 1025 1583 recta,

191 1586 445 1640 nullamque
480 1588 525 1628 in
564 1594 739 1642 partem
775 1589 1025 1641 vacillante,

191 1644 430 1686 excelletis.
465 1645 623 1698 Neque
651 1645 814 1687 Christi
842 1659 1025 1697 regnum

192 1702 437 1753 capessere,
457 1707 501 1744 et
521 1714 572 1743 ea
593 1715 692 1755 quae
707 1702 770 1743 illi
784 1708 909 1754 grata
925 1709 1026 1746 sunt

191 1757 336 1800 facere
363 1763 407 1800 et
431 1761 593 1801 sentire
618 1759 837 1810 omittitis,
864 1760 1026 1813 partim

193 1814 371 1867 quidem
390 1816 619 1868 praeclaris
639 1816 900 1868 actionibus,
926 1830 1024 1871 par-

190 1871 269 1912 tim
287 1884 460 1913 rursum
480 1885 580 1914 cum
594 1878 777 1925 vestraS,
796 1878 890 1916 tum
908 1877 1024 1927 prin-

191 1929 339 1981 cipum
386 1942 564 1982 quoque
608 1933 857 1973 vestrorum
903 1931 1025 1973 aulas

191 1985 454 2036 virginitatis
486 1987 627 2038 gloria
658 1987 1024 2040 condecorantes3

191 2042 354 2094 partim
401 2043 591 2096 denique
637 2046 1025 2098 sumptuosissima

191 2099 356 2151 templa
390 2100 565 2143 Christo
602 2102 795 2144 Domino
834 2103 1024 2144 excitan-

191 2159 277 2196 tes:
308 2169 410 2198 nam
441 2163 485 2200 et
516 2158 601 2201 hoc
634 2172 812 2212 quoque
844 2160 1024 2213 pietatis

192 2212 386 2254 studium
426 2214 538 2257 inter
574 2218 722 2258 cetera
753 2217 826 2258 ille
860 2217 1024 2259 sanctis

192 2270 352 2312 vestris
372 2272 526 2314 animis
545 2273 794 2327 impertitus
814 2280 893 2316 est.

240 2360 291 2412 Rz.
313 2357 424 2400 Haec
443 2364 510 2400 est
523 2359 661 2412 Virgo
682 2362 872 2414 sapiens,
892 2375 1024 2415 quam

190 2413 409 2456 Dominus
435 2416 689 2467 vigilantem
714 2418 894 2469 invenit,
925 2433 1024 2472 quae

192 2472 386 2524 acceptis
414 2472 710 2526 lampadibus,
743 2477 932 2529 sumpsit
959 2489 1023 2518 se-

191 2540 291 2569 cum
321 2528 482 2570 oleum:
506 2531 528 2554 *
561 2531 618 2572 Et
646 2532 847 2574 veniente
874 2534 1023 2574 Domi-

191 2598 266 2635 no,
298 2586 496 2628 introivit
529 2600 628 2630 cum
660 2601 713 2630 eo
748 2588 805 2631 ad
836 2590 1023 2642 nuptias.

188 2637 239 2689 Y.
265 2642 412 2684 Media
435 2650 567 2687 nocte
590 2645 757 2687 clamor
775 2646 918 2688 factus
939 2653 1024 2690 est:

190 2699 307 2741 Ecce
333 2713 524 2754 sponsus
544 2703 679 2753 venit,
706 2705 822 2745 exite
848 2703 1023 2746 obviam

190 2756 241 2797 ei.
268 2756 326 2799 Et
344 2758 558 2800 veniente.

1374 316 1526 357 Lectio
1547 316 1630 357 viii.

1122 379 1240 430 gitur
1260 391 1315 421 ex
1335 379 1472 421 sacris
1491 379 1650 422 litteris
1665 381 1793 424 vobis
1807 395 1911 426 vere

1142 436 1306 478 sanctis
1341 435 1502 479 Christi
1536 439 1712 491 sponsis
1747 440 1910 492 (quam-

1079 505 1211 545 quam
1231 492 1288 534 ad
1308 492 1498 545 quodvis
1520 506 1633 548 opus
1653 494 1819 537 bonum
1838 495 1910 538 ab·

1078 549 1194 591 unde
1218 550 1445 592 instructae
1466 550 1719 604 videamini)
1743 552 1911 606 aliquid

1078 605 1350 659 depromam.
1404 607 1520 650 Hinc
1549 609 1711 650 etenim
1739 614 1784 651 et
1810 609 1910 651 Em-

1077 663 1325 705 manuelem
1361 677 1530 715 verum,
1576 678 1628 707 ac
1665 666 1911 709 naturalem

1077 719 1237 769 Deum,
1265 726 1308 762 et
1331 721 1559 773 Virginem
1582 722 1784 773 Matrem,
1810 737 1910 776 quae

1078 789 1178 818 eum
1214 778 1406 830 peperit,
1451 791 1602 820 veram
1643 792 1724 832 per
1764 780 1911 834 ipsum

1077 833 1318 887 Deiparam
1351 848 1449 877 esse
1482 836 1662 888 planum
1693 837 1781 880 fiet.
1834 838 1911 881 Ait

1079 890 1292 933 Christus:
1320 893 1432 934 Haec
1457 898 1525 934 est
1545 893 1634 935 vita
1653 895 1837 945 aeterna,
1863 900 1912 936 ut

1078 950 1348 1000 cognoscant
1366 954 1410 991 te
1430 949 1574 991 solum
1589 950 1733 992 Deum
1747 964 1912 1002 verum,

1078 1003 1283 1058 et'quem
1314 1006 1472 1048 misisti
1498 1007 1649 1049 Jesum
1679 1007 1912 1050 Christum.

1077 1062 1123 1103 Si
1151 1075 1251 1104 cum
1280 1063 1416 1105 solius
1446 1067 1626 1117 verique
1653 1065 1738 1107 Dei
1765 1066 1911 1117 cogni-

1077 1119 1197 1161 tione
1215 1120 1239 1161 J
1242 1132 1319 1162 esu
1340 1120 1502 1163 Christi
1523 1122 1821 1173 cognitionem
1839 1136 1911 1165 ne-

1078 1177 1316 1218 cessariam
1368 1179 1758 1231 consociatamque
1813 1192 1910 1222 esse

1078 1236 1268 1287 oportet,
1289 1239 1333 1276 et
1351 1234 1438 1277 hoc
1457 1235 1603 1288 ipsum
1623 1237 1833 1278 aeternam
1851 1237 1910 1279 vi-

1077 1296 1167 1332 tam
1193 1292 1417 1342 conciliat,
1451 1293 1520 1334 cui
1550 1292 1789 1335 obscurum
1813 1305 1911 1336 esse

1076 1353 1228 1401 potest
1263 1348 1487 1391 Christum
1518 1362 1672 1392 verum
1700 1362 1798 1392 esse
1826 1350 1911 1392 De-

1076 1405 1172 1446 um?
1192 1406 1392 1448 Verbum
1411 1420 1516 1449 sane
1533 1420 1637 1449 caro
1653 1407 1818 1450 factum
1832 1412 1911 1458 est,

1077 1461 1157 1504 sed
1175 1464 1336 1505 mansit
1354 1464 1530 1506 interim
1547 1463 1755 1506 Verbum.

1132 1531 1183 1582 Ην.
1220 1527 1369 1571 Media
1402 1535 1535 1572 nocte
1569 1529 1736 1571 clamor
1768 1530 1911 1573 factus

1077 1591 1157 1628 est:
1192 1588 1215 1613 *
1247 1587 1364 1629 Ecce
1397 1599 1589 1640 sponsus
1622 1586 1757 1637 venit,
1795 1589 1911 1630 exite

1077 1642 1255 1684 obviam
1276 1644 1326 1686 ei.
1352 1639 1403 1691 V.
1425 1643 1672 1686 Prudentes
1693 1643 1911 1695 Virgines,

1076 1701 1227 1752 aptate
1264 1706 1436 1742 vestras
1474 1700 1717 1754 lampades.
1782 1699 1910 1743 Ecce.

1079 1756 1229 1798 Gloria
1247 1757 1380 1799 Patri.
1408 1758 1536 1800 Ecce.

1381 1839 1536 1881 Lectio
1556 1840 1611 1880 ix.

1163 1912 1182 1949 t
1201 1919 1284 1958 ego
1314 1907 1559 1948 claritatem
1588 1920 1720 1960 quam
1746 1907 1909 1950 dedisti

1169 1963 1291 2014 mihi,
1326 1962 1430 2006 dedi
1455 1964 1534 2014 eis,
1566 1969 1615 2006 ut
1645 1964 1732 2006 sint
1763 1977 1909 2015 unum,

1076 2021 1190 2063 sicut
1209 2026 1253 2063 et
1271 2033 1353 2062 nos
1373 2034 1508 2063 unum
1528 2034 1691 2063 sumus.
1724 2021 1909 2072 Qualem

1076 2080 1226 2130 itaque
1243 2078 1430 2129 gloriam
1443 2078 1579 2120 Filius
1599 2091 1624 2120 a
1638 2078 1770 2121 Patre
1785 2091 1907 2121 acce-

1075 2137 1195 2188 pisse
1215 2148 1262 2177 se
1277 2140 1437 2186 narrat,
1459 2148 1591 2188 quam
1604 2135 1733 2178 nobis
1748 2135 1908 2178 deinde

1077 2195 1356 2234 communem
1381 2191 1558 2234 fecerit?
1590 2193 1703 2235 Sane
1728 2193 1826 2246 ipse
1852 2193 1908 2235 ab

1075 2249 1159 2291 hac
1196 2249 1443 2301 quaestione
1478 2262 1560 2291 nos
1592 2249 1767 2300 liberat,
1804 2249 1909 2292 dum

1076 2307 1153 2356 ait,
1194 2306 1254 2348 Ut
1287 2319 1422 2347 unum
1460 2306 1561 2356 sint,
1604 2306 1719 2348 sicut
1752 2311 1796 2348 et
1826 2320 1908 2349 nos

1075 2377 1210 2405 unum
1230 2375 1392 2404 sumus.
1425 2363 1540 2404 Nam
1561 2363 1643 2405 etsi
1660 2363 1745 2405 Dei
1763 2363 1908 2406 Patris

1075 2420 1275 2463 Verbum
1308 2420 1551 2462 secundum
1578 2420 1806 2473 propriam
1831 2420 1907 2474 hy-

1076 2478 1293 2531 postasim
1311 2477 1421 2519 alius
1441 2491 1466 2519 a
1485 2478 1616 2520 Patre
1639 2490 1736 2520 esse
1757 2478 1907 2530 digno-

1076 2537 1242 2585 scatur,
1282 2535 1470 2577 naturali
1500 2541 1648 2578 tamen
1678 2535 1908 2577 identitate

1075 2605 1210 2633 unum
1238 2591 1369 2645 plane
1395 2597 1439 2634 et
1462 2591 1581 2635 idem
1606 2598 1674 2635 est
1700 2606 1800 2635 cum
1819 2587 1908 2634 illo.

1075 2649 1136 2691 At
1156 2662 1244 2701 quo
1264 2654 1398 2702 pacto
1413 2649 1613 2692 Verbum
1634 2649 1753 2701 illud,
1772 2663 1908 2692 unum

1078 2718 1256 2758 quoque
1277 2706 1509 2748 nobiscum
1533 2707 1697 2749 factum
1717 2705 1806 2749 est?
1834 2705 1908 2748 Ad

1076 2762 1282 2804 eumdem
1301 2764 1479 2805 omnino
1493 2762 1686 2814 modum,
1704 2768 1822 2816 puta,
1843 2775 1906 2804 se-
