2040 2976
644 214 854 249 Commune
880 214 1132 257 plurimorum
1158 213 1377 255 Martyrum.

155 315 200 357 Si
225 328 311 356 non
336 315 496 356 fuerint
520 314 766 355 Pontifices.
822 312 986 353 Oratio.

156 369 340 476 Deus,
372 373 446 425 qui
474 385 555 414 nos
584 369 790 413 concedis
819 370 987 410 sancto-

267 443 365 471 rum
388 430 634 481 Martyrum
661 428 838 469 tuorum
863 430 915 471 N,
946 429 989 466 et

156 488 208 528 N.
234 486 430 528 natalitia
450 485 612 527 colere:
641 483 698 526 da
721 482 849 524 nobis
870 482 914 522 in
933 493 987 522 ae-

156 545 280 585 terna
305 542 577 585 beatitudine
599 540 654 582 de
680 541 833 582 eorum
852 538 988 579 socie-

155 602 247 642 tate
266 598 469 650 gaudere.
505 599 590 640 Per
610 596 859 638 DOminum.

431 669 530 711 Alia
551 669 715 711 Oratio.

250 742 338 779 eus,
367 729 442 782 qui
466 740 546 769 nos
571 730 714 769 annua
738 727 989 768 sanctorum

265 785 509 837 Martyrum
525 786 704 826 tuorum
718 786 770 828 N.
789 787 833 824 et
850 786 900 827 N.
922 794 988 823 so—

157 842 382 884 lemnitate
411 841 627 883 laetificas:
665 839 859 882 concede
889 851 989 891 pro-

156 899 305 952 pitius3
330 903 380 940 ut
399 910 587 951 quorum
604 896 846 948 gaudemus
864 895 989 936 meri-

157 956 224 1005 tis,
235 954 527 997 accendamur
538 953 761 1006 exemplis.
770 953 856 994 Per
862 952 990 993 Dfim.

426 1023 494 1060 Ad
518 1022 721 1059 Tertiam.

210 1082 310 1123 Ant.
339 1083 450 1123 Cum
468 1079 626 1132 palma.

212 1143 350 1195 Capit.
378 1142 615 1184 Justorum.
644 1148 691 1184 ut
710 1155 853 1195 supra.
885 1139 969 1192 [44]

210 1204 262 1255 R.
276 1203 339 1245 br.
358 1201 593 1244 Laetamini
610 1201 654 1242 in
673 1200 876 1249 Domino,
891 1203 915 1229 *
936 1200 992 1241 Et

161 1258 378 1303 exsultate
414 1258 526 1311 justi.
566 1257 808 1299 Laetamini.
848 1256 898 1308 V·
935 1257 992 1298 Et

160 1315 406 1369 gloriamini
430 1327 582 1357 omnes
607 1314 717 1356 recti
743 1313 888 1355 corde.
925 1313 992 1355 Et.

161 1373 316 1415 Gloria
333 1371 465 1413 Patri.
492 1370 734 1413 Laetamini.

212 1425 263 1479 V.
295 1428 528 1470 Exsultent
554 1427 655 1479 justi
679 1427 723 1467 in
751 1428 993 1479 conspectu

161 1486 257 1528 Dei.
284 1489 335 1541 Κ.
354 1485 412 1527 Et
434 1484 707 1526 delectentur
726 1483 770 1524 in
788 1483 952 1525 laetitia.

438 1553 506 1590 Ad
528 1553 716 1589 Sextam.

214 1612 314 1654 Ant.
343 1611 543 1663 Corpora
562 1611 825 1652 sanctorum.

265 1679 524 1733 Capitulum.
651 1682 751 1734 Sap.
768 1683 831 1722 10.
848 1680 887 1722 d.

253 1740 422 1783 eddidit
448 1741 570 1782 Deus
597 1739 848 1781 mercedem
874 1739 993 1781 labo-

269 1810 366 1839 rum
382 1798 634 1839 sanctdrum
651 1798 843 1847 suorum,
863 1801 907 1838 et
922 1795 994 1838 de-

164 1853 289 1896 duxit
315 1853 416 1895 illos
443 1854 487 1894 in
512 1853 584 1895 via
608 1852 813 1894 mirabili:
847 1858 890 1895 et
914 1853 995 1894 fuit

163 1910 249 1951 illis
272 1910 317 1951 in
341 1909 590 1952 velamento
616 1909 719 1960 diei,
757 1914 801 1952 et
826 1909 871 1950 in
897 1909 994 1951 luce

164 1966 392 2008 stellarum
411 1970 553 2008 nocte.

214 2027 266 2079 R.
290 2026 353 2067 br.
380 2026 614 2069 Exsultent
637 2027 737 2079 justi
762 2026 785 2050 *
817 2027 869 2068 In
896 2040 995 2069 con-

166 2085 321 2136 spectu
339 2084 435 2125 Dei.
462 2083 705 2126 Exsultent.
732 2079 781 2130 V.
805 2084 862 2126 Et
881 2083 995 2126 dele-

165 2142 338 2182 ctentur
357 2140 402 2181 in
417 2139 581 2182 laetitia.
608 2141 670 2181 In.
698 2140 853 2182 Gloria
865 2140 996 2183 Patri.

164 2196 406 2239 Exsultent.

216 2249 266 2298 V.
291 2253 316 2294 J
318 2253 404 2295 usti
425 2257 572 2295 autem
590 2253 635 2294 in
653 2255 916 2306 perpetuum
936 2253 995 2294 vi-

165 2313 280 2350 vent.
319 2310 368 2361 R».
409 2309 467 2351 Et
503 2309 622 2362 apud
657 2309 896 2351 DOminum
931 2314 998 2350 est

165 2377 334 2406 merces
365 2367 528 2406 eorum.

447 2433 516 2470 Ad
538 2434 723 2471 Nonam.

220 2491 319 2531 Ant.
348 2491 590 2542 Martyrum
610 2490 781 2532 chorus.

270 2553 528 2605 Capitulum.
738 2555 836 2606 Sap.
853 2556 890 2595 3.

247 2620 458 2671 ulgebunt
472 2621 583 2672 justi,
600 2625 644 2662 et
657 2624 883 2672 tamquam
897 2619 999 2661 scin-

266 2677 374 2719 tillae
398 2677 442 2718 in
461 2676 721 2718 arundineto
741 2676 998 2718 discurrent.

167 2733 434 2777 Judieabunt
465 2733 685 2783 natic'mes,
727 2738 770 2775 et
805 2733 998 2774 domina-

1806 203 1876 247 [45]

1040 306 1205 348 buntur
1223 304 1415 358 populis:
1444 308 1488 345 et
1506 301 1708 354 regnabit
1726 300 1875 342 Domi-

1041 375 1122 403 nus
1141 361 1317 403 illorum
1336 361 1381 401 in
1400 361 1675 413 perpetuum.

1094 422 1144 473 R.
1164 420 1226 461 br.
1260 418 1284 458 J
1286 417 1374 459 usti
1393 421 1541 458 autem
1556 419 1578 442 *
1604 415 1656 456 In
1670 415 1875 467 perpetu-

1042 489 1115 517 um
1133 475 1292 516 vivent.
1320 474 1345 514 J
1347 473 1444 515 usti.
1478 470 1528 521 Y.
1551 473 1608 514 Et
1627 471 1746 524 apud
1759 471 1876 511 Dfim

1043 537 1110 574 est
1124 543 1295 573 merces
1312 532 1474 572 eorum.
1493 530 1555 570 In.
1574 528 1738 571 Gloria.
1753 528 1778 568 J
1780 527 1877 569 usti.

1094 585 1144 637 V.
1174 586 1471 629 Exsultabunt
1494 585 1634 627 sancti
1657 585 1701 626 in
1726 584 1877 635 gloria.

1043 648 1093 699 R».
1122 644 1411 686 Laetabuntur
1430 643 1474 683 in
1494 641 1710 683 cubilibus
1730 641 1831 682 suis.

1242 709 1304 749 In
1330 708 1392 748 11.
1412 705 1667 756 vesperis.

1095 770 1194 810 Ant.
1214 769 1242 807 1.
1271 765 1351 808 Isti
1371 769 1473 806 sunt
1491 763 1642 814 sancti,
1657 763 1681 789 *
1702 763 1777 815 qui
1794 775 1877 815 pro

1042 825 1308 866 testamento
1328 821 1414 864 Dei
1438 834 1517 862 sua
1537 822 1727 873 corpora
1745 819 1878 861 tradi-

1044 881 1217 930 derunt,
1250 884 1295 921 et
1318 879 1363 920 in
1388 877 1599 928 sanguine
1624 876 1741 927 Agni
1765 876 1878 917 lave-

1044 942 1145 979 runt
1164 936 1301 979 stolas
1321 948 1434 976 suas.

1094 993 1235 1027 Psalm.
1267 996 1306 1027 ut
1336 992 1374 1026 in
1406 992 1432 1025 I.
1456 991 1573 1033 Vesp.
1599 990 1646 1024 dc
1672 990 1875 1025 Communi

1043 1042 1180 1085 Apost.
1214 1041 1261 1085 [2]
1290 1044 1327 1075 et
1350 1040 1438 1075 loco
1467 1038 1592 1073 ultimi
1616 1038 1680 1073 Ps.
1707 1037 1878 1073 Credidi.

1095 1090 1131 1130 2.
1171 1089 1320 1130 Sancti
1347 1099 1428 1141 per
1459 1086 1594 1128 fidem
1625 1086 1649 1112 *
1681 1086 1880 1127 vicerunt

1045 1159 1189 1197 regna,
1201 1144 1374 1198 operati
1389 1148 1490 1185 sunt
1499 1143 1719 1195 justitiam,
1730 1141 1881 1195 adepti

1045 1208 1146 1245 sunt
1167 1201 1544 1255 repromissiOneS.

1096 1261 1131 1301 3.
1160 1260 1424 1301 Sanctorum
1446 1256 1568 1298 velut
1591 1255 1751 1308 aquilae
1775 1256 1799 1281 *
1823 1255 1880 1307 ju-

1046 1317 1201 1358 ventus
1216 1314 1516 1357 renovabitur:
1531 1312 1753 1354 florebunt
1769 1312 1882 1354 sicut

1045 1372 1183 1414 lilium
1204 1373 1248 1413 in
1269 1371 1446 1413 civitate
1465 1369 1655 1411 Domini.

1098 1431 1134 1471 4.
1165 1428 1406 1479 Absterget
1427 1427 1550 1468 Deus
1574 1426 1598 1452 *
1623 1437 1800 1467 omnem
1822 1424 1881 1466 la-

1047 1486 1227 1527 crimam
1259 1484 1314 1527 ab
1350 1484 1487 1526 oculis
1523 1484 1796 1524 sanctorum:
1839 1486 1883 1523 et

1046 1543 1131 1594 iam
1149 1555 1238 1584 non
1263 1541 1346 1583 erit
1364 1540 1553 1593 amplius
1568 1551 1713 1591 neque
1726 1538 1882 1587 luctus

1046 1611 1190 1651 neque
1205 1598 1383 1648 clamor,
1404 1596 1485 1639 sed
1502 1609 1585 1638 nec
1603 1595 1717 1637 ullus
1738 1594 1881 1637 dolor:

1049 1655 1255 1707 quomam
1273 1655 1423 1707 priora
1440 1653 1717 1695 transierunt.

1097 1713 1135 1752 5.
1166 1713 1214 1752 In
1234 1711 1489 1753 coelestibus
1509 1709 1655 1762 regnis
1670 1710 1694 1735 *
1711 1709 1882 1750 sancto-

1047 1781 1144 1810 rum
1170 1767 1386 1810 habitatio
1416 1771 1500 1817 est,
1530 1771 1574 1808 et
1601 1766 1645 1806 in
1670 1766 1884 1807 aeternum

1048 1825 1223 1878 requies
1248 1826 1412 1866 eorum.

1314 1885 1513 1925 Psalmus
1533 1886 1612 1924 115.

1048 1938 1294 2046 Credidi,
1334 1945 1521 1994 propter
1549 1938 1671 1992 quod
1707 1938 1884 1980 locutus

1140 2011 1252 2040 sum:
1280 1999 1304 2025 *
1334 2010 1416 2049 ego
1445 2001 1593 2039 autem
1627 1994 1883 2037 humiliatus

1049 2068 1147 2097 sum
1174 2055 1316 2096 nimis.

1100 2112 1196 2163 Ego
1226 2111 1318 2153 dixi
1345 2111 1390 2152 in
1419 2111 1604 2152 excessu
1630 2120 1748 2151 meo:
1775 2108 1799 2134 *
1828 2107 1883 2148 O·

1049 2168 1163 2209 mnis
1191 2168 1324 2209 homo
1352 2166 1554 2209 mendax.

1103 2224 1221 2275 Quid
1247 2223 1489 2266 retribuam
1515 2222 1722 2272 D6mino,
1749 2222 1773 2248 *
1801 2233 1883 2273 pro

1051 2280 1267 2331 Omnibus,
1296 2293 1395 2333 quae
1422 2279 1626 2322 retribuit
1653 2276 1784 2319 mihi?

1102 2337 1296 2379 Calicem
1316 2337 1520 2379 salutaris
1545 2335 1777 2388 accipiam:
1796 2334 1820 2360 *
1840 2338 1884 2375 et

1050 2406 1211 2435 nomen
1237 2393 1418 2435 D6mini
1445 2392 1675 2436 invocAbo.

1101 2450 1222 2492 Vota
1253 2463 1353 2492 mea
1383 2450 1485 2492 Dfio
1516 2448 1702 2492 reddam
1734 2459 1885 2489 coram

1052 2507 1172 2548 omni
1181 2506 1350 2560 populo
1363 2508 1471 2560 ejus:
1480 2507 1505 2534 *
1515 2505 1714 2559 pretiosa
1726 2504 1771 2545 in
1782 2515 1883 2545 con-

1052 2565 1209 2616 spectu
1221 2564 1310 2605 Dfii
1328 2576 1448 2605 mors
1466 2564 1724 2605 sanct6rum
1743 2561 1852 2612 ejus:

1104 2620 1142 2661 Ο
1158 2620 1348 2662 Domine
1372 2621 1475 2673 quia
1494 2632 1576 2671 ego
1597 2630 1751 2660 servus
1767 2621 1884 2658 tuus:

1050 2677 1075 2774 ἶ
1100 2689 1182 2729 ego
1211 2690 1366 2719 servus
1393 2682 1508 2727 tuus,
1537 2680 1580 2718 et
1608 2674 1725 2716 filius
1754 2671 1883 2714 ancil-

1067 2746 1105 2775 ae
1130 2738 1230 2776 tuae.
