2040 2976
195 206 263 250 [56]

195 303 399 344 decorem
439 301 687 353 imposuisti
730 312 862 353 super
905 312 1019 340 eum:

194 359 380 412 posuisti
399 358 442 399 in
463 358 607 410 capite
625 358 715 409 ejus
735 358 944 397 coronam
964 355 1018 396 de

192 415 339 468 lapide
357 414 566 467 pretioso.

245 474 343 514 Ant.
372 471 458 512 Hic
486 469 673 522 accipiet
700 471 723 496 *
753 469 1017 511 benedictio-

691 212 900 244 (lommunc
927 210 1172 243 (jonscswris
1200 207 1406 241 Pontificis.

1127 303 1254 343 Pater
1273 303 1434 340 noster.

1125 361 1368 401 Absolutio.
1397 362 1437 399 A
1457 355 1652 396 vinculis.

1126 413 1174 463 Y.
1199 410 1311 452 Jube
1336 410 1508 452 domne.

1128 472 1285 514 ssened.
1315 467 1580 519 Evangelica
1597 467 1740 511 lectio.

191 541 291 570 nem
318 541 343 569 fl
365 527 573 576 DOminQ
602 531 644 567 et
671 525 1018 567 misericffl‘diam
1075 537 1225 580 Lectio
1254 537 1393 578 sancti
1411 537 1637 588 Evangelii
1658 539 1898 582 secundum

192 598 217 626 a
242 585 339 626 Deo
369 583 548 625 salutari
574 595 668 624 suo:
697 583 799 634 quia
826 582 921 623 haec
950 587 1016 624 est

190 641 414 693 generatio
438 639 725 692 quaerentium
743 639 990 680 Dominum.

461 703 655 743 Psalmus
683 705 746 743 23.

282 753 414 794 omini
447 757 513 794 est
541 758 676 802 terra,
714 757 757 794 et
787 750 1015 804 plenitudo

193 755 276 860 D
295 811 402 862 ejus:
420 811 443 836 *
469 808 588 850 orbis
607 811 836 858 terrarum,
866 813 909 849 et
926 808 1016 848 uni-

191 867 306 907 versi
326 866 400 917 qui
419 865 618 906 habitant
637 866 680 906 in
701 878 765 906 eo.

244 923 354 972 Quia
376 922 471 974 ipse
501 935 632 974 super
655 922 793 962 maria
819 921 1017 964 fundavit

192 992 304 1021 eum:
330 980 353 1003 *
379 984 422 1020 et
447 991 579 1030 super
599 978 776 1019 flumina
796 980 1016 1031 praepara'l-

192 1036 254 1077 vit
274 1048 383 1077 eum.

244 1092 350 1141 Quis
371 1090 579 1132 ascendet
596 1091 640 1131 in
658 1096 852 1132 montem
868 1090 976 1132 Dfii?
991 1093 1014 1117 *

191 1154 266 1189 aut
282 1148 378 1199 quis
398 1147 529 1189 stabit
548 1147 591 1187 in
610 1147 710 1188 loeo
728 1153 881 1189 sancto
903 1147 1016 1200 ejus?

1350 592 1618 635 Matthaeum.

1177 658 1325 698 Lectio
1349 658 1413 697 vii.
1560 656 1661 708 Cap.
1677 659 1741 697 25.
1758 657 1795 698 b.

1069 710 1145 817 In
1163 715 1238 756 illo
1257 717 1470 767 tempore:
1492 715 1615 757 Dixit
1628 716 1652 756 J
1654 729 1754 758 esus
1774 716 1898 759 disci-

1133 771 1247 824 pulis
1269 771 1357 812 suis
1377 771 1634 824 parabolam
1652 772 1779 815 hanc:
1810 774 1899 816 Ho-

1068 841 1141 869 mo
1169 830 1354 881 peregre
1385 828 1689 880 proficiscens,
1726 831 1900 873 vocavit

1069 897 1221 926 servos
1250 897 1364 934 suos,
1394 890 1437 926 et
1463 884 1645 928 tradidit
1671 886 1756 928 illis
1784 886 1901 929 bona

1071 954 1159 982 sua.
1196 942 1252 983 Et
1270 940 1447 992 reliqua.

1118 1010 1309 1054 Homilia
1327 1011 1466 1052 sancti
1486 1011 1689 1064 Gregorii
1709 1013 1854 1066 Papae.

1239 1075 1408 1109 Homilia
1435 1079 1465 1109 (Α.
1490 1076 1527 1109 in
1554 1075 1734 1118 Evangel.

1107 1123 1300 1165 ¹
1324 1124 1463 1165 sancti
1482 1125 1716 1176 Evangelii,
1743 1126 1901 1169 fratres

1074 1186 1075 1200 ³
1118 1172 1175 1210 ²·ss
1209 1180 1439 1230 carissimi,
1485 1181 1668 1224 sollicite
1705 1183 1901 1226 conside-

242 1205 459 1245 Innocens
508 1202 709 1244 manibus
760 1209 803 1245 et
853 1204 1016 1246 mundo

192 1260 340 1310 corde,
364 1261 387 1286 *
417 1260 491 1312 qui
518 1272 606 1301 non
634 1261 804 1312 accepit
831 1261 874 1302 in
903 1274 1016 1302 vano

191 1317 379 1358 animam
401 1330 539 1366 suam,
566 1329 647 1357 nec
671 1317 828 1368 juravit
847 1317 891 1358 in
910 1317 1014 1359 dolo

190 1375 391 1427 proximo
413 1386 504 1415 suo.

242 1431 326 1472 Hic
368 1430 554 1482 accipiet
596 1429 948 1472 benedictionem
993 1444 1018 1471 a

191 1487 395 1528 Domino:
410 1488 433 1513 *
449 1491 492 1527 et
510 1485 855 1528 misericordiam
876 1499 901 1528 a
919 1487 1016 1528 Deo

192 1543 372 1584 salutari
392 1555 483 1584 suo.

243 1600 353 1640 Haec
381 1604 448 1640 est
476 1599 700 1650 generatio
731 1600 1018 1651 quaerentium

193 1668 311 1704 eum,
347 1656 370 1680 *
414 1655 701 1707 quaerentium
743 1656 899 1697 faciem
935 1656 1018 1697 Dei

193 1711 342 1753 Jacob.

245 1767 446 1809 Attollite
491 1772 644 1820 portas
685 1768 908 1820 principes
949 1780 1018 1810 ve-

192 1828 320 1873 stras,
353 1829 396 1866 et
421 1824 651 1866 elevamini
674 1829 816 1876 portae
839 1827 1018 1866 aeterna·

191 1880 272 1922 les:
291 1881 314 1906 *
335 1885 378 1922 et
397 1879 592 1922 introibit
610 1881 709 1922 Rex
727 1881 890 1932 gloriae.

245 1937 365 1987 Quis:
378 1941 445 1978 est
465 1937 547 1979 iste
567 1938 665 1979 Rex
688 1936 863 1988 gloriae?
884 1939 908 1966 *
930 1937 1018 1979 Do-

192 1994 333 2034 minus
362 1993 486 2035 fortis
516 1999 560 2035 et
594 1999 768 2046 potens:
805 1994 1018 2036 Dominus

195 2054 353 2102 potens
371 2050 415 2090 in
431 2050 596 2102 praelio.

245 2106 446 2148 Attollite
487 2112 638 2159 portas
681 2107 902 2159 principes
946 2120 1016 2149 ve-

195 2167 326 2211 stras,
367 2168 411 2204 et
447 2163 674 2205 elevamini
714 2168 857 2216 portae
894 2169 1016 2205 aeter-

195 2218 333 2260 nales:
359 2220 383 2245 ¹⁸¹
411 2224 454 2261 et
480 2219 676 2261 introibit
702 2220 801 2263 Rex
827 2220 989 2271 gloriae.

247 2275 353 2325 Quis
377 2280 444 2317 est
469 2276 552 2317 iste
571 2276 669 2318 Rex
691 2275 865 2327 gloriae?
885 2278 909 2304 *
931 2278 1018 2318 Do-

195 2332 338 2372 minus
348 2331 556 2373 virtutum
565 2332 660 2384 ipse
671 2338 737 2374 est
747 2333 843 2374 Rex
855 2333 1018 2384 gloriae.

248 2388 348 2428 Ant.
370 2387 452 2428 Hic
471 2388 656 2439 accipiet
668 2388 1020 2431 benedictionem

197 2457 222 2485 a
236 2443 438 2493 Domino,
459 2448 502 2485 et
519 2444 864 2487 misericordiam
881 2459 907 2487 a
921 2447 1019 2488 Deo

197 2499 376 2542 salutari
408 2513 503 2541 suo:
541 2501 641 2552 quia
673 2501 768 2542 haec
799 2506 865 2543 est
895 2515 1020 2554 gene-

196 2557 310 2598 ratio
331 2556 616 2608 quaerentium
634 2557 881 2599 Dominum.

251 2612 299 2662 X.
326 2613 395 2654 Tu
423 2626 470 2654 es
499 2612 706 2654 sacerdos
730 2614 773 2654 in
799 2616 1022 2656 aeternum.

199 2672 248 2767 geg.
282 2668 532 2767 lSlecundum
567 2668 765 2711 ordinem
797 2670 1022 2712 Melchise-

230 2739 280 2768 ec
313 2758 322 2767 .

1208 1238 1306 1278 rare
1338 1249 1420 1278 nos
1452 1237 1679 1290 admonet,
1719 1252 1774 1281 ne
1810 1253 1901 1290 Ποε,

1072 1292 1145 1343 qui
1167 1292 1266 1345 plus
1291 1293 1448 1335 ceteris
1470 1294 1514 1335 in
1537 1294 1623 1336 hoc
1645 1295 1810 1339 mundo
1835 1309 1902 1338 ac-

1071 1351 1241 1401 cepisse
1276 1349 1441 1402 aliquid
1473 1351 1710 1402 cernimur,
1747 1352 1802 1395 ab
1831 1366 1902 1395 au-

1071 1407 1193 1447 ctore
1222 1406 1373 1448 mundi
1404 1407 1579 1458 gravius
1612 1408 1714 1450 inde
1745 1409 1902 1461 judice—

1070 1475 1178 1503 mur.
1232 1462 1341 1503 Cum
1378 1463 1492 1505 enim
1528 1467 1740 1515 augentur
1777 1465 1903 1516 dona,

1071 1518 1263 1561 rationes
1288 1519 1419 1561 etiam
1447 1526 1649 1563 crescunt
1677 1521 1904 1564 donorum.

1071 1574 1215 1617 Tanto
1244 1588 1349 1627 ergo
1383 1589 1481 1618 esse
1508 1576 1729 1628 humilior,
1771 1583 1903 1631 atque

1071 1630 1127 1672 ad
1180 1632 1458 1674 serviendum
1509 1634 1607 1675 Deo
1656 1635 1904 1688 promptior

1073 1687 1257 1740 quisque
1277 1687 1410 1730 debet
1438 1702 1492 1730 ex
1518 1692 1710 1740 munere,
1740 1696 1903 1743 quanto

1072 1756 1119 1785 se
1149 1743 1454 1795 obligatiorem
1482 1758 1579 1788 esse
1612 1747 1828 1800 conspicit
1860 1748 1904 1789 in

1072 1800 1298 1842 reddenda
1317 1802 1497 1843 ratione.
1541 1803 1657 1845 Ecce
1675 1803 1809 1846 homo
1830 1805 1904 1857 qui

1072 1859 1256 1909 peregre
1283 1858 1591 1910 proficiscitur,
1620 1872 1771 1902 servos
1799 1873 1903 1903 suos

1073 1919 1217 1964 vocat,
1252 1916 1402 1966 eisque
1421 1915 1478 1957 ad
1496 1916 1720 1968 negotium
1738 1916 1902 1959 talenta

1072 1972 1268 2023 partitur.
1292 1971 1400 2013 Post
1417 1972 1602 2014 multum
1615 1985 1722 2015 vero
1737 1975 1903 2027 tempo-

1073 2027 1132 2068 ris
1159 2028 1383 2080 positurus
1415 2029 1629 2071 rationem
1663 2030 1905 2072 revertitur.

1073 2084 1193 2125 Bene
1245 2087 1479 2137 operantes
1527 2099 1610 2138 pro
1664 2088 1901 2139 apportato

1073 2140 1196 2182 lucro
1226 2145 1494 2192 remunerat,
1536 2155 1710 2185 servum
1740 2156 1846 2185 vero
1879 2156 1904 2185 a

1075 2196 1192 2239 bono
1221 2201 1356 2251 opere
1383 2201 1633 2252 torpentem
1661 2199 1848 2242 damnat.

1127 2264 1178 2314 R.
1203 2260 1381 2301 Amavit
1400 2273 1499 2301 eum
1518 2261 1744 2310 Dominus,
1773 2266 1818 2303 et
1838 2274 1904 2303 or·

1075 2315 1195 2357 navit
1230 2329 1346 2357 eum:
1386 2317 1543 2359 stolam
1578 2317 1731 2368 gloriae
1765 2317 1906 2360 induit

1076 2384 1185 2422 eum,
1205 2377 1227 2400 *
1250 2373 1307 2414 Et
1325 2372 1382 2415 ad
1399 2379 1551 2426 portas
1570 2373 1763 2427 paradisi
1782 2387 1904 2416 coro-

1075 2429 1195 2470 navit
1214 2441 1323 2470 eum.
1339 2426 1388 2476 V.
1411 2429 1559 2472 Induit
1574 2443 1674 2472 eum
1688 2430 1904 2472 Dominus

1075 2485 1257 2527 loricam
1276 2486 1394 2536 fidei,
1425 2491 1468 2528 et
1487 2487 1656 2528 ornavit
1676 2499 1785 2528 eum.
1814 2487 1880 2528 Et.

1128 2552 1287 2593 Bened.
1318 2548 1446 2598 Cujus
1466 2548 1624 2590 festum
1643 2547 1846 2598 colimus.

1363 2615 1514 2655 Lectio
1534 2614 1615 2654 viii.

1161 2673 1228 2713 uis
1255 2675 1403 2725 itaque
1431 2673 1513 2714 iste
1544 2673 1677 2715 homo
1708 2677 1793 2722 est,
1831 2674 1905 2724 qui

1178 2731 1362 2781 peregre
1381 2729 1683 2782 proficiscitur,
1702 2729 1784 2770 nisi
1798 2729 1906 2771 Red-
