2040 2976
604 171 675 205 Die
699 172 728 205 3.
754 171 854 213 Maii.
900 170 944 204 In
967 169 1195 204 Inventione
1220 169 1254 203 S.
1282 169 1425 203 Crucis.

213 270 249 309 3.
264 269 381 308 Ecce
401 265 586 307 Crucem
601 263 789 314 Domini,
807 263 830 289 *
849 262 985 313 fugite

157 327 306 375 partes
330 321 546 371 adversae,
573 321 679 362 vicit
696 320 767 361 leo
792 319 848 361 de
868 318 986 360 tribu

156 378 280 428 Juda,
298 377 423 419 radix
441 376 596 426 David,
616 376 799 428 alleluja.

212 438 250 475 4.
278 435 369 476 Nos
393 439 539 476 autem
562 433 741 484 gloriari
763 433 787 459 *
807 434 985 485 oportet

156 490 200 530 in
211 491 351 532 Cruce
361 490 539 532 Domini
550 489 689 532 nostri
698 489 723 530 J
725 501 803 530 esu
814 487 985 530 Christi.

212 549 249 589 5.
272 548 352 588 Per
372 547 543 598 signum
562 545 713 587 Crucis
731 546 756 572 *
774 544 830 586 de
848 543 984 584 inimi-

157 603 220 644 cis
243 603 404 645 nostris
422 602 561 644 libera
582 615 663 643 nos
682 601 804 643 Deus
822 605 984 642 noster.

213 666 471 719 Capitulum.
556 718 559 719 ⁷
698 663 883 716 Philipp.
898 664 934 703 2.

235 733 390 770 ratres:
414 728 515 770 Hoc
539 727 653 769 enim
671 729 828 768 sentite
847 726 892 767 in
910 738 983 767 vo-

246 785 330 836 bis,
369 784 489 837 quod
519 789 562 826 et
589 784 633 824 in
662 783 836 825 Christo
863 783 887 824 J
891 795 983 824 esu:

157 841 231 893 qui
259 854 358 883 cum
383 841 428 881 in
454 841 595 883 forma
620 840 704 882 Dei
731 845 865 890 esset,
896 852 984 880 non

155 899 352 950 rapinam
377 897 615 939 arbitratus
641 902 708 939 est
733 909 830 938 esse
855 908 902 937 se
928 908 982 937 ae-

157 953 331 1005 quAIem
353 953 468 995 Deo:
498 953 578 995 sed
603 955 889 1005 semetipsum
913 965 983 994 ex-

154 1009 350 1059 inanivit,
385 1010 571 1051 formam
606 1009 721 1051 servi
752 1008 984 1061 accipiens,

154 1065 199 1106 in
227 1065 554 1108 similitudinem
579 1065 805 1107 hominum
830 1065 984 1114 factus

156 1126 200 1163 et
217 1121 371 1164 habitu
388 1122 589 1165 inventus
608 1127 656 1164 ut
673 1121 818 1165 homo.

463 1194 674 1245 Hymnus.

246 1265 367 1303 ustra
387 1274 465 1303 sex
485 1262 560 1313 qui
578 1262 662 1314 jam
681 1260 863 1314 peregit,

272 1317 469 1370 Tempus
487 1318 676 1371 implens
696 1316 907 1369 corporis,

231 1373 398 1426 Sponte
416 1373 555 1416 libera
572 1373 847 1426 Redemptor

233 1429 434 1471 Passioni
454 1430 638 1480 deditus,

232 1485 386 1537 Agnus
403 1486 447 1527 in
467 1486 619 1528 Crucis
636 1486 808 1527 levatur

233 1542 533 1585 Immolandus
552 1543 712 1596 stipite.

187 1602 302 1645 Felle
321 1608 456 1656 potus
476 1616 579 1646 ecce
598 1603 790 1655 languet:

232 1659 377 1712 Spina,
396 1660 519 1710 clavi,
536 1660 691 1702 lancea

232 1715 338 1758 Mite
357 1729 518 1769 corpus
536 1717 828 1770 perforarunt:

232 1771 361 1814 Unda
379 1779 536 1824 manat,
555 1778 600 1815 et
619 1786 762 1815 cruor:

231 1828 381 1879 Terra,
399 1835 574 1882 pontus,
593 1834 723 1880 astra,
739 1828 940 1878 mundus,

233 1885 331 1935 Quo
350 1885 551 1928 lavantur
570 1886 764 1928 flumine!

181 1947 298 1987 Crux
316 1945 468 1998 fidelis,
486 1947 601 1989 inter
618 1959 771 1989 omnes

232 2002 381 2045 Arbor
397 2016 484 2046 una
501 2003 676 2046 nobilis:

231 2059 349 2102 Silva
366 2059 500 2102 talem
518 2059 638 2101 nulla
655 2060 825 2113 profert

232 2115 418 2167 Fronde,
438 2116 559 2166 flore,
578 2117 787 2168 germine:

231 2172 372 2214 Dulce
390 2173 564 2223 ferrum,
583 2173 712 2216 dulce
730 2173 906 2224 lignum,

232 2228 373 2271 Dulce
391 2229 567 2282 pondus
586 2230 813 2272 sustinent.

183 2289 333 2331 Flecte
351 2302 498 2332 ramos
517 2290 650 2332 arbor
669 2290 767 2340 alta,

233 2346 381 2387 Tensa
397 2346 499 2388 laxa
515 2349 695 2397 viscera,

233 2403 290 2444 Et
308 2402 427 2453 rigor
445 2402 659 2445 lentescat
676 2403 762 2453 ille,

234 2459 374 2509 Quem
394 2458 516 2501 dedit
535 2460 754 2510 nativitas;

232 2515 291 2556 Et
309 2515 487 2567 superni
504 2515 703 2557 membra
719 2516 855 2567 Regis

233 2570 387 2613 Tende
405 2571 499 2613 miti
519 2571 679 2623 stipite.

183 2631 288 2673 Sola
306 2631 437 2683 digna
455 2637 503 2673 tu
522 2632 641 2673 fuisti

233 2688 368 2730 Ferre
386 2687 537 2730 mundi
555 2689 794 2730 victimam:

1117 263 1265 315 Atque
1285 267 1463 315 portum
1482 265 1735 316 praeparare

1114 320 1233 360 Arca
1251 319 1416 361 mundo
1437 320 1661 371 naufrago,

1118 376 1260 425 Quam
1279 389 1403 417 sacer
1423 389 1552 417 cruor
1571 377 1788 429 perunxit,

1115 432 1257 473 Fusus
1276 433 1392 484 Agni
1412 435 1610 485 corpore.

1069 489 1341 541 Sempiterna
1361 490 1417 530 sit
1435 489 1578 531 beatae

1115 546 1321 587 Trinitati
1340 546 1489 597 gloria,

1114 603 1263 654 AEqua
1281 603 1411 652 Patri,
1430 602 1646 654 Filioque;

1115 659 1201 699 Par
1220 658 1356 700 decus
1375 658 1609 700 Paraclito:

1116 715 1254 757 Unius
1274 715 1486 767 Trinique
1505 727 1665 756 nomen

1116 770 1288 813 Laudet
1308 771 1579 812 universitas.
1608 771 1760 812 Amen.

1096 829 1144 881 V.
1167 832 1421 874 Adoramus
1445 837 1489 874 te
1511 832 1701 881 Christe,
1732 835 1775 872 et
1795 830 1867 871 be-

1038 889 1280 931 nedicimus
1308 889 1400 931 tibi.
1445 892 1494 943 Rv.
1518 889 1630 939 Quia
1658 900 1737 940 per
1767 887 1868 928 Cru-

1039 958 1135 988 cem
1154 950 1275 987 tuam
1294 945 1521 988 redemisti
1539 944 1761 986 mundum.

1095 1003 1165 1044 Ad
1200 1003 1359 1045 Bened.
1402 1005 1500 1045 Ant.
1550 1004 1689 1054 Super
1720 1000 1867 1041 omnia

1037 1058 1154 1110 ligna
1182 1058 1415 1100 cedrorum
1442 1064 1490 1100 tu
1520 1057 1615 1099 sola
1643 1056 1868 1106 excelsior,

1037 1116 1082 1155 in
1103 1128 1189 1167 qua
1207 1115 1297 1156 vita
1315 1114 1467 1156 mundi
1481 1112 1704 1167 pependit,
1724 1113 1768 1153 in
1785 1126 1870 1165 qua

1039 1171 1238 1213 Christus
1254 1171 1552 1224 triumphavit,
1572 1175 1615 1212 et
1629 1182 1750 1211 mors
1765 1182 1871 1211 mor-

1037 1232 1128 1269 tem
1148 1228 1374 1280 superavit
1392 1228 1436 1268 in
1456 1229 1679 1269 aeternum.

1377 1285 1541 1326 Oratio.

1128 1352 1220 1389 eus,
1245 1339 1319 1392 qui
1337 1339 1381 1380 in
1399 1338 1614 1392 praeclara
1632 1337 1869 1379 salutiferae
1919 1361 1921 1364 ·

1140 1396 1292 1438 Crucis
1337 1395 1605 1445 inventione,
1651 1393 1869 1448 passionis

1037 1458 1127 1495 tuae
1153 1452 1367 1493 miracula
1394 1451 1631 1502 suscitasti3
1660 1449 1869 1499 concede;
1918 1475 1920 1478 ν

1037 1509 1250 1557 utvitalis
1266 1508 1374 1559 ligni
1392 1508 1548 1561 pretio,
1568 1509 1746 1549 aeternae
1766 1507 1868 1548 vitae

1037 1565 1244 1616 suffragia
1269 1566 1606 1617 consequamur:
1636 1564 1721 1615 Qui
1746 1563 1869 1605 vivis.

1306 1629 1374 1665 Ad
1397 1629 1600 1666 Tertiam.
1737 1625 1740 1626 ⁷

1089 1684 1188 1724 Ant.
1217 1682 1347 1724 Salva
1364 1695 1456 1724 nos.

1093 1740 1276 1792 Capitul.
1308 1740 1499 1781 Fratres:
1517 1739 1627 1780 Hoc.
1641 1746 1687 1781 ut
1708 1754 1850 1791 supra.

1088 1796 1139 1847 R.
1166 1796 1227 1836 br.
1258 1796 1359 1837 Hoc
1374 1796 1546 1847 signum
1563 1794 1714 1837 Crucis
1735 1798 1757 1822 *
1773 1792 1867 1833 Erit
1915 1805 1919 1810 ·

1036 1853 1080 1894 in
1100 1852 1227 1894 coelo.
1254 1853 1355 1894 Hoc
1373 1853 1553 1904 signum.
1584 1850 1631 1901 V.
1655 1852 1764 1892 Cum
1779 1850 1865 1890 Do·
1916 1904 1917 1907 Ἰ

1035 1910 1179 1950 minus
1195 1908 1253 1950 ad
1267 1909 1548 1961 judicandum
1562 1908 1741 1950 venerit.
1760 1906 1866 1947 Erit.

1038 1965 1191 2006 Gloria
1208 1966 1340 2006 Patri.
1367 1966 1478 2008 Hoc.

1088 2020 1138 2071 V.
1165 2025 1418 2067 Adoramus
1441 2032 1485 2068 te
1513 2026 1700 2075 Christe,
1728 2030 1771 2067 et
1794 2026 1866 2067 be-

1035 2081 1279 2124 nedicimus
1307 2082 1397 2124 tibi.
1432 2085 1482 2134 lx‘f.
1516 2083 1627 2133 Quia
1654 2095 1734 2135 per
1764 2083 1866 2124 Cru-

1037 2151 1133 2180 cem
1152 2143 1273 2180 tuam
1296 2138 1523 2181 redemisti
1541 2139 1762 2181 mundum.

1315 2212 1381 2249 Ad
1406 2212 1593 2250 Sextam.

1087 2271 1185 2311 Ant.
1216 2271 1333 2312 Ecce
1354 2270 1539 2312 Crucem
1556 2270 1744 2311 Domini.

1089 2336 1347 2389 Capitulum.
1564 2337 1704 2378 Galat.
1720 2340 1756 2378 6.
1773 2337 1812 2378 d.

1035 2399 1202 2507 Mihi
1234 2409 1380 2446 autem
1413 2405 1528 2447 absit
1555 2404 1751 2456 gloriari,
1783 2404 1866 2445 nisi

1159 2461 1203 2502 in
1231 2461 1370 2503 Cruce
1393 2461 1572 2502 Domini
1597 2461 1737 2503 nostri
1761 2461 1865 2502 Jesu

1037 2516 1211 2559 Christi:
1253 2530 1334 2570 per
1371 2530 1502 2570 quem
1537 2518 1644 2559 mihi
1678 2516 1864 2559 mundus

1036 2574 1271 2616 crucifixus
1291 2578 1368 2624 est,
1388 2579 1432 2616 et
1451 2587 1534 2625 ego
1554 2573 1728 2616 mundo.

1085 2634 1136 2686 Eg.
1162 2633 1224 2676 br.
1267 2635 1520 2677 Adoramus
1546 2640 1591 2677 te
1625 2634 1810 2682 Christe,
1836 2634 1859 2659 *

1035 2691 1093 2733 Et
1132 2690 1433 2733 benedicimus
1468 2691 1559 2733 tibi.
1603 2689 1863 2732 Adoramus.
