2040 2976
200 223 280 259 200

308 311 457 350 Lectio
479 310 530 347 vi.
768 310 871 358 (lup.
887 309 924 345 4.

202 370 451 474 Peccavit
469 372 630 422 David,
658 371 779 424 quod
802 371 946 413 solent
964 383 1027 411 re-

299 443 390 482 ges:
430 429 509 470 sed
547 428 853 481 poenitentiam
884 426 1029 477 gessit,

202 487 338 536 flevit,
366 485 593 536 ingemuit,
622 483 742 536 quod
768 496 857 524 non
886 482 1030 524 solent

200 555 338 594 reges.
380 541 617 583 Confessus
643 545 711 581 est
734 539 925 591 culpam,
954 538 1028 579 ob-

201 598 391 640 secravit
416 596 747 647 indulgentiam,
774 595 896 636 humi
923 599 1029 635 stra-

198 660 271 696 tus
287 653 535 706 deploravit
549 655 799 700 aerumnam,
817 650 1029 702 jejunavit,

201 711 358 760 oravit,
390 708 678 751 confessiOnis
710 720 802 748 suae
835 706 1028 747 testimo-

200 767 320 808 nium
346 766 391 806 in
418 766 633 818 perpetua
661 763 823 804 saecula
850 761 1030 813 vulgato

203 821 358 864 dolore
390 820 642 864 transmisit.
708 818 839 869 Quod
878 817 1029 859 erube-

203 883 331 919 scunt
349 879 493 919 facere
518 876 695 930 privati,
727 888 805 916 rex
829 886 917 915 non
937 876 1030 914 eru-

201 934 296 976 buit
328 934 536 976 confiteri.
579 932 662 982 Qui
693 933 897 972 tenentur
928 930 1030 980 legi-

202 990 300 1039 bus,
334 990 496 1031 audent
531 1001 658 1030 suum
690 989 851 1037 'negare
877 988 1031 1039 pecca-

202 1051 305 1095 tum,
325 1045 618 1096 dedignantur
635 1045 793 1094 rogare
808 1042 1031 1092 indulgen-

201 1101 317 1150 tiam,
338 1113 469 1152 quam
485 1099 667 1152 petebat
687 1099 761 1150 qui
780 1097 910 1138 nullis
929 1098 1031 1148 legi-

202 1157 284 1198 bus
302 1156 533 1198 tenebatur
547 1155 759 1196 humanis.
788 1153 918 1203 Quod
933 1166 1033 1205 pec-

203 1212 334 1261 cavit,
367 1211 634 1253 conditionis
662 1215 743 1252 est:
778 1209 899 1262 quod
932 1222 1032 1261 sup-

201 1268 392 1320 plicAvit,
408 1267 707 1308 correctionis.
728 1266 901 1318 Lapsus
917 1277 1032 1306 com-

200 1324 362 1371 munis,
416 1322 495 1364 sed
546 1321 750 1374 specialis
803 1321 1033 1362 confessio.

203 1379 386 1431 Culpam
418 1381 568 1429 itaque
599 1377 823 1426 incidisse,
863 1379 1033 1417 naturae

202 1440 284 1476 est:
304 1434 495 1483 diluisse,
514 1434 700 1474 virtutis.

255 1492 305 1543 R«.
339 1491 435 1540 Ego
469 1495 513 1531 te
540 1489 621 1530 tuli
649 1488 705 1530 de
733 1488 867 1530 domo
895 1489 1033 1541 patris

201 1547 276 1595 tui,
302 1545 408 1587 dicit
426 1546 657 1594 Dominus,
683 1549 727 1586 et
745 1545 876 1597 posui
895 1550 939 1586 te
958 1547 1033 1597 pa-

203 1614 326 1643 scere
349 1614 529 1652 gregem
552 1600 707 1653 populi
730 1600 830 1641 mei:
852 1605 873 1627 *
896 1601 954 1642 Et
972 1601 1033 1641 fui

202 1663 350 1699 tecum
371 1658 415 1697 in
440 1656 643 1698 omnibus
661 1656 927 1708 ubicumque
946 1669 1033 1697 am-

202 1713 380 1763 bulasti,
416 1713 595 1753 firmans
630 1725 812 1762 regnum
840 1718 963 1754 tuum
989 1713 1033 1753 in

204 1771 427 1810 aeternum.
463 1769 512 1816 V.
544 1769 736 1819 Fecique
764 1768 845 1809 tibi
872 1781 1033 1810 nomen

203 1824 387 1875 grande,
420 1825 539 1875 juxta
567 1836 728 1864 nomen
756 1826 1033 1874 magnorum,

205 1881 279 1931 qui
298 1885 399 1922 sunt
423 1881 466 1920 in
485 1885 617 1921 terra:
643 1885 687 1921 et
712 1880 909 1931 requiem
932 1879 1034 1922 dedi

203 1936 283 1976 tibi
310 1936 364 1977 ab
394 1935 596 1977 Omnibus
624 1936 809 1976 inimicis
830 1936 929 1976 tuis.
966 1937 1033 1978 Et.

205 1990 356 2032 Gldria
374 1992 504 2033 Patri.
532 1992 599 2032 Et.

258 2046 309 2096 R'·
330 2046 397 2084 vii.
429 2047 615 2088 Peccavi
644 2060 778 2099 super
805 2051 1034 2089 numerum

205 2104 349 2143 arenae
373 2103 523 2152 maris,
551 2107 595 2144 et
619 2103 911 2155 multiplicata
933 2109 1034 2145 sunt

205 2160 389 2210 peccata
416 2171 527 2199 mea:
564 2163 608 2199 et
635 2171 723 2199 non
751 2172 848 2199 sum
877 2159 1033 2210 dignus

204 2213 354 2255 videre
380 2214 656 2255 altitudinem
682 2214 783 2255 coeli
806 2228 900 2266 prae
926 2215 1032 2256 mul—

204 2269 389 2310 titudine
412 2269 653 2321 iniquitatis
674 2283 799 2310 meae:
827 2271 1034 2322 queniam

204 2325 373 2366 irritaVi
391 2325 502 2365 iram
520 2329 651 2374 tuam,
668 2326 690 2348 *
706 2326 763 2366 Et
780 2326 942 2366 malum
962 2339 1032 2366 co-

205 2393 299 2420 ram
323 2385 368 2421 te
387 2380 481 2420 feci.
516 2375 565 2425 V.
593 2380 808 2429 Quoniam
834 2381 1032 2432 iniquita-

205 2441 295 2477 tem
322 2449 466 2476 meam
494 2448 577 2485 ego
600 2438 836 2486 cognosco:
865 2442 908 2478 et
929 2437 1031 2478 deli-

206 2497 325 2532 ctum
343 2503 489 2532 meum
508 2495 661 2531 contra
678 2504 748 2532 me
768 2496 835 2532 est
849 2504 1033 2543 semper,

207 2547 308 2598 quia
326 2546 406 2587 tibi
425 2545 509 2586 soli
527 2546 720 2597 peccavi.
749 2546 805 2587 Et
824 2546 997 2586 malum.

260 2602 310 2650 R.
348 2600 430 2639 viii.
472 2601 573 2641 Duo
611 2601 839 2652 Seraphim
877 2601 1032 2642 clama-

205 2657 311 2698 bant
340 2656 449 2697 alter
477 2655 533 2696 ad
560 2655 762 2696 alterum:
787 2653 809 2676 *
838 2657 1033 2705 Sanctus,

206 2716 397 2761 sanctus,
439 2715 615 2752 sanctus
655 2712 869 2752 Deminus
911 2712 1032 2752 Deus

551 216 648 247 lutra
680 214 971 247 Ilcbdomudum
1001 213 1057 245 x'l.
1086 221 1173 254 post
1199 212 1278 244 Oct.
1307 206 1563 243 pentecostes.

1080 311 1293 353 Sabaoth:
1318 303 1339 325 *
1366 310 1502 352 Plena
1530 315 1599 352 est
1627 311 1768 352 omnis
1795 315 1913 352 terra

1081 367 1221 419 gloria
1241 367 1342 418 ejus.
1376 360 1424 411 V.
1445 366 1558 407 Tres
1581 371 1684 408 sunt
1702 366 1775 419 qui
1794 366 1912 408 testi-

1080 423 1274 464 monium
1296 421 1404 463 dant
1422 422 1467 462 in
1486 421 1618 472 coelo,
1639 422 1786 471 Pater,
1805 422 1913 463 Ver-

1080 478 1196 528 bum,
1217 483 1261 519 et
1277 478 1465 531 Spiritus
1486 482 1677 519 sanctus:
1697 483 1742 520 et
1759 478 1804 519 hi
1822 483 1913 519 tres

1081 547 1216 575 unum
1237 539 1349 575 sunt.
1380 533 1578 575 Sanctus.
1611 533 1765 575 Gloria
1782 533 1914 575 Patri.
1983 546 1993 557 ·

1081 590 1227 632 Plena.

1237 676 1422 712 Feria
1459 675 1761 730 Secunda.

1192 735 1259 774 De
1277 733 1391 775 libro
1411 732 1608 775 secundo
1627 733 1811 784 Regum.

1163 794 1315 835 Lectio
1337 795 1360 834 i.
1611 794 1714 847 Cap.
1729 795 1788 835 13.
1804 808 1837 836 e.

1096 868 1149 907 Γ)
1175 868 1277 896 orro
1303 868 1392 897 non
1416 860 1483 896 est
1505 855 1679 896 locutus
1702 852 1917 894 Absalom

1095 882 1161 957 {¹2¹1ss
1192 911 1249 952 ad
1264 911 1440 952 Amnon
1455 923 1538 952 nec
1553 909 1727 959 malum,
1743 921 1825 950 nec
1839 908 1915 951 bo-

1083 981 1203 1009 num:
1236 967 1391 1008 ederat
1424 967 1539 1008 enim
1572 965 1787 1007 Absalom
1814 966 1917 1006 Am-

1085 1037 1189 1074 non,
1231 1036 1284 1064 eo
1324 1023 1445 1075 quod
1481 1022 1693 1064 violasset
1724 1021 1918 1063 Thamar

1086 1082 1286 1121 sororem
1306 1092 1441 1120 suam.
1475 1079 1660 1120 Factum
1684 1082 1751 1119 est
1770 1083 1918 1120 autem

1085 1141 1190 1188 post
1208 1140 1383 1188 tempus
1406 1134 1586 1183 biennii,
1615 1139 1663 1175 ut
1686 1133 1918 1175 tonderen-

1086 1197 1157 1234 tur
1189 1204 1297 1233 oves
1330 1190 1545 1232 Absalom
1580 1190 1625 1230 in
1656 1189 1919 1239 Baa1hasor,

1089 1260 1187 1300 quae
1217 1252 1285 1288 est
1311 1247 1432 1299 juxta
1460 1246 1687 1299 Ephraim:
1716 1251 1761 1288 et
1787 1248 1916 1288 voca-

1085 1303 1149 1345 vit
1185 1303 1401 1344 Absalom
1438 1315 1590 1344 omnes
1631 1302 1749 1343 filios
1785 1301 1918 1353 regis,

1086 1361 1295 1411 venitque
1315 1358 1372 1400 ad
1391 1371 1556 1409 regem,
1585 1363 1630 1400 et
1648 1358 1709 1399 ait
1727 1357 1784 1399 ad
1803 1370 1918 1400 eum:

1086 1415 1203 1456 Ecce
1221 1414 1461 1456 tondentur
1484 1426 1592 1456 oves
1611 1413 1728 1455 servi
1745 1413 1823 1456 tui:
1847 1415 1917 1455 ve-

1086 1471 1193 1520 niat,
1223 1483 1319 1520 oro,
1346 1483 1425 1511 rex
1451 1483 1551 1511 cum
1581 1469 1719 1511 servis
1743 1469 1835 1511 suis
1861 1469 1919 1511 ad

1087 1539 1263 1568 servum
1300 1539 1438 1567 suum.
1496 1526 1707 1578 Dixitque
1744 1538 1824 1567 rex
1861 1524 1919 1567 ad

1086 1582 1316 1624 Absalom:
1344 1582 1450 1623 Noli
1468 1581 1531 1622 fili
1549 1581 1624 1632 mi,
1649 1580 1740 1623 noli
1757 1583 1918 1633 rogare

1086 1643 1135 1680 ut
1161 1638 1389 1679 veniamus
1417 1650 1586 1687 omneS,
1615 1642 1659 1679 et
1685 1639 1918 1687 gravemus

1086 1699 1141 1736 te.
1188 1694 1298 1735 Cum
1331 1699 1478 1735 autem
1510 1695 1692 1745 cegeret
1724 1706 1840 1743 eum,
1875 1697 1920 1734 et

1085 1750 1300 1791 noluisset
1318 1750 1392 1799 ire,
1410 1749 1636 1791 benedixit
1656 1749 1706 1790 ei.

1140 1810 1191 1859 R.
1215 1809 1471 1854 Recordare
1488 1809 1689 1852 D6mine.
1708 1809 1797 1850 179.

1396 1873 1550 1914 Lectio
1570 1873 1610 1912 ii.

1175 1939 1193 1975 t
1213 1935 1274 1975 ait
1304 1934 1534 1976 Absalom:
1565 1935 1611 1976 Si
1640 1946 1728 1975 non
1755 1933 1822 1974 vis
1849 1945 1918 1974 ve·
1948 1931 1954 1933 ξ

1176 1992 1280 2039 nire,
1297 1990 1454 2040 veniat,
1475 1990 1673 2040 obsecro,
1687 1988 1919 2030 nobiscum

1086 2045 1242 2086 saltem
1261 2045 1437 2087 Amnon
1459 2046 1594 2088 frater
1610 2058 1746 2086 meus.
1779 2045 1918 2086 Dixit-

1087 2114 1172 2153 que
1197 2101 1253 2142 ad
1278 2114 1379 2143 eum
1402 2115 1495 2143 rex:
1522 2102 1624 2143 Non
1643 2106 1711 2143 est
1737 2103 1918 2142 necesse

1085 2163 1133 2199 ut
1152 2157 1286 2199 vadat
1303 2162 1461 2199 tecum.
1491 2158 1646 2208 Coegit
1664 2160 1814 2209 itaque
1828 2157 1916 2198 Ab·

1086 2213 1227 2254 salom
1245 2226 1356 2262 eum,
1376 2219 1420 2255 et
1439 2213 1604 2255 dimisit
1624 2226 1724 2255 cum
1745 2225 1799 2254 eo
1815 2213 1917 2253 Am·

1084 2282 1173 2310 non
1197 2274 1242 2310 et
1266 2269 1498 2310 universos
1523 2269 1639 2311 filios
1666 2270 1793 2320 regis.
1838 2269 1916 2309 Fe-

1086 2327 1294 2376 ceratque
1306 2324 1521 2366 Absalom
1533 2325 1781 2366 convivium
1793 2324 1919 2376 quasi

1085 2380 1335 2421 convivium
1366 2381 1493 2430 regis.
1535 2381 1816 2432 Praeceperat
1844 2392 1916 2420 au-

1085 2441 1175 2476 tern
1195 2434 1410 2476 Absalom
1436 2437 1585 2488 pueris
1613 2436 1721 2486 suis,
1751 2435 1917 2476 dicens:

1086 2491 1332 2532 Observate
1364 2503 1464 2532 cum
1494 2491 1759 2533 temulentus
1786 2490 1918 2531 fuerit

1085 2547 1260 2586 Amnon
1278 2546 1392 2596 vino,
1413 2552 1456 2588 et
1476 2546 1630 2588 dixero
1650 2546 1795 2587 vobis:
1814 2546 1915 2587 Per·

1086 2602 1221 2642 cutite
1241 2614 1351 2650 eum,
1379 2607 1423 2643 et
1442 2602 1685 2651 interficite,
1711 2601 1847 2642 nolite
1866 2601 1916 2641 ti-

1084 2658 1218 2697 mere:
1244 2669 1327 2707 ego
1354 2658 1469 2698 enim
1493 2671 1590 2698 sum
1610 2657 1685 2708 qui
1703 2656 1915 2709 praecipio

1085 2711 1230 2751 vobis:
1262 2711 1551 2762 roboramini,
1584 2718 1628 2753 et
1660 2714 1802 2753 estete
1836 2712 1917 2752 viri
