2040 2976
208 195 304 240 [120]

476 295 670 334 Psalmus
691 295 755 333 98.

296 354 466 395 ominus
480 353 688 404 regnavit,
698 353 940 393 irascantur
951 353 1028 404 po-

315 410 420 462 puli:
438 411 461 435 *
483 410 555 462 qui
575 409 699 451 sedet
718 421 849 461 super
870 408 1027 450 Cheru-

204 467 304 516 bim,
332 468 561 508 moveatur
579 471 707 508 terra.

255 523 470 564 Dominus
500 523 544 563 in
571 523 675 564 Sion
701 534 899 572 magnus:
931 521 953 546 *
986 525 1028 561 et

205 579 402 621 excelsus
422 592 553 632 super
573 591 724 620 omnes
743 577 944 630 populos.

257 636 558 678 Confiteantur
577 635 741 676 nomini
759 640 835 676 tuo
855 645 1027 683 magno:

205 693 410 745 quoniam
428 692 637 741 terribile,
666 697 709 733 et
729 695 926 732 sanctum
945 694 1025 730 est:

203 751 226 775 ¹⁸¹
246 755 289 791 et
307 749 448 790 honor
468 749 582 800 regis
602 748 807 800 judicium
827 746 975 797 diligit.

254 806 323 847 Tu
355 806 519 858 parasti
555 805 834 847 directiones:
865 804 888 828 *
921 801 1025 854 iudi-

203 863 317 904 cium
333 868 375 904 et
389 863 594 914 justitiam
608 862 651 902 in
662 860 798 902 Jacob
814 865 862 901 tu
876 859 1025 900 fecisti.

254 919 454 960 Exaltate
494 919 729 959 Dominum
768 917 910 958 Deum
951 928 1024 957 no-

202 982 350 1025 strum,
361 980 404 1017 et
417 975 595 1017 adorate
611 973 849 1016 scabellum
863 972 1025 1026 pedum

203 1033 306 1085 ejus:
325 1033 347 1058 *
369 1032 574 1084 quoniam
594 1036 794 1072 sanctum
814 1035 890 1071 est.

252 1089 428 1141 Moyses
443 1093 486 1129 et
499 1089 649 1129 Aaron
663 1087 707 1128 in
723 1085 1025 1128 sacerdotibus

202 1147 306 1198 ejus:
325 1146 347 1170 *
368 1150 411 1187 et
430 1144 603 1186 Samuel
621 1144 732 1185 inter
752 1156 844 1193 eos,
875 1143 947 1196 qui
965 1145 1025 1183 in-

201 1207 360 1243 vocant
379 1214 537 1242 nomen
557 1202 663 1252 ejus:

251 1257 520 1299 Invocabant
556 1257 812 1307 Dominum,
854 1261 898 1297 et
931 1256 1024 1308 ipse

201 1314 462 1356 exaudiebat
477 1327 565 1355 eos:
582 1314 605 1339 *
622 1314 664 1354 in
681 1313 883 1355 columna
897 1311 1023 1354 nubis

200 1371 460 1424 loquebatur
480 1370 536 1412 ad
558 1383 646 1412 eos.

254 1427 568 1470 Custodiebant
593 1427 842 1468 testimonia
871 1427 976 1478 ejus,
995 1426 1024 1471 -*

202 1489 245 1526 et
263 1486 534 1537 praeceptum
554 1483 674 1536 quod
695 1483 815 1525 dedit
834 1483 929 1524 illis.

252 1542 438 1582 Domine
453 1542 573 1582 Deus
590 1545 739 1581 noster
757 1545 805 1581 tu
825 1539 1024 1581 exaudie-

201 1597 280 1639 bas
305 1610 395 1639 eos:
414 1599 437 1623 *
456 1598 576 1639 Deus
595 1602 642 1638 tu
665 1597 881 1649 propitius
907 1596 1024 1636 fuisti

202 1654 274 1703 eis,
292 1658 335 1696 et
354 1654 567 1695 ulciscens
587 1654 631 1694 in
651 1666 802 1695 omnes
821 1652 1024 1694 adinven-

201 1711 343 1752 tiones
363 1712 525 1752 eorum.

253 1767 455 1808 Exaltate
496 1767 733 1808 Dominum
768 1767 911 1807 Deum
950 1778 1024 1806 no-

203 1828 350 1872 strum,
379 1828 422 1865 et
442 1823 623 1865 adorate
642 1823 686 1864 in
703 1827 852 1864 monte
873 1826 1024 1863 sancto

203 1881 308 1932 ejus:
336 1881 359 1905 *
390 1880 595 1932 quoniam
615 1885 791 1921 sanctus
810 1878 1025 1920 Dominus

203 1937 323 1978 Deus
342 1941 503 1978 noster.

256 1998 352 2036 Ant.
395 1993 631 2035 Benedicta
652 1993 801 2044 vgloria
831 1992 1025 2042 Domini,

205 2048 259 2090 de
278 2049 377 2091 loco
397 2053 549 2091 sancto
569 2062 659 2100 suo,
679 2049 860 2102 alleluja.

256 2106 303 2152 Y.
335 2106 444 2147 Haec
474 2111 540 2147 est
568 2105 724 2148 domus
751 2106 929 2147 Domini
956 2105 1024 2146 fir-

203 2162 330 2203 miter
353 2162 579 2203 aedificata.
618 2167 666 2217 R.
697 2163 816 2204 Bene
844 2162 1026 2204 fundata

204 2223 271 2260 est
290 2231 421 2271 supra
441 2218 608 2260 firmam
627 2224 807 2272 petram.

254 2275 380 2316 Pater
406 2279 564 2316 noster.

258 2329 501 2370 Absolutio.
531 2332 566 2370 A
590 2332 782 2374 vinculis.

254 2382 302 2433 Y·
332 2387 443 2429 Jube
467 2387 636 2429 domne.

258 2442 413 2484 Bened.
445 2444 706 2495 Evangelica
724 2445 866 2486 lectio.

204 2505 356 2547 Lectio
381 2505 519 2547 sancti
538 2505 763 2558 Evangelii
787 2504 1026 2548 secundum

530 2557 703 2598 Lucam.

305 2614 454 2654 Lectio
477 2614 542 2653 vii.
742 2617 843 2666 (lap.
867 2618 920 2655 19.

202 2666 279 2773 In
305 2670 380 2712 illo
409 2673 622 2724 tempore:
650 2672 876 2721 Ingressus
900 2673 924 2713 J
928 2686 1026 2714 esus

268 2727 599 2781 perambulabat
623 2727 807 2769 Jericho.
843 2729 899 2770 Et
924 2742 1026 2771 ecce

776 201 815 234 111
844 201 1092 234 Dcdicationc
1121 200 1311 233 Ecclesiae.

1080 293 1146 334 vir
1171 292 1346 334 nomine
1371 292 1600 334 Zachaeus:
1627 298 1670 336 et
1697 293 1768 336 hic
1790 295 1904 348 prin-

1082 361 1185 401 ceps
1223 354 1315 390 erat
1347 349 1695 402 publicanorum,
1734 355 1778 392 et
1809 351 1903 404 ipse

1081 405 1215 447 dives.
1251 406 1308 447 Et
1326 406 1505 458 reliqua.

1187 466 1382 511 Homih'a
1410 467 1548 508 sancti
1575 467 1798 509 Ambrosii

1385 523 1605 576 Episcopi.

1203 585 1281 619 Lib.
1300 586 1331 617 8.
1351 585 1388 618 in
1406 584 1504 620 Luc..
1523 595 1644 628 prope
1661 585 1782 619 finem.

1083 635 1095 669 ἶ
1099 632 1382 708 achaeus
1406 636 1572 674 statura
1595 633 1793 686 pusillus,
1820 635 1905 678 hoc

1082 682 1201 751 *a*
1222 695 1298 739 est,
1315 690 1431 731 nulla
1446 690 1687 732 nobilitatis
1702 691 1904 742 ingenitae

1084 744 1200 770 ἑκά
1221 745 1432 796 dignitate
1471 747 1684 797 sublimis,
1723 751 1904 800 exiguus

1078 803 1244 845 meritis
1288 803 1399 844 sicut
1439 803 1629 856 populus
1664 804 1904 856 nationum,

1079 859 1228 902 audito
1248 860 1427 901 Domini
1445 860 1683 902 Salvatoris
1703 861 1904 912 adventu,

1080 929 1209 969 quem
1236 918 1302 958 sui
1330 929 1417 958 non
1444 919 1717 969 receperant,
1755 917 1903 960 videre

1078 973 1294 1026 cupiebat.
1334 973 1421 1015 Sed
1450 986 1579 1015 nemo
1605 973 1731 1016 facile
1754 974 1780 1015 J
1782 987 1904 1016 esum

1078 1029 1213 1071 videt:
1244 1043 1373 1072 nemo
1402 1035 1550 1083 potest
1577 1031 1727 1072 Jesum
1755 1031 1903 1074 videre

1078 1087 1341 1128 constitutus
1367 1087 1412 1127 in
1439 1092 1567 1128 terra.
1606 1087 1663 1129 Et
1692 1088 1791 1140 quia
1816 1101 1903 1130 non

1077 1143 1335 1196 prophetas,
1384 1156 1473 1185 non
1516 1143 1658 1194 legem
1701 1143 1903 1195 habebat,

1077 1205 1301 1252 tamquam
1332 1200 1486 1241 formae
1516 1200 1701 1251 gratiam
1732 1203 1903 1243 natura—

1077 1256 1141 1306 lis,
1161 1256 1358 1298 ascendit
1374 1257 1417 1297 in
1432 1258 1722 1308 sycomorum,
1740 1258 1904 1299 vanita-

1077 1318 1166 1354 tem
1182 1313 1349 1355 scilicet
1358 1313 1383 1354 J
1383 1313 1613 1355 udaeorum
1622 1314 1807 1366 vestigio
1823 1326 1903 1356 suo

1077 1372 1318 1422 proterens,
1334 1372 1478 1411 errata
1492 1382 1668 1422 quoque
1679 1371 1903 1422 corrigens

1078 1427 1315 1479 superioris
1336 1426 1493 1468 aetatis:
1517 1431 1560 1468 et
1578 1426 1678 1468 ideo
1697 1427 1721 1467 J
1723 1439 1845 1469 esum
1860 1427 1904 1468 in

1078 1483 1296 1524 interioris
1325 1482 1482 1525 domus
1509 1483 1676 1536 recepit
1701 1483 1903 1536 hospitio.

1131 1545 1180 1596 R.
1201 1540 1371 1581 Domus
1388 1553 1496 1589 mea,
1517 1539 1673 1582 domus
1694 1541 1903 1582 orationis

1078 1596 1323 1646 vocabitur,
1348 1596 1453 1638 dicit
1472 1596 1700 1638 Dominus:
1726 1597 1771 1638 in
1789 1609 1841 1639 ea
1860 1610 1903 1639 o-

1077 1653 1189 1693 mnis
1206 1653 1279 1704 qui
1294 1653 1416 1705 petit,
1437 1653 1612 1706 accipit3
1633 1658 1675 1695 et
1696 1654 1769 1706 qui
1789 1667 1903 1706 quae-

1078 1710 1143 1758 rit,
1162 1710 1340 1751 invenit:
1352 1712 1376 1735 *
1390 1710 1447 1751 Et
1466 1710 1656 1762 pulsanti
1672 1710 1902 1763 aperietur.

1079 1764 1130 1816 V.
1147 1766 1300 1816 Petite‚
1321 1771 1365 1808 et
1383 1766 1621 1819 accipietis:
1642 1766 1835 1818 quaerite,
1860 1771 1903 1808 et

1078 1823 1317 1865 invenietis.
1370 1823 1426 1864 Et
1444 1822 1646 1876 pulsanti.

1130 1882 1291 1924 Bened.
1323 1879 1527 1921 Divinum
1545 1878 1766 1920 auxilium.

1363 1938 1515 1979 Lectio
1536 1938 1620 1978 viii.

1160 1999 1178 2035 t
1196 1993 1308 2036 bene
1331 1993 1528 2035 ascendit
1550 1993 1593 2034 in
1612 1993 1830 2044 arborem,
1856 1998 1904 2036 ut

1164 2050 1296 2092 arbor
1314 2049 1431 2092 bona
1446 2049 1588 2091 bonos
1607 2050 1773 2092 fructus
1792 2050 1904 2092 face-

1079 2113 1159 2150 ret:
1178 2120 1229 2149 ac
1248 2106 1434 2148 naturali
1451 2109 1622 2149 excisus
1640 2106 1842 2157 oleastro,
1861 2111 1905 2150 et

1079 2170 1232 2206 contra
1251 2167 1451 2206 naturam
1469 2164 1658 2205 insertus
1676 2164 1719 2204 in
1742 2163 1904 2205 bonam

1080 2221 1250 2271 olivam,
1260 2221 1447 2262 fructum
1457 2225 1610 2273 posset
1620 2220 1727 2272 legis
1738 2219 1904 2262 afferre.

1079 2277 1224 2319 Radix
1244 2278 1358 2319 enim
1375 2282 1536 2327 sancta,
1557 2277 1638 2319 etsi
1657 2277 1765 2318 rami
1779 2277 1904 2319 inuti-

1079 2334 1156 2376 les:
1180 2347 1366 2386 quorum
1389 2334 1703 2376 infructuosam
1721 2333 1905 2385 gloriam

1079 2390 1205 2444 plebs
1226 2391 1431 2432 Gentium
1455 2390 1542 2432 fide
1562 2390 1905 2440 resurrectionis,

1080 2448 1204 2500 quasi
1229 2447 1418 2500 quadam
1442 2448 1640 2500 corporis
1663 2447 1904 2489 elevatione

1079 2504 1357 2546 transcendit.
1394 2504 1607 2546 Zachaeus
1637 2517 1740 2555 ergo
1768 2504 1812 2544 in
1839 2517 1904 2556 sy-

1080 2563 1278 2611 comoro,
1306 2574 1450 2602 caecus
1469 2561 1512 2602 in
1531 2561 1614 2602 via:
1643 2573 1834 2614 quorum-
1847 2559 1904 2601 al-

1079 2622 1222 2659 terum
1233 2618 1446 2658 Dominus
1457 2618 1740 2659 miseraturus
1754 2617 1904 2669 exspe*

1080 2679 1185 2723 ctat,
1209 2673 1393 2715 alterum
1416 2674 1652 2715 mansionis
1673 2685 1763 2714 suae
1783 2672 1903 2714 clari-

1079 2732 1169 2772 tate
1199 2730 1414 2772 nobssitat:
1455 2730 1641 2773 alterum
1673 2732 1902 2772 sanaturus
