2040 2976
540 245 610 278 Dic
633 246 687 279 28.
713 246 812 286 Maii.
860 245 894 279 S.
920 245 1065 278 Urbani
1090 246 1115 278 I.
1142 246 1257 287 Papae
1282 250 1316 278 et
1342 245 1446 277 Mart.
1790 241 1833 276 5*

402 343 486 384 Die
503 343 569 384 28.
587 341 699 392 Maii.

214 407 256 449 S.
275 407 470 449 Urbani
487 407 523 447 1.
547 407 679 457 Papae
704 412 746 447 et
770 407 892 447 Mart.

473 467 636 509 Duplex.

197 519 333 554 Omnia
372 518 418 552 de
460 518 663 553 Communi
706 519 818 554 unius
858 521 965 555 Mart.

143 572 284 611 praeter
307 567 517 610 sequentia.

478 616 640 656 Oratio.

144 669 264 775 Da,
280 669 530 720 quaesumus
545 667 821 717 omnipotens
832 664 966 705 Deus:

245 730 294 766 ut
323 724 396 777 qui
423 723 543 765 beati
568 721 736 764 Urbani
762 720 966 772 Martyris

142 783 206 825 tui
231 786 363 834 atque
381 779 608 821 Pontificis
632 777 841 819 solemnia
867 775 966 817 celi-

142 851 254 889 mus,
274 839 364 890 ejus
385 835 503 889 apud
520 840 565 877 te
584 832 967 875 intercessionibus

145 894 410 947 adjuvemur.
438 893 522 933 Per
540 890 788 932 Deminum.

201 954 244 989 In
272 954 300 988 Ι.
332 954 531 988 Nocturno
563 954 766 988 Lectiones
801 954 846 987 de
872 953 969 987 Scri-

146 1006 259 1046 ptura
284 1006 516 1037 occurrente.

377 1060 425 1099 In
445 1060 495 1099 ΙΙ.
515 1059 737 1099 Nocturno.

447 1120 598 1160 Lectio
618 1120 671 1159 iv.

186 1182 269 1232 ,ξξη
284 1173 445 1215 rbanus
463 1172 699 1220 Romanus
718 1168 969 1210 Alexandro

163 1192 269 1314 &CM
301 1231 463 1328 Steve‘ro
478 1228 753 1325 impegatYe,
773 1225 972 1322 d‘ftctrin}

256 1304 275 1314 2
303 1299 326 1328 e
363 1297 589 1327 vlaesanc
646 1295 808 1324 aemu
846 1293 940 1322 osa

149 1343 309 1386 Christi
326 1341 460 1384 fidem
479 1339 706 1383 convertit:
725 1339 768 1379 in
786 1337 870 1378 illis
885 1337 971 1378 Va-

147 1401 370 1449 lerianum,
388 1398 532 1441 beatae
548 1395 737 1438 Caeciliae
753 1406 972 1447 sponsum,

150 1462 194 1500 et
234 1456 483 1498 Tiburtium
517 1452 740 1495 Valeriani
780 1451 972 1499 fratrem,

150 1513 226 1567 qui
248 1515 406 1567 postea
429 1510 685 1563 martyrium
709 1507 810 1549 forti
829 1506 972 1547 animo

151 1570 386 1613 subierunt:
421 1568 506 1609 Hic
532 1567 587 1608 de
612 1564 739 1607 bonis
763 1562 974 1604 Ecclesiae

151 1625 371 1668 attributis
391 1623 566 1677 scripsit
584 1622 652 1663 his
672 1619 831 1662 verbis:
857 1618 974 1671 Ipsae

150 1695 221 1725 res
240 1682 445 1731 fidelium,
465 1692 564 1732 quae
578 1677 768 1720 Demino
789 1674 974 1717 offerun-

150 1744 236 1790 tur„
249 1751 337 1780 non
356 1737 518 1780 debent
535 1736 579 1776 in
598 1734 708 1776 alios
726 1745 830 1774 usus
846 1743 977 1783 quam

152 1795 474 1838 ecclesiaSticos
490 1797 534 1834 et
549 1790 883 1834 christianorum
896 1786 976 1827 fra-

150 1857 267 1894 trum
277 1851 347 1893 vel
356 1849 643 1901 indigentium
653 1844 861 1888 converti:
877 1843 977 1894 quia

152 1913 256 1950 vota
279 1912 379 1949 sunt
404 1905 615 1952 fidelium,
644 1907 687 1944 et
713 1900 855 1954 pretia
878 1911 976 1951 pec-

153 1966 362 2014 caterum,
380 1975 431 2004 ae
444 1959 710 2015 patrimonia
723 1959 977 2010 pauperum.

153 2019 275 2062 Sedit
302 2031 440 2061 annos
469 2030 563 2066 sex,
595 2026 768 2056 menses
799 2015 976 2063 septem,

156 2077 250 2119 dies
270 2078 471 2129 quatuor3
496 2086 547 2115 ac
569 2069 777 2122 martyrio
798 2068 976 2109 corona-

153 2138 236 2184 tus,
250 2132 448 2186 sepultus
464 2135 530 2172 est
543 2129 588 2170 in
603 2124 853 2169 coemeterio
863 2123 977 2163 Prae-

154 2189 320 2238 textati,
337 2190 495 2230 octavo
510 2182 735 2226 Kalendas
748 2181 773 2222 J
775 2179 876 2221 unii.
901 2178 977 2219 Or-

156 2244 450 2287 dinationibus
475 2242 666 2294 quinque
684 2237 844 2279 habitis
862 2247 978 2275 men—

156 2314 203 2344 se
226 2299 479 2349 Decembri,
506 2295 671 2339 creavit
696 2291 979 2346 presbyteros

155 2370 331 2407 novem,
351 2355 561 2398 diaconos
582 2352 787 2405 quinque,
812 2349 978 2400 episco-

156 2426 238 2466 pos
256 2426 336 2466 per
355 2412 527 2454 diversa
544 2409 643 2450 loca
662 2410 775 2448 octo.

211 2469 262 2521 Rz.
285 2469 533 2510 Honestum
559 2464 674 2506 fecit.
700 2463 752 2502 4*

160 2537 310 2579 Sermo
338 2534 477 2577 sancti
504 2529 735 2584 Augustini
760 2524 980 2580 Episcopi.

293 2597 350 2631 De
375 2597 410 2631 S.
435 2596 642 2641 Cypriano,
667 2603 775 2628 serm.
802 2592 850 2625 12.

471 2649 622 2689 Lectio
643 2661 680 2686 v.

229 2706 451 2747 ermonem
467 2699 600 2750 exigit
618 2702 708 2739 tam
723 2698 846 2745 grata
859 2696 903 2733 et
917 2703 980 2732 re-

245 2761 402 2812 ligiesa
420 2755 688 2802 solemnitaS,
713 2762 798 2803 qua
814 2747 980 2801 passio-

189 2898 281 2926 Propr.
296 2901 343 2926 pro
361 2892 436 2918 Clero
452 2890 526 2915 Rom.
556 2888 619 2913 Pars
636 2885 743 2910 AEstiva.

1014 353 1113 381 nem
1142 340 1260 381 beati
1290 339 1492 391 Martyris
1523 339 1689 381 Urbani
1726 337 1834 379 cele-

1014 395 1201 437 bramus.
1232 396 1388 437 Tristis
1407 395 1560 448 procul
1580 394 1713 436 dubio
1732 399 1836 435 tunc

1016 452 1213 494 Ecclesia
1230 452 1324 502 fuit,
1342 464 1430 493 non
1450 451 1608 492 damno
1630 450 1836 498 cadentis

1018 508 1097 550 sed
1124 507 1341 550 desiderio
1369 507 1631 557 recedentis,
1665 518 1837 559 semper

1018 564 1198 617 cupiens
1244 563 1394 605 videre
1443 565 1705 616 praesentem
1748 567 1838 603 tam

1018 620 1182 663 bonum
1204 622 1419 662 recte‘rem
1443 624 1575 671 atque
1603 618 1838 660 doctorem.

1018 676 1106 718 Sed
1127 689 1238 728 quos
1259 676 1471 717 afflixerat
1487 674 1734 716 sollicitudo
1751 686 1838 715 cer-

1019 733 1208 783 taminis,
1245 732 1471 774 consolata
1499 735 1565 772 est
1592 732 1755 772 corona
1781 730 1838 771 vi-

1021 790 1166 831 ctoris.
1225 789 1282 830 Et
1314 800 1427 829 nunc
1459 800 1546 828 non
1578 786 1718 827 solum
1749 786 1840 826 sine

1020 846 1109 887 ulla
1126 845 1317 894 tristitia,
1342 857 1493 885 verum
1516 843 1646 884 etiam
1665 855 1763 884 cum
1782 842 1840 882 in-

1021 902 1139 953 genti
1156 901 1323 951 laetitia,
1351 904 1505 941 cuncta
1531 911 1628 950 quae
1650 903 1753 940 tunc
1771 910 1840 948 ge-

1022 963 1091 1000 sta
1119 963 1236 1007 sunt,
1263 956 1448 1008 legendo
1477 954 1720 996 recelimus:
1756 952 1841 995 die-

1025 1027 1108 1066 que
1127 1015 1212 1056 isto
1231 1012 1422 1064 gaudere
1442 1011 1570 1052 nobis
1588 1011 1844 1051 concessum

1023 1075 1104 1119 est,
1133 1083 1221 1111 non
1244 1070 1407 1111 timere.
1446 1067 1602 1118 Neque
1628 1066 1742 1107 enim
1759 1065 1842 1106 for-

1022 1126 1237 1167 midamus
1287 1123 1538 1166 terribiliter
1583 1122 1843 1169 venientem,

1024 1181 1103 1224 sed
1122 1183 1426 1234 exspectemus
1448 1178 1642 1220 hilariter
1661 1177 1842 1218 redeun-

1022 1243 1121 1280 tem.

1078 1298 1127 1348 Rv.
1154 1293 1431 1335 Desiderium
1451 1290 1615 1331 animae.
1639 1289 1690 1330 4*

1324 1362 1475 1402 Lectio
1497 1361 1548 1400 vi.

1028 1415 1227 1521 Vicina
1250 1423 1448 1475 cerporis
1467 1426 1624 1470 morte,
1647 1431 1734 1460 non
1755 1429 1844 1458 mo-

1136 1479 1330 1522 riebatur
1349 1479 1393 1519 in
1413 1478 1556 1519 animo
1576 1474 1765 1529 pasteris
1785 1473 1843 1513 vi-

1025 1536 1203 1588 gilantia
1226 1534 1474 1588 pastoralis:
1503 1538 1546 1574 et
1571 1544 1674 1573 cura
1696 1528 1845 1571 tuendi

1026 1592 1245 1634 Dominici
1276 1590 1417 1643 gregis
1449 1601 1587 1641 usque
1620 1587 1676 1628 ad
1709 1586 1845 1627 extre-

1026 1662 1144 1690 mum
1175 1648 1276 1689 vitae
1307 1647 1431 1698 hujus
1463 1644 1579 1686 diem
1607 1647 1751 1684 mente
1780 1643 1846 1682 se-

1026 1706 1121 1748 bria
1139 1703 1379 1746 tenebatur.
1411 1702 1505 1743 Nec
1528 1697 1773 1741 excutiebat
1792 1696 1845 1738 ab

1029 1762 1173 1803 animo
1203 1759 1468 1810 diligentiam
1495 1754 1737 1797 fidelissimi
1765 1752 1846 1793 dis-

1028 1817 1275 1871 pensateris
1323 1827 1476 1855 manus
1524 1813 1608 1863 iam
1650 1809 1848 1862 proxima

1029 1873 1194 1915 cruenti
1213 1870 1436 1913 carnificis.
1463 1870 1530 1910 Ita
1549 1880 1595 1908 se
1614 1866 1849 1916 Martyrem

1030 1927 1251 1980 cogitabat
1268 1927 1468 1974 futurum,
1486 1929 1534 1965 ut
1553 1934 1648 1964 esse
1667 1933 1754 1961 non
1774 1919 1847 1961 ob-

1028 1985 1296 2027 livisceretur
1321 1984 1592 2035 episcopum3
1616 1977 1753 2027 magis
1778 1989 1848 2017 cu-

1028 2054 1143 2091 rans,
1196 2052 1325 2092 quam
1369 2037 1581 2079 rationem
1625 2034 1850 2086 pastorum

1028 2096 1214 2151 principi
1239 2094 1293 2136 de
1322 2091 1563 2135 commissis
1588 2089 1669 2131 sibi
1695 2087 1849 2130 (ivibus

1030 2152 1249 2201 redderet,
1278 2162 1408 2202 quam
1433 2147 1537 2200 quid
1560 2143 1725 2186 infideli
1748 2155 1846 2196 pro-

1031 2207 1197 2250 censuli
1221 2206 1276 2248 de
1300 2204 1387 2246 fide
1411 2202 1590 2257 prepria
1614 2197 1848 2252 responde-

1031 2269 1107 2306 ret.
1144 2261 1333 2303 Amabat
1361 2260 1524 2313 quippe
1553 2260 1652 2299 eum
1677 2255 1750 2308 qui
1773 2255 1849 2294 Pe-

1029 2326 1098 2362 tro
1118 2319 1300 2361 dixerat:
1324 2317 1458 2357 Amas
1476 2313 1570 2355 me?
1593 2323 1725 2366 pasce
1745 2322 1849 2351 oves

1029 2388 1160 2417 meas.
1199 2374 1257 2415 Et
1282 2371 1493 2426 pascebat
1520 2381 1625 2411 oves
1654 2367 1742 2418 ejus
1767 2377 1848 2417 pro

1032 2431 1187 2484 quibus
1219 2428 1472 2480 sanguinem
1505 2424 1699 2472 fundere,
1729 2421 1850 2462 illum

1030 2487 1212 2536 imitans,
1230 2483 1520 2537 praeparabat.

1089 2549 1140 2600 R.
1159 2546 1281 2588 Stola
1307 2541 1595 2596 jucunditatis,

1088 2617 1130 2650 In
1155 2615 1218 2649 111.
1239 2614 1435 2648 Nocturno
1461 2608 1626 2643 Homilia
1653 2606 1687 2639 in
1710 2606 1851 2646 Evang.

1038 2665 1160 2698 Homo
1182 2663 1351 2706 peregre.
1381 2660 1426 2692 de
1453 2658 1594 2691 Comm.
1620 2654 1725 2688 Cous.
1746 2653 1852 2685 Pont.

1042 2713 1067 2745 1.
1083 2712 1180 2747 loco.
1195 2710 1273 2753 RK.
1292 2717 1382 2742 vero
1400 2706 1445 2739 de
1460 2706 1601 2748 Comm.
1620 2702 1730 2735 unius
1748 2700 1853 2733 Mart.

1605 2857 1646 2889 1*
