2040 2976
493 168 566 203 Die
588 169 642 204 29.
666 168 784 203 Junii.
831 169 887 203 Ss.
914 170 1192 213 Apostolorum
1218 170 1320 205 Petri
1346 176 1382 205 et
1406 171 1527 205 Pauli.

1799 174 1865 209 369

484 263 648 306 Oratio.

147 314 331 421 Deus,
351 324 427 376 qui
444 323 703 366 hodiernam
723 322 840 365 diem
858 323 978 376 Apo-

253 380 468 422 stolorum
481 382 658 423 tuorum
667 379 787 421 Petri
803 384 847 421 et
856 379 980 421 Pauli

148 437 357 490 martyrio
378 436 664 479 consecrasti:
690 434 748 478 da
765 436 979 478 Ecclesiae

149 499 248 544 tuae,
269 496 423 536 eorum
439 494 484 535 in
504 492 705 536 omnibus
725 493 851 545 sequi
868 505 978 545 prae-

150 552 342 603 ceptum,
369 563 450 604 per
478 563 591 603 quos
616 549 840 601 religionis
866 562 979 591 sum-

148 607 239 660 psit
254 608 497 650 'exordium
523 607 608 649 Per
626 607 876 648 Dominum.

198 666 247 701 Et
275 676 353 702 non
381 665 423 700 fit
447 675 643 700 commem.
669 663 704 699 S.
728 664 858 708 Pauli,
890 675 975 700 cum

148 715 280 749 Oratio
312 714 362 749 sit
390 714 620 756 communis,
651 724 723 748 nec
753 713 910 748 Oetavae
940 713 974 749 S.

147 763 322 798 Joannis.

307 826 395 867 Ad
425 825 816 868 matutinum.

199 888 337 924 Omnia
375 887 422 922 de
458 888 661 923 Communi
694 889 976 933 Apostolorum

146 941 287 981 praeter
310 936 514 971 Lectiones
540 940 577 970 et
600 936 681 981 ΗΕ.
706 935 753 979 [4]

388 999 437 1038 In
458 999 487 1038 I.
510 998 733 1038 Nocturno.

248 1059 315 1100 De
334 1056 522 1099 Actibus
541 1057 873 1110 Apostolorum.

223 1121 378 1163 Lectio
398 1121 423 1162 i.
740 1121 843 1174 Cap.
862 1122 898 1162 3.

156 1193 159 1203 τ
244 1178 381 1216 etrus
401 1179 548 1216 autem
564 1179 608 1216 et
621 1175 646 1216 J
649 1177 814 1216 oannes
830 1187 977 1217 ascen-

154 1225 161 1274 ἶῑ
189 1261 248 1297 ‘vi‘
279 1229 443 1274 debant
460 1231 505 1272 in
521 1231 736 1284 templum
751 1230 808 1273 ad
822 1231 978 1274 horam

198 1286 254 1310 4
279 1287 490 1330 orationis
512 1301 684 1330 nonam.
716 1288 774 1330 Et
799 1287 978 1340 quidam

146 1343 229 1394 vir,
257 1344 330 1396 qui
354 1349 449 1386 erat
468 1344 650 1386 claudus
670 1357 724 1387 ex
743 1348 869 1387 utero
888 1358 976 1387 ma-

145 1400 224 1441 tris
243 1413 351 1451 suae,
375 1400 667 1452 bajulabatur:
695 1414 826 1454 quem
843 1404 976 1454 pone-

144 1455 251 1499 bant
284 1457 482 1510 quotidie
517 1457 575 1500 ad
605 1463 779 1511 portam
811 1458 976 1512 templi,

146 1526 245 1566 quae
279 1513 438 1556 dicitur
465 1514 691 1569 Speciosa,
724 1520 772 1557 ut
804 1517 977 1568 peteret

145 1569 469 1623 eleemosynam
496 1570 551 1613 ab
582 1571 907 1614 introeuntibus
933 1573 977 1614 in

145 1627 369 1680 templum.
402 1628 447 1670 Is
472 1642 571 1671 cum
594 1629 777 1671 vidisset
795 1629 977 1671 Petrum

146 1687 189 1725 et
206 1684 232 1725 J
235 1686 422 1726 oannem
445 1685 704 1739 incipientes
730 1686 912 1728 introire
932 1686 975 1727 in

143 1740 368 1794 templum,
386 1741 573 1793 rogabat
587 1746 636 1784 ut
651 1742 976 1795 eleemosynam

144 1799 376 1850 acciperet.
394 1826 398 1831 ·
418 1799 599 1841 Intuens
628 1804 777 1841 autem
804 1799 848 1840 in
877 1812 977 1842 eum

143 1855 299 1896 Petrus
320 1867 419 1897 cum
437 1855 462 1896 J
465 1857 621 1906 oanne,
642 1855 766 1898 dixit:
785 1857 975 1909 Respice

144 1911 188 1952 in
211 1923 303 1953 nos.
345 1913 406 1955 At
432 1912 505 1954 ille
532 1912 788 1956 intendebat
815 1913 859 1954 in
888 1926 975 1964 eOS,

144 1981 326 2021 sperans
350 1982 398 2011 se
421 1968 588 2022 aliquid
611 1974 895 2023 accepturum
919 1970 975 2012 ab

144 2037 217 2066 eis.

197 2082 251 2134 Rz.
284 2082 436 2125 Simon
466 2083 613 2134 Petre‚
651 2085 887 2136 antequam
920 2082 974 2125 de

142 2139 243 2180 navi
261 2141 470 2181 vocarem
487 2145 543 2190 te,
568 2140 673 2182 novi
691 2145 746 2190 te,
773 2145 816 2182 et
842 2153 975 2193 super

141 2194 317 2247 plebem
350 2209 493 2238 meam
523 2197 769 2250 principem
801 2201 845 2238 te
874 2209 973 2238 con-

142 2252 277 2294 stitui:
305 2251 329 2275 *
349 2252 406 2294 Et
435 2252 582 2294 claves
610 2253 733 2304 regni
759 2252 973 2294 coelorum

141 2307 304 2350 tradidi
322 2308 412 2350 tibi.
452 2303 503 2354 V.
525 2309 845 2361 Quodcumque
869 2308 972 2359 liga-

141 2364 256 2406 veris
276 2377 408 2417 super
427 2370 606 2415 terram,
631 2366 714 2407 erit
730 2365 912 2416 ligatum
931 2370 975 2407 et

140 2420 184 2461 in
210 2420 351 2462 coelis:
384 2426 428 2463 et
454 2421 764 2474 quodcumque
789 2421 974 2464 solveris

140 2489 274 2529 super
299 2482 479 2528 terram,
513 2478 595 2520 erit
628 2478 821 2520 solutum
854 2483 898 2520 et
929 2478 973 2519 in

143 2532 277 2574 coelis.
312 2534 379 2575 Et.

453 2582 607 2623 Lectio
627 2582 668 2622 ii.

147 2637 351 2743 Petrus
388 2652 534 2689 autem
571 2646 694 2689 dixit:
731 2646 974 2713 Argentum

239 2708 286 2745 ‘et
311 2716 466 2745 aurum
492 2716 581 2745 non
607 2709 674 2746 est
698 2703 818 2745 mih1:
854 2704 974 2758 quod

1033 271 1182 308 autem
1205 266 1367 318 habeo,
1397 268 1482 312 hoc
1507 271 1587 314 tibi
1612 272 1685 314 do:
1714 274 1765 314 111
1789 276 1864 315 no·

1033 323 1148 365 mine
1170 323 1195 364 J
1197 336 1275 365 esu
1300 324 1460 367 Christi
1483 327 1701 371 Nazareni
1724 343 1864 382 surge,

1034 384 1077 422 et
1111 379 1298 422 ambula.
1339 382 1397 424 Et
1428 385 1704 437 apprehensa
1732 400 1863 429 manu

1033 437 1125 488 ejus
1140 436 1334 487 dextera,
1354 438 1561 483 allevavit
1577 454 1687 492 eum,
1706 448 1749 485 et
1763 446 1863 497 pro-

1031 493 1149 535 tinus
1175 494 1464 538 consolidatae
1488 502 1589 539 sunt
1612 498 1741 541 bases
1762 501 1863 553 eius,

1033 554 1077 592 et
1103 549 1279 602 plantae.
1328 551 1386 593 Et
1414 554 1620 596 exsiliens
1649 556 1788 606 stetit,
1821 562 1865 600 et

1033 606 1300 649 ambulabat:
1326 612 1370 649 et
1392 608 1571 652 intravit
1595 624 1694 653 cum
1715 612 1801 654 illis
1819 614 1863 655 in

1031 663 1246 716 templum
1265 663 1504 717 ambulans,
1524 672 1568 709 et
1585 669 1801 719 exsiliens,
1821 675 1864 712 et

1031 719 1216 762 laudans
1234 721 1389 763 Deum.
1423 723 1480 765 Et
1499 723 1608 767 vidit
1628 726 1769 767 omnis
1787 729 1863 779 po-

1030 776 1161 829 pulus
1181 789 1282 818 eum
1299 778 1608 830 ambulantem,
1629 786 1673 823 et
1686 782 1863 825 laudan-

1031 838 1121 875 tem
1153 834 1307 876 Deum.
1349 834 1686 886 Cognoscebant
1718 845 1864 881 autem

1031 889 1169 940 illum,
1195 890 1314 943 quod
1332 891 1429 945 ipse
1449 898 1557 944 erat,
1583 895 1657 946 qui
1676 895 1733 937 ad
1754 895 1863 938 elee-

1031 948 1261 999 mosynam
1297 947 1483 992 sedebat
1520 949 1577 992 ad.
1609 951 1865 1004 Speciosam

1031 1008 1206 1056 portam
1224 1005 1393 1057 templi:
1413 1010 1457 1048 et
1474 1006 1644 1060 impleti
1661 1014 1762 1050 sunt
1777 1013 1863 1050 stu-

1031 1062 1140 1112 pore
1165 1066 1210 1103 et
1235 1062 1376 1103 extasi
1403 1062 1448 1104 in
1473 1076 1545 1114 eo,
1580 1064 1701 1117 quod
1728 1067 1862 1107 conti-

1030 1122 1156 1166 gerat
1173 1117 1246 1158 illi.

1083 1181 1135 1233 R
1167 1174 1212 1216 Si
1245 1174 1389 1226 diligis
1421 1190 1507 1226 me,
1539 1177 1689 1219 Simon
1721 1178 1862 1228 Petre,

1030 1243 1164 1282 pasce
1184 1243 1289 1273 oves
1308 1245 1441 1274 meas.
1470 1234 1659 1275 Domine
1678 1239 1727 1276 tu
1745 1236 1863 1276 nosti

1032 1287 1133 1339 quia
1161 1300 1260 1329 amo
1281 1293 1339 1339 te,
1369 1296 1391 1318 *
1420 1289 1477 1332 Et
1505 1291 1692 1332 animam
1719 1304 1862 1333 meam

1029 1356 1149 1396 pono
1175 1358 1257 1397 pro
1283 1350 1337 1387 te.
1374 1344 1424 1396 V.
1452 1347 1497 1388 Si
1522 1348 1769 1400 oportuerit
1791 1361 1861 1390 me

1029 1402 1143 1443 mori
1161 1406 1318 1453 tecum,
1339 1416 1427 1445 non
1445 1408 1489 1445 te
1507 1403 1692 1455 negabo.
1720 1405 1787 1447 Et.

1329 1464 1481 1504 Lectio
1503 1464 1559 1504 iii.

1106 1527 1182 1556 um
1210 1517 1381 1558 teneret
1413 1522 1560 1559 autem
1590 1518 1786 1568 Petrum,
1818 1523 1861 1559 et

1123 1571 1354 1623 Joannem‚
1388 1573 1582 1615 cucurrit
1614 1574 1756 1615 omnis
1783 1576 1860 1627 po-

1028 1627 1158 1680 pulus
1191 1627 1248 1670 ad
1280 1641 1358 1670 eos
1393 1629 1450 1672 ad
1483 1630 1720 1684 porticum,
1762 1643 1860 1683 quae

1029 1685 1280 1737 appellatur
1316 1686 1581 1738 Salomonis,
1623 1688 1861 1740 stupentes.

1027 1741 1197 1783 Videns
1235 1747 1382 1784 autem
1418 1744 1592 1795 Petrus,
1631 1743 1862 1796 respondit

1028 1798 1086 1840 ad
1112 1799 1343 1852 populum:
1370 1800 1467 1842 Viri
1495 1800 1725 1850 Israelitae,
1755 1800 1861 1852 quid

1027 1856 1245 1897 miramini
1271 1856 1315 1897 in
1339 1856 1442 1907 hoc,
1473 1862 1548 1899 aut
1568 1870 1649 1899 nos
1676 1856 1782 1910 quid
1800 1857 1859 1898 in·

1027 1913 1217 1962 tuemini,
1252 1914 1379 1965 quasi
1408 1919 1560 1956 nostra
1591 1914 1753 1956 virtute
1786 1919 1860 1956 aut

1027 1972 1248 2021 potestate
1287 1970 1519 2011 fecerimus
1559 1970 1675 2012 hunc
1712 1970 1859 2012 ambu-

1026 2024 1143 2067 lare?
1198 2026 1320 2067 Deus
1363 2026 1606 2076 Abraham,
1654 2031 1698 2069 et
1737 2027 1859 2069 Deus

1027 2082 1163 2132 Isaac,
1184 2087 1227 2124 et
1241 2083 1363 2124 Deus
1378 2082 1529 2131 Jacob,
1547 2083 1668 2124 Deus
1685 2088 1859 2136 patrum

1026 2141 1281 2180 nostrorum
1311 2139 1575 2190 glorificavit
1600 2140 1758 2182 Filium
1791 2153 1857 2182 su-

1026 2208 1101 2236 um
1118 2195 1142 2236 J
1145 2208 1285 2246 esum,
1315 2208 1445 2248 quem
1468 2209 1548 2239 vos
1573 2196 1752 2249 quidem
1774 2202 1858 2239 tra-

1027 2251 1216 2303 didistis,
1255 2258 1299 2294 et
1334 2254 1528 2304 negastis
1564 2258 1665 2295 ante
1701 2254 1858 2295 faciem
1906 2279 1907 2282 =

1026 2308 1170 2359 Pilati,
1201 2308 1420 2361 judicante
1447 2309 1523 2351 illo
1550 2310 1722 2352 dimitti.
1762 2311 1857 2352 Vos

1026 2370 1173 2407 autem
1193 2370 1401 2416 sanctum,
1422 2370 1466 2408 et
1479 2367 1639 2417 iustum
1653 2367 1857 2418 negastis

1027 2427 1070 2463 et
1101 2422 1274 2474 petistis
1308 2423 1450 2464 virum
1483 2421 1749 2465 homicidam
1782 2423 1854 2464 do-

1025 2478 1121 2519 nari
1139 2478 1280 2521 vobis:
1306 2481 1533 2521 auctorem
1551 2476 1658 2521 ver'o
1677 2480 1780 2521 vitae
1795 2479 1855 2520 in-

1025 2535 1273 2585 terfecistis,
1294 2549 1426 2588 quem
1442 2536 1565 2577 Deus
1584 2536 1812 2578 suscitavit
1830 2547 1855 2576 a

1025 2592 1226 2642 mortuis,
1262 2593 1382 2644 cujus
1413 2605 1495 2634 nos
1527 2597 1663 2635 testes
1696 2605 1855 2633 sumus.

1025 2649 1083 2691 Et
1096 2650 1140 2690 in
1155 2648 1244 2691 fide
1258 2649 1446 2691 nominis
1460 2650 1562 2701 ejus,
1581 2649 1705 2698 hunc,
1725 2660 1855 2699 quem

1024 2718 1106 2748 vos
1124 2704 1314 2756 vidistis,
1333 2710 1379 2748 et
1395 2705 1552 2756 nostis,
1579 2704 1855 2747 confirmavit
