2040 2976
437 232 615 267 Officium
639 233 814 267 votivum
839 232 886 266 de
910 233 1161 268 Immaculata
1188 235 1371 278 Concept,
1398 236 1437 269 B.
1464 236 1510 269 M.
1539 236 1578 269 Υ.

1772 233 1864 278 [237]

451 328 603 369 Lectio
623 328 676 368 ix.

147 379 292 486 Nos
333 392 479 430 autem
512 388 705 441 populus
737 387 838 438 Dei,
873 399 980 438 gens

269 450 437 495 sancta,
466 445 753 496 congregatio
782 446 980 496 accepta-

147 501 259 552 bilis,
278 502 357 542 filii
377 501 607 551 columbae,
628 501 807 543 soboles
826 501 980 553 gratiae

147 558 192 598 in
224 558 307 599 hac
339 557 534 608 Virginis
568 557 825 599 celebritate
857 557 980 610 puris

149 614 315 663 animis,
326 613 569 666 impollutis
579 613 718 663 labiis,
733 613 981 655 multisonis

147 670 306 722 linguis
324 670 512 722 hymnos
529 670 782 712 suavidicos
798 670 979 712 extolla-

147 740 256 769 mus.
300 726 478 769 Illustre
506 727 593 769 hoc
620 727 795 777 festum,
823 726 980 779 princi-

147 796 250 836 pem
276 783 602 827 solemnitatem
625 783 807 834 Angelis
833 783 981 824 laetam

148 845 193 882 et
219 841 447 882 hominum
474 840 794 894 praedicatione
822 839 980 891 dignis-

149 897 319 947 simam,
342 898 492 950 prouti
511 910 593 951 par
612 901 696 948 est,
720 899 980 939 venerantes

85 991 91 998 .
147 953 256 996 illud
272 955 370 996 Ave
386 953 605 996 Gabrielis
621 966 722 995 cum
736 953 980 995 reverentia

149 1015 193 1052 et
235 1011 399 1062 gaudio
445 1015 598 1052 sancto
645 1010 981 1052 conclamemus.

147 1066 244 1109 Ave
264 1067 470 1110 delicium
488 1067 643 1117 Patris,
668 1079 749 1120 per
773 1079 905 1119 quam
925 1065 982 1107 ad

148 1124 328 1165 ultimos
355 1129 486 1166 terrae
519 1123 632 1166 fines
664 1123 750 1165 Dei
786 1123 980 1174 cognitio

148 1181 351 1223 manavit.
379 1181 477 1223 Ave
496 1180 595 1222 Filii
614 1179 899 1230 domicilium,
926 1179 981 1221 de

150 1250 236 1289 qua
276 1237 350 1279 ille
387 1250 517 1280 carne
558 1236 739 1279 indutus
775 1236 981 1289 prodivit.

148 1293 245 1336 Ave
281 1294 422 1336 sancti
455 1294 645 1347 Spiritus
681 1293 983 1335 habitaculum

148 1350 378 1392 ineffabile.
407 1351 503 1393 Ave
518 1350 712 1392 sanctior
730 1349 981 1400 Cherubim;

148 1420 230 1449 ave
248 1407 485 1459 gloriosior
503 1407 748 1460 Seraphim3
771 1419 852 1448 ave
868 1407 981 1448 coelo

147 1463 295 1514 latior3
328 1477 409 1506 ave
444 1464 539 1506 sole
571 1463 865 1518 splendidior,
901 1476 982 1504 ave

148 1519 250 1561 luna
276 1520 526 1572 micantior;
560 1534 641 1563 ave
673 1519 907 1572 multiplex
940 1532 981 1560 a·

149 1578 342 1618 strorum
356 1577 488 1628 nitor;
504 1590 585 1619 ave
596 1577 708 1619 levis
718 1576 870 1626 nubes,
883 1589 982 1628 quae

150 1633 378 1675 coelestem
395 1634 592 1687 pluviam
609 1633 839 1687 inspergis.
885 1634 982 1674 Ave

150 1701 256 1730 aura
275 1695 442 1740 saneta,
462 1702 562 1743 quae
582 1691 785 1743 spiritum
803 1689 982 1730 malitiae

150 1759 176 1787 a
194 1750 313 1788 terra
332 1746 569 1799 dissipasti.
598 1747 695 1788 Ave
709 1746 858 1788 nobile
872 1759 982 1799 prae-

150 1803 326 1844 conium
334 1803 672 1856 Prophetarum3
693 1816 774 1845 ave
789 1803 982 1855 Aposto-

150 1858 295 1900 lorum
328 1859 504 1901 auditus
538 1873 618 1913 per
650 1865 795 1902 totum
829 1858 983 1900 orbem

151 1928 305 1966 sonus;
350 1928 432 1957 ave
477 1916 721 1969 Martyrum
764 1915 983 1957 excellens

151 1972 387 2022 confessio;
413 1985 494 2019 ave
515 1972 873 2015 Patriarcharum
895 1971 982 2011 lau-

153 2027 380 2070 datissima
401 2028 677 2082 praedicatio,
704 2041 785 2070 ave
804 2029 984 2069 Sancto-

152 2097 250 2125 rum
277 2098 495 2126 summum
523 2087 839 2127 ornamentum.
887 2084 984 2124 Ave

153 2153 286 2182 causa
313 2141 466 2183 salutis
495 2142 691 2183 omnium
718 2140 984 2189 mortalium3

152 2210 233 2238 ave
259 2199 410 2248 regina
436 2199 559 2250 pacis
587 2197 876 2246 conciliatrix3
904 2208 984 2237 ave

151 2258 341 2295 matrum
399 2254 610 2306 splendor
667 2253 984 2295 immaculatus.

153 2309 250 2351 Ave
275 2309 512 2352 mediatrix
546 2311 759 2360 omnium,
796 2309 870 2361 qui
903 2307 984 2349 sub

153 2366 269 2408 coel'o
298 2371 415 2417 sunt3
443 2380 524 2409 ave
551 2369 689 2408 totius
718 2366 836 2408 orbis
862 2377 984 2417 repa-

153 2422 283 2472 ratio,
316 2435 397 2464 ave
426 2423 568 2474 gratia
595 2424 742 2476 plena,
770 2421 986 2463 Dominus

153 2483 316 2529 tecum,
338 2480 412 2530 qui
432 2484 533 2521 ante
552 2485 607 2530 te,
628 2484 672 2521 et
692 2492 746 2521 ex
765 2483 826 2527 te,
848 2482 891 2518 et
910 2489 984 2518 no-

153 2533 335 2576 biscum.
388 2535 482 2588 Ipsi
514 2535 609 2576 laus
645 2548 745 2576 cum
776 2535 908 2575 Patre
942 2537 986 2573 et

155 2591 432 2632 sanctissimo
488 2597 532 2633 et
581 2591 757 2633 vivifico
811 2589 986 2642 Spiritu,

154 2660 269 2688 nunc
293 2652 337 2689 et
360 2660 550 2700 semper,
576 2652 619 2689 et
642 2648 686 2687 in
712 2647 884 2688 infinita
908 2647 986 2686 sa‘e-

156 2703 255 2744 cula
278 2703 553 2744 saeculorum.
598 2705 753 2744 Amen.

207 2759 266 2800 Te
292 2760 436 2801 Deum
454 2759 696 2802 laudamus.
714 2761 774 2801 13.

1310 333 1390 375 Ad
1409 334 1606 376 Laudes

1240 395 1291 423 et
1330 400 1428 431 per
1469 390 1666 423 Horas.

1086 448 1185 488 Ant.
1207 450 1234 487 1.
1272 450 1381 489 Tota
1403 447 1588 500 pulchra
1607 450 1631 476 *
1651 461 1698 490 es
1716 449 1865 499 Maria,

1034 508 1078 544 et
1100 503 1274 544 macula
1298 504 1522 555 originalis
1545 517 1634 546 non
1658 510 1725 547 est
1746 505 1790 546 in
1810 510 1865 547 te.

1086 565 1156 605 Ps.
1183 564 1394 606 Dominus
1413 565 1624 616 regnavit.
1643 567 1702 606 14.

1087 626 1123 665 2.
1162 625 1478 667 Vestimentum
1509 630 1633 667 tuum
1664 627 1687 651 *
1721 625 1865 667 candi-

1034 680 1139 778 dulm
1160 681 1285 733 quasi
1303 682 1394 732 nix,
1424 687 1468 723 et
1491 683 1627 724 facies
1653 687 1729 724 tua
1753 682 1867 724 sicut

1033 750 1083 779 so
1104 769 1112 778 .

1086 797 1123 835 3.
1153 797 1218 835 Tu
1241 794 1382 845 gloria
1400 794 1659 845 Jerusalem,
1678 796 1702 821 *
1721 801 1770 838 tu
1793 796 1865 837 lae-

1033 851 1130 892 titia
1157 851 1313 902 Israel,
1350 856 1398 892 tu
1426 851 1761 894 honorificentia
1788 855 1865 906 po·
1927 867 1940 878 ·

1032 907 1126 960 puli
1144 908 1295 949 nostri.

1087 967 1124 1005 4.
1156 964 1397 1006 Benedicta
1422 977 1469 1006 es
1493 969 1555 1014 tu,
1574 965 1597 990 *
1616 965 1756 1016 Virgo
1777 965 1865 1006 Ma-

1033 1024 1113 1071 ria,
1148 1035 1174 1062 a
1206 1020 1399 1062 Domino
1432 1021 1529 1061 Deo
1566 1021 1741 1062 excelso
1774 1035 1867 1074 prae

1035 1078 1237 1120 omnibus
1260 1077 1518 1118 mulieribus
1542 1090 1675 1129 super
1694 1083 1867 1119 terram.

1086 1136 1123 1175 5.
1166 1134 1306 1176 Trahe
1333 1147 1414 1175 nos
1443 1134 1466 1159 *
1493 1134 1633 1185 Virgo
1662 1134 1866 1176 immacu-

1034 1191 1140 1240 lata,
1165 1196 1269 1244 post
1294 1196 1337 1232 te
1363 1191 1588 1232 curremus
1613 1190 1657 1230 in
1684 1189 1869 1232 odorem

1035 1249 1358 1298 unguentorum
1376 1248 1563 1288 tuorum.

1143 1309 1403 1361 Capitulum.
1581 1309 1706 1349 l'rov.
1728 1310 1764 1348 8.

1035 1365 1296 1472 Dominus
1329 1367 1532 1421 possedit
1565 1381 1635 1410 me
1669 1368 1713 1408 in
1744 1368 1868 1409 initio

1132 1427 1302 1468 viarum
1309 1428 1498 1474 suarum,
1507 1427 1608 1466 ante
1613 1437 1745 1476 quam
1754 1424 1870 1477 quid-

1037 1496 1168 1536 quam
1196 1483 1361 1524 faceret
1388 1495 1414 1523 a
1441 1482 1670 1534 principio.
1714 1481 1785 1522 Ab
1814 1494 1868 1522 ae-

1035 1542 1162 1581 terno
1182 1539 1386 1581 ordinata
1405 1551 1511 1587 sum,
1532 1542 1575 1579 et
1595 1551 1650 1579 ex
1669 1537 1869 1589 antiquis,

1037 1598 1272 1648 antequam
1307 1600 1426 1636 terra
1462 1594 1599 1635 fieret.
1660 1593 1870 1635 Nondum

1038 1657 1161 1694 erant
1182 1651 1348 1704 abyssi,
1377 1655 1421 1692 et
1446 1663 1529 1701 ego
1549 1651 1635 1702 jam
1654 1651 1871 1702 concepta

1037 1722 1167 1751 eram.

1350 1764 1562 1814 Hymnus.

1224 1829 1418 1880 gloriosa
1436 1827 1662 1879 virginum,

1225 1885 1432 1927 Sublimis
1451 1885 1565 1925 inter
1584 1883 1740 1932 sidera,

1167 1942 1253 1992 Qui
1271 1947 1315 1983 te
1335 1941 1512 1989 creavit,
1532 1939 1767 1991 parvulum

1167 1998 1379 2039 Lactente
1398 1996 1538 2037 nutris
1558 1994 1704 2036 ubere.

1119 2061 1251 2113 Quod
1269 2063 1396 2103 Heva
1415 2060 1552 2102 tristis
1572 2059 1768 2109 abstulit,

1169 2119 1239 2159 Tu
1257 2117 1407 2159 reddis
1427 2117 1544 2158 almo
1562 2115 1775 2167 germine:

1171 2175 1341 2216 Intrent
1359 2178 1408 2215 ut
1428 2178 1547 2214 astra
1568 2171 1747 2222 flebiles,

1169 2230 1282 2272 Coeli
1300 2228 1493 2282 recludis
1513 2228 1726 2270 cardines.

1118 2296 1186 2336 Tu
1205 2295 1320 2346 regis
1340 2294 1417 2336 alti
1436 2295 1574 2346 janua,

1169 2352 1226 2393 Et
1245 2351 1345 2392 aula
1363 2350 1473 2392 lucis
1492 2348 1674 2399 fulgida:

1168 2408 1320 2450 Vitam
1340 2406 1489 2448 datam
1507 2418 1587 2458 per
1606 2404 1834 2455 Virginem

1171 2465 1338 2506 Gentes
1357 2462 1600 2515 redemptae
1619 2459 1828 2514 plaudite.

1118 2529 1140 2568 J
1145 2541 1233 2578 esu,
1252 2529 1334 2570 tibi
1353 2528 1410 2569 sit
1428 2527 1580 2578 gloria,

1171 2585 1255 2635 Qui
1273 2589 1402 2626 natus
1421 2596 1469 2625 es
1489 2582 1544 2624 de
1564 2580 1756 2630 Virgine,

1171 2641 1282 2682 Cum
1302 2641 1444 2690 Patre,
1464 2644 1508 2680 et
1527 2637 1642 2679 almo
1662 2635 1828 2688 Spiritu

1170 2698 1221 2738 In
1241 2697 1508 2749 sempiterna
1526 2692 1698 2735 saecula.

1353 2753 1506 2793 Amen.
