2040 2976
213 209 256 243 4*
603 205 675 239 Dic
698 205 749 239 27.
772 205 872 247 Maii.
920 205 955 239 S.
980 205 1143 239 Joannis
1167 205 1193 238 Ι.
1219 205 1337 247 Papae
1362 209 1397 239 et
1422 205 1528 239 Mart.

436 302 485 341 In
512 302 562 341 H.
590 301 814 341 Nocturno.

440 406 447 412 ,
512 365 665 407 Lectio
686 365 739 405 iv.

273 454 303 475 ,4
325 419 396 487 ””ς·.Δ
422 429 625 469 oannes
674 428 886 470 Etruscus
931 429 1041 470 Con-

273 484 274 488 ’
352 489 446 539 [333
487 486 680 526 stantino
708 490 834 537 patre
858 485 1042 536 genitus,

248 538 303 588 ἐκ
487 543 622 582 totius
668 541 774 582 cleri
814 543 1041 591 consensu,

266 588 301 639 f
364 594 380 620 *³
415 597 447 635 ”;
484 598 528 639 in
585 598 732 639 locum
788 597 1041 639 Hormisdae

214 658 303 698 vita
339 655 492 705 functi,
537 667 591 696 ex
631 654 890 707 presbytero
927 653 1042 695 tituli

214 711 484 754 Pammachii
503 711 769 762 subrogatus
788 710 879 752 fuit.
913 711 938 751 J
939 712 1040 752 usti-

213 783 270 812 no
290 769 464 811 seniore
483 768 748 820 imperatore
767 767 880 809 rexit
893 766 1041 808 Eccle-

214 827 339 876 siam,
365 825 422 866 ad
445 837 575 876 quem
597 823 823 876 profectus
843 828 911 865 est
931 823 1040 864 Con-

214 881 559 935 stantinopolim,
579 880 727 922 auxilii
747 893 894 929 causa,
922 879 1042 932 quod

213 938 518 980 Theodoricus
550 949 628 978 rex
658 936 892 978 haereticus
924 935 1040 978 dive-

213 995 347 1037 xabat
382 993 565 1036 Italiam.
626 993 756 1044 Cujus
794 992 925 1034 etiam
958 993 1041 1035 iter

213 1052 335 1093 Deus
371 1050 592 1092 miraculis
628 1049 873 1095 illustravit.
926 1049 1041 1090 Nam

214 1121 313 1149 cum
346 1108 385 1149 ei
416 1106 576 1148 nobilis
604 1106 670 1147 vir
698 1105 754 1147 ad
783 1105 1041 1147 Corinthum

215 1177 392 1216 equum,
426 1176 513 1215 quo
546 1163 637 1214 ejus
668 1175 780 1203 uxor
811 1163 1040 1204 mansueto

213 1221 435 1270 utebatur,
479 1219 645 1261 itineris
682 1231 813 1260 causa
850 1231 1040 1260 commo-

215 1277 378 1319 dasset:
397 1277 561 1318 factum
581 1282 648 1318 est
662 1281 710 1317 ut
725 1275 904 1317 domino
920 1278 1040 1328 post—

214 1347 265 1375 ea
298 1336 505 1375 remissus
534 1345 674 1385 equus
701 1332 763 1374 ita
789 1332 914 1374 ferox
942 1334 1037 1374 eva-

214 1389 347 1439 deret,
366 1395 414 1431 ut
433 1390 609 1431 fremitu
628 1394 671 1430 et
690 1391 826 1431 totius
842 1390 1040 1442 corporis

213 1447 448 1498 agitatione
474 1459 648 1499 semper
671 1445 880 1499 deinceps
904 1445 1039 1488 domi-

157 1543 159 1546 ,
184 1514 187 1517 ·
212 1515 313 1544 nam
339 1502 573 1556 expulerit,
598 1507 824 1554 tamquam
846 1501 1039 1553 indigna-

212 1561 332 1600 retur
364 1559 591 1600 mulierem
621 1561 835 1611 recipere,
868 1572 922 1600 ex
951 1571 1039 1611 quo

214 1615 401 1657 sedisset
430 1615 476 1655 in
508 1627 561 1657 eo
594 1615 698 1656 Jesu
726 1615 887 1657 Christi
911 1616 1039 1657 Vica-

214 1672 314 1712 rius.
348 1671 642 1722 Quamobrem
664 1671 726 1712 illi
749 1684 911 1724 equum
928 1673 1038 1714 Pon-

212 1727 318 1769 tifici
338 1726 622 1770 donaverunt.

262 1798 314 1849 R.
341 1797 589 1838 Honestum
614 1797 717 1839 fecit
742 1797 864 1839 illum
889 1798 1038 1840 Domi-

211 1867 306 1905 nus,
334 1859 377 1895 et
395 1853 631 1896 custodivit
650 1867 749 1896 eum
768 1854 823 1897 ab
843 1855 1039 1905 inimicis,

213 1915 257 1951 et
285 1923 310 1951 a
339 1909 645 1952 seductoribus
671 1912 830 1954 tutavit
853 1911 989 1954 illum:
1013 1912 1036 1936 *

212 1966 268 2008 Et
300 1966 421 2008 dedit
451 1966 514 2007 illi
547 1966 787 2010 claritatem
819 1970 1038 2010 aeternam.

210 2016 261 2067 V.
300 2021 628 2075 Descenditque
660 2037 759 2065 cum
790 2024 866 2066 illo
902 2025 947 2066 in
977 2025 1037 2067 fo-

213 2091 349 2128 veam,
369 2084 412 2120 et
430 2079 474 2119 in
493 2080 676 2121 vinculis
696 2094 784 2122 non
804 2081 1038 2135 dereliquit

214 2147 323 2176 eum.
349 2136 406 2177 Et
425 2135 546 2178 dedit
565 2136 637 2177 illi.

519 2211 670 2252 Lectio
692 2227 727 2252 v.

212 2271 337 2379 Sed
355 2278 462 2320 illud
480 2281 616 2332 majus
631 2281 899 2332 miraculum,
919 2283 1038 2334 quod

297 2333 686 2389 Constantinopoli,
702 2337 745 2377 in
760 2337 880 2379 aditu
894 2343 1037 2391 portae

211 2389 384 2440 Aureae,
397 2390 672 2444 inspectante
684 2393 1036 2446 frequentissimo

211 2446 393 2499 populo,
429 2448 503 2499 qui
530 2461 617 2489 una
644 2462 743 2490 cum
770 2451 1036 2503 imperatore

210 2502 413 2545 Pontifici
430 2503 610 2546 honoris
629 2517 760 2547 causa
775 2511 1036 2558 occarrerat‚

212 2571 330 2600 caeco
349 2560 494 2602 lumen
513 2562 712 2603 restituit.
733 2562 805 2604 Ad
824 2565 944 2615 cujus
963 2577 1036 2617 pe-

212 2614 289 2656 des
333 2619 581 2668 prostratus
626 2618 758 2659 etiam
796 2620 1036 2672 imperator

212 2683 310 2712 eum
325 2675 557 2715 veneratus
576 2678 652 2716 est.
671 2674 821 2716 Rebus
841 2688 941 2718 cum
960 2677 1035 2718 im-

210 2730 413 2780 peratore
425 2731 692 2783 compositis,
704 2731 747 2773 in
757 2731 929 2774 Italiam
940 2732 1035 2775 red-

1092 304 1152 354 iit,
1171 305 1408 356 statimque
1427 303 1660 356 epistolam
1675 304 1850 357 scripsit
1862 303 1920 347 ad

1094 372 1246 402 omnes
1258 359 1400 401 Italiae
1415 362 1662 413 episcopOS,
1675 359 1828 413 jubens
1843 373 1920 403 eos

1093 416 1358 457 Arianorum
1399 416 1607 458 ecclesias
1647 415 1705 458 ad
1739 416 1919 459 catholi-

1094 485 1192 514 cum
1219 473 1354 514 ritum
1382 475 1658 523 consecrare,
1686 472 1795 515 illud
1820 472 1918 515 sub-

1093 529 1289 581 jungens:
1342 529 1454 579 Quia
1503 535 1547 572 et
1594 542 1691 580 nos,
1742 529 1919 582 quando

1093 585 1253 626 fuimus
1285 585 1683 640 Constantinopoli,
1718 591 1808 628 tam
1836 599 1918 639 pro

1093 641 1304 693 religione
1331 642 1563 693 catholica,
1593 655 1725 696 quam
1748 655 1830 696 pro
1855 655 1919 686 re-

1092 698 1159 749 gis
1174 697 1444 741 Theodorici
1459 698 1601 750 causa,
1622 702 1920 753 quascumque

1092 754 1177 795 illis
1211 755 1255 795 in
1291 755 1491 808 partibus
1527 758 1678 798 eorum
1713 756 1920 799 ecclesias

1093 813 1285 863 reperire
1310 813 1552 865 potuimus,
1581 812 1820 855 catholicas
1845 825 1919 855 eas

1093 869 1459 911 consecravimus,
1671 898 1674 901 ·

1145 927 1195 979 R.
1224 925 1504 968 Desiderium
1536 927 1692 968 animae
1725 926 1816 978 ejus
1845 926 1918 968 tri·

1092 980 1226 1023 buisti
1257 982 1297 1024 ei
1324 983 1530 1033 Domine,
1558 986 1581 1009 *
1609 982 1667 1025 Et
1695 982 1919 1025 voluntate

1092 1037 1309 1080 labiorum
1337 1041 1428 1092 eius
1455 1052 1542 1081 non
1568 1039 1780 1082 fraudasti
1809 1052 1920 1081 eum.

1093 1090 1143 1142 V.
1162 1095 1378 1145 Quoniam
1395 1096 1650 1150 praevenisti
1669 1109 1769 1138 eum
1783 1096 1828 1138 in
1846 1095 1918 1139 be-

1092 1151 1415 1194 nedictionibus
1445 1152 1699 1195 dulcedinis:
1734 1153 1920 1205 posuisti

1091 1208 1135 1248 in
1164 1209 1308 1261 capite
1337 1210 1428 1261 ejus
1456 1211 1665 1251 coronam
1693 1208 1748 1251 de
1773 1208 1920 1263 lapide

1091 1265 1300 1317 pretioso.
1336 1265 1404 1308 Et.

1393 1323 1546 1364 Lectio
1568 1323 1619 1363 vi.

1177 1379 1267 1421 uod
1297 1380 1571 1432 iniquissimo
1605 1380 1749 1422 animo
1777 1380 1920 1422 ferens

1191 1435 1511 1487 TheodoricuS,
1536 1436 1640 1479 dolo
1662 1439 1920 1479 accersitum

1091 1492 1349 1535 Pontificem
1365 1493 1621 1535 Ravennam
1637 1493 1681 1534 in
1700 1494 1920 1536 carcerem

1092 1550 1293 1601 conjecit,
1334 1549 1410 1591 ubi
1446 1549 1651 1602 squalore
1687 1549 1919 1602 inediaque

1092 1606 1296 1656 afflictus,
1346 1608 1499 1660 paucis
1537 1605 1691 1648 diebus
1727 1606 1859 1649 cessit
1895 1619 1919 1649 e

1091 1662 1190 1712 vita,
1206 1675 1305 1704 cum
1320 1663 1507 1705 sedisset
1521 1675 1659 1705 annos
1674 1662 1798 1714 duos,
1811 1676 1921 1706 men·

1092 1731 1163 1760 ses
1182 1732 1351 1770 novem,
1371 1719 1466 1761 dies
1485 1719 1832 1772 quatuordecim;
1852 1733 1918 1762 or-

1092 1775 1251 1818 dinatis
1271 1788 1323 1818 eo
1343 1778 1544 1829 tempore
1564 1776 1784 1829 episcopis
1800 1778 1918 1829 quin-

1092 1831 1246 1874 decim.
1281 1833 1419 1874 Paulo
1442 1837 1545 1886 post
1568 1834 1752 1876 moritur
1775 1833 1918 1875 Theo-

1092 1888 1282 1939 doricus;
1303 1902 1432 1942 quem
1454 1888 1632 1942 quidam
1647 1890 1852 1941 Eremita,
1870 1895 1919 1933 ut

1090 1945 1243 1987 scribit
1289 1951 1466 1988 sanctus
1503 1946 1761 1997 Gregorius,
1807 1946 1918 1989 vidit

1089 2002 1200 2044 inter
1219 2002 1244 2043 J
1247 2004 1433 2044 oannem
1451 2002 1711 2045 Pontificem
1733 2008 1777 2045 et
1798 2003 1918 2056 Sym-

1089 2058 1293 2100 machum
1330 2059 1581 2112 patricium,
1633 2072 1763 2112 quem
1799 2059 1917 2102 idem

1090 2113 1330 2165 occiderat,
1351 2115 1546 2167 demergi
1565 2115 1610 2156 in
1627 2115 1772 2166 ignem
1790 2116 1916 2169 Lipa-

1088 2172 1292 2223 ritanum;
1338 2178 1386 2214 ut
1421 2172 1626 2215 videlicet
1660 2172 1722 2214 illi
1758 2172 1917 2226 quibus

1088 2233 1276 2270 mortem
1308 2229 1530 2279 attulerat,
1562 2234 1785 2281 tamquam
1811 2229 1917 2282 judi-

1089 2297 1163 2326 ces
1191 2290 1338 2327 essent
1365 2286 1455 2338 ejus
1483 2285 1692 2328 interitus.
1735 2286 1760 2327 J
1763 2287 1916 2327 oannis

1089 2353 1252 2394 corpus
1271 2342 1482 2383 Ravenna
1507 2342 1695 2384 Romam
1721 2342 1916 2384 delatum

1089 2402 1172 2447 est,
1202 2403 1246 2439 et
1269 2398 1313 2438 in
1337 2397 1519 2440 basilica
1545 2399 1682 2441 sancti
1707 2399 1825 2440 Petri
1851 2412 1914 2441 se-

1087 2453 1269 2506 pultum.

1143 2513 1193 2563 Ru
1215 2510 1337 2552 Stola
1356 2511 1647 2563 jucunditatis

1141 2572 1183 2605 In
1209 2573 1272 2607 III.
1295 2573 1493 2607 Nocturno
1521 2573 1689 2607 Homilia
1714 2573 1751 2606 in
1771 2571 1915 2615 Evang.

1090 2621 1155 2702 1Sil
1173 2621 1261 2666 quis
1303 2620 1397 2656 vult.
1444 2622 1490 2655 de
1533 2622 1669 2655 codem
1714 2620 1916 2655 Communi

1113 2696 1118 2702 .
1160 2678 1241 2702 OCO.

1142 2717 1185 2761 R„
1212 2717 1290 2751 viii.
1337 2716 1500 2752 Domine
1523 2716 1758 2761 praevenisti.
