2040 2976
207 226 277 262 158

494 314 641 355 Lectio
664 314 744 352 viii.

210 379 352 483 Hoc
382 395 486 435 ergo
518 395 599 423 nos
631 380 781 422 docuit
809 383 851 420 et
879 377 1024 420 admo-

324 441 415 481 nuit
435 438 628 492 mysticis
648 436 802 486 verbis,
825 440 874 476 ut
893 435 1026 476 simus

204 499 247 539 in
270 498 360 549 ejus
385 498 572 549 corpore
596 494 675 536 sub
696 494 794 546 ipso
819 492 963 544 capite
983 491 1026 531 in

204 553 409 595 membris
425 553 525 604 ejus,
542 550 719 593 edentes
735 561 909 590 carnem
924 548 1026 599 ejus,
1084 590 1091 602 Ἰ,
1129 600 1133 605 ἱ

205 623 291 652 non
338 609 630 662 relinquentes
673 606 882 647 unitatem
926 604 1025 656 ejus.
1088 615 1090 619 ’
1124 608 1141 623 ⁶·
1181 615 1189 624 ¹⁴

205 666 292 708 Sed
316 667 390 718 qui
412 665 602 714 aderant,
625 663 772 716 plures
795 674 883 703 non
906 659 1026 701 intel-

204 722 378 774 ligendo
392 720 671 763 scandalizati
686 724 798 760 sunt:
812 730 900 759 non
913 717 1026 758 enim

205 779 465 830 cogitabant,
484 778 580 818 haec
595 773 822 825 audiendo,
840 773 923 814 nisi
937 785 1026 814 car-

204 849 320 884 nem,
350 834 469 888 quod
495 834 578 886 ipsi
606 837 738 874 erant.
785 829 1027 883 Apostolus

206 897 351 934 autem
370 891 474 933 dicit
493 895 537 931 et
555 902 706 931 verum
725 887 845 929 dicit:
864 886 1028 938 Sapere

207 947 445 989 secundum
468 959 652 994 carnem,
675 957 793 996 mors
814 948 890 984 est.
928 942 1028 983 Car-

207 1017 305 1045 nem
320 1017 441 1045 suam
456 1003 531 1044 dat
546 1001 673 1043 nobis
684 1000 897 1041 Dominus
911 1011 1028 1039 man-

208 1060 387 1102 ducare:
419 1065 462 1102 et
490 1061 645 1112 sapere
673 1056 912 1099 secundum
940 1067 1028 1096 car-

208 1129 306 1158 nem
329 1129 448 1158 mors
473 1120 549 1157 est.
590 1114 698 1155 Cum
721 1113 775 1154 de
799 1124 928 1154 carne
953 1123 1030 1152 sua

209 1172 334 1222 dicat,
352 1172 452 1224 quia
466 1171 526 1213 ibi
541 1176 606 1212 est
622 1170 710 1212 vita
729 1170 903 1211 aeterna:
924 1179 1028 1218 ergo

210 1241 290 1270 nec
325 1241 497 1270 carnem
533 1226 742 1268 debemus
778 1227 934 1277 sapere
967 1236 1029 1264 se-

210 1284 399 1326 eundum
424 1296 614 1332 carnem,
642 1283 753 1323 sicut
778 1282 821 1322 in
846 1281 913 1321 his
938 1292 1031 1321 ver-

208 1341 290 1382 bis:
308 1340 434 1382 Multi
451 1342 598 1391 itaque
618 1338 854 1387 audientes,
873 1349 961 1378 non
978 1349 1033 1377 ex

208 1397 400 1447 inimicis,
425 1396 503 1437 sed
523 1408 577 1437 ex
599 1393 824 1446 discipulis
846 1394 947 1445 ejus,
972 1391 1031 1434 di-

210 1456 383 1495 xerunt:
420 1453 566 1493 Durus
596 1456 662 1492 est
690 1451 760 1492 hic
792 1462 957 1499 sermo,
990 1453 1033 1490 et

211 1509 307 1562 quis
325 1513 474 1562 potest
493 1521 591 1549 eum
610 1505 783 1548 audire?

267 1570 316 1620 R.
338 1569 456 1610 Misit
473 1581 542 1610 me
560 1568 723 1610 vivens.
751 1567 838 1608 154.

513 1652 662 1692 Lectio
684 1651 736 1690 ix.

219 1714 298 1821 Si
347 1720 546 1772 discipuli
591 1719 748 1761 durum
792 1719 1036 1760 habuerunt

303 1777 433 1818 istum
452 1778 707 1825 sermonem,
728 1775 832 1827 quid
850 1773 1034 1816 inimici?

214 1834 270 1874 Et
292 1838 439 1874 tamen
463 1833 524 1874 sic
549 1832 783 1884 oportebat
803 1837 852 1873 ut
874 1831 1035 1873 dicere-

214 1895 301 1938 tur,
327 1889 446 1940 quod
469 1901 556 1930 non
580 1888 634 1930 ab
659 1887 860 1929 omnibus
883 1888 1036 1930 intelli—

215 1947 399 1997 geretur.
422 1945 646 1987 Secretum
661 1945 745 1986 Dei
759 1944 949 1986 intentos
965 1944 1036 1985 de-

215 2001 290 2043 bet
303 2001 455 2051 facere,
470 2014 557 2042 non
571 2000 794 2042 adversos:
807 2000 879 2041 isti
893 2005 1038 2041 autem

218 2058 305 2100 cito
326 2057 589 2106 defecerunt,
607 2057 713 2098 talia
730 2057 936 2108 loquente
951 2057 1038 2098 Do-

147 2122 154 2131 “
217 2114 334 2155 mino
359 2115 462 2155 Jesu
486 2113 671 2155 Christo.
716 2113 819 2154 Non
845 2112 1038 2154 credide-

218 2175 319 2212 runt
339 2170 502 2222 aliquid
522 2182 725 2220 magnum
746 2169 973 2218 dicentem,
998 2173 1041 2210 et

218 2226 365 2268 verbis
396 2226 482 2267 illis
511 2226 700 2278 aliquam
729 2226 913 2277 gratiam
941 2238 1040 2267 coo-

219 2283 480 2336 perientem:
519 2282 597 2323 sed
632 2287 763 2334 prout
799 2281 1041 2330 voluerunt,

219 2340 279 2381 ita
315 2338 637 2387 intellexerunt,
674 2343 717 2379 et
753 2351 875 2379 more
906 2337 1041 2379 homi-

221 2409 340 2436 num:
369 2395 469 2446 quia
492 2396 666 2447 pcterat
689 2394 714 2434 J
717 2406 831 2443 esus,
860 2400 934 2435 aut
958 2393 1043 2434 hoc

222 2450 483 2504 disponebat
503 2450 525 2491 J
531 2463 642 2499 esus,
665 2463 850 2498 carnem,
875 2463 960 2502 qua
983 2450 1042 2490 in-

223 2507 377 2550 dutum
402 2512 495 2548 erat
514 2506 721 2554 Verbum,
747 2506 879 2547 veluti
903 2508 1043 2547 conei-

223 2577 327 2613 sam‚
347 2562 607 2605 distribuere
629 2562 906 2604 credentibus
925 2563 967 2603 in
987 2575 1045 2604 se.

223 2621 370 2661 Durus
405 2625 489 2669 est,
526 2619 743 2671 inquiunt,
779 2618 849 2659 hic
885 2631 1046 2659 sermo:

226 2677 321 2728 quis
340 2681 488 2728 potest
507 2688 605 2716 eum
626 2674 798 2716 audire?

280 2738 342 2778 Te
360 2737 503 2778 Deum
520 2735 759 2777 laudamus.
778 2736 835 2776 13.

707 218 804 250 Infra
830 220 1011 249 metarum
1038 213 1221 255 (jhu-poris
1248 211 1400 245 Christi.

1347 306 1639 343 Sabbata

1323 372 1371 410 In
1398 371 1427 409 Ι.
1454 370 1675 409 Noctumo.

1216 437 1281 476 De
1300 435 1413 478 libro
1431 437 1574 489 primo
1593 437 1774 488 Regum.

1191 500 1341 541 Lectio
1366 499 1388 538 i.
1637 498 1738 550 Cap.
1758 498 1794 537 3.

1141 569 1182 604 25*
1196 576 1272 604 uer
1287 568 1433 605 autem
1442 562 1617 605 samuel
1632 562 1906 605 ministrabat

1088 646 1091 649 »
1123 649 1141 678 a}
1211 620 1403 662 DOmino
1430 632 1578 662 coram
1600 618 1720 669 Heli,
1747 623 1791 661 et
1817 631 1904 660 ser-

1212 690 1285 719 mo
1304 677 1481 719 Domini
1504 681 1598 718 erat
1621 675 1840 729 pretiosus
1862 675 1907 716 in

1081 735 1235 778 diebus
1253 733 1354 783 illis,
1380 746 1469 775 non
1489 738 1583 775 erat
1601 732 1713 774 visio
1731 731 1906 773 manife-

1081 797 1157 834 sta.
1194 791 1377 833 Factum
1405 794 1471 832 est
1499 801 1604 840 ergo
1631 789 1676 829 in
1704 787 1776 830 die
1804 800 1905 840 qua-

1081 849 1200 899 dam,
1228 847 1331 889 Heli
1354 845 1524 898 jacebat
1547 846 1593 886 in
1615 844 1716 887 loco
1739 857 1836 894 suo,
1864 849 1908 886 et

1081 905 1198 948 oculi
1232 905 1323 957 ejus
1356 903 1667 954 caligaverant,
1697 913 1779 943 nec
1811 903 1906 954 pot-

1081 967 1176 1004 erat
1193 960 1358 1003 videre:
1377 959 1554 1002 lucerna
1570 958 1653 1000 Dei
1674 959 1909 1009 antequam

1083 1018 1445 1068 exstingueretur,
1469 1014 1644 1057 Samuel
1664 1013 1910 1056 dormiebat

1082 1076 1126 1116 in
1153 1075 1321 1129 templo
1349 1073 1545 1122 D6mini,
1577 1071 1652 1114 ubi
1682 1076 1777 1113 erat
1808 1083 1910 1112 arca

1083 1132 1177 1174 Dei.
1210 1132 1266 1174 Et
1289 1130 1466 1173 vocavit
1489 1128 1704 1170 Dominus
1723 1126 1910 1170 SAmuel.

1084 1189 1169 1239 Qui
1187 1186 1474 1241 respondenS,
1493 1185 1567 1227 ait:
1589 1185 1705 1226 Ecce
1726 1196 1819 1236 ego.
1852 1183 1910 1224 Et

1085 1245 1277 1287 cucurrit
1310 1243 1367 1286 ad
1399 1243 1518 1292 Heli,
1555 1247 1599 1284 et
1630 1240 1754 1283 dixit:
1795 1240 1910 1282 Ecce

1086 1315 1186 1353 ego:
1214 1300 1384 1343 vocasti
1412 1300 1526 1341 enim
1552 1311 1633 1340 me.
1675 1297 1761 1348 Qui
1788 1296 1911 1338 dixit:

1084 1358 1186 1400 Non
1213 1357 1385 1400 vocavi:
1416 1357 1654 1405 revertere,
1687 1358 1730 1396 et
1757 1351 1910 1395 dormi.

1085 1416 1141 1457 Et
1172 1414 1294 1464 abiit,
1326 1418 1370 1455 et
1403 1411 1618 1455 dormivit.
1663 1410 1721 1452 Et
1753 1407 1911 1462 adjecit

1085 1529 1182 1570 lem.
1211 1528 1577 1578 Consurgensque
1595 1522 1785 1573 samuel,
1805 1521 1912 1564 abiit

1086 1585 1143 1627 ad
1169 1584 1288 1635 Heli,
1316 1588 1360 1625 et
1387 1582 1511 1624 dixit:
1538 1582 1653 1623 Ecce
1681 1592 1780 1632 ego:
1809 1578 1912 1631 quia

1086 1641 1256 1684 vocasti
1285 1652 1367 1681 me.
1421 1638 1505 1689 Qui
1537 1636 1780 1691 respondit:
1809 1634 1913 1676 Non

1086 1697 1243 1740 vocavi
1258 1701 1312 1743 te,
1332 1695 1480 1737 filimi:
1498 1695 1731 1743 revertere,
1751 1697 1796 1734 et
1815 1690 1912 1734 dor-

1087 1755 1158 1796 mi.
1190 1754 1330 1795 Porro
1349 1751 1525 1793 Samuel
1542 1749 1730 1793 necdum
1749 1748 1914 1790 sciebat

1088 1810 1341 1858 D6minum,
1368 1821 1511 1860 neque
1535 1806 1754 1850 revelams
1773 1805 1915 1847 fuerat

1090 1868 1129 1909 ei
1150 1878 1295 1908 sermo
1315 1865 1503 1906 D6mini.

1144 1930 1195 1980 R.
1217 1925 1481 1968 Immolabit.
1499 1926 1588 1966 149.

1400 1988 1552 2029 Lectio
1573 1986 1611 2026 ii.

1172 2063 1190 2099 t
1217 2057 1374 2109 adjecit
1400 2055 1631 2103 D6minus,
1669 2058 1714 2095 et
1740 2053 1917 2097 vocavit

1182 2113 1327 2156 adhuc
1358 2110 1603 2154 Samuelem
1636 2109 1777 2151 tertio.
1832 2109 1917 2160 Qui

1092 2174 1361 2221 consurgens
1394 2168 1500 2210 abiit
1531 2165 1589 2209 ad
1613 2166 1731 2218 Heli,
1767 2171 1811 2208 et
1842 2165 1916 2207 ait:

1092 2228 1208 2270 Ecce
1234 2239 1331 2277 ego:
1359 2225 1461 2276 quia
1479 2223 1648 2266 vocasti
1672 2236 1753 2265 me.
1787 2222 1916 2264 Intel-

1093 2285 1199 2325 lexit
1227 2295 1331 2334 ergo
1356 2282 1458 2324 Heli
1484 2282 1585 2333 quia
1605 2280 1819 2322 D6minus
1843 2291 1916 2320 vo-

1094 2343 1215 2382 caret
1232 2343 1431 2392 puerum:
1450 2343 1494 2379 et
1513 2338 1572 2379 ait
1587 2337 1643 2378 ad
1658 2335 1917 2378 Samuelem:

1094 2396 1231 2445 Vade,
1251 2402 1294 2437 et
1314 2395 1470 2439 dormi:
1497 2399 1540 2435 et
1561 2394 1597 2435 si
1617 2393 1824 2445 deinceps
1843 2404 1916 2433 vo-

1095 2452 1259 2493 caverit
1274 2457 1329 2501 te,
1349 2451 1484 2494 dices:
1503 2451 1706 2503 L6quere
1720 2449 1918 2497 Domine,

1097 2509 1198 2561 quia
1217 2507 1338 2551 audit
1356 2521 1508 2550 servus
1526 2513 1639 2550 tuus.
1673 2505 1795 2548 Abiit
1814 2517 1918 2556 ergo

1096 2565 1287 2614 samuel,
1320 2570 1363 2607 et
1397 2564 1602 2607 dormivit
1628 2564 1671 2604 in
1698 2563 1798 2604 loco
1828 2573 1919 2604 suo.

1096 2621 1153 2663 Et
1171 2622 1288 2663 venit
1306 2621 1537 2671 DOminus,
1562 2625 1605 2662 et
1624 2619 1759 2661 stetit:
1785 2622 1829 2660 et
1846 2630 1919 2659 vo-

1099 2677 1224 2727 cavit,
1244 2677 1355 2720 sicut
1370 2680 1606 2719 vocaverat
1622 2674 1829 2724 secundo,
1847 2673 1920 2715 Sa-

1098 2733 1228 2780 muel,
1253 2734 1438 2776 samuel.
1471 2734 1529 2776 Et
1547 2733 1607 2774 ait
1625 2730 1815 2773 samuel:
1838 2730 1921 2772 Lo-

1085 1471 1299 1514 Dominus
1337 1482 1509 1511 rursum
1545 1469 1706 1509 vocare
1736 1466 1910 1508 Samue-
1977 1475 1981 1479 ·
