2040 2976
705 198 748 232 In
773 199 887 233 Festo
913 199 1098 241 Corporis
1123 199 1276 233 Christi.

194 292 243 340 V.
282 293 453 335 Cibavit
486 292 585 334 illos
621 305 675 334 ex
712 293 843 346 adipe
877 293 960 335 fru-

138 349 286 400 menti,
318 349 499 401 alleluja.
550 349 601 400 Rz.
633 349 690 390 Et
730 348 784 391 de
824 354 960 402 petra,

137 405 266 447 melle
285 406 496 447 saturavit
514 417 602 455 eos,
625 405 806 458 alleluja.

214 477 367 520 Sermo
385 479 425 520 S.
445 478 629 521 Thomae
650 479 892 531 Aquinatis.

242 542 276 583 L
281 543 393 584 ectio
414 543 466 582 iv.
551 547 595 581 In
612 547 843 591 Opusculo
825 548 876 582 ..17

150 619 185 658 3:⁶³¹
209 619 451 652 Γ,,;;;,11111161183
476 605 634 647 divinae
658 605 870 657 largitatis
887 605 959 647 be-

147 677 181 709 3.
208 660 245 694 2
281 662 448 713 neflcia,
462 662 655 704 exh1b1ta
669 662 835 715 populo
852 663 959 704 chri-

283 719 434 768 stiano,
445 719 793 761 inaestimabilem
808 720 847 761 ei
862 722 959 761 con-

138 773 279 815 ferunt
295 774 560 826 dignitatem.
583 776 739 828 Neque
756 777 869 818 enim
884 782 960 827 est,

137 834 212 871 aut
230 830 309 872 fuit
327 831 563 883 aliquando
582 837 672 874 tam
692 833 868 884 grandis
888 836 959 874 na-

137 886 217 936 tio,
255 900 353 940 quae
388 887 549 930 habeat
585 888 694 931 deos
729 890 960 942 appropin-

139 945 322 995 quantes
333 944 426 994 sibi,
442 945 552 987 sicut
567 945 693 988 adest
702 946 829 988 nobis
839 947 961 988 Deus

136 1005 295 1041 noster.
338 1001 595 1052 Unigenitus
628 1003 844 1054 siquidem
878 1004 961 1044 Dei

136 1055 281 1107 Filius,
313 1069 405 1098 suae
437 1056 675 1100 divinitatis
703 1059 855 1101 volens
880 1073 960 1101 nos

138 1124 233 1153 esse
259 1114 512 1178 participes,
540 1118 740 1156 naturam
767 1121 961 1158 nostram

136 1170 381 1222 assumpsit,
396 1176 444 1212 ut
458 1170 655 1213 homines
675 1171 783 1214 deos
799 1173 961 1214 faceret

136 1225 276 1266 factus
291 1226 435 1268 homo.
463 1228 519 1269 Et
534 1228 645 1270 hoc
632 1241 819 1282 insuper,
841 1229 961 1281 quod

136 1281 191 1323 de
216 1287 369 1324 nostro
395 1285 642 1337 assumpsit,
664 1290 808 1326 totum
832 1285 960 1327 nobis

136 1338 319 1380 contulit
346 1339 403 1381 ad
428 1340 622 1382 salutem.
651 1341 821 1394 Corpus
844 1355 959 1383 nam-

137 1407 222 1446 que
246 1407 371 1437 suum
396 1409 478 1449 pro
504 1402 654 1438 nostra
678 1398 959 1440 reconciliati-

137 1453 219 1492 one
245 1451 290 1492 in
317 1465 392 1493 ara
420 1453 560 1495 crucis
587 1453 776 1495 hostiam
802 1454 960 1497 obtulit

135 1506 232 1549 Deo
255 1508 390 1549 Patri:
418 1510 673 1560 sanguinem
698 1524 825 1552 suum
850 1510 961 1553 fudit

135 1563 179 1604 in
203 1564 392 1616 pretium
420 1565 547 1607 simul
575 1571 619 1608 et
646 1566 885 1609 lavacrum:
913 1572 960 1609 ut

135 1619 352 1673 redempti
375 1634 400 1662 a
424 1623 662 1664 miserabili
688 1624 908 1674 servitute,
935 1637 961 1665 a

135 1678 330 1728 peccatis
346 1678 547 1720 omnibus
561 1679 881 1722 mundaremur.
902 1681 960 1723 Ut

136 1739 282 1776 autem
299 1735 410 1776 tanti
423 1735 625 1778 beneficii
643 1737 752 1788 jugis
771 1737 815 1778 in
834 1737 960 1779 nobis

135 1792 330 1833 maneret
348 1793 568 1842 memoria,
591 1806 753 1846 corpus
773 1806 899 1835 suum
917 1794 960 1834 in

137 1846 292 1897 cibum,
318 1852 362 1889 et
387 1849 641 1900 sanguinem
666 1863 791 1891 suum
815 1851 858 1891 in
882 1863 959 1903 po-

135 1906 245 1953 tum,
274 1903 353 1945 sub
382 1906 528 1958 specie
556 1906 681 1958 panis
709 1911 752 1948 et
780 1907 869 1948 vini
892 1920 958 1947 su-

136 1958 342 2001 mendum
359 1960 562 2003 fidelibus
582 1962 825 2015 dereliquit.

189 2021 239 2072 Rz.
265 2020 547 2064 Coenantibus
579 2023 664 2064 illis
697 2024 866 2076 accepit
893 2024 917 2064 J
919 2036 958 2064 e

138 2088 211 2116 sus
231 2089 400 2128 panem,
426 2083 469 2120 et
490 2078 724 2129 benedixit,
751 2092 803 2121 36
822 2079 959 2130 fregit,

138 2129 346 2184 deditque
375 2133 599 2187 discipulis
628 2135 732 2185 suis,
765 2140 808 2177 et
836 2135 910 2176 ait:
934 2136 957 2159 *

137 2186 346 2240 Accipite,
366 2194 410 2231 et
428 2190 658 2232 comedite:
678 2191 763 2232 hoc
781 2196 847 2232 est
867 2203 958 2232 cor-

137 2256 220 2295 pus
238 2257 394 2286 meum.
416 2239 467 2292 V.
483 2247 699 2288 Dixerunt
718 2247 799 2288 viri
818 2246 958 2288 taber-

137 2299 280 2340 naculi
307 2301 405 2342 mei:
438 2303 543 2352 Quis
572 2303 646 2344 det
674 2302 729 2344 de
757 2301 959 2343 carnibus

138 2354 239 2405 ejus,
265 2361 313 2397 ut
339 2357 604 2400 saturemur?
660 2358 870 2410 Accipite.

439 2429 590 2471 Lectio
610 2443 647 2469 v.

240 2491 480 2542 pretiosum
495 2497 539 2533 et
553 2490 854 2533 admirandum
869 2504 961 2532 con-

253 2547 432 2598 vivium,
461 2548 744 2597 salutiferum,
773 2553 816 2589 et
843 2549 959 2588 omni

139 2602 354 2644 suavitate
368 2603 599 2656 repletum!
618 2604 732 2653 Quid
748 2604 862 2645 enim
876 2603 961 2645 hoc

139 2659 340 2700 convivio
359 2660 593 2711 pretiosius
616 2672 713 2701 esse
731 2657 902 2711 potest?
917 2661 960 2701 in

141 2725 227 2764 quo
255 2727 342 2755 non
371 2728 521 2756 carnes
548 2716 784 2757 vitulorum
807 2721 850 2757 et
877 2717 959 2757 hir-

1014 296 1175 345 corum,
1201 301 1248 337 ut
1276 295 1380 337 olim
1405 297 1447 337 in
1472 297 1579 348 lege,
1605 299 1684 340 sed
1708 299 1835 341 nobis

1014 351 1212 392 Christus
1233 352 1468 393 sumendus
1487 355 1747 407 proponitur
1766 369 1834 397 ve·

1012 420 1086 448 rus
1122 408 1253 449 Deus.
1293 408 1407 458 Quid
1443 409 1527 451 hoc
1564 414 1833 454 sacramento

1012 462 1276 505 mirabilius?
1304 465 1355 505 In
1378 465 1476 517 ipso
1499 479 1686 519 namque
1709 469 1834 521 panis

1013 525 1057 562 et
1074 521 1222 562 vinum
1246 521 1290 561 in
1310 521 1468 563 Christi
1493 535 1653 576 corpus
1679 530 1721 566 et
1740 528 1833 566 san-

1012 577 1186 627 guinem
1210 577 1552 620 substantialiter
1579 585 1833 623 convertun-

1012 638 1096 675 tur:
1114 633 1303 685 ideoque
1324 634 1520 676 Christus
1539 635 1669 686 Deus,
1693 642 1736 678 et
1759 637 1833 679 ho-

1012 702 1084 730 mo
1106 690 1326 742 perfectus
1351 691 1431 732 sub
1456 691 1618 734 modici
1642 694 1766 745 panis
1793 700 1835 736 et

1013 746 1101 787 vini
1116 747 1262 799 8116616
1277 748 1533 789 continetur.
1548 749 1835 792 Manducatur

1013 804 1160 855 itaque
1187 816 1211 844 a
1237 802 1450 854 fidelibus,
1476 804 1555 846 sed
1579 806 1752 847 minime
1778 807 1833 848 13-

1014 861 1199 900 ceratur:
1252 860 1444 912 quinimo
1497 861 1638 902 diviso
1688 863 1834 904 Sacra-

1012 917 1171 965 mento,
1190 916 1271 958 sub
1288 917 1482 969 qualibet
1501 917 1725 959 divisionis
1741 933 1834 972 par-

1012 972 1145 1014 ticula
1158 975 1328 1038 integer
1343 976 1605 1026 perseverat.
1625 976 1836 1017 Acciden-

1012 1029 1073 1069 tia
1098 1034 1244 1071 autem
1271 1030 1362 1071 sine
1391 1030 1586 1082 subjecto
1614 1032 1658 1072 in
1681 1032 1837 1074 eodem

1013 1085 1265 1135 subsistunt,
1290 1091 1338 1127 ut
1361 1086 1472 1127 fides
1496 1087 1642 1137 locum
1667 1088 1836 1138 habeat,

1013 1141 1117 1182 dum
1151 1142 1320 1184 visibile
1352 1135 1626 1185 invisibiliter
1654 1145 1837 1187 sumitur

1013 1197 1152 1239 aliena
1167 1200 1313 1251 specie
1329 1200 1608 1241 occultatum:
1624 1206 1668 1242 et
1683 1214 1836 1242 sensus

1013 1267 1037 1294 3
1063 1254 1323 1307 deceptione
1349 1254 1588 1298 reddantur
1612 1257 1835 1307 immunes,

1014 1310 1086 1362 qui
1119 1310 1174 1352 de
1205 1312 1503 1354 accidentibus
1531 1312 1721 1364 judicant
1753 1314 1835 1355 sibi

1012 1367 1137 1408 notis.

1067 1431 1116 1482 R.
1141 1433 1326 1485 Accepit
1349 1433 1373 1474 J
1377 1446 1476 1475 esus
1501 1434 1692 1484 calicem,
1716 1441 1833 1487 post-

1013 1500 1144 1540 quam
1171 1489 1377 1539 coenavit,
1410 1489 1574 1531 dicens:
1607 1491 1691 1531 Hic
1723 1491 1835 1532 calix

1012 1557 1173 1586 novum
1209 1547 1518 1588 testamentum
1552 1551 1619 1588 est
1654 1547 1697 1586 in
1735 1560 1834 1589 meo

1012 1602 1235 1652 sanguine:
1271 1600 1294 1623 *
1325 1603 1424 1644 Hoc
1457 1603 1585 1644 facite
1617 1603 1660 1642 in
1693 1616 1835 1644 meam

1013 1659 1482 1700 commemorationem.
1539 1652 1587 1703 V·
1624 1659 1834 1701 Memoria

1011 1727 1178 1756 memor
1197 1728 1283 1765 ero,
1309 1720 1351 1756 et
1373 1715 1569 1757 tabescet
1591 1716 1634 1756 in
1657 1729 1726 1757 me
1746 1717 1832 1757 ani-

1011 1784 1082 1812 1113
1110 1784 1217 1813 11163.
1271 1772 1371 1813 Hoc
1398 1772 1539 1814 facite.

1315 1854 1464 1895 Lectio
1485 1854 1536 1894 vi.

1013 1917 1241 2024 Nullum
1267 1932 1397 1973 etiam
1423 1935 1740 1975 sacramentum
1767 1939 1834 1975 est

1132 1988 1217 2030 isto
1237 1988 1463 2038 salubrius,
1484 2002 1572 2040 quo
1591 1992 1832 2042 purgantur

1011 2046 1205 2096 pecca,ta
1219 2045 1402 2086 virtutes
1418 2047 1639 2096 augentur,
1655 2051 1698 2088 et
1712 2059 1834 2087 mens

1012 2100 1204 2142 omnium
1219 2101 1507 2153 spiritualium
1527 2101 1833 2143 charismatum

1012 2155 1277 2198 abundantia
1300 2157 1606 2222 impinguatur.
1641 2158 1832 2199 Offertur

1012 2212 1056 2252 in
1083 2212 1279 2254 Ecclesia
1307 2226 1388 2265 pro
1416 2214 1526 2255 vivis
1558 2219 1602 2255 et
1632 2206 1831 2255 mortuis:

1011 2273 1059 2310 ut
1091 2268 1291 2310 omnibus
1322 2270 1478 2321 prosit,
1511 2269 1631 2322 quod
1658 2276 1724 2311 est
1751 2283 1831 2322 pro

1012 2324 1151 2366 8311116
1177 2326 1368 2366 omnium
1394 2326 1649 2368 institutum.
1685 2327 1829 2368 Suavi-

1011 2383 1148 2422 tatem
1182 2380 1369 2434 denique
1406 2382 1531 2434 hujus
1567 2383 1833 2424 Sacramenti

1013 2437 1155 2478 nullus
1172 2440 1414 2490 exprimere
1431 2439 1601 2488 sufficit,
1615 2451 1695 2491 per
1715 2438 1833 2489 quod

1012 2493 1249 2546 spiritualis
1290 2493 1478 2536 dulcedo
1518 2495 1561 2535 in
1597 2507 1676 2535 suo
1712 2494 1831 2535 fonte

1012 2551 1226 2599 gustatur:
1253 2554 1297 2591 et
1322 2550 1528 2592 recolitur
1553 2550 1760 2591 memoria
1786 2548 1830 2588 11-

1012 2605 1105 2654 11118,
1122 2618 1252 2657 quam
1269 2606 1312 2646 in
1328 2619 1405 2647 sua
1419 2606 1621 2658 passione
1638 2605 1832 2646 Christus

1012 2662 1280 2711 monstravit,
1292 2662 1667 2703 excellentissimae
1682 2660 1831 2701 carita-

1012 2717 1079 2757 tis.
1106 2717 1233 2758 Unde
1251 2723 1299 2759 ut
1319 2718 1478 2759 arctius
1497 2717 1621 2768 hujus
1641 2715 1832 2757 caritatis
