2040 2976
540 242 612 276 Die
638 243 668 275 9.
694 242 810 275 Junii.
857 241 898 274 B.
923 241 970 274 M.
994 241 1038 274 V.
1064 240 1197 274 Matris
1223 241 1452 274 Gratiarum.

142 334 376 387 auspicari,
417 346 549 386 quam
586 347 641 375 ex
676 334 752 375 illo
785 334 970 375 mirifico

142 391 234 441 ejus
260 394 304 431 et
327 390 485 442 Angeli
511 389 757 441 colloquio?
801 391 852 430 In
882 402 970 441 quo

140 451 302 498 praeter
321 446 417 496 1100,
438 444 559 498 quod
577 446 774 496 angelico
795 446 970 497 elequio

140 502 282 552 gratia
299 502 554 554 plenissima
577 506 621 543 et
640 502 833 542 omnium
851 501 970 542 femi-

140 559 295 598 narum
324 558 466 610 prima
500 557 658 598 merito
690 557 970 609 praedicatur,

142 625 197 654 ex
213 613 347 665 gestis
367 614 458 665 ejus
478 618 522 655 et
541 611 669 655 dietis
686 613 824 654 multa
842 613 969 653 nimis

140 669 464 721 praeconiorum
483 670 574 721 ejus
594 668 718 721 sylva
737 669 924 710 emicuit.

195 727 247 778 Rz.
269 725 390 767 Sicut
413 725 571 767 cedrus
596 724 787 766 exaltata
811 737 908 765 sum
927 724 971 764 in

139 780 320 831 Libano,
340 786 385 823 et
403 782 516 822 sicut
537 782 771 833 cypressus
790 781 835 821 in
849 793 969 821 mon-

139 842 184 878 te
202 837 322 878 Sion:
343 837 468 889 quasi
486 837 664 889 myrrha
683 837 833 886 electa,
851 836 873 860 *
885 837 969 877 De-

140 891 186 934 di
214 893 476 934 suavitatem
504 893 666 934 odoris.
698 887 751 938 V.
774 893 832 933 Et
859 893 972 934 sicut

140 949 463 990 cinnamomum
481 954 526 990 et
539 948 784 990 balsamum
803 961 970 989 aroma·

140 1007 292 1046 tizans.
318 1004 445 1046 Dedi.

452 1060 605 1100 Lectio
625 1073 661 1099 v.

191 1119 397 1168 ngressus
417 1117 613 1168 Angelus
633 1118 832 1166 ovanter,
861 1116 971 1157 salu-

205 1174 317 1215 tavit
351 1175 619 1215 reverenter:
663 1173 778 1222 Ave,
813 1172 970 1223 inquit,

141 1229 282 1280 gratia
300 1229 680 1281 plenaz⁴D6minus
698 1233 861 1270 tecum:
880 1228 969 1280 ple-

141 1298 198 1326 na
228 1285 383 1336 gratia,
414 1284 638 1338 implenda
668 1284 861 1334 Deitate,
897 1283 971 1324 ob-

141 1340 385 1382 umbranda
401 1341 578 1390 virtute3
597 1339 737 1395 gratia
755 1339 896 1392 plena,
918 1339 972 1380 de

143 1397 263 1464 cujus
303 1395 576 1449 plenitudine
618 1395 840 1448 accipiunt
881 1396 971 1436 uni-

141 1452 274 1502 versi,
308 1451 364 1494 de
397 1453 518 1504 cujus
551 1450 820 1493 abundantia
850 1456 972 1492 totus

141 1508 379 1576 replendus
399 1513 466 1550 οεῖ
485 1507 616 1550 orbis.
641 1508 699 1549 Et
713 1520 816 1549 vere
831 1507 972 1560 plena,

141 1564 186 1604 in
210 1565 331 1616 cujus
357 1564 502 1605 animo
527 1563 671 1604 nullus
694 1565 879 1615 peccato
905 1575 969 1603 re-

141 1619 270 1661 lictus
301 1624 368 1661 est
398 1620 541 1669 10011ε,
575 1619 720 1660 nullus
754 1619 973 1670 iniquitati

141 1676 287 1728 patuit
314 1678 532 1717 accessus,
571 1675 786 1716 Deminus
815 1680 972 1716 tecum.

142 1731 200 1772 Et
235 1730 460 1784 quemodo
490 1731 659 1773 tecum?
697 1743 787 1772 non
819 1731 972 1782 utique

143 1787 257 1830 sicut
274 1800 464 1837 mecum,
491 1787 571 1829 sed
590 1787 702 1828 sicut
720 1786 889 1828 nullibi:
911 1791 972 1828 te-

145 1855 244 1884 cum
267 1843 313 1884 in
337 1845 542 1896 corpore,
569 1848 716 1885 tecum
743 1842 787 1882 in
814 1847 972 1891 mente,

143 1903 290 1940 tecum
307 1899 352 1939 in
371 1899 532 1948 animo,
550 1903 697 1940 tecum
714 1898 758 1939 in
777 1898 972 1947 consilio,

143 1959 291 1995 tecum
314 1955 359 1995 in
382 1958 528 2004 utero,
552 1960 702 1996 tecum
729 1954 773 1994 in
799 1954 973 2004 auxilio,

143 2014 289 2051 tecum
306 2010 352 2051 in
370 2015 487 2061 ortu,
513 2015 660 2052 tecum
683 2011 728 2051 in
753 2010 888 2059 exitu,
911 2014 970 2051 te-

145 2079 244 2107 cum
261 2067 306 2107 in
324 2067 422 2116 fine,
438 2071 586 2108 tecum
604 2067 697 2108 sine
716 2066 813 2107 fine.

195 2125 247 2176 Rz.
283 2123 393 2172 Quae
421 2127 488 2164 est
514 2123 598 2165 ista
627 2135 726 2174 quae
754 2121 973 2174 processit

145 2177 259 2219 sieut
278 2178 362 2228 sol,
386 2183 430 2220 et
448 2179 644 2220 formosa
661 2183 886 2230 tamquam
904 2178 929 2217 J
932 2190 971 2218 e-

146 2233 387 2275 rusalem?*
398 2235 618 2276 Viderunt
633 2247 730 2276 eam
744 2234 847 2274 filiae
858 2234 972 2282 Sion.

147 2294 190 2331 et
207 2289 384 2331 beatam
403 2290 620 2340 dixerunt,
640 2295 684 2332 et
703 2292 866 2341 reginae
886 2289 973 2329 lau-

147 2344 361 2387 daverunt
400 2359 506 2388 eam.
540 2340 590 2391 V.
621 2346 678 2388 Et
723 2346 835 2386 sicut
880 2344 974 2385 dies

146 2402 269 2443 verni
315 2402 646 2444 circumdabant
695 2405 791 2443 eam
840 2401 973 2441 fiores

146 2459 347 2498 rosarum
365 2463 410 2500 et
427 2458 518 2499 lilia
536 2458 810 2500 convallium.
842 2455 973 2497 Vide-

147 2518 257 2554 runt.

437 2564 588 2605 Lectio
608 2565 661 2604 vi.

343 2621 459 2656 Cone.
483 2622 513 2655 2.
539 2622 585 2656 de
610 2624 778 2656 Annunt.

228 2678 372 2721 oelesti
409 2691 513 2731 ergo
550 2679 768 2730 legatione
810 2677 973 2726 audita,

242 2735 306 2775 sic
341 2735 455 2776 fatur
490 2735 547 2777 ad
581 2735 812 2786 Angelum:
856 2733 974 2774 Εο00

1755 242 1850 286 [287]

1023 335 1180 376 ancilla
1210 337 1403 377 Domini:
1446 337 1524 379 fiat
1562 338 1667 379 mihi
1699 342 1850 380 secun-

1026 389 1131 431 dum
1162 391 1346 433 verbum
1374 398 1508 434 tuum.
1551 394 1719 435 Grandi
1745 407 1850 445 ergo

1022 447 1243 498 mysterio,
1262 448 1563 499 altissimoque
1582 450 1771 490 Deitatis
1790 450 1851 490 in-

1024 504 1186 543 stinctu
1205 507 1473 555 conceptura
1491 505 1651 554 Deum,
1678 505 1745 545 sui
1764 507 1850 546 me-

1022 557 1147 598 minit
1166 558 1410 608 ancillatus,
1438 564 1486 600 ut
1513 560 1726 601 orientem
1752 573 1778 601 a
1803 573 1862 611 se—

1022 613 1160 654 filium
1173 613 1325 654 mundi
1340 614 1553 667 obsequio
1568 617 1851 668 manciparet.

1022 669 1121 710 Fiat
1143 669 1268 718 mihi,
1296 670 1373 719 ait,
1401 671 1643 713 secandum
1668 672 1852 712 verbum

1022 730 1162 766 tuum:
1182 730 1224 766 et
1243 724 1300 766 ad
1318 726 1500 768 verbum
1520 728 1621 779 ejus,
1642 727 1789 768 statim
1808 728 1852 767 in

1023 784 1150 822 utero
1176 782 1451 822 incarnatum
1474 787 1540 824 est
1564 783 1774 824 Verbum.
1812 783 1850 824 O

1023 837 1100 878 fiat
1118 842 1288 889 potens,
1308 850 1335 878 o
1355 837 1431 879 fiat
1451 839 1616 888 efficax,
1642 851 1668 879 0
1688 839 1765 879 fiat
1784 852 1850 879 su-

1022 906 1102 944 per
1141 905 1270 934 omne
1306 893 1397 942 fiat,
1434 896 1650 946 perpetuo
1686 894 1852 936 honore

1023 949 1334 990 venerandum!
1384 950 1484 990 Hoc
1515 949 1652 991 verbo
1685 950 1762 990 fiat
1793 951 1851 991 fa-

1024 1010 1120 1046 ctus
1140 1010 1207 1046 est
1226 1005 1425 1046 mundus.
1453 1006 1553 1046 Hoc
1568 1005 1704 1046 verbo
1725 1006 1852 1046 coele-

1024 1061 1107 1102 stia
1129 1062 1444 1113 terrestriaque
1470 1061 1723 1102 Altissimus
1752 1064 1851 1102 con-

1025 1116 1153 1158 didit:
1185 1116 1264 1158 sed
1296 1117 1383 1158 tale
1415 1117 1493 1157 fiat
1520 1130 1608 1158 non
1637 1117 1783 1158 sonuit
1810 1118 1853 1157 in

1024 1172 1148 1222 orbe,
1178 1172 1305 1224 quale
1329 1177 1376 1213 tu
1402 1186 1517 1213 nunc
1541 1173 1672 1214 beata
1696 1171 1855 1213 dixisti.

1025 1227 1140 1278 Quid
1159 1228 1274 1269 enim
1293 1228 1455 1269 factum
1475 1227 1565 1269 est?
1590 1228 1687 1279 quis
1707 1228 1853 1269 dicere

1023 1288 1174 1336 potest
1210 1283 1316 1335 quid
1351 1284 1515 1325 factum
1553 1283 1641 1325 est?
1684 1284 1855 1325 Natura

1025 1344 1188 1392 stupet,
1225 1339 1431 1391 judicium
1467 1340 1620 1389 haeret,
1657 1339 1854 1380 hebescit

1025 1408 1190 1445 sensus,
1213 1395 1361 1446 lingua
1379 1396 1595 1444 mutescit,
1618 1396 1729 1436 ratio
1750 1394 1853 1436 defi-

1025 1451 1100 1500 cit,
1127 1451 1375 1492 intellectus
1398 1463 1487 1491 non
1508 1451 1626 1503 capit
1651 1450 1772 1502 quod
1794 1451 1852 1491 fa-

1026 1511 1143 1547 ctum
1169 1512 1236 1548 est
1260 1507 1303 1547 in
1322 1507 1461 1547 Maria
1484 1519 1583 1547 cum
1602 1506 1686 1547 1100
1704 1508 1854 1558 protu-

1024 1562 1074 1603 lit
1105 1563 1304 1603 verbum:
1343 1562 1441 1603 Fiat
1473 1562 1579 1602 mihi
1612 1561 1854 1603 secundum

1024 1618 1208 1659 verbum
1228 1623 1362 1659 tuum.

1078 1679 1129 1731 R.
1156 1679 1367 1719 Ornatam
1386 1677 1634 1719 monilibus.
1653 1678 1730 1729 [41]

1247 1759 1296 1797 In
1319 1759 1390 1797 III.
1412 1758 1634 1796 Nocturno.

1026 1823 1181 1863 Lectio
1205 1820 1590 1916 sanetiIlEvangelii
1615 1819 1855 1860 secundum

1390 1889 1527 1917 ueam.

1130 1935 1282 1976 Lectio
1308 1935 1375 1974 vii.
1543 1933 1645 1982 Cap.
1666 1933 1695 1970 1.
1716 1944 1749 1971 0.

1073 2009 1102 2036 11
1128 1995 1204 2037 1110
1231 1997 1447 2047 tempore:
1478 1994 1639 2034 Missus
1673 1998 1739 2034 est
1768 1993 1852 2034 Ga-

1096 2051 1206 2093 briel
1232 2050 1428 2101 Angelus
1456 2063 1482 2090 a
1508 2050 1604 2090 Deo
1632 2049 1675 2089 in
1704 2049 1852 2089 civita-

1025 2112 1115 2148 tem
1136 2107 1343 2155 Galilaeae,
1365 2106 1435 2147 cui
1455 2117 1614 2146 nomen
1632 2103 1853 2145 Nazareth

1026 2162 1083 2203 ad
1118 2162 1345 2212 Virginem
1388 2161 1702 2213 desponsatam
1742 2160 1853 2208 viro,

1027 2218 1097 2259 0111
1122 2230 1284 2259 nomen
1312 2221 1406 2258 erat
1434 2215 1602 2268 Joseph
1635 2214 1690 2256 de
1719 2215 1852 2256 domo

1025 2273 1184 2315 David:
1218 2279 1261 2315 et
1292 2285 1452 2314 nomen
1479 2271 1674 2328 Virginis
1705 2271 1852 2311 Maria.

1026 2329 1082 2370 Et
1099 2329 1277 2380 reliqua.
1338 2341 1340 2343 ’

1027 2398 1217 2439 Homilia
1231 2397 1371 2438 sancti
1380 2395 1616 2458 Augustini
1630 2393 1851 2446 Episcopi.

1051 2458 1166 2490 501111
1181 2456 1256 2488 291.
1271 2455 1309 2487 111
1326 2454 1358 2488 N
1364 2458 1411 2487 :ut
1426 2454 1460 2487 S.
1475 2452 1612 2487 ι101111ε
1631 2450 1671 2483 B·
1665 2449 1827 2492 mist-e

1030 2521 1158 2551 22*
1155 2508 1331 2558 ngelus
1367 2519 1474 2548 vero
1510 2506 1627 2547 idem
1662 2505 1757 2556 ipse
1795 2502 1852 2543 ad

1036 2562 1045 2602 Γ
1060 2558 1112 2616 2¹⁴?ss
1195 2564 1377 2605 Mariam
1395 2562 1637 2612 Virginem:
1662 2561 1773 2607 Ave,
1790 2559 1850 2598 in-

1037 2613 1094 2646 *²33
1197 2620 1300 2685 quit,
1319 2619 1460 2670 gratia
1476 2617 1619 2668 plena:
1637 2614 1850 2654 Dominus

1025 2681 1185 2725 tecum3
1213 2677 1298 2727 jam
1322 2679 1466 2715 tecum
1492 2676 1573 2720 est,
1602 2669 1675 2721 qui
1700 2669 1782 2710 erit
1807 2668 1851 2708 in

1025 2737 1080 2773 te.
1107 2732 1191 2772 1)10
1209 2731 1315 2771 1111111
1334 2741 1449 2780 ergo,
1467 2726 1616 2768 nuntie
1631 2725 1726 2773 Dei,
1746 2725 1850 2775 quo-
