2040 2976
772 193 942 227 Sabbato
969 192 1017 226 ad
1042 192 1203 226 Laudes

1772 193 1844 229 103

144 305 259 334 meo:
277 292 301 318 *
323 296 366 334 et
384 292 429 332 in
451 290 598 333 medio
623 290 862 332 multerum
880 289 968 330 lau-

145 348 260 390 dabo
281 361 389 390 eum.

197 405 309 455 Quia
333 405 473 447 astitit
502 418 528 446 a
556 404 722 446 dextris
749 403 967 457 pauperis,

144 461 168 487 *
186 466 235 503 ut
255 461 422 503 salvam
440 462 604 503 faceret
623 474 649 502 a
669 460 968 514 persequenti-

142 517 226 559 bus
250 518 438 560 animam
456 531 607 560 meam.

193 578 293 617 Ant.
332 575 588 618 Confitebor
617 574 808 615 Demino
839 573 968 614 nimis

143 631 189 673 in
209 645 286 674 ore
304 644 416 674 meo.

191 690 275 731 Per
294 690 478 730 Annum.
515 683 565 735 W.
600 687 789 729 Demine
809 686 968 728 exaudi

145 745 390 787 oratienem
424 757 577 786 meam.
626 746 676 797 Ην.
713 744 770 785 Et
803 744 968 785 clamor

143 814 266 843 meus
285 801 342 843 acl
360 805 405 843 te
422 801 578 843 veniat.

192 862 278 902 Pro
316 863 363 902 B.
401 863 548 903 Maria.
593 860 643 911 V.
689 861 861 903 Diffusa
902 865 969 903 est

143 919 284 971 gratia
305 919 351 959 in
373 918 501 960 labiis
524 919 623 960 tuis.
652 923 702 973 R».
726 919 970 971 Propterea

142 975 369 1018 benedixit
386 979 432 1017 te
450 975 570 1017 Deus
590 975 635 1016 in
654 977 877 1017 aeternum.

504 1067 763 1094 <ow——

398 1148 478 1189 Ad
503 1148 710 1190 Laudes.

196 1219 295 1260 Ant.
323 1220 520 1270 Benigne
544 1218 612 1260 fac
635 1219 659 1245 *
683 1219 727 1259 in
752 1219 869 1260 bona
896 1232 968 1261 vo-

143 1274 310 1317 luntate
327 1279 405 1317 tua
422 1275 622 1317 Demine.

195 1336 263 1377 Ps.
289 1336 510 1377 Miserere.
537 1337 604 1376 48.

197 1400 297 1439 Ant.
326 1399 499 1438 Bonum
519 1401 596 1438 est.

422 1470 619 1511 Psalmus
639 1471 698 1509 91.

157 1568 159 1571 .
256 1545 389 1574 onum
411 1537 478 1574 est
501 1533 702 1574 confiteri
719 1532 926 1575 Demino:
944 1534 968 1559 *

157 1597 160 1609 ‘=
183 1602 223 1643 ·-;.i
240 1592 248 1617 1³
273 1594 317 1631 et
338 1589 528 1642 psallere
548 1590 715 1632 nemini
739 1594 816 1632 tuo
835 1589 966 1632 Altis-

184 1644 187 1650 ‘
245 1651 249 1669 ³
273 1646 392 1688 sime.

193 1702 266 1744 Ad
287 1703 631 1745 annuntiandum
650 1716 778 1745 mane
802 1704 966 1746 miseri-

145 1759 342 1801 cerdiam
356 1763 494 1801 tuam:
507 1760 531 1786 *
547 1764 592 1802 et
605 1760 837 1803 veritatem
847 1765 975 1803 tuam*

143 1828 223 1868 per
241 1821 428 1858 noctem.

195 1873 247 1913 In
267 1872 563 1923 decacherd0‚
581 1874 808 1926 psalterio:
827 1875 851 1901 *
869 1888 968 1916 cum

146 1929 330 1980 cantico,
347 1929 393 1970 in
409 1929 585 1971 cithara.

198 1986 310 2036 Quia
344 1985 575 2042 delectasti
606 1999 677 2029 me
701 1987 892 2029 Demine
923 1988 968 2029 in

146 2042 314 2084 factura
339 2047 431 2084 tua:
453 2043 477 2069 *
502 2047 545 2084 et
572 2043 617 2084 in
645 2044 853 2096 operibus
880 2047 967 2086 ma-

146 2111 279 2140 nuum
297 2101 470 2140 tuarum
494 2099 736 2153 exsultabo.

199 2155 340 2205 Quam
375 2156 654 2208 magnificata
689 2162 790 2198 sunt
833 2159 968 2210 epera

147 2216 224 2252 tua
240 2211 445 2253 Demine!
463 2213 487 2238 *
505 2212 634 2254 nimis
658 2213 890 2266 profundae
909 2214 967 2255 fa-

148 2272 231 2309 ctae
250 2272 351 2309 sunt
368 2268 658 2320 cogitatienes
676 2274 775 2311 tuae.

200 2324 281 2365 Vir
309 2324 519 2377 insipiens
546 2338 634 2367 non
662 2328 918 2379 cognescet:
944 2327 969 2353 *

149 2385 193 2422 et
214 2380 373 2422 stultus
400 2393 487 2422 non
514 2381 727 2435 intelliget
754 2383 861 2427 haec,

201 2437 311 2478 Cum
345 2437 486 2479 exerti
518 2438 679 2481 fuerint
710 2441 968 2492 peccateres

150 2493 263 2535 sicut
285 2493 465 2535 foenum:
492 2493 516 2520 *
544 2499 588 2536 et
615 2496 898 2548 apparuerint
927 2508 970 2538 o-

148 2562 287 2600 mnes,
315 2550 391 2602 qui
417 2552 653 2603 operantur
680 2552 971 2604 iniquitatem:

201 2605 262 2647 Ut
301 2606 517 2648 intereant
554 2606 598 2647 in
643 2608 852 2650 saeculum
892 2611 969 2650 sae-

151 2661 252 2703 culi:
273 2662 298 2688 *
316 2666 365 2703 tu
392 2667 538 2704 autem
564 2663 816 2706 Altissimus
844 2665 888 2706 in
915 2678 970 2707 ae-

150 2719 322 2760 ternum
341 2719 539 2761 Demine.

1074 292 1290 343 Queniam
1326 305 1428 335 ecce
1463 294 1627 335 inimici
1661 294 1726 335 tui
1756 294 1843 335 De-

1021 349 1158 398 mine,
1204 349 1411 401 queniam
1446 362 1547 392 ecce
1582 350 1745 391 inimici
1780 351 1844 392 tui

1021 405 1242 458 peribunt:
1256 405 1280 431 *
1296 410 1339 447 et
1358 405 1661 458 dispergentur
1681 419 1844 458 omnes,

1023 462 1097 514 qui
1125 464 1362 514 operantur
1388 463 1672 515 iniquitatem.

1071 518 1128 560 Et
1169 518 1433 560 exaltabitur
1474 519 1587 561 sicut
1621 520 1843 562 unicernis

1022 587 1159 616 cornu
1191 588 1353 617 meum:
1380 576 1404 601 *
1433 580 1477 617 et
1510 578 1711 618 senectus
1746 590 1844 619 mea

1021 632 1065 672 in
1092 631 1395 674 misericerdia
1420 632 1556 674 uberi.

1073 689 1130 730 Et
1158 688 1361 741 despexit
1388 688 1540 730 eculus
1563 701 1685 731 meus
1707 690 1843 731 inimi-

1022 757 1098 786 cos
1129 758 1270 787 meos:
1303 746 1327 771 *
1365 750 1409 787 et
1440 746 1484 786 in
1522 745 1844 798 insurgentibus

1021 802 1066 842 in
1091 815 1162 843 me
1186 801 1526 853 malignantibus
1553 802 1701 844 audiet
1728 804 1844 845 auris

1021 871 1130 900 mea.

1073 915 1238 965 Justus,
1267 919 1315 956 ut
1342 915 1488 967 palma
1515 915 1706 957 florebit:
1724 916 1748 942 *
1767 917 1846 958 sic-

1022 975 1071 1013 ut
1099 971 1257 1013 cedrus
1284 971 1440 1013 Libani
1471 972 1844 1025 multiplicabitur.

1074 1028 1266 1070 Plantati
1294 1028 1336 1068 in
1367 1027 1499 1069 domo
1526 1029 1722 1079 Demini‚
1750 1029 1774 1055 *
1801 1030 1845 1070 in

1022 1085 1146 1126 atriis
1174 1084 1333 1126 domus
1351 1085 1435 1126 Dei
1456 1085 1597 1127 nostri
1617 1085 1846 1128 florebunt.

1072 1141 1232 1183 Adhuc
1246 1141 1653 1193 multiplicabuntur
1667 1142 1711 1183 in
1727 1145 1845 1184 sene-

1022 1202 1093 1240 cta
1101 1198 1278 1240 uberiz*
1290 1202 1333 1240 et
1347 1197 1460 1240 bene
1476 1199 1693 1251 patientes
1709 1204 1846 1250 erunt,

1021 1259 1069 1296 ut
1088 1255 1363 1296 annuntient:

1073 1311 1290 1362 Queniam
1316 1315 1464 1353 rectus
1488 1312 1704 1353 Deminus
1723 1313 1843 1354 Deus

1020 1373 1185 1410 noster:
1198 1368 1223 1394 *
1237 1372 1281 1410 et
1301 1380 1391 1409 non
1410 1373 1477 1410 est
1494 1368 1701 1420 iniquitas
1720 1370 1765 1410 in
1780 1383 1845 1411 eo.

1074 1433 1172 1472 Ant.
1210 1432 1385 1471 Bonum
1413 1434 1481 1471 est
1507 1430 1707 1471 confiteri
1733 1431 1845 1472 Dfio.

1073 1495 1172 1534 Ant.
1193 1491 1390 1533 Metuant
1400 1490 1638 1532 Deminum
1652 1491 1676 1517 *
1692 1505 1844 1534 omnes

1019 1547 1128 1588 fines
1147 1551 1288 1589 terrae.

1074 1611 1139 1651 Ps.
1167 1611 1288 1651 Deus
1306 1608 1427 1649 Deus
1444 1621 1578 1650 meus.
1599 1609 1657 1650 15.

1073 1673 1174 1713 Ant.
1203 1672 1319 1712 Date
1339 1669 1693 1721 magnitudinem.

1074 1748 1302 1790 Canticum
1320 1746 1498 1798 Moysis.
1586 1745 1712 1785 Deut.
1731 1745 1793 1784 332.

1019 1816 1217 1924 Aidite
1235 1822 1337 1863 coeli
1355 1834 1453 1874 quae
1470 1822 1643 1875 loquor:
1656 1822 1680 1849 *
1696 1822 1844 1864 audiat

1126 1882 1245 1919 terra
1261 1878 1396 1920 verba
1418 1879 1508 1920 oris
1526 1879 1623 1921 mei.

1071 1934 1335 1976 Concrescat
1369 1939 1418 1976 ut
1458 1935 1607 1988 pluvia
1648 1935 1844 1977 doctrina

1019 2003 1127 2040 mea,
1137 1990 1161 2016 *
1172 1991 1279 2032 fluat
1296 1995 1346 2032 ut
1364 2003 1437 2032 ros
1453 1991 1675 2044 elequium
1689 2005 1843 2041 meum,

1023 2100 1027 2102 Π
1072 2047 1208 2097 Quasi
1235 2047 1375 2089 imber
1401 2060 1533 2100 super
1561 2047 1762 2098 herbam,
1800 2052 1843 2089 et

1021 2104 1147 2155 quasi
1167 2103 1296 2145 stillae
1315 2117 1447 2156 super
1465 2105 1671 2156 gramina.
1688 2104 1712 2130 *
1734 2104 1844 2154 Quia

1019 2172 1179 2201 nomen
1197 2160 1376 2201 Demini
1394 2160 1625 2202 invocabo:
1648 2202 1657 2210 ,

1072 2217 1186 2258 Date
1195 2216 1563 2268 magnificentiam
1570 2218 1667 2259 Deo
1678 2220 1843 2258 nostro.

1020 2272 1044 2298 *
1055 2273 1139 2314 Dei
1148 2272 1344 2325 perfecta
1358 2277 1459 2314 sunt
1470 2275 1615 2326 epera,
1635 2278 1678 2315 et
1693 2285 1843 2314 omnes

1020 2328 1104 2370 viae
1125 2329 1215 2381 ejus
1234 2328 1408 2381 judicia:

1073 2385 1194 2426 Deus
1218 2385 1378 2436 fidelis,
1405 2389 1449 2428 et
1474 2385 1641 2438 absque
1660 2385 1748 2426 ulla
1765 2385 1839 2425 ini-

1022 2441 1208 2493 quitate,
1233 2443 1371 2494 iustus
1399 2446 1443 2483 et
1467 2447 1624 2484 rectus.
1643 2442 1668 2468 *
1686 2442 1841 2483 Pecca-

1021 2500 1177 2540 verunt
1206 2499 1264 2550 ei,
1295 2503 1339 2540 et
1362 2511 1451 2540 non
1475 2498 1554 2539 filii
1577 2499 1667 2550 ejus
1687 2498 1731 2538 in
1752 2499 1842 2538 ser·

1023 2554 1169 2596 dibus:

1075 2611 1312 2652 Generatio
1329 2623 1466 2663 prava
1480 2615 1611 2662 atque
1625 2610 1841 2662 perversa.

1022 2667 1046 2693 *
1063 2667 1272 2709 Haeccine
1296 2666 1447 2708 reddis
1466 2666 1656 2707 Demino
1679 2663 1842 2717 pepule

1023 2723 1157 2765 stulte
1176 2728 1220 2765 et
1237 2721 1470 2775 insipiens?
