2040 2976
740 184 911 219 Sabbato
936 184 986 219 ad
1007 184 1244 219 Matutinum.

1767 182 1841 218 101

191 276 377 318 Turbati
400 280 511 326 sunt,
539 280 583 317 et
601 276 712 318 moti
731 281 832 318 sunt
853 277 966 319 sicut

141 333 303 375 ebrius:
316 334 340 360 *
357 338 401 375 et
420 332 560 374 omnis
580 333 795 386 sapientia
813 335 966 375 eorum

142 389 354 432 devorata
373 394 451 431 est.

191 446 249 488 Et
288 446 586 488 clamaverunt
629 446 686 488 ad
727 446 965 488 Dominum

142 516 242 544 cum
260 502 584 554 tribularentur,
601 503 626 530 *
645 507 688 544 et
708 502 763 545 de
779 504 964 546 necessi-

140 559 305 601 tatibus
326 562 478 601 eorum
497 559 650 601 eduxit
669 571 755 601 eos.

192 616 250 658 Et
275 616 430 658 statuit
451 615 693 668 procellam
717 617 807 668 ejus
831 616 875 656 in
894 629 964 657 au-

142 685 252 713 ram:
271 674 295 700 *
313 677 357 714 et
375 672 587 714 siluerunt
607 672 766 714 fluctus
787 673 888 724 eius.

192 729 251 771 Et
277 729 415 770 laetati
442 733 543 770 sunt
572 729 673 782 quia
697 729 924 771 siluerunt:
942 731 965 757 *

144 790 188 828 et
207 785 390 828 deduxit
412 798 487 827 eos
507 786 552 826 in
570 790 749 838 portum
768 785 965 828 volunta-

142 842 199 884 tis
219 844 381 884 eorum.

194 899 493 941 Confiteantur
510 899 700 940 Domino
721 899 965 942 misericor-

143 955 228 997 diae
256 957 360 1008 ejus:
384 956 408 983 *
431 960 475 997 et
501 956 718 998 mirabilia
745 957 836 1009 ejus
863 956 965 998 filiis

143 1012 379 1053 hominum.

194 1068 252 1110 Et
270 1069 464 1111 exaltent
488 1081 588 1110 eum
608 1070 654 1110 in
673 1070 859 1112 ecclesia
877 1070 965 1122 ple-

143 1125 226 1168 bis:
243 1126 268 1153 *
286 1129 330 1167 et
348 1126 393 1166 in
413 1125 624 1168 cathedra
641 1127 863 1168 seniorum
877 1127 966 1168 lau-

145 1182 250 1224 dent
270 1195 379 1224 eum.

193 1239 348 1281 Posuit
367 1239 546 1280 fiumina
563 1239 608 1280 in
623 1239 860 1281 desertum:
879 1242 903 1268 *
923 1245 967 1282 et

144 1296 286 1338 exitus
305 1298 517 1348 aquarum
533 1295 578 1336 in
597 1296 725 1338 sitim.

194 1352 376 1394 Terram
414 1353 683 1394 fructiferam
716 1354 760 1395 in
788 1354 966 1406 salsugi—

143 1422 254 1459 nem,
261 1410 285 1436 *
294 1422 319 1450 a
328 1409 495 1451 malitia
505 1409 841 1452 inhabitantium
852 1411 896 1451 in
905 1424 966 1452 ea.

194 1466 349 1507 Posuit
368 1465 590 1508 desertum
608 1466 653 1507 in
669 1472 823 1519 stagna
837 1470 966 1520 aqua-

143 1535 254 1564 rum:
271 1523 295 1549 *
316 1526 360 1564 et
382 1527 545 1564 terram
569 1522 662 1565 sine
688 1536 802 1576 aqua
829 1524 874 1565 in
896 1526 965 1566 ex-

143 1579 230 1621 itus
249 1580 472 1631 aquarum.

195 1635 252 1677 Et
279 1635 514 1678 collocavit
541 1635 630 1677 illic
660 1637 916 1679 esurientes:
943 1639 967 1665 *

145 1695 188 1733 et
212 1692 532 1735 constituerunt
556 1692 780 1735 civitatem
800 1694 966 1736 habita-

143 1748 288 1790 tienis.

194 1805 253 1847 Et
272 1805 597 1848 seminaverunt
617 1819 765 1859 agros,
786 1812 829 1849 et
847 1809 967 1860 plan-

142 1863 346 1904 taverunt
371 1864 536 1904 vineas:
558 1865 582 1891 *
603 1868 648 1906 et
666 1864 864 1906 fecerunt
882 1865 966 1906 fru-

144 1922 264 1960 ctum
281 1918 535 1961 nativitatis.

194 1975 252 2017 Et
269 1974 496 2018 benedixit
516 1976 595 2026 eiS‚
623 1980 668 2018 et
687 1977 967 2030 multiplicati

143 2036 245 2074 sunt
262 2032 439 2073 nimisz*
451 2037 494 2074 et
507 2034 697 2085 jumenta
714 2036 866 2075 eorum
878 2047 967 2076 non

143 2088 391 2130 minoravit.

195 2145 252 2188 Et
278 2145 408 2197 pauci
435 2144 540 2187 facti
567 2151 687 2188 sunt:
706 2148 730 2175 *
750 2152 794 2189 et
820 2148 968 2189 vexati

144 2206 245 2298 {urst
278 2214 303 2242 a
336 2201 619 2244 tribulatic'me
651 2203 887 2253 malorum,
925 2208 968 2245 et

176 2270 202 2298 o
223 2270 309 2299 ore.

195 2313 346 2355 Effusa
356 2320 423 2357 est
433 2316 703 2368 contemptio
713 2328 846 2368 super
852 2318 966 2368 prin-

144 2370 280 2423 cipes:
294 2372 318 2398 *
334 2376 378 2412 et
397 2374 543 2414 errare
561 2372 666 2414 fecit
685 2385 762 2414 eos
778 2373 822 2413 in
837 2372 967 2422 invio,

145 2431 189 2468 et
208 2439 298 2468 non
315 2428 360 2468 in
379 2428 459 2469 via.

193 2483 250 2525 Et
275 2483 441 2536 adjuvit
466 2488 706 2537 pauperem
725 2485 781 2527 de
804 2485 967 2537 inopia:

145 2540 168 2566 *
187 2545 231 2581 et
249 2541 399 2592 posuit
417 2541 531 2583 sicut
551 2554 657 2584 oves
676 2542 873 2583 familias.

195 2595 422 2639 Videbunt
439 2598 560 2648 recti,
580 2603 624 2640 et
643 2598 924 2640 laetabuntur:
944 2600 967 2626 *

145 2657 189 2694 et
229 2653 369 2694 omnis
412 2654 618 2706 iniquitas
659 2654 876 2706 oppilabit
915 2667 966 2696 os

144 2721 280 2750 suum.

1071 278 1178 328 Quis
1198 278 1371 330 sapiens
1392 284 1436 321 et
1454 280 1674 322 custodiet
1689 279 1841 321 haec?*

1018 339 1062 376 et
1074 334 1289 386 intelliget
1302 335 1624 378 misericordias
1640 337 1840 378 Demini?

1073 393 1173 433 Ant.
1205 391 1343 433 Visita
1360 404 1442 432 nos
1462 392 1648 434 Domine
1667 393 1711 433 in
1730 393 1840 434 salu-

1018 447 1103 489 tari
1122 451 1211 489 tuo.

1073 507 1173 548 Ant.
1202 504 1460 547 Confitebor
1478 505 1679 546 Domino.

1276 567 1476 607 Psalmus
1496 568 1586 607 107.

1105 620 1276 659 aratum
1295 630 1372 659 cor
1395 630 1539 659 meum
1559 618 1693 667 Deus,
1720 621 1841 671 para-

1113 679 1207 715 tum
1235 686 1312 715 cor
1339 686 1499 715 meum:
1521 676 1544 702 *
1564 675 1769 725 cantabo,
1798 681 1841 717 et

1018 731 1203 784 psallam
1222 731 1267 772 in
1285 731 1426 782 gleria
1445 743 1552 772 mea.

1069 788 1269 839 Exsurge
1313 787 1453 839 gloria
1497 800 1612 838 mea,
1658 791 1841 839 exsurge

1017 844 1284 896 psalterium,
1306 849 1350 886 et
1370 844 1551 885 cithara:
1570 846 1594 871 *
1613 848 1842 895 exsurgam

1019 900 1223 942 diluculo.

1071 957 1327 999 Confitebor
1357 957 1439 998 tibi
1471 957 1515 997 in
1547 957 1723 1010 pepulis
1755 957 1842 998 Do-

1018 1014 1149 1056 mine:
1177 1015 1200 1041 *
1230 1018 1273 1056 et
1304 1014 1491 1067 psallam
1521 1013 1602 1055 tibi
1632 1014 1676 1054 in
1706 1014 1843 1055 natio-

1018 1070 1157 1112 nibus.
1869 1110 1877 1115 .

1071 1127 1184 1177 Quia
1201 1140 1359 1178 magna
1379 1132 1446 1168 est
1465 1140 1598 1179 super
1617 1127 1754 1168 coelos
1768 1127 1843 1167 mi-

1019 1183 1262 1225 sericordia
1279 1185 1403 1225 tua:*
1414 1188 1458 1225 et
1472 1196 1612 1236 usque
1631 1183 1688 1225 ad
1706 1183 1844 1225 nubes

1019 1241 1181 1296 veritas
1201 1245 1291 1282 tua:

1070 1297 1277 1338 Exaltare
1305 1309 1437 1349 super
1466 1297 1603 1338 coelos
1630 1297 1766 1346 Deus,
1802 1301 1844 1337 et

1019 1366 1151 1406 super
1170 1366 1345 1395 omnem
1368 1358 1532 1395 terram
1554 1353 1694 1405 gloria
1712 1358 1803 1395 tua:
1820 1354 1843 1380 *

1018 1415 1067 1452 ut
1086 1410 1326 1452 liberentur
1346 1410 1495 1452 dilecti
1512 1411 1587 1452 tui.

1070 1466 1248 1508 Salvum
1275 1467 1344 1508 fac
1374 1467 1556 1519 dextera
1583 1472 1673 1517 tua,
1703 1472 1745 1508 et
1774 1479 1843 1508 ex·

1019 1523 1123 1565 andi
1141 1536 1226 1565 me:
1242 1525 1266 1551 *
1278 1524 1399 1565 Deus
1419 1524 1592 1566 locutus
1608 1529 1675 1566 est
1692 1524 1736 1564 in
1751 1537 1843 1564 san-

1020 1585 1093 1622 cto
1113 1593 1208 1621 suo:

1070 1636 1325 1687 ExsultabQ
1341 1642 1384 1679 et
1396 1637 1588 1679 dividam
1599 1637 1843 1685 Sichimam‚

1019 1695 1043 1722 *
1057 1698 1100 1735 et
1115 1694 1362 1735 convallem
1380 1693 1764 1736 tabernaculorum
1784 1693 1843 1735 di-

1019 1751 1185 1792 metiar.

1070 1807 1195 1849 Meus
1228 1813 1296 1850 est
1329 1807 1515 1858 Galaad,
1548 1812 1592 1849 et
1622 1820 1745 1848 meus
1778 1811 1844 1848 est

1019 1863 1259 1906 Manasses:
1277 1866 1300 1892 *
1320 1869 1364 1906 et
1382 1864 1595 1917 Ephraim
1622 1863 1844 1916 susceptio

1021 1921 1178 1973 capitis
1196 1921 1293 1963 mei.

1071 1977 1096 2018 J
1097 1977 1185 2019 uda
1220 1991 1299 2019 rex
1335 1990 1474 2019 meus:
1505 1978 1529 2005 *
1556 1976 1688 2018 Moab
1722 1975 1843 2017 lebes

1020 2034 1115 2086 spei
1141 2047 1263 2076 meae.

1072 2091 1124 2131 In
1146 2090 1388 2132 Idumaeam
1417 2090 1652 2132 extendam
1679 2088 1843 2130 calcea-

1019 2148 1214 2188 mentum
1235 2159 1395 2188 meum:
1414 2148 1438 2174 *
1458 2146 1564 2187 mihi
1590 2146 1842 2197 alienigenae

1020 2203 1148 2244 amici
1165 2203 1270 2244 facti
1288 2207 1400 2244 sunt.
1643 2205 1652 2213 '

1073 2259 1179 2310 Quis
1220 2258 1410 2301 deducet
1439 2271 1510 2300 me
1542 2259 1587 2299 in
1618 2258 1842 2299 civitatem

1019 2314 1253 2357 munitam?
1283 2317 1306 2343 *
1335 2316 1431 2367 quis
1461 2315 1651 2357 deducet
1677 2327 1747 2355 me
1775 2326 1841 2354 us-

1021 2385 1105 2425 que
1123 2373 1168 2413 in
1186 2370 1449 2414 Idumaeam?

1070 2429 1228 2471 Nonne
1242 2433 1291 2470 tu
1301 2429 1432 2478 Deus,
1449 2428 1523 2480 qui
1538 2426 1738 2479 repulisti
1750 2438 1842 2475 nos,

1019 2488 1043 2513 *
1063 2491 1106 2527 et
1125 2498 1214 2526 non
1239 2484 1380 2526 exibis
1399 2485 1520 2526 Deus
1544 2485 1588 2526 in
1607 2481 1841 2524 virtutibus

1020 2540 1205 2584 nostris?

1072 2599 1141 2639 Da
1158 2597 1285 2639 nobis
1305 2597 1514 2639 auxilium
1529 2596 1584 2638 de
1599 2594 1839 2637 tribulatio-

1020 2668 1092 2697 ne:
1110 2656 1134 2682 *
1153 2655 1255 2706 quia
1272 2667 1384 2695 vana
1405 2653 1520 2695 salus
1539 2651 1738 2693 hominis.

1072 2711 1124 2751 In
1152 2711 1248 2752 Deo
1275 2710 1484 2752 faciemus
1504 2709 1723 2750 virtutem:
1754 2710 1798 2747 et
1816 2706 1839 2730 *
