2040 2976
739 227 934 259 Uominica
964 226 1022 259 lv.
1048 231 1135 268 post
1162 225 1422 258 Pentecosten.

225 321 412 370 Samuel,
437 325 481 362 et
506 320 709 361 clamavit
733 319 789 361 ad
813 319 1047 360 Dominum

225 383 319 420 tota
337 383 476 418 nocte.

278 436 327 485 R.
353 433 448 484 Ego
468 438 512 474 te
531 432 622 474 tuli.
641 433 726 473 178.

470 537 498 573 S
524 548 550 574 a
571 537 598 573 b
622 537 648 574 b
675 547 700 573 a
723 540 740 573 t
764 546 801 573 0.

358 596 425 635 De
443 593 555 635 libro
574 594 716 646 primo
737 593 918 644 Regum.

329 655 481 695 Lectio
503 655 526 693 i.
763 653 865 703 Cap.
886 652 944 690 145.

255 709 1049 820 stffssztzssffzfftsgsssgfffiffffi

225 837 306 876 ego
326 825 586 877 projecerim
605 837 717 873 eum,
736 836 790 864 ne
809 827 961 873 regnet
981 835 1046 863 su-

224 894 303 934 per
318 879 476 922 Israel?
496 881 628 933 imple
648 893 784 922 cornu
800 885 923 920 tuum
938 879 1048 928 oleo,

226 943 270 980 et
288 938 401 987 veni,
420 943 468 979 ut
487 938 656 979 mittam
675 942 719 978 te
739 935 795 977 ad
814 936 901 976 Isai
919 934 1048 976 Beth-

226 994 491 1036 lehemitem:
522 993 702 1046 providi
727 993 841 1034 enim
872 992 916 1032 in
947 991 1048 1032 filiis

223 1052 317 1102 ejus
349 1050 453 1091 mihi
485 1063 641 1101 regem.
682 1050 739 1090 Et
770 1049 829 1090 ait
860 1047 1050 1090 Samuel:

227 1108 324 1158 Quo
362 1106 495 1148 modo
531 1105 709 1148 vadam?
752 1105 899 1147 audiet
937 1104 1050 1146 enim

226 1163 344 1213 Saul,
374 1169 418 1204 et
440 1162 672 1204 interficiet
694 1175 774 1203 me.
810 1162 866 1203 Et
885 1161 944 1203 ait
963 1161 1050 1202 Do-

227 1220 383 1261 minus:
407 1219 605 1261 Vitulum
630 1218 685 1260 de
705 1220 902 1260 armento
921 1217 1050 1259 tolles

227 1276 270 1316 in
294 1289 424 1317 manu
450 1281 541 1325 tua,
575 1280 618 1317 et
641 1274 775 1316 dices:
807 1274 879 1315 Ad
901 1274 1050 1315 immo-

227 1331 404 1374 landum
428 1332 618 1372 Domino
645 1331 753 1372 veni.
788 1331 846 1372 Et
870 1330 1052 1372 vocabis

227 1389 313 1430 Isai
333 1387 390 1430 ad
405 1389 637 1437 victimam,
658 1393 700 1429 et
719 1400 801 1438 ego
822 1386 1050 1429 ostendam

227 1445 306 1487 tibi
339 1444 444 1496 quid
476 1445 625 1493 facias,
659 1449 703 1486 et
734 1457 872 1495 unges
906 1457 1052 1496 quem-

229 1505 416 1553 cumque
434 1502 737 1542 monstravero
756 1500 847 1542 tibi.

282 1559 331 1609 R«.
357 1557 553 1598 Peccavi.
571 1557 658 1597 179.

537 1613 688 1653 Lectio
707 1613 744 1652 ii.

232 1666 399 1770 Fecit
417 1681 521 1720 ergo
540 1669 729 1718 samuel,
751 1669 862 1710 sicut
879 1668 1053 1710 locutus

326 1730 393 1767 est
426 1726 465 1766 ei
495 1726 718 1767 Dominus.
759 1725 979 1777 Venitque
1011 1726 1054 1766 in

231 1781 507 1832 Bethlehem,
549 1787 592 1823 et
628 1781 828 1823 admirati
859 1786 958 1823 sunt
990 1795 1053 1823 se-

232 1839 378 1880 niores
397 1839 599 1888 civitatis,
619 1840 899 1880 occurrentes
919 1839 973 1889 ei,
993 1839 1053 1880 di—

230 1898 489 1947 xeruntque:
499 1931 501 1934 ,
513 1895 783 1936 pacificusne
808 1900 874 1936 est
892 1895 1053 1946 ingres—

232 1964 305 1992 sus
324 1949 445 1992 tuus?
474 1951 530 1992 Et
550 1951 623 1992 ait:
651 1951 878 1992 Pacificus:
903 1950 959 1993 ad
978 1951 1052 1992 im-

230 2006 483 2048 molandum
507 2007 697 2049 Domino
724 2007 839 2057 veni,
867 2008 1052 2049 sanctifi-

233 2063 404 2112 camini,
425 2068 468 2104 et
486 2066 629 2106 venite
648 2076 819 2105 mecum
838 2069 885 2105 ut
904 2066 1052 2105 immo-

231 2119 329 2161 lem.
369 2119 664 2161 Sanctificavit
692 2133 797 2171 ergo
823 2120 909 2161 Isai
938 2125 981 2162 et
1007 2121 1053 2161 fi-

233 2175 315 2217 liOS
335 2175 440 2226 ejus,
467 2181 510 2217 et
529 2177 703 2218 vocavit
722 2189 799 2218 eos
819 2176 875 2218 ad
895 2177 1054 2218 sacrifi·
1112 2213 1115 2218 ,
1189 2222 1195 2227 p

234 2231 358 2273 Cium·
393 2231 587 2283 Cumque
606 2233 788 2283 ingressi
809 2238 968 2283 essent,
994 2233 1053 2274 vi·
1115 2229 1208 2255 ’ἓν

233 2287 297 2330 dit
321 2287 462 2336 Eliab‚
491 2293 534 2329 et
559 2289 632 2329 ait:
659 2288 775 2329 Num
800 2301 948 2330 coram
967 2290 1054 2331 Do-

233 2344 350 2385 mino
384 2348 451 2385 est
479 2343 678 2385 Christus
710 2343 821 2396 ejus?
862 2346 919 2387 Et
947 2345 1055 2388 dixit

233 2400 447 2442 Dominus
471 2399 528 2441 ad
546 2400 803 2442 Samuelem:
828 2401 897 2443 Ne
921 2404 1053 2454 respi-

235 2456 324 2498 cias
356 2456 523 2497 vultum
557 2457 665 2507 ejus,
696 2469 837 2508 neque
866 2457 1054 2499 altitudi-

234 2525 333 2553 nem
357 2515 536 2553 staturae
562 2513 670 2563 ejus,
698 2513 902 2563 quoniam
921 2513 1057 2565 abjeci

235 2581 351 2617 eum,
383 2580 463 2609 nec
495 2568 613 2619 juxta
640 2569 844 2609 intuitum
871 2569 1057 2610 hominis

236 2637 318 2675 ego
351 2623 510 2676 judico:
546 2624 678 2666 homo
712 2624 825 2665 enim
856 2624 975 2666 videt
1007 2638 1058 2666 ea

240 2694 339 2732 quae
370 2685 542 2732 parent,
575 2680 789 2721 Dominus
821 2686 966 2722 autem
998 2682 1056 2721 in-

236 2739 383 2778 tuetur
403 2749 489 2777 cor.
548 2737 598 2785 Ra
619 2736 858 2778 Exaudisti.
877 2739 969 2778 180.

1391 315 1542 356 Lectio
1563 315 1619 355 iii.
1686 355 1688 358 ,
1942 348 1947 357 ,

1181 380 1200 417 t
1216 375 1392 416 vocavit
1409 370 1497 415 Isai
1516 372 1763 422 Ab1nadab,
1788 377 1832 414 et
1851 371 1924 414 ad-

1189 431 1313 473 duxit
1333 443 1433 472 eum
1448 442 1597 472 coram
1611 429 1822 471 Samuele.
1842 427 1926 479 Qui

1100 488 1222 530 dixit:
1259 487 1355 530 Nec
1390 487 1506 528 hunc
1539 486 1668 538 elegit
1699 485 1926 527 Dominus.

1099 544 1299 586 Adduxit
1338 549 1484 585 autem
1520 543 1607 584 Isai
1641 542 1832 592 Samma,
1871 540 1927 583 de

1102 614 1189 653 quo
1223 601 1299 642 ait:
1353 600 1497 642 Etiam
1527 599 1643 641 hunc
1675 611 1763 640 non
1797 597 1928 649 elegit

1027 663 1030 666 ’
1100 658 1327 699 Dominus.
1359 655 1560 698 Adduxit
1582 658 1730 708 itaque
1749 654 1837 696 Isai
1863 666 1927 695 se-

1100 719 1221 767 ptem
1248 714 1364 755 filios
1399 726 1503 755 suos
1534 725 1683 754 coram
1710 710 1928 753 Samuele:

1101 775 1145 812 et
1170 770 1230 812 ait
1256 769 1432 812 Samuel
1456 768 1513 811 ad
1537 770 1642 810 Isai:
1670 768 1772 810 Non
1797 767 1929 818 elegit

1102 827 1317 869 Dominus
1335 839 1390 868 ex
1408 827 1516 868 istis.
1531 825 1741 877 Dixitque
1755 822 1930 866 Samuel

1102 882 1159 925 ad
1194 884 1295 925 Isai:
1339 881 1566 935 Numquid
1601 883 1686 934 jam
1721 879 1931 933 completi

1103 946 1203 982 sunt
1234 938 1334 981 filii?
1376 939 1460 991 Qui
1492 936 1735 991 respondit:
1771 935 1930 979 Adhuc

1102 997 1295 1050 reliquus
1333 1001 1400 1038 est
1434 994 1661 1049 parvulus,
1705 998 1749 1036 et
1787 992 1932 1046 pascit

1103 1067 1220 1096 oves.
1249 1054 1305 1095 Et
1325 1053 1385 1095 ait
1403 1051 1578 1095 Samuel
1598 1051 1655 1093 ad
1672 1050 1776 1092 Isai:
1795 1049 1931 1099 Mitte,

1103 1116 1147 1153 et
1166 1109 1310 1152 adduc
1330 1123 1440 1152 eum.

1155 1168 1206 1219 R.
1232 1166 1350 1209 Audi
1367 1166 1566 1208 Domine.
1586 1166 1679 1207 180.

1156 1230 1226 1272 Ad
1251 1231 1423 1279 Magnif.
1454 1230 1553 1271 Ant.
1586 1228 1823 1271 Praeveluit
1845 1228 1931 1269 Da-

1104 1287 1179 1330 vid
1197 1290 1220 1316 *
1239 1288 1284 1329 in
1314 1287 1616 1329 philisthaeum
1646 1286 1690 1327 in
1721 1284 1857 1327 funda
1888 1289 1933 1326 et

1104 1344 1262 1398 lapide,
1283 1345 1328 1386 in
1345 1344 1520 1387 nomine
1539 1343 1726 1386 Domini.
1837 1350 1843 1354 “

1157 1397 1207 1449 V.
1247 1402 1514 1455 Vespertina
1546 1399 1688 1442 oratio
1722 1397 1933 1442 ascendat

1105 1457 1162 1501 ad
1194 1463 1238 1500 te
1270 1458 1472 1500 Domine.
1519 1457 1570 1509 R.
1602 1457 1659 1498 Et
1691 1454 1931 1498 descendat

1105 1527 1238 1568 super
1257 1527 1338 1556 nos
1357 1512 1657 1556 misericordia
1674 1518 1761 1555 tua.

1158 1580 1290 1614 Oratio
1321 1589 1405 1612 cum
1434 1578 1605 1612 Homilia
1629 1577 1843 1612 Dominicae
1867 1575 1930 1610 IV.

1107 1628 1269 1663 habetur
1304 1627 1402 1661 infra
1440 1627 1541 1660 circa
1579 1626 1693 1660 finem
1724 1625 1851 1660 Officii
1884 1624 1931 1658 de

1107 1676 1307 1720 Tempore.

1364 1737 1676 1766 *W—

1324 1812 1600 1863 Dominica
1626 1811 1714 1861 IV.

1215 1879 1357 1927 post
1397 1874 1826 1913 Pentecosten.

1342 1944 1391 1983 In
1418 1943 1448 1982 1.
1476 1942 1710 1982 Nocturno.'

1243 2005 1309 2046 De
1327 2003 1440 2046 libro
1459 2002 1602 2056 primo
1621 2002 1803 2052 Regum.

1212 2062 1364 2104 Lectio
1389 2062 1412 2101 i.
1651 2059 1755 2112 Cap.
1774 2058 1831 2098 17.

1112 2129 1191 2179 Γῆς
1224 2122 1514 2172 ongregantes
1523 2122 1667 2159 autem
1673 2115 1934 2158 Philisthiim

1217 2177 1218 2211 ἶ
1240 2177 1412 2228 agmina
1431 2188 1509 2217 sua
1527 2175 1571 2215 in
1589 2173 1804 2227 praelium,
1831 2185 1931 2214 con-

1240 2235 1452 2275 venerunt
1480 2232 1524 2272 in
1549 2230 1695 2272 Socho
1721 2228 1862 2271 Judae:
1890 2233 1934 2270 et

1109 2289 1406 2333 castrametati
1438 2293 1538 2329 sunt
1568 2287 1679 2328 inter
1710 2284 1856 2327 Socho
1889 2289 1933 2326 et

1109 2348 1255 2389 Azeca
1276 2347 1320 2387 in
1341 2345 1499 2387 finibus
1524 2343 1756 2385 Dommim.
1793 2342 1932 2382 Porro

1109 2403 1211 2444 Saul
1243 2407 1287 2444 et
1314 2401 1391 2443 filii
1415 2400 1553 2442 Israel
1581 2398 1836 2450 congregati
1862 2409 1932 2438 ve·
1963 2438 1969 2444 ,

1109 2461 1265 2500 nerunt
1284 2459 1327 2499 in
1346 2457 1519 2499 Vallem
1537 2454 1786 2503 terebinthi,
1811 2458 1855 2495 et
1873 2452 1933 2495 di·

1110 2517 1316 2557 rexerunt
1365 2514 1503 2555 aciem
1552 2511 1608 2554 ad
1652 2507 1934 2564 pugnandum

1111 2577 1264 2613 contra
1282 2569 1555 2612 Philisthiim.
1589 2568 1646 2609 Et
1670 2565 1934 2608 Philisthiim

1111 2627 1284 2669 stabant
1321 2639 1452 2679 super
1488 2629 1681 2666 montem
1717 2635 1773 2664 ex
1809 2626 1934 2674 parte

1110 2682 1209 2732 hac,
1249 2688 1292 2725 et
1318 2682 1457 2724 Israel
1485 2680 1629 2723 stabat
1656 2691 1788 2732 supra
1815 2690 1933 2719 mon-

1111 2744 1199 2780 tem
1218 2752 1272 2780 ex
1291 2739 1428 2781 altera
1446 2742 1585 2790 parte:
1610 2735 1822 2786 vallisque
1842 2738 1935 2775 erat
