2040 2976
612 202 685 236 Die
705 203 735 236 5.
762 201 941 245 Augusti.
988 201 1023 236 S.
1048 201 1183 236 Mariae
1208 201 1259 236 ad
1282 201 1414 236 Nives.

155 299 230 349 ris,
255 297 415 340 deinde
435 295 602 338 Ordinis
620 295 806 337 fratrum
824 293 988 336 Praedi-

157 357 356 398 catorum
380 358 534 395 auctor
560 352 651 393 fuit.
685 352 826 403 Hujus
849 355 990 392 mater

155 410 338 463 gravida
358 409 443 451 sibi
461 409 557 450 visa
577 412 645 450 est
663 408 708 448 in
726 407 872 460 quiete
888 419 989 449 con-

153 467 294 510 tinere
319 466 363 507 in
389 465 489 507 alvo
516 464 710 506 catulum
734 476 811 505 ore
835 463 989 516 praefe-

155 525 323 565 rentem
342 524 493 571 facem,
515 533 600 573 qua
615 520 760 562 editus
774 520 819 560 in
835 519 989 569 lucem,

156 579 310 622 orbem
337 580 554 621 terrarum
583 576 847 618 incenderet.
890 577 989 626 Quo

156 636 328 678 somnio
341 634 682 686 significabatur,
692 633 787 675 fore
798 636 846 674 ut
855 632 990 685 splen·

157 692 265 734 dote
290 690 536 733 sanctitatis
562 703 614 731 ac
634 688 865 739 doctrinae,
890 701 989 740 gen·

155 753 224 790 tes
239 747 297 790 ad
311 746 594 789 christianam
602 746 813 798 pietatem
824 745 989 786 inflam-

155 806 390 846 marentur.
426 802 676 845 Veritatem
705 801 847 843 exitus
873 814 989 843 com-

155 860 378 914 probavit:
406 858 452 900 id
478 859 593 901 enim
616 863 660 900 et
683 858 891 910 praestitit
909 870 990 910 per

157 929 220 967 se,
250 921 293 958 et
315 929 396 969 per
421 915 490 956 sui
515 914 682 956 ordinis
706 913 851 955 socios
872 913 989 956 dein-

156 986 263 1026 ceps
283 976 351 1014 est
371 974 647 1014 consecutus.

210 1035 262 1086 R,
285 1029 534 1069 Honestum
559 1026 664 1068 fecit
689 1026 813 1067 illum
839 1027 989 1067 Dumi-

155 1098 249 1135 nus,
272 1089 316 1126 et
336 1082 577 1126 custodivit
597 1095 697 1124 eum
717 1083 771 1124 ab
792 1083 989 1132 inimicis,

157 1146 201 1183 et
229 1154 255 1182 a
281 1139 591 1182 seductoribus
616 1139 778 1181 tutavit
802 1139 940 1180 illum:
966 1148 988 1171 *

156 1198 214 1239 Et
242 1196 365 1239 dedit
397 1196 461 1237 illi
494 1195 740 1237 claritatem
770 1197 989 1236 aeternam.

158 1253 209 1305 V.
246 1254 419 1295 Justum
454 1251 638 1294 deduxit
665 1252 883 1293 Dominus
910 1264 991 1304 per

157 1310 251 1351 vias
269 1314 425 1358 rectaS,
450 1313 493 1350 et
513 1308 707 1351 ostendit
724 1308 787 1349 illi
807 1321 990 1360 regnum

157 1367 252 1408 Dei.
279 1367 336 1408 Et
353 1364 486 1407 dedit.

470 1425 624 1467 Lectio
644 1439 682 1465 ν.

251 1480 348 1531 ujus
372 1483 519 1520 autem
537 1478 759 1530 ingenium
783 1491 834 1520 ac
853 1479 992 1520 virtus

270 1535 459 1576 maxime
489 1535 645 1576 enituit
672 1534 717 1575 in
743 1534 992 1576 evertendis

157 1592 388 1642 haereticis,
405 1591 480 1643 qui
492 1591 751 1644 perniciusis
769 1591 991 1633 erroribus

158 1649 396 1690 Tolosates
422 1649 677 1701 pervertere
706 1647 991 1690 conabantur.

159 1707 258 1756 Quo
276 1705 320 1746 in
337 1704 516 1755 negotio
533 1708 704 1756 septem
720 1705 994 1757 consumpsit

160 1774 309 1803 annos.
366 1761 530 1802 Postea
562 1761 753 1802 Romam
784 1761 904 1802 venit
936 1761 993 1802 ad

158 1817 456 1859 Lateranense
498 1816 732 1858 concilium
769 1829 869 1858 cum
905 1819 992 1869 epi·

160 1886 298 1926 scopo
313 1873 551 1923 Tolosano,
570 1878 619 1914 ut
639 1872 761 1923 ordo,
784 1886 915 1926 quem
933 1874 992 1914 in-

160 1930 376 1979 stituerat,
395 1928 451 1971 ab
466 1929 726 1971 Innocentio
742 1930 874 1971 tertio
893 1942 993 1971 con-

160 1986 419 2027 firmaretur.
460 1986 569 2035 Quae
595 1998 666 2027 res
693 1985 798 2027 dum
824 1986 867 2026 in
893 1986 996 2028 deli-

160 2041 388 2084 berati6ne
403 2043 615 2091 versatur,
630 2042 890 2084 Dominicus
905 2042 997 2084 hor-

160 2101 256 2140 tatu
278 2098 507 2140 Pontificis
535 2098 592 2140 ad
618 2111 723 2140 suos
750 2099 997 2149 revertitur,

162 2160 209 2197 ut
228 2154 312 2196 sibi
331 2154 528 2206 regulam
549 2154 773 2206 deligeret.
806 2156 998 2196 Romam

162 2210 352 2260 rediens,
397 2210 454 2252 ab
490 2211 692 2252 Honorio
728 2211 876 2260 tertio,
923 2211 998 2263 qui

163 2267 391 2319 proximus
418 2267 674 2309 Innocentio
709 2269 996 2317 successerat,

164 2322 541 2364 confirmationem
578 2322 744 2365 ordinis
779 2322 996 2364 Praedica-

162 2381 309 2420 torum
323 2381 539 2431 impetrat.
562 2380 721 2420 Romae
740 2386 888 2421 autem
908 2378 996 2421 duo

163 2435 350 2476 instituit
368 2436 651 2485 monasteria,
678 2436 864 2477 alterum
883 2435 996 2476 viro-

163 2504 270 2541 rum,
283 2490 516 2531 mulierum
527 2491 722 2532 alterum.
742 2492 854 2532 Tres
866 2491 998 2532 etiam

162 2549 364 2588 mortuos
390 2546 446 2588 ad
465 2546 601 2588 vitam
620 2547 866 2600 revocavit,
890 2546 997 2587 mul-

163 2608 297 2655 taque
323 2603 409 2644 alia
429 2601 568 2644 edidit
586 2603 813 2652 miracula,
839 2602 997 2655 quibus

165 2659 276 2701 ordo
304 2658 652 2700 PraedicatOrum
686 2659 870 2700 mirifice
896 2671 996 2711 pro-

164 2715 318 2767 pagari
337 2715 484 2767 coepit.

1810 194 1879 229 469

1097 302 1148 353 R,
1187 292 1368 334 Amavit
1411 304 1511 333 eum
1552 290 1791 340 Dominus,
1835 294 1879 331 et

1043 351 1216 392 ornavit
1235 362 1353 391 eum:
1382 348 1543 389 stolam
1561 347 1715 398 gloriae
1738 346 1879 388 induit

1044 420 1155 457 eum,
1174 413 1197 437 *
1214 407 1272 449 Et
1291 406 1349 448 ad
1366 410 1521 459 portas
1540 403 1736 457 paradisi
1754 415 1878 445 coro-

1043 464 1164 506 navit
1179 476 1289 505 eum.
1310 462 1361 515 V.
1377 461 1527 503 Induit
1546 473 1647 502 eum
1661 460 1878 501 Dominus

1042 520 1225 562 loricam
1248 519 1369 569 fidei,
1399 524 1443 561 et
1466 517 1639 559 ornavit
1663 529 1774 558 eum.
1811 516 1879 557 Et.

1350 593 1503 635 Lectio
1523 594 1576 634 vi.

1136 667 1260 696 erum
1295 666 1395 695 cum
1428 654 1520 705 ejus
1549 654 1687 704 opera
1714 649 1879 701 ubique

1146 712 1364 752 terrarum
1385 708 1654 750 monasteria
1672 708 1757 758 jam
1777 705 1878 747 aedi-

1042 767 1293 816 ficarentur‚
1334 764 1766 816 innumerabilesque
1802 762 1879 804 ho-

1042 825 1182 865 mines
1219 822 1472 874 religiosam
1504 834 1556 863 ac
1592 821 1712 874 piam
1744 820 1879 861 vitam

1043 880 1332 928 instituerent,
1351 877 1567 920 Bonaniae
1588 889 1703 918 anno
1720 875 1880 917 Christi

1043 935 1349 978 ducentesimo
1382 934 1598 985 vigesimo
1637 933 1780 986 primo
1813 945 1879 972 su-

1041 1005 1123 1045 pra
1141 991 1437 1041 millesimum,
1460 991 1504 1031 in
1523 990 1693 1032 febrem
1713 987 1880 1030 incidit:

1043 1062 1098 1090 ex
1125 1061 1212 1100 qua
1236 1060 1337 1089 cum
1363 1060 1412 1089 se
1438 1047 1701 1088 moriturum
1726 1044 1881 1086 intelli-

1041 1109 1181 1156 geret,
1210 1103 1468 1146 convocatis
1493 1102 1703 1144 fratribus
1729 1106 1773 1143 et
1792 1100 1880 1142 alu-

1042 1161 1156 1202 mnis
1176 1173 1268 1202 suae
1289 1159 1551 1212 disciplinae,
1579 1171 1657 1201 eos
1682 1158 1739 1199 ad
1759 1158 1880 1198 inno-

1043 1217 1232 1259 centiam
1266 1221 1310 1258 et
1341 1216 1637 1267 integritatem
1678 1214 1880 1256 cohorta-

1042 1279 1113 1316 tus
1143 1278 1220 1315 est.
1265 1274 1498 1314 Postremo
1528 1272 1776 1320 caritatem,
1804 1270 1880 1311 hu-

1042 1329 1288 1379 militatem,
1307 1330 1634 1382 paupertatem,
1653 1333 1882 1379 tamquam

1045 1391 1215 1435 certum
1233 1385 1549 1438 patrimonium
1568 1385 1632 1427 eis
1647 1385 1881 1426 testamen·

1044 1448 1091 1485 to
1111 1443 1304 1495 reliquit:
1322 1442 1620 1493 fratribusque
1641 1439 1881 1488 orantibus,

1044 1500 1088 1540 in
1102 1499 1188 1540 illis
1203 1499 1362 1548 verbis,
1376 1498 1615 1540 Subvenite
1631 1497 1772 1539 sancti
1786 1496 1881 1545 Dei,

1046 1556 1265 1598 occurrite
1280 1555 1449 1606 Angeli,
1465 1554 1733 1596 obdormivit
1749 1554 1793 1593 in
1801 1553 1883 1593 Do-

1044 1613 1182 1662 mino,
1208 1614 1369 1654 octavo
1393 1611 1500 1653 Idus
1519 1611 1724 1662 Augusti:
1751 1622 1881 1662 quem

1044 1671 1204 1722 postea
1232 1668 1477 1720 Gregorius
1504 1680 1648 1709 nonus
1675 1666 1882 1707 Pontifex

1046 1725 1194 1767 retulit
1211 1725 1255 1766 in
1275 1726 1530 1766 sanctorum
1549 1727 1791 1766 numerum.

1099 1785 1151 1836 R.
1178 1787 1269 1828 Iste
1288 1786 1434 1828 homo.
1453 1785 1534 1838 [72]

1100 1850 1145 1885 In
1168 1848 1234 1883 111.
1258 1848 1460 1882 Nocturno
1483 1846 1657 1881 Homilia
1678 1846 1718 1880 in
1734 1846 1881 1889 Evang.

1048 1898 1133 1934 Sint
1147 1899 1281 1935 lumbi,
1303 1895 1350 1929 de
1369 1894 1508 1930 eodem
1524 1894 1631 1929 Com.
1650 1894 1678 1929 1.
1696 1894 1794 1929 loco.
1812 1896 1882 1940 [74]

1100 1946 1219 1988 Vesp.
1240 1944 1287 1978 de
1307 1954 1414 1986 sequ.
1434 1952 1520 1977 cum
1539 1944 1697 1978 comem.
1716 1943 1883 1986 praeced.

1285 2025 1370 2066 Die
1390 2025 1428 2065 5.
1449 2024 1648 2075 Augusti.

1202 2094 1245 2135 S.
1271 2093 1451 2135 Mariae
1478 2093 1544 2134 ad.
1568 2092 1733 2133 Nives.

1306 2151 1464 2195 Duplex
1487 2152 1622 2195 majus.

1105 2209 1243 2245 Omnia
1277 2213 1318 2243 ut
1357 2209 1397 2243 in
1431 2209 1542 2244 festis
1577 2209 1618 2243 B.
1654 2209 1702 2243 M.
1735 2209 1780 2243 V.
1815 2219 1884 2253 per

1050 2268 1193 2292 annum
1217 2257 1308 2301 [133]
1331 2261 1474 2300 praeter
1498 2267 1604 2301 sequ.

1384 2318 1549 2360 Oratio.
1618 2351 1627 2359 ,

1051 2374 1298 2482 Concede
1322 2391 1404 2420 nos
1427 2378 1618 2421 famulos
1639 2384 1742 2421 tuos
1767 2381 1883 2431 quee-

1139 2448 1289 2477 sumus
1308 2435 1498 2477 Demine
1514 2435 1647 2485 Deus,
1668 2438 1883 2489 perpetua

1047 2492 1206 2533 mentis
1227 2496 1271 2533 et
1290 2491 1494 2544 corporis
1514 2492 1703 2533 sanitate
1723 2491 1882 2542 gaude·

1048 2560 1110 2589 re:
1138 2553 1182 2590 et
1206 2548 1401 2599 gloriosa
1424 2548 1571 2590 beatae
1594 2548 1747 2589 Mariae
1774 2560 1882 2589 sem-

1048 2617 1129 2656 per
1147 2605 1343 2656 Virginis
1362 2605 1699 2654 intercessione,
1728 2617 1752 2644 a
1771 2616 1882 2656 prae-

1049 2660 1164 2701 senti
1194 2660 1374 2702 liberari
1406 2661 1600 2710 tristitia,
1642 2665 1686 2702 et
1718 2661 1883 2701 aeterna

1049 2717 1215 2769 perfrui
1232 2717 1399 2760 laetitia.
1426 2718 1511 2759 Per
1529 2717 1777 2759 Dominum.
