2040 2976
507 190 611 223 Infra
639 190 933 224 Hebdomadam
956 201 991 223 v.
1016 195 1105 232 post
1130 190 1209 223 Oct.
1234 191 1493 224 Pentecostes.

143 283 218 335 qui
239 287 340 324 sunt
362 283 407 323 in
425 287 557 324 terra:
583 287 627 324 et
649 282 846 333 requiem
868 281 972 323 dedi

141 339 223 380 tibi
250 338 305 380 ab
335 337 537 379 &mnibus
564 338 751 379 inimicis
773 337 871 379 tuis.
904 338 971 378 Et.

146 394 303 437 Gloria
314 394 445 436 Patri.
471 394 539 435 Et.

196 471 247 522 R.
269 470 335 510 vii.
370 466 559 508 Peccavi
585 478 717 518 super
742 469 971 506 numerum

140 524 285 564 arenae
310 523 459 572 maris,
486 527 530 563 et
557 521 848 574 multiplicata
872 526 972 563 sunt

139 581 326 631 peccata
352 590 465 619 mea:
499 583 543 619 et
570 590 659 619 non
688 590 786 618 sum
814 577 970 627 dignus

140 633 290 676 videre
318 634 592 676 altitudinem
618 633 719 675 coeli
742 646 837 685 prae
864 633 971 674 mul-

139 690 327 732 titudine
350 690 592 741 iniquitatis
611 701 738 730 meae:
764 689 973 741 quoniam

139 746 308 787 irritavi
343 746 454 786 iram
490 750 628 795 tuam,
663 752 686 776 *
721 745 778 786 Et
809 745 972 786 malum

141 815 291 844 coram
313 806 358 843 te
382 801 476 843 feci.
511 801 561 854 V,
581 801 799 851 Quoniam
818 801 971 852 iniqui-

140 861 277 900 tatem
300 870 444 899 meam
466 870 549 908 ego
570 859 811 908 cognesco:
837 862 880 898 et
900 857 971 898 de-

139 914 291 955 lictum
318 926 464 955 meum
493 918 647 955 contra
674 926 745 955 me
771 918 838 954 est
862 925 971 954 sem-

139 983 232 1023 per,
253 970 356 1021 quia
372 969 454 1011 tibi
474 969 556 1011 soli
574 969 768 1022 peccavi.
796 969 863 1009 Et.

192 1043 244 1095 Re,
272 1042 356 1082 viii.
401 1043 504 1083 Duo
542 1041 772 1095 Seraphim
814 1042 970 1083 clama-

138 1098 245 1140 bant
273 1096 391 1139 alter
412 1096 470 1139 ad
498 1094 698 1140 alterum:
727 1099 749 1123 *
773 1098 971 1147 Sanctus,

138 1158 335 1203 sanctus,
382 1158 560 1195 sanctus
595 1154 812 1194 Deminus
848 1154 971 1194 Deus

138 1185 350 1251 sabaoth':
377 1211 400 1236 *
424 1209 560 1250 Plena
588 1214 654 1250 est
682 1210 825 1250 omnis
852 1214 972 1250 terra

139 1265 281 1316 gleria
300 1266 400 1317 eius.
431 1260 482 1312 V.
506 1265 618 1306 Tres
637 1270 738 1306 sunt
760 1265 834 1317 qui
852 1265 971 1306 testi-

138 1321 334 1362 menium
353 1319 460 1362 dant
478 1321 523 1361 in
544 1320 675 1370 coelo,
697 1321 842 1370 Pater,
862 1321 970 1362 Ver-

138 1377 254 1426 bum,
275 1381 318 1418 et
335 1376 523 1429 Spiritus
544 1381 736 1418 sanctus:
756 1382 800 1418 et
818 1376 862 1417 hi
880 1382 971 1418 tres

138 1446 275 1473 unum
295 1437 405 1474 sunt.
438 1432 636 1474 Sanctus.
670 1432 822 1473 Gloria
840 1433 971 1474 Patri.

138 1488 282 1530 Plena.

315 1626 486 1662 Feria
520 1624 798 1662 Secunda.

245 1693 313 1732 De
332 1690 446 1733 libro
467 1690 663 1733 secundo
683 1691 866 1740 Regum.

295 1763 478 1806 Lectio
468 1779 491 1804 1.
655 1763 758 1815 Cap.
777 1764 813 1803 2.

199 1830 348 1896 gitur
381 1834 486 1882 post
512 1829 610 1870 haec
638 1828 859 1873 consuluit
886 1829 970 1869 Da-

204 1874 325 1928 vid
356 1885 612 1934 Dominum,
651 1884 818 1926 dicens:
854 1884 973 1925 Num

141 1915 378 1983 ascendam
404 1942 449 1982 in
476 1953 609 1982 unam
637 1940 693 1982 de
721 1940 971 1981 civitatibus

140 1996 276 2039 Juda?
334 1998 392 2039 Et
427 1997 489 2038 ait
519 1997 736 2038 Deminus
769 1996 826 2038 ad
857 2009 972 2037 eum:

141 2052 358 2095 Ascende.
417 2053 629 2104 Dixitque
659 2052 821 2093 David:
873 2052 970 2101 Quo

141 2108 396 2151 ascendam?
449 2109 507 2149 Et
547 2107 777 2160 respendit
821 2107 877 2149 ei:
921 2108 972 2147 In

140 2165 335 2207 Hebron.
360 2163 586 2206 vAscendit
613 2176 719 2214 ergo
739 2162 900 2212 David,
929 2168 973 2205 et

142 2220 241 2263 duae
259 2223 422 2262 uxeres
442 2221 544 2272 ejus,
564 2220 811 2261 Achinoam
828 2220 852 2260 J
856 2232 970 2260 ezra-

140 2277 307 2326 helites‚
327 2281 371 2318 et
386 2276 563 2327 Abigail
580 2288 693 2317 uxor
711 2275 855 2316 Nabal
863 2275 972 2316 *Car-

139 2333 256 2374 meli:
284 2332 364 2374 sed
391 2337 435 2374 et
457 2332 593 2382 viros,
623 2332 698 2384 qui
723 2335 847 2373 erant
873 2343 972 2372 cum

141 2401 212 2438 eo,
241 2388 366 2430 duxit
383 2388 531 2430 David
554 2388 751 2438 singulos
775 2400 875 2428 cum
895 2387 970 2428 do-

139 2457 212 2486 mo
242 2457 334 2486 sua:
368 2449 412 2486 et
439 2446 693 2485 manserunt
720 2444 763 2484 in
793 2443 971 2495 eppidis

139 2500 335 2542 Hebron.
381 2501 700 2552 Veneruntque
733 2499 814 2540 viri
846 2499 970 2549 Juda,

140 2561 184 2597 et
202 2558 419 2598 unxerunt
438 2556 500 2597 ibi
518 2555 677 2606 David,
702 2560 750 2596 ut
768 2557 971 2605 regnaret

139 2625 272 2664 super
293 2612 473 2654 domum
491 2612 516 2652 J
518 2612 615 2653 uda.

148 2718 151 2719 γ
193 2676 244 2726 R.
267 2676 535 2717 Recordare.
554 2676 642 2716 179.

155 1874 166 1898 8

1336 285 1488 326 Lectio
1510 287 1549 325 ii.

1108 346 1127 382 t
1158 340 1404 382 nuntiatum
1436 346 1502 382 est
1534 341 1696 391 David,
1737 342 1858 393 quod

1125 396 1207 437 viri
1234 396 1366 437 Jabes
1396 397 1566 438 Galaad
1594 398 1857 450 sepelissent

1025 452 1138 493 Saul.
1172 452 1293 493 Misit
1312 464 1417 502 ergo
1438 452 1585 494 David
1603 453 1780 494 nuntios
1801 453 1858 495 ad

1025 509 1144 549 viros
1175 507 1309 549 Jabes
1344 508 1530 557 Galaad,
1570 508 1767 561 dixitque
1800 509 1857 551 ad

1026 577 1118 606 eos:
1147 564 1377 605 Benedicti
1397 577 1477 605 vos
1501 578 1527 605 a
1545 565 1752 614 Domino,
1782 566 1857 617 qui

1025 620 1190 661 fecistis
1227 620 1575 661 misericordiam
1611 620 1723 661 hanc
1758 633 1857 662 cum

1026 675 1205 717 demino
1235 681 1385 717 vestro
1412 675 1531 725 Saul,
1566 681 1609 717 et
1637 676 1856 728 sepelistis

1027 744 1138 773 eum.
1172 732 1228 772 Et
1252 745 1367 772 nunc
1386 732 1600 772 retribuet
1618 731 1744 772 vobis
1766 733 1856 783 qui-

1026 787 1127 828 dem
1164 788 1380 828 Deminus
1426 787 1772 828 misericordiam
1813 793 1857 829 et

1025 843 1271 884 veritatem:
1293 843 1372 884 sed
1393 848 1436 884 et
1457 856 1539 894 ego
1559 842 1742 884 reddam
1761 846 1855 894 gra-

1025 899 1147 948 tiam,
1201 911 1254 940 eo
1298 899 1419 950 quod
1463 899 1628 940 fecistis
1673 899 1857 940 verbum

1024 955 1153 996 istud..
1179 955 1492 996 Confortentur
1510 968 1666 995 manus
1686 960 1857 1004 vestrae,

1025 1015 1070 1051 et
1115 1012 1258 1052 estete
1302 1011 1381 1050 filii
1426 1010 1709 1052 fortitudinis:
1754 1011 1857 1052 licet

1025 1067 1140 1107 enim
1166 1068 1367 1107 mortuus
1400 1066 1456 1107 sit
1483 1066 1686 1107 dominus
1712 1072 1858 1108 vester
1904 1104 1906 1107 ,

1025 1122 1144 1171 Saul,
1167 1126 1314 1163 tamen
1333 1134 1404 1163 me
1424 1122 1548 1163 unxit
1568 1122 1725 1163 domus
1744 1123 1768 1162 J
1770 1122 1857 1163 uda

1023 1179 1068 1218 in
1087 1190 1235 1228 regem
1256 1177 1348 1218 sibi.

1078 1241 1128 1279 R».
1153 1237 1385 1279 Exaudisti
1403 1238 1605 1279 Demine.
1626 1239 1718 1278 180.

1329 1309 1481 1349 Lectio
1503 1309 1555 1348 iii.

1100 1367 1211 1408 bner
1233 1371 1379 1407 autem
1403 1367 1518 1407 filius
1537 1367 1629 1407 Ner
1648 1367 1855 1419 princeps

1135 1422 1352 1464 exercitus
1385 1422 1487 1463 Saul
1519 1422 1618 1464 tulit
1650 1422 1855 1463 Isboseth

1024 1479 1163 1519 filium
1195 1478 1315 1527 Saul,
1355 1483 1399 1519 et
1431 1477 1722 1519 circumduxit
1755 1490 1855 1518 eum

1024 1547 1105 1587 per
1150 1538 1310 1583 castra,
1355 1536 1593 1586 regemque
1631 1533 1857 1575 constituit

1025 1603 1159 1643 super
1179 1589 1361 1639 Galaad,
1381 1595 1424 1631 et
1443 1603 1576 1642 super
1597 1589 1789 1639 Gessuri,
1814 1594 1857 1631 et

1025 1659 1158 1699 super
1177 1647 1202 1687 J
1206 1645 1394 1695 ezrahel,
1418 1651 1462 1687 et
1482 1658 1615 1698 super
1633 1645 1855 1698 Ephraim,

1026 1707 1069 1744 et
1089 1715 1222 1754 super
1241 1702 1484 1753 Beniamin,
1506 1707 1549 1743 et
1569 1714 1702 1754 super
1720 1701 1857 1742 Israel

1024 1759 1289 1799 universum.
1325 1757 1624 1808 Quadraginta
1643 1759 1857 1798 annerum

1026 1819 1119 1855 erat
1146 1813 1354 1855 Isboseth
1385 1813 1501 1854 filius
1529 1813 1633 1854 Saul
1666 1826 1765 1854 cum
1792 1825 1855 1853 re-

1024 1872 1160 1920 gnare
1200 1871 1411 1922 coepisset
1449 1881 1582 1921 super
1620 1869 1773 1918 Israel,
1813 1873 1856 1910 et

1026 1925 1200 1967 duebus
1221 1925 1346 1966 annis
1366 1925 1580 1976 regnavit:
1600 1925 1695 1966 sola
1710 1930 1857 1965 autem

1025 1982 1183 2023 domus
1201 1981 1225 2021 J
1227 1981 1314 2022 uda
1335 1980 1604 2032 sequebatur
1617 1980 1774 2022 David.
1800 1980 1857 2021 Et

1025 2037 1105 2078 fuit
1136 2041 1344 2078 nnmerus
1379 2036 1564 2086 dierum,
1597 2049 1708 2088 quos
1741 2048 1856 2078 com-

1025 2095 1224 2134 moratus
1259 2097 1325 2134 est
1358 2091 1519 2142 David,
1561 2094 1781 2144 imperans
1813 2091 1856 2131 in

1024 2148 1209 2190 Hebron
1244 2161 1376 2200 super
1409 2148 1590 2189 domum
1621 2148 1751 2198 Juda,
1793 2160 1855 2188 se-

1023 2210 1145 2257 ptem
1164 2206 1388 2258 annorum‚
1409 2208 1452 2245 et
1471 2217 1550 2251 sex
1567 2204 1791 2245 mensium.

1076 2265 1127 2315 Rz.
1153 2264 1272 2305 Audi
1291 2264 1603 2325 Domine-180.

1242 2383 1404 2419 Feria
1436 2383 1639 2420 Tertia.

1127 2441 1194 2481 De
1214 2439 1327 2480 libro
1348 2438 1543 2481 secundo
1564 2441 1747 2490 Regum.

1179 2504 1332 2544 Lectio
1354 2504 1378 2543 i.
1541 2505 1643 2555 Cap.
1658 2506 1695 2545 3.

1028 2569 1087 2607 ff
1063 2571 1186 2608 ‚ommi
1221 2576 1327 2614 ergo
1363 2569 1479 2605 esset
1510 2564 1711 2616 praelium
1742 2563 1855 2604 inter

1028 2612 1102 2664 ’ῗὲΛ
1131 2618 1311 2660 domum
1325 2619 1429 2660 Saul
1447 2624 1490 2660 et
1505 2619 1683 2660 domum
1699 2617 1853 2667 David,

1023 2675 1175 2716 Abner
1203 2675 1319 2716 filius
1346 2675 1438 2716 Ner
1465 2675 1645 2725 regebat
1672 2673 1852 2715 domum

1792 187 1857 222 193
1906 207 1907 210 =
