2040 2976
203 198 275 242 [86]

830 200 1037 234 Commune
1067 200 1273 241 Virgilium.

208 293 327 334 I'nde
346 306 426 334 nec
444 298 640 343 mortem,
660 306 741 335 nec
761 296 898 335 amica
912 307 1024 335 mor—

406 349 462 390 tis

252 405 370 447 Mille
396 408 627 458 poenarum
655 408 814 458 genera
840 408 1023 459 expave-

408 475 545 511 scens,

252 518 470 568 Sanguine
489 519 628 560 effiiso
648 520 804 560 meruit
824 521 1024 561 serenum

354 574 573 616 Scandere
593 575 762 616 coelum.

204 647 338 698 llujus
359 650 484 689 oratu
504 649 624 689 Deus
645 649 757 690 alme
776 649 903 690 nobis

250 703 433 744 Debitas
449 717 602 756 poenas
615 705 827 746 scelerum
838 707 1023 755 remitte3

251 759 309 801 Ut
327 759 407 800 tibi
424 773 535 812 puro
556 763 809 802 resonemus
829 761 989 802 almum

352 816 537 858 Pectore
556 830 741 859 carmen.

201 889 265 929 Sit
285 888 418 930 decus
437 890 566 939 Patri,
585 891 829 942 genitaeque
848 890 975 940 Proli,

249 945 306 986 Et
331 945 410 986 tibi
433 959 614 998 compar
635 947 862 998 utriusque
886 947 1022 988 virtus

249 1001 435 1053 Spiritus
465 1015 654 1056 semper,
690 1003 811 1044 Deus
840 1017 950 1045 unus
979 1017 1022 1045 o-

351 1059 582 1167 Tenmtgoris
605 1128 712 1156 aevo.
753 1116 905 1157 Amen.

253 1180 289 1213 Si
308 1180 345 1213 S
349 1187 445 1213 metz
467 1181 575 1214 luerit
591 1181 634 1212 l
627 1192 706 1221 ligo
724 1186 749 1214 t
753 1187 878 1216 ultum
897 1187 931 1213 ct
946 1190 1020 1213 non

203 1228 353 1271 Μαι-τμη
373 1229 511 1262 dicitur
530 1228 702 1271 Hymnus
723 1239 903 1271 sequens:

200 1280 438 1385 Virginis
464 1283 632 1334 Proles,
661 1284 907 1337 Opifexque
934 1285 1021 1326 Ma-

402 1340 491 1390 tris,

248 1396 384 1447 Virgo
423 1409 552 1448 quem
580 1398 731 1448 gessit,
762 1400 1021 1451 peperitque

403 1453 556 1504 Virg03

249 1508 442 1560 Virginis
465 1509 625 1551 festum
648 1510 842 1552 canimus
867 1510 1022 1562 beatae,

355 1565 520 1618 Accipe
539 1571 701 1608 votum.

201 1638 334 1689 Hujus
355 1640 481 1680 oratu
499 1640 619 1680 Deus
639 1639 751 1681 alme
770 1640 899 1682 nobis

248 1693 430 1735 Debitas
445 1708 600 1747 poenas
611 1696 826 1738 scelerum
836 1699 1021 1748 remitte3

250 1750 308 1791 Ut
325 1750 404 1792 tibi
423 1764 534 1803 puro
554 1754 808 1794 resonemus
828 1753 989 1795 almum

352 1807 537 1850 Pectore
557 1821 742 1850 carmen.

200 1878 265 1920 Sit
282 1878 417 1921 decus
436 1881 565 1930 Patri,
584 1882 829 1935 genitaeque
850 1884 979 1933 Proli,

249 1935 305 1976 Et
327 1935 405 1977 tibi
429 1949 609 1990 compar
635 1939 862 1992 utriusque
885 1940 1022 1981 virtus

249 1992 434 2043 Spiritus
463 2007 653 2058 semper,
686 1995 807 2036 Deus
840 2010 950 2037 unus
979 2009 1022 2038 o-

353 2062 584 2158 Tellrilporis
603 2120 710 2149 aevo.
746 2109 899 2150 Amen.

438 2184 485 2222 In
509 2184 537 2222 1.
562 2184 782 2225 Nocturno.

252 2252 350 2290 Ant.
383 2251 419 2290 O
448 2267 578 2306 quam
605 2255 788 2308 pulchra
811 2258 834 2283 *
860 2263 926 2300 est
955 2272 1021 2300 ca-

201 2313 267 2350 sta
285 2310 508 2361 generatio
528 2323 626 2351 cum
645 2312 859 2355 claritate!

484 2369 679 2411 psalmus
702 2372 737 2410 8.

278 2462 289 2481 4
307 2430 475 2472 omine
525 2432 738 2474 Dominus
789 2441 954 2486 noster,
998 2439 1021 2463 ²⁸¹

265 2488 268 2494 '
312 2511 324 2545 ,¹
350 2500 479 2538 quam
502 2487 755 2530 admirabile
776 2496 842 2532 est
864 2506 1022 2535 nomen

348 2548 469 2583 tuum
488 2543 530 2583 in
550 2544 751 2586 universa
770 2548 900 2589 terra!

253 2599 466 2649 Quoniam
484 2599 652 2641 elevata
669 2606 735 2642 est
748 2605 1022 2654 magnificen-

201 2655 260 2696 tia
278 2661 363 2705 tua,
382 2656 405 2680 *
427 2668 556 2708 super
575 2656 723 2698 coelos.

254 2712 321 2752 Ex
348 2724 424 2753 ore
452 2712 677 2753 infantium
707 2718 749 2754 et
773 2714 1024 2758 lactentium

1076 294 1297 346 perfecisti
1338 293 1514 335 laudem
1548 298 1731 347 propter
1766 293 1900 334 inimi-

1077 363 1153 391 cos
1181 355 1300 399 tuos,
1325 350 1348 375 *
1375 354 1423 391 ut
1449 349 1650 391 destruas
1681 350 1901 391 inimicum

1077 411 1120 447 et
1139 406 1336 447 ultorem.

1128 463 1343 513 Queniam
1387 462 1547 503 videbo
1597 462 1735 504 coelos
1780 467 1900 511 tuos,

1076 522 1211 572 opera
1236 519 1472 571 digitorum
1496 521 1686 560 tuorum:
1704 519 1728 545 *
1754 519 1900 560 lunam

1076 581 1119 617 et
1139 575 1298 625 stellas,
1320 588 1417 628 quae
1436 581 1484 617 tu
1503 575 1706 617 fundasti.

1128 632 1243 682 Quid
1269 637 1336 673 est
1354 632 1502 681 homo,
1528 631 1647 684 quod
1665 644 1834 673 memor
1853 644 1900 673 es

1076 688 1187 740 ejus?
1206 689 1229 714 *
1248 694 1323 730 aut
1340 689 1455 730 filius
1476 688 1676 738 heminis,
1694 688 1901 740 quoniam

1075 745 1227 786 visitas
1250 743 1370 787 eum?

1126 802 1320 843 Minuisti
1359 815 1458 844 eum
1497 802 1630 854 paulo
1666 801 1809 843 minus
1845 800 1900 842 ab

1075 858 1270 910 Angelis,
1298 858 1435 910 gloria
1461 863 1504 900 et
1528 857 1696 900 honere
1722 859 1901 899 corona-

1076 915 1131 955 sti
1157 927 1272 956 eum:
1296 916 1320 940 *
1350 920 1393 956 et
1419 914 1685 956 constituisti
1710 927 1810 956 eum
1834 927 1901 955 su-

1075 983 1153 1023 per
1172 974 1307 1024 Opera
1325 973 1532 1012 manuum
1551 973 1736 1012 tuarum.

1128 1027 1284 1069 Omnia
1325 1027 1547 1080 subjecisti
1587 1027 1668 1069 sub
1713 1026 1900 1080 pedibus

1076 1084 1182 1135 ejuS‚
1210 1084 1233 1110 *
1267 1097 1373 1126 oves
1409 1089 1452 1126 et
1486 1083 1625 1126 boves
1658 1084 1901 1125 universas:

1075 1142 1252 1193 insuper
1272 1146 1315 1182 et
1334 1142 1497 1193 pecora
1516 1141 1670 1193 campi.

1125 1197 1342 1239 Volucres
1369 1197 1485 1247 coeli,
1519 1202 1562 1238 et
1588 1197 1734 1250 pisces
1758 1196 1901 1245 maris,

1075 1253 1098 1278 *
1124 1253 1198 1305 qui
1225 1253 1532 1306 perambulant
1558 1253 1736 1294 semitas
1758 1252 1901 1294 maris.

1126 1311 1315 1352 Demine
1330 1310 1546 1351 Dominus
1559 1314 1721 1360 noster,
1731 1309 1756 1335 *
1771 1321 1902 1362 quam

1075 1366 1329 1408 admirabile
1350 1371 1416 1408 est
1434 1379 1594 1408 nomen
1612 1371 1735 1408 tuum
1750 1366 1794 1406 in
1808 1365 1900 1407 uni-

1074 1425 1201 1464 versa
1219 1423 1351 1465 terra!

1129 1483 1227 1522 Ant.
1258 1482 1294 1522 O
1321 1493 1451 1533 quam
1475 1479 1659 1533 pulchra
1686 1483 1754 1521 est
1782 1483 1902 1521 casta

1074 1537 1298 1587 generatio
1318 1550 1417 1578 cum
1437 1536 1650 1578 claritate!

1127 1594 1225 1634 Ant.
1257 1594 1371 1634 Ante
1394 1598 1538 1635 torum
1559 1593 1584 1619 *
1607 1593 1732 1645 hujus
1756 1592 1898 1644 Virgi-

1075 1649 1140 1690 nis
1168 1649 1442 1701 frequentate
1469 1649 1598 1691 nobis
1628 1649 1774 1691 dulcia
1802 1651 1900 1690 can-

1074 1706 1161 1746 tica
1181 1705 1401 1747 dramatis.

1346 1761 1543 1802 Psalmus
1572 1762 1629 1802 18.

1151 1818 1225 1860 oeli
1253 1820 1455 1860 enarrant
1478 1818 1661 1870 gloriam
1685 1818 1780 1868 Dei,
1806 1819 1830 1844 *
1858 1822 1901 1860 et

1163 1877 1297 1928 opera
1324 1877 1529 1916 manuum
1558 1875 1648 1926 ejus
1675 1875 1900 1916 annuntiat

1075 1931 1405 1973 firmamentum.

1126 1987 1232 2029 Dies
1265 1987 1350 2030 diei
1385 1991 1554 2030 eructat
1581 1987 1778 2038 verbum,
1805 1988 1829 2014 *
1857 1993 1900 2030 et

1075 2057 1163 2086 nox
1188 2045 1308 2086 nocti
1335 2044 1498 2086 indicat
1525 2044 1762 2086 scientiam.

1124 2100 1226 2142 Non
1261 2105 1360 2142 sunt
1392 2100 1600 2154 loquelae‚
1636 2113 1779 2154 neque
1813 2113 1898 2142 ser-

1075 2159 1242 2207 menes‚
1274 2158 1518 2210 *quorum
1549 2170 1637 2199 non
1670 2156 1901 2199 audiantur

1075 2226 1208 2255 voces
1237 2215 1398 2255 eerum.

1127 2271 1177 2311 In
1211 2283 1384 2312 omnem
1416 2275 1580 2312 terram
1608 2270 1740 2312 exivit
1767 2283 1900 2312 sonus

1076 2328 1240 2368 eorum:
1267 2327 1290 2352 *
1321 2331 1365 2368 et
1395 2327 1439 2368 in
1473 2327 1581 2369 fines
1617 2326 1736 2368 orbis
1770 2332 1900 2369 terrae

1075 2382 1208 2424 verba
1236 2385 1398 2424 eorum.

1126 2440 1177 2480 In
1205 2439 1298 2481 sole
1319 2440 1466 2492 posuit
1485 2438 1814 2481 tabernaculum
1833 2452 1899 2481 su-

1075 2509 1161 2537 um:
1196 2497 1218 2521 *
1253 2501 1296 2537 et
1328 2497 1423 2548 ipse
1456 2502 1679 2548 tamquam
1712 2508 1899 2548 sponsus

1075 2552 1320 2604 procedens
1342 2552 1397 2594 de
1416 2552 1610 2594 thalamo
1629 2565 1724 2593 suo:

1127 2608 1374 2650 Exsultavit
1410 2614 1457 2650 ut
1489 2609 1613 2660 gigas
1645 2608 1701 2650 ad
1729 2609 1898 2649 curren-

1076 2663 1176 2704 dam
1195 2665 1326 2714 viam,
1346 2666 1369 2690 *
1388 2678 1413 2706 a
1433 2678 1602 2707 summo
1622 2664 1736 2706 coelo
1757 2665 1898 2715 egres-

1077 2720 1141 2761 sio
1161 2721 1265 2771 ejus:
