2040 2976
546 193 617 227 Die
644 192 693 226 17.
718 192 818 231 Maii.
865 192 900 225 S.
925 189 1128 224 Paschalis
1154 189 1302 233 Baylon
1330 190 1438 223 Conf.

187 292 238 343 R1.
266 290 402 332 Pesui
433 289 696 341 adjuterium
726 299 860 340 super
883 297 960 339 po-

131 349 312 397 tentem,
358 351 403 389 et
447 345 638 388 exaltavi
681 343 869 386 electum
905 342 960 384 de

131 404 262 457 plebe
301 415 416 445 mea:
454 407 475 430 *
510 402 666 443 Manus
707 400 823 442 enim
861 411 960 440 mea

130 459 410 502 auxiliabitur
448 459 500 501 ei.
540 455 588 507 XV,
626 456 780 498 Inveni
814 455 960 497 David

130 529 305 559 servum
340 529 503 566 meum,
537 515 637 557 eleo
672 517 825 555 sancto
859 524 959 553 meo

130 573 235 615 unxi
253 585 364 615 eum.
391 572 548 614 Manus
568 571 694 613 enim.

437 639 588 680 Lectio
609 640 660 679 vi.

218 694 364 736 iennio
400 694 635 745 antequam
671 703 726 732 ex
757 690 840 732 hac
871 690 960 731 vita

223 750 442 801 migraret,
463 761 562 791 cum
582 747 760 790 diutinis
780 746 959 788 afflicta-

130 808 250 848 retur
273 804 614 855 infirmitatibus,
639 804 752 845 inter
772 803 958 845 acerbis-

130 863 265 904 simos
285 861 485 915 cerporis
500 861 730 911 cruciatus,
749 860 870 902 velut
888 873 960 901 au-

130 932 228 960 rum
241 919 286 959 in
300 918 478 960 fornace
493 919 739 971 purgatum,
753 917 852 958 Deo
865 918 959 967 gra-

131 975 216 1017 tias
253 974 551 1017 indesinenter
591 973 761 1026 agebat.
815 972 959 1014 Adve-

131 1031 277 1073 niente
316 1035 464 1073 autem
504 1043 632 1072 sacro
672 1030 960 1072 Pentecestes

131 1087 221 1138 die,
258 1100 359 1129 cum
388 1087 538 1129 multis
572 1087 696 1128 annis
729 1086 961 1128 ecclesiam

131 1143 214 1186 sibi
234 1146 513 1186 commissam
532 1156 702 1185 summa
716 1156 816 1184 cum
830 1141 960 1183 laude

129 1201 435 1252 gubernasset,
473 1201 636 1242 sanctis
670 1199 880 1252 operibus
909 1211 960 1239 ac

128 1257 350 1308 miraculis
389 1257 534 1298 clarus
566 1257 733 1309 quievit
763 1256 808 1296 in
839 1267 960 1307 pace.

129 1314 270 1364 Quem
297 1313 560 1355 Coelestinus
584 1314 706 1366 Papa
736 1311 892 1354 tertius
916 1311 960 1352 in

130 1371 382 1411 sancterum
405 1372 635 1411 numerum
658 1368 818 1411 retulit.
855 1368 959 1420 Eius

129 1426 268 1467 virtus
292 1428 517 1479 praecipue
541 1426 585 1467 in
610 1424 855 1476 effugandis
874 1424 959 1477 spi-

128 1482 284 1524 ritibus
309 1482 546 1524 immundis
575 1482 730 1524 elucet.
785 1481 958 1534 Corpus

128 1551 235 1580 vero
262 1550 342 1591 per
368 1542 436 1579 tot
464 1538 626 1580 saecula
656 1538 960 1590 incorruptum

127 1606 286 1646 magna
305 1593 501 1636 fidelium
518 1594 801 1636 veneratione
822 1594 867 1634 in
885 1595 960 1646 pa-

129 1650 212 1692 tria
247 1651 423 1701 celitur,
469 1663 601 1703 quam
637 1664 726 1693 non
762 1649 898 1692 semel
934 1662 960 1690 a

127 1707 337 1759 praesenti
355 1706 607 1749 discrimine
625 1707 838 1750 liberavit.

188 1769 240 1820 Rz.
254 1768 346 1810 Iste
365 1772 433 1810 est
452 1768 537 1821 qui.
560 1769 645 1822 [54]

187 1828 232 1863 In
251 1829 316 1863 ΙΠ.
336 1829 536 1865 Nocturno
560 1830 731 1865 Homilia
756 1830 795 1863 in
815 1829 962 1872 Evang.

135 1877 261 1912 Homo
296 1877 466 1921 peregre.
506 1878 554 1913 de
591 1878 728 1914 eodem
760 1877 962 1914 Communi

136 1926 165 1960 1.
186 1925 285 1961 loco.
306 1923 376 1968 [56]

186 1973 303 2018 Vesp.
326 1975 374 2009 de
396 1984 501 2018 sequ.
519 1985 605 2009 cum
622 1976 779 2010 comem.
796 1974 962 2018 praeced.

400 2073 484 2115 Die
503 2074 560 2115 17.
579 2074 690 2126 Maji.

132 2133 176 2173 S.
189 2132 450 2175 Paschalis
462 2133 658 2182 Baylon
675 2137 962 2178 Confessoris.

426 2240 429 2244 .
465 2195 630 2240 Duplex.

187 2251 325 2287 Omnia
356 2252 403 2288 de
435 2253 579 2289 Comm.
610 2255 718 2291 Conf.
749 2266 827 2291 non
851 2256 960 2290 Pont.

133 2300 203 2344 [67]
234 2304 375 2343 praeter
397 2311 503 2346 sequ.

465 2366 629 2409 Oratio.

222 2438 316 2476 eus,
363 2426 438 2479 qui
480 2426 659 2468 beatum
701 2426 960 2469 Paschalem

228 2482 537 2524 Confesserem
554 2487 679 2524 tuum
697 2483 880 2525 mirifica
897 2495 959 2525 er-

131 2551 187 2589 ga
206 2539 416 2592 Corporis
437 2543 481 2580 et
499 2539 730 2589 Sanguinis
752 2539 817 2581 tui
835 2552 960 2595 sacra

131 2596 340 2647 mysteria
355 2595 589 2637 dilectione
605 2595 843 2637 decorasti:
859 2607 958 2636 con-

133 2650 241 2692 cede
259 2652 492 2705 propitius;
510 2656 559 2693 ut
575 2664 706 2704 quam
718 2651 790 2692 ille
807 2664 860 2693 ex
874 2651 959 2693 hoc

134 2706 281 2749 divino
315 2708 516 2750 convivio
550 2707 729 2760 spiritus
760 2708 960 2761 percepit

1778 185 1847 221 295

1012 282 1340 337 pinguedinem,
1366 283 1567 325 eamdem
1587 288 1630 324 et
1649 295 1729 324 nos
1748 295 1843 335 per-

1014 343 1162 393 cipere
1208 342 1470 382 mereamur:
1523 340 1607 390 Qui
1648 339 1759 380 vivis
1801 342 1846 380 et

1014 409 1181 449 regnas.

1068 455 1116 490 Et
1138 456 1179 489 fit
1205 464 1401 489 commem.
1428 456 1593 498 praeced.

1067 508 1167 548 Ant.
1205 506 1383 547 Amavit
1411 518 1512 548 eum
1537 505 1773 554 Deminus,
1802 509 1845 546 et

1014 562 1189 604 ornavit
1208 575 1322 604 eum:
1346 562 1506 604 stolam
1529 562 1681 614 gleriae
1705 561 1845 603 induit

1014 631 1132 669 eum,
1159 623 1204 660 et
1232 618 1290 661 ad
1316 623 1470 672 portas
1499 619 1694 671 paradisi
1721 631 1843 660 coro-

1013 675 1135 717 navit
1154 688 1263 717 eum.

1018 733 1067 785 ys,
1134 732 1159 772 J
1161 737 1308 774 ustum
1328 732 1512 774 deduxit
1530 731 1746 773 Deminus
1765 744 1844 784 per

1013 788 1106 830 vias
1131 794 1287 830 rectas.
1331 795 1381 845 R„
1399 789 1456 830 Et
1481 787 1674 830 ostendit
1696 788 1757 829 illi
1779 801 1844 829 re-

1013 858 1147 896 gnum
1165 845 1259 886 Dei.

1069 908 1113 941 In
1144 908 1170 941 I.
1203 908 1403 942 Nocturno
1433 908 1638 942 Lectiones
1673 907 1719 940 dc
1750 906 1847 939 Scri—

1018 960 1130 998 ptura
1155 960 1388 991 occurrente.

1242 1018 1291 1056 In
1318 1018 1369 1056 ΙΙ.
1397 1018 1621 1057 Nocturno.

1320 1078 1474 1120 Lectio
1496 1081 1549 1119 iv.

1022 1156 1026 1185 3
1036 1139 1048 1140 ”
1056 1131 1318 1200 υχειεοὴὲιϋε
1351 1131 1521 1184 Baylon
1529 1163 1538 1181 ,
1575 1131 1845 1184 pauperibus

1022 1212 1026 1230 1
1049 1204 1123 1258 bg!
1146 1189 1320 1241 piisque
1339 1188 1596 1240 parentibus
1615 1189 1659 1229 in
1679 1187 1845 1241 Oppido

1020 1262 1123 1268 ἐ
1147 1245 1300 1286 Turris
1325 1245 1568 1294 Formosae,
1594 1244 1845 1296 Seguntinae

1014 1301 1219 1344 dioecesis
1244 1302 1290 1342 in
1314 1301 1539 1352 Aragenia
1562 1306 1708 1351 natus,
1736 1314 1762 1342 a
1784 1303 1844 1342 te-

1013 1359 1129 1400 neris
1150 1358 1275 1400 annis
1293 1358 1421 1411 plura
1438 1356 1561 1400 dedit
1575 1358 1734 1400 futurae
1750 1370 1844 1398 san-

1013 1415 1177 1456 ctitatis
1204 1414 1376 1456 indicia.
1434 1413 1624 1456 Sortitus
1657 1413 1845 1455 animam

1012 1471 1184 1520 bonam,
1205 1483 1256 1512 ac
1275 1483 1422 1512 rerum
1441 1470 1687 1512 coelestium
1701 1472 1844 1523 appri-

1012 1540 1100 1569 me*
1119 1526 1380 1577 studiosam,
1417 1527 1668 1580 pueritiam,
1712 1531 1845 1578 atque

1013 1583 1356 1625 adolescentiam
1387 1583 1432 1624 in
1464 1583 1610 1635 gregis
1645 1583 1846 1624 custodia
1894 1584 1897 1588 '

1012 1641 1239 1691 transegit3
1268 1653 1400 1693 quam
1422 1639 1495 1681 ille
1515 1639 1693 1681 vivendi
1716 1639 1844 1681 ratie-

1012 1710 1114 1739 nem
1128 1696 1230 1739 ideo
1246 1699 1471 1750 praecipue
1486 1696 1707 1747 diligebat,
1726 1696 1846 1748 quod

1012 1753 1247 1796 humilitati
1266 1753 1485 1803 fovendae,
1511 1766 1562 1795 ac
1581 1754 1845 1794 innocentiae

1013 1810 1332 1852 conservandae
1359 1810 1403 1851 in
1429 1810 1583 1863 primis
1607 1809 1758 1851 utilem
1784 1814 1845 1851 at-

1014 1879 1098 1919 que
1135 1869 1433 1919 opportunam
1465 1866 1690 1918 judicaret.
1738 1866 1845 1908 Erat

1011 1923 1055 1963 in
1074 1923 1193 1965 victu
1211 1923 1428 1973 medicus,
1453 1923 1498 1964 in
1522 1923 1721 1964 oratiene
1740 1925 1844 1963 assi-

1013 1978 1143 2029 duus,
1174 1982 1385 2031 tantaque
1416 1979 1536 2032 apud
1568 1981 1764 2029 coaevos,
1801 1983 1845 2020 et
1895 2024 1896 2027 ,

1012 2036 1161 2077 socios
1180 2035 1369 2077 florebat
1386 2036 1666 2086 auctoritate,
1682 2040 1730 2077 'et
1749 2038 1843 2087 gra-

1010 2092 1086 2142 tia,
1110 2096 1159 2133 ut
1177 2094 1330 2134 eerum
1349 2092 1450 2134 lites
1470 2094 1756 2145 compenens,
1782 2105 1843 2134 er-

1012 2150 1137 2190 reres
1162 2149 1403 2199 corrigens,
1430 2149 1723 2200 ignorantiam
1749 2151 1843 2190 eru-

1012 2203 1154 2255 diens,
1179 2217 1231 2246 ac
1251 2204 1467 2246 desidiam
1486 2205 1699 2255 excitam,
1725 2205 1844 2247 velut

1013 2260 1206 2302 omnium
1234 2274 1411 2314 parens,
1444 2266 1489 2303 et
1519 2264 1729 2313 magister
1755 2263 1842 2302 ma-

1011 2317 1130 2358 ximo
1158 2316 1317 2366 studio.
1332 2318 1567 2369 coleretur,
1598 2331 1651 2360 ac
1679 2319 1841 2360 amare-

1011 2378 1097 2414 tur:
1120 2372 1276 2416 beatus
1302 2374 1434 2416 etiam
1457 2379 1551 2416 tum
1576 2387 1602 2416 a
1619 2374 1842 2427 plerisque

1011 2429 1272 2482 appellatus.
1629 2470 1638 2478 ,

1070 2490 1120 2540 R.
1145 2486 1394 2528 Honestum
1421 2487 1527 2529 fecit
1549 2486 1671 2528 illum
1694 2486 1841 2527 Demi-

1010 2554 1109 2593 nus,
1129 2547 1173 2584 et
1192 2542 1430 2584 custodivit
1450 2556 1550 2585 eum
1569 2542 1623 2584 ab
1643 2542 1840 2591 inimicis,

1012 2602 1056 2640 et
1078 2610 1105 2639 a
1133 2598 1441 2641 seductoribus
1469 2599 1630 2641 tutavit
1657 2598 1792 2639 illum:
1820 2594 1842 2616 *

1010 2653 1067 2695 Et
1099 2653 1222 2696 dedit
1253 2654 1315 2695 illi
1349 2655 1595 2697 claritatem
1621 2655 1838 2695 aeternam.

1016 2700 1067 2753 V·
1092 2710 1267 2752 Justum
1298 2710 1482 2753 deduxit
1511 2710 1728 2751 Deminus
1759 2721 1839 2761 per
