2040 2976
647 192 749 226 Infra
774 192 959 226 Octavam
985 191 1170 235 Corporis
1196 192 1351 226 Christi.

420 286 488 323 Ad
511 286 698 324 Sextam.

200 346 299 387 Ant.
345 344 522 395 Pinguis
549 349 617 397 est
643 344 780 396 panis.

201 406 460 459 Capitulum.
657 408 684 446 1.
700 407 723 446 J
727 412 820 447 oan.
836 409 871 447 3.
888 420 921 448 c.

143 458 219 565 In
236 463 322 506 hoc
337 465 621 517 cognevimus
636 465 863 507 caritatem
876 465 970 515 Dei,

210 521 416 572 queniam
439 521 512 563 ille
537 521 724 562 animam
748 534 871 562 suam
887 534 970 574 pro

145 576 271 618 nobis
293 578 455 630 pesuit:
483 583 527 620 et
548 590 629 619 nos
653 577 864 619 debemus
887 590 970 630 pro

145 632 350 675 fratribus
370 634 536 675 animas
554 636 730 687 ponere.

200 695 251 747 R.
270 693 333 735 br.
352 693 525 736 Cibavit
541 694 640 736 illos
661 707 716 736 ex
735 693 866 747 adipe
885 694 969 735 fru-

145 749 294 800 menti,
311 751 334 775 *
351 749 555 803 Alleluja‚
575 750 759 803 alleluja.
789 750 970 792 Cibavit.

148 804 199 857 V.
213 806 271 848 Et
286 804 341 847 de
353 811 491 859 petra,
510 807 640 849 melle
655 807 867 849 saturavit
882 820 970 848 eos.

146 861 343 915 AlleIuJa,
367 862 548 916 alleluja.
589 863 749 905 G16ria.
789 863 970 905 Cibavit.

198 925 249 977 V.
268 926 444 970 Educas
463 940 623 982 panem
641 927 696 970 de
714 933 848 978 terra,
870 928 969 969 3116-

143 983 242 1036 luja.
276 987 326 1039 R.
346 984 404 1027 Et
421 985 570 1027 vinum
587 984 782 1027 laetificet
801 997 878 1026 cor
895 984 971 1026 he-

145 1040 284 1092 minis,
303 1040 484 1093 alleluja.

421 1123 489 1160 Ad
511 1124 693 1159 Nonam.

202 1179 301 1220 Ant.
347 1179 549 1222 Vincenti
568 1179 695 1221 dabo.

199 1239 458 1292 Capitulum.
654 1242 684 1280 1.
698 1241 722 1280 J
726 1245 819 1281 oafi.
835 1242 871 1281 3.
888 1254 921 1281 c.

146 1293 336 1399 Filioli
352 1302 453 1351 mei,
471 1314 558 1342 non
577 1301 806 1352 diligamus
825 1300 971 1349 verb0‚
1059 1291 1085 1344 ᾒῑῑ

238 1372 382 1412 neque
399 1358 561 1409 lingua,
586 1357 665 1400 sed
685 1361 819 1411 epere
839 1362 882 1398 et
901 1369 970 1398 ve-

145 1415 287 1458 ritate.

200 1476 251 1528 R.
271 1475 331 1516 br.
352 1475 528 1517 Educas
547 1488 707 1528 panem
726 1475 781 1517 de
800 1481 928 1525 terra,
949 1481 972 1506 *

146 1532 350 1584 Alleluia,
382 1532 564 1584 alleluJa.
605 1531 792 1573 Educas.
834 1529 884 1581 V.
914 1532 972 1573 Et

145 1589 293 1631 vinum
311 1588 508 1630 laetl'ficet
531 1602 607 1630 cor
625 1588 822 1629 hominis.
855 1588 970 1629 Alle-

144 1645 241 1698 luia,
257 1645 439 1697 alleluia.
469 1645 619 1687 GlOria
633 1646 764 1687 Patri.
783 1645 971 1688 Educas.

198 1699 250 1752 V.
267 1705 420 1747 Pesuit
438 1705 547 1747 fines
565 1711 667 1748 tuos
685 1719 851 1759 pacem,
871 1705 970 1747 alle-

145 1762 243 1814 luja.
285 1763 336 1814 R.
365 1762 422 1804 Et
450 1762 581 1816 adipe
610 1763 811 1804 frumenti
843 1762 972 1804 satiat

146 1823 201 1868 te,
221 1818 403 1872 alleluJa.

377 1905 455 1946 Ad
474 1905 741 1956 Vesperas.

199 1966 358 2010 Antiph.
384 1971 420 2001 et
442 1967 587 2002 Psalmi
611 1972 653 2002 ut
676 1968 715 2002 in
739 1969 874 2041 primis
898 1969 970 2003 Ve-

148 2014 273 2058 speris
297 2014 396 2049 festi.
422 2015 493 2050 144.

201 2070 459 2135 Capitulum.
480 2070 716 2112 Carissimi:
734 2070 882 2112 Nolite
896 2069 971 2110 mi-

146 2127 245 2168 rari.
266 2129 354 2169 164.

200 2185 409 2237 Hymnus.
440 2189 587 2239 Pange
611 2188 757 2239 lingua
779 2188 969 2239 gloriesi.

148 2246 195 2283 ut
215 2255 357 2294 supra.
382 2246 470 2286 146.

199 2298 249 2350 V.
291 2305 464 2348 cibavit
498 2305 598 2347 illos
636 2318 690 2347 ex
727 2304 857 2358 adipe
888 2305 972 2347 fru-

146 2361 297 2412 menti,
330 2361 513 2414 alleluja.
567 2360 617 2411 Ru
652 2361 709 2403 Et
747 2360 801 2403 de
837 2366 973 2414 petra,

146 2418 274 2460 melle
294 2419 504 2474 saturavit
523 2431 617 2468 eos,
638 2418 819 2470 alleluja.

201 2477 273 2519 Ad
295 2479 467 2529 Magnis.
507 2479 606 2519 Ant.
646 2479 730 2519 Exi
762 2478 849 2520 cito
877 2479 971 2519 *vin

146 2535 314 2588 plateas
341 2541 385 2577 et
412 2537 535 2578 vicos
561 2535 763 2577 civitatis:
797 2540 840 2576 et
866 2538 971 2587 pau-

146 2605 274 2644 peres
293 2605 345 2634 ac
364 2591 546 2642 debileS,
566 2604 710 2633 caecos
730 2596 773 2632 et
792 2590 972 2632 claudos

147 2648 361 2701 compelle
380 2649 558 2698 intrare,
577 2653 625 2689 ut
643 2647 877 2699 impleatur
897 2646 972 2689 do-

146 2718 242 2747 mus
260 2718 368 2755 mea,
387 2705 570 2756 alleluja.

1079 289 1229 326 Deinde
1254 292 1295 325 fit
1319 301 1513 326 commem.
1539 292 1585 327 dc
1611 292 1766 327 Octava.

1080 343 1180 384 Ant.
1228 343 1264 383 O
1298 353 1471 382 sacrum
1507 341 1770 391 convivium,
1806 341 1849 382 in

1026 408 1113 447 quo
1160 395 1357 438 Christus
1403 397 1599 438 sumitur:
1642 397 1851 439 recolitur

1023 452 1234 493 memeria
1257 453 1473 505 passionis
1498 453 1602 504 ejus:
1631 466 1755 495 mens
1773 453 1849 494 im-

1024 508 1169 560 pletur
1187 509 1342 559 gratia:
1368 514 1410 551 et
1429 509 1586 551 futurae
1606 510 1755 560 gloriae
1775 523 1849 552 no-

1024 564 1091 607 bis
1110 565 1268 618 pignus
1288 565 1426 616 datur,
1445 565 1627 618 alleluja.

1079 622 1132 674 V.
1165 626 1330 667 Panem
1369 625 1424 668 de
1458 626 1572 668 coelo
1605 626 1850 679 praestitisti

1026 682 1104 732 eis,
1125 682 1306 735 alleluja.
1332 685 1384 736 R.
1404 683 1543 724 Omne
1564 682 1849 725 delectamen-

1025 743 1118 780 tum
1137 739 1180 779 in
1200 752 1247 781 se
1266 739 1509 790 habentem,
1530 739 1710 792 alleluja.

1080 802 1243 843 Oratio.
1289 803 1424 849 Deus,
1454 800 1539 852 qui.
1572 802 1661 842 164.

1237 913 1383 949 Feria
1408 912 1637 950 Secunda

1188 966 1347 1007 infra
1392 966 1691 1007 Octavam.

1268 1046 1316 1084 In
1337 1046 1366 1084 I.
1388 1045 1610 1085 Nocturno.

1162 1109 1229 1149 De
1246 1106 1360 1148 libro
1378 1107 1521 1160 primo
1541 1108 1723 1159 Regum.

1130 1172 1283 1214 Lectio
1304 1174 1327 1214 i.
1589 1175 1691 1226 Cap.
1712 1175 1749 1215 5.

1033 1251 1038 1260 1-
1062 1244 1103 1282 <322
1118 1230 1362 1273 ’111111811111111
1393 1237 1539 1274 31116111
1570 1232 1763 1275 tulerunt
1788 1247 1851 1275 31-

1156 1301 1252 1329 63111
1287 1288 1388 1338 Dei,
1438 1294 1482 1331 et
1517 1292 1854 1342 asportaverunt

1155 1357 1252 1386 eam
1294 1357 1319 1385 a
1352 1345 1522 1398 Lapide
1564 1345 1768 1397 adjuterii
1808 1347 1853 1387 in

1025 1401 1226 1443 Azetum.
1262 1401 1564 1454 Tuleruntque
1591 1402 1853 1444 Philisthiim

1025 1469 1171 1499 arcam
1203 1457 1303 1507 Dei,
1336 1463 1380 1499 et
1411 1458 1648 1500 intulerunt
1680 1471 1776 1500 eam
1809 1460 1853 1500 in

1023 1513 1236 1566 templum
1250 1514 1418 1565 Dagon,
1439 1520 1482 1556 et
1497 1517 1742 1557 statuerunt
1757 1528 1853 1557 eam

1023 1571 1143 1622 juxta
1177 1571 1348 1622 Dagon.
1410 1571 1607 1624 Cumque
1646 1575 1852 1614 surrexis-

1027 1632 1123 1669 sent
1166 1627 1358 1669 diluculo
1395 1628 1543 1669 Azotii
1586 1627 1723 1670 altera
1767 1627 1852 1679 die,

1027 1696 1129 1725 6666
1144 1684 1302 1735 Dagon
1316 1685 1486 1736 jacebat
1500 1698 1666 1738 pronus
1679 1685 1723 1726 in
1737 1690 1853 1727 terra

1025 1745 1125 1782 ante
1166 1753 1312 1782 arcam
1347 1741 1540 1783 Demini:
1581 1746 1625 1783 et
1661 1741 1853 1784 tulerunt

1023 1797 1200 1847 Dagon,
1228 1802 1273 1838 et
1297 1797 1579 1839 restituerunt
1603 1810 1703 1839 eum
1725 1798 1769 1839 in
1791 1798 1851 1839 10-

1025 1865 1124 1894 611111
1149 1867 1285 1895 suum.
1322 1854 1602 1906 Rursumque
1628 1867 1754 1896 mane
1780 1853 1851 1896 die

1026 1909 1164 1951 altera
1212 1911 1542 1961 consurgentes,
1595 1910 1852 1952 invenerunt

1025 1966 1182 2017 Dagon
1207 1967 1422 2018 jacentem
1446 1979 1578 2019 super
1603 1966 1760 2011 faciem
1785 1980 1851 2008 su-

1026 2036 1097 2064 am
1127 2023 1171 2063 in
1201 2028 1320 2065 terra
1353 2035 1503 2064 coram
1530 2035 1633 2078 arca
1660 2023 1852 2064 Demini:

1027 2083 1159 2132 caput
1184 2083 1331 2121 autem
1355 2078 1529 2130 Dagon,
1565 2084 1610 2121 et
1637 2079 1736 2121 duae
1762 2080 1852 2132 pal-

1026 2148 1110 2176 mae
1138 2138 1345 2176 manuum
1377 2136 1468 2187 ejus
1496 2135 1704 2178 abscissae
1731 2141 1853 2178 erant

1026 2205 1158 2244 super
1188 2191 1332 2232 limen:
1370 2204 1507 2244 porro
1539 2192 1696 2244 Dagon
1733 2192 1852 2234 solus

1027 2253 1208 2289 truncus
1227 2250 1496 2290 remanserat
1513 2248 1557 2289 in
1575 2248 1676 2290 loco
1696 2261 1787 2290 suo.

1078 2305 1128 2356 Rv.
1151 2303 1412 2346 Immolabit.
1432 2305 1521 2345 149.

1334 2363 1487 2405 Lectio
1506 2364 1544 2404 ii.

1102 2424 1313 2472 ggravata
1336 2427 1403 2464 est
1426 2426 1573 2464 autem
1591 2434 1745 2462 manus
1764 2421 1850 2462 De—

1136 2478 1239 2518 mini
1258 2491 1391 2531 super
1410 2478 1612 2527 Aunios,
1637 2482 1682 2519 et
1705 2476 1849 2518 demo-

1024 2534 1126 2576 litus
1155 2540 1222 2576 est
1250 2547 1345 2576 eos:
1377 2540 1421 2576 et
1450 2534 1709 2576 ebullierunt
1735 2533 1849 2574 villae

1026 2596 1069 2632 et
1094 2591 1186 2641 agri
1210 2591 1253 2631 in
1275 2591 1421 2633 medio
1441 2591 1630 2641 regionis
1648 2590 1779 2638 illius,
1807 2594 1850 2630 et

1025 2648 1114 2688 nati
1138 2652 1239 2689 sunt
1262 2661 1426 2697 mures,
1453 2654 1496 2689 et
1519 2647 1636 2688 facta
1662 2650 1728 2687 est
1751 2657 1849 2686 con·
1870 2651 1874 2655 ”

1027 2703 1140 2744 fusio
1180 2704 1334 2745 mortis
1374 2716 1544 2754 magnae
1584 2703 1627 2742 in
1662 2701 1849 2742 civitate.
