2040 2976
188 214 231 248 46
724 208 830 242 Furia
858 206 1026 240 secunda
1053 205 1098 238 ud
1129 203 1362 237 Matutinum.

189 255 1894 280 Μ

244 305 468 348 Praetende
507 301 852 344 misericerdiam
892 304 1011 340 tuam

192 362 423 404 scientibus
451 366 512 409 te,
540 360 563 384 *
592 364 635 400 et
662 356 867 408 justitiam
893 360 1012 396 tuam

191 419 267 467 his,
288 418 360 470 qui
381 422 501 457 recto
521 420 620 456 sunt
640 412 784 454 corde.

240 475 339 515 Non
347 473 490 514 veniat
498 470 601 512 mihi
612 483 691 522 pes
700 466 960 520 superbiae:*
970 470 1013 506 et

190 543 342 571 manus
365 527 611 581 peccateris
634 538 721 566 non
740 526 914 564 meveat
932 533 1012 561 me.

242 585 306 626 Ibi
324 583 575 626 ceciderunt
597 582 669 634 qui
684 582 922 632 operantur
937 577 1012 617 ini-

193 642 420 694 quitatem:
440 641 462 664 *
483 638 654 691 expulsi
670 642 780 685 sunt,
795 647 875 676 nec
889 639 1012 686 potu-

192 700 316 739 erunt
335 703 460 738 stare.

245 765 340 804 Ant.
373 763 582 812 Expugna
605 751 908 810 impugnantes
933 766 1013 794 me.

248 829 343 867 Ant.
376 824 545 865 Revela.

466 908 658 947 psalmus
678 907 742 945 3345.

192 972 338 1076 Noli
358 974 552 1016 aemulari
571 974 613 1014 in
628 972 977 1023 malignantibus:
992 973 1014 997 *

290 1044 431 1083 neque
463 1030 672 1071 zelaveris
708 1030 914 1070 facientes
940 1029 1015 1068 ini-

194 1088 413 1140 quitatem.

246 1144 459 1193 Queniam
478 1148 699 1194 tamquam
719 1143 882 1183 foenum
900 1142 1015 1183 vele-

195 1200 301 1241 citer
320 1201 536 1240 arescent:
551 1199 573 1223 *
589 1203 631 1239 et
648 1198 1016 1250 quemadmodum

196 1255 314 1296 elera
333 1254 566 1296 herbarum
586 1255 672 1295 cito
693 1254 904 1296 decident.

246 1312 382 1363 Spera
401 1311 443 1350 in
462 1310 670 1359 Demino‚
695 1315 739 1351 et
764 1311 831 1351 fac
850 1310 1015 1352 bonita-

194 1373 299 1408 tem:
314 1368 337 1392 *
353 1373 395 1408 et
410 1366 602 1407 inhabita
617 1371 789 1416 terram,
809 1372 852 1408 et
868 1368 1016 1419 pasce—

195 1423 252 1463 ris
270 1423 312 1462 in
332 1422 491 1463 divitiis
511 1423 611 1473 ejus.

247 1478 478 1519 Delectare
503 1478 546 1518 in
565 1478 772 1518 Demino:
791 1479 814 1503 *
835 1483 878 1519 et
897 1478 1018 1520 dabit

196 1533 275 1574 tibi
293 1534 524 1585 petitienes
544 1533 688 1574 cordis
707 1534 780 1575 tui.

249 1589 413 1630 Revela
442 1589 631 1630 Demino
663 1590 778 1630 viam
804 1595 938 1639 tuam,
976 1595 1019 1631 et

200 1658 329 1697 spera
346 1645 388 1685 in
408 1658 479 1686 eo:
498 1646 522 1670 *
542 1651 584 1686 et
603 1646 698 1697 ipse
717 1646 856 1687 faciet.

250 1701 305 1742 Et
329 1700 485 1742 educet
511 1702 634 1752 quasi
652 1701 796 1743 lumen
816 1702 1020 1753 justitiam

198 1762 335 1797 tuam:
363 1762 406 1798 et
432 1756 635 1807 judicium
653 1763 775 1799 tuum
798 1764 1021 1810 tamquam

200 1812 440 1853 meridiem:
455 1813 477 1837 *
494 1812 691 1854 subditus
712 1819 806 1855 esto
821 1815 1020 1864 Demino,

201 1874 243 1909 et
263 1881 339 1909 ora
359 1881 467 1909 eum.

251 1923 354 1964 Noli
372 1923 566 1964 aemulari
585 1925 627 1965 in
651 1938 720 1974 eo,
747 1926 820 1977 qui
844 1938 1021 1978 prospe-

203 1981 322 2020 ratur
342 1980 384 2019 in
402 1979 470 2020 via
493 1992 588 2021 sua:
613 1981 635 2005 *
659 1981 702 2021 in
726 1981 899 2023 hemine
924 1982 1022 2023 faci—

202 2036 299 2076 ente
318 2035 554 2086 injustitias.

253 2090 413 2132 Desine
429 2090 483 2132 ab
499 2092 573 2141 ira,
590 2097 633 2133 et
643 2091 895 2145 derelinque
911 2094 1022 2135 fure-

204 2159 313 2187 rem:
332 2148 354 2171 *
374 2146 462 2188 noli
488 2147 681 2188 aemulari
701 2154 748 2190 ut
765 2149 1023 2201 maligneris.

255 2203 467 2252 Queniam
485 2203 556 2255 qui
571 2203 869 2255 malignantur,
885 2211 1024 2247 exter-

203 2257 498 2300 minabuntur:
531 2260 553 2284 *
587 2260 847 2302 sustinentes
880 2267 1025 2304 autem

204 2313 452 2363 Deminum‚
485 2315 566 2366 ipsi
598 2314 917 2359 haereditabunt
942 2323 1025 2359 ter-

205 2381 307 2410 ram.

256 2425 312 2466 Et
340 2425 482 2466 adhuc
507 2426 727 2478 pusillum,
763 2434 806 2470 et
831 2442 917 2470 non
946 2430 1027 2471 erit

205 2483 430 2532 peccator:
454 2483 477 2506 *
504 2487 547 2523 et
566 2495 734 2534 quaeres
754 2483 897 2525 locum
926 2486 1026 2537 ejus,

206 2542 250 2577 et
268 2549 354 2577 non
372 2537 574 2578 invenies.

259 2592 470 2634 Mansueti
517 2599 661 2635 autem
708 2594 1028 2638 haereditabunt

206 2653 385 2689 terram:
404 2650 427 2673 *
447 2655 490 2690 et
509 2648 840 2692 delectabuntur
861 2652 902 2692 in
923 2652 1028 2693 mul-

207 2703 390 2745 titudine
409 2705 539 2756 pacis.

1118 292 1382 336 Observabit
1396 292 1606 343 peccator
1620 289 1799 340 justum:
1812 288 1836 313 *
1851 292 1895 329 et

1065 350 1265 393 stridebit
1289 360 1422 400 super
1447 359 1547 388 eum
1572 343 1776 386 dentibus
1795 343 1896 385 suis.

1116 405 1329 447 Deminus
1349 408 1495 445 autem
1514 399 1713 442 irridebit
1733 413 1848 442 eum:
1871 399 1895 425 *

1066 463 1269 515 queniam
1281 458 1494 513 prespicit
1510 456 1630 510 quod
1641 456 1786 498 veniet
1802 455 1896 498 dies

1066 520 1166 571 ejus.

1119 578 1324 620 Gladium
1367 576 1709 626 evaginaverunt
1743 585 1897 626 pecca-

1065 638 1202 677 teres:
1221 635 1244 659 *
1263 631 1543 674 intenderunt
1561 643 1712 672 arcum
1731 642 1868 678 suum,

1117 691 1176 733 Ut
1187 690 1389 741 dejiciant
1398 691 1641 741 pauperem
1653 692 1696 728 et
1706 688 1898 738 inopem:

1066 749 1088 773 *
1109 753 1156 788 ut
1175 745 1395 788 trucident
1414 750 1560 786 rectos
1581 742 1727 785 corde.

1120 802 1303 844 Gladius
1338 803 1490 842 eerum
1524 800 1657 841 intret
1690 799 1736 839 in
1763 796 1900 839 corda

1066 861 1281 913 ipserum:
1300 859 1323 883 *
1339 863 1383 899 et
1400 870 1528 898 arcus
1544 858 1698 898 eerum
1713 853 1900 896 confrin-

1066 919 1205 967 gatur.

1120 972 1274 1013 Melius
1287 975 1353 1012 est
1363 969 1586 1011 medicum
1596 969 1721 1021 justo,
1731 968 1755 993 *
1767 979 1900 1020 super

1069 1029 1241 1070 divitias
1261 1028 1545 1080 peccaterum
1563 1024 1734 1066 multas.

1120 1084 1335 1135 Queniam
1388 1081 1569 1124 brachia
1616 1081 1901 1134 peccaterum

1069 1142 1367 1182 conterentur:
1412 1139 1436 1164 *
1482 1138 1714 1179 confirmat
1755 1140 1902 1178 autem

1070 1199 1205 1249 justos
1224 1196 1449 1236 Deminus.
1544 1193 1550 1203 '

1120 1253 1256 1294 Novit
1280 1252 1494 1292 Deminus
1533 1249 1627 1291 dies
1654 1247 1903 1290 immacula-

1068 1311 1230 1351 terum:
1263 1309 1286 1333 *
1319 1313 1363 1349 et
1402 1306 1638 1348 haereditas
1674 1307 1828 1347 eerum
1859 1305 1903 1345 in

1070 1367 1281 1407 aeternum
1303 1364 1394 1405 erit.

1121 1421 1222 1462 Non
1265 1418 1586 1461 confundentur
1622 1418 1667 1458 in
1702 1418 1903 1470 tempore

1070 1477 1197 1526 malo,
1217 1482 1261 1518 et
1276 1477 1319 1517 in
1335 1475 1489 1517 diebus
1505 1474 1630 1516 famis
1646 1471 1903 1515 saturabun-

1070 1539 1159 1575 tur:
1178 1534 1200 1558 *
1222 1533 1322 1585 quia
1340 1533 1599 1584 peccateres
1618 1529 1836 1582 peribunt.

1123 1589 1291 1630 Inimici
1310 1601 1417 1630 vero
1436 1586 1615 1628 Demini
1637 1598 1742 1627 mox
1761 1590 1810 1627 ut
1827 1584 1903 1626 ho-

1071 1645 1288 1687 norificati
1303 1644 1463 1685 fuerint
1479 1648 1523 1684 et
1538 1641 1736 1684 exaltati:
1755 1642 1780 1667 *
1800 1639 1904 1682 defi-

1073 1702 1246 1751 cientes,
1268 1697 1641 1753 quemadmodum
1665 1698 1809 1739 fumus
1832 1695 1904 1738 de-

1074 1757 1230 1799 sicient.

1126 1812 1396 1855 Mutuabitur
1410 1813 1631 1864 peccator,
1651 1814 1696 1852 et
1713 1822 1802 1851 non
1821 1807 1905 1850 sol-

1075 1875 1166 1911 vet:
1197 1870 1220 1895 *
1253 1870 1390 1921 justus
1422 1873 1569 1909 autem
1601 1866 1834 1907 miseretur
1862 1869 1906 1906 et

1073 1925 1246 1967 tribuet.

1127 1982 1238 2032 Quia
1269 1980 1580 2023 benedicentes
1609 1979 1649 2020 ei
1675 1976 1906 2019 haeredita-

1074 2037 1183 2079 bunt
1197 2043 1378 2079 terram:
1393 2038 1416 2062 *
1430 2035 1745 2077 maledicentes
1760 2038 1906 2076 autem

1077 2094 1115 2135 ei
1135 2093 1420 2146 disperibunt.

1128 2149 1261 2203 Apud
1275 2150 1513 2191 Deminum
1528 2160 1704 2199 gressus
1718 2145 1907 2187 heminis

1077 2206 1334 2257 dirigentur:
1353 2207 1376 2231 *
1397 2211 1440 2247 et
1459 2206 1575 2247 viam
1595 2205 1685 2257 ejus
1705 2202 1835 2244 volet.

1129 2263 1237 2303 Cum
1257 2262 1480 2312 ceciderit,
1504 2275 1593 2303 non
1618 2258 1865 2302 collidetur:
1884 2258 1908 2282 *

1079 2319 1178 2370 quia
1219 2319 1434 2359 Deminus
1479 2317 1688 2370 suppenit
1731 2327 1909 2356 manum

1078 2387 1210 2415 suam.

1129 2431 1153 2470 J
1156 2431 1282 2472 unior
1298 2431 1368 2480 fui,
1384 2430 1545 2472 etenim
1561 2429 1701 2470 senui:
1719 2428 1743 2454 *
1763 2432 1807 2469 et
1821 2438 1910 2481 non

1080 2485 1167 2527 vidi
1186 2487 1345 2537 iustum
1364 2486 1639 2535 derelictum,
1659 2497 1741 2527 nec
1760 2495 1910 2524 semen

1081 2542 1170 2593 ejus
1191 2555 1391 2594 quaerens
1410 2555 1580 2594 panem.

1131 2598 1246 2640 Tota
1279 2598 1349 2639 die
1383 2598 1614 2639 miseretur
1646 2601 1690 2638 et
1720 2597 1910 2637 cemme-

1082 2653 1174 2695 dat:
1207 2655 1229 2679 *
1264 2660 1307 2696 et
1339 2667 1487 2695 semen
1520 2653 1635 2694 illius
1663 2653 1707 2693 in
1734 2650 1910 2694 benedi-

1082 2710 1225 2751 ctiene
1244 2711 1336 2752 erit.
