2040 2976
725 188 929 222 Dominica
954 187 1003 221 ad
1028 188 1265 222 Matutinum.

142 288 370 340 protector
393 291 460 328 est
484 286 677 327 omnium
701 285 971 338 sperantium

143 344 188 384 in
212 356 269 385 se.

154 431 156 433 »
196 400 412 450 Quoniam
437 399 534 452 quis
557 399 678 440 Deus
701 404 864 452 praeter
883 399 970 439 Do-

143 455 330 498 minum?
363 457 386 482 *
420 461 494 497 aut
528 456 625 509 quis
656 456 777 497 Deus
809 460 972 508 praeter

143 514 287 554 Deum
305 511 527 554 nostrum?

196 575 317 616 Deus
347 574 421 626 qui
447 573 679 626 praecinxit
702 586 772 615 me
796 574 972 616 virtute:

144 631 167 656 *
206 636 250 672 et
294 631 442 684 posuit
486 629 811 671 immaculatam
856 631 972 672 viam

144 700 296 728 meam.

197 748 280 799 Qui
315 748 500 801 perfecit
536 747 673 800 pedes
710 761 833 789 meos
865 754 971 790 tam-

146 817 276 857 quam
295 806 536 854 cervorum,
550 805 574 830 *
590 810 634 846 et
653 817 784 857 super
800 805 972 846 excelsa

145 863 341 903 statuens
359 874 440 902 me.

197 923 281 972 Qui
305 921 436 964 docet
460 934 614 962 manus
638 935 758 963 meas
783 922 839 964 ad
862 925 971 976 prae-

144 978 264 1020 lium:
274 979 298 1004 *
311 984 354 1020 et
364 978 563 1031 posuisti,
579 983 626 1020 ut
638 991 786 1020 arcum
799 982 972 1029 aereum⁷

144 1034 324 1077 brachia
343 1048 450 1077 mea.

196 1096 254 1137 Et
273 1095 433 1137 dedisti
449 1095 555 1136 mihi
570 1096 892 1148 protectionem
908 1109 971 1137 sa-

143 1152 248 1194 lutis
273 1158 377 1194 tuae:
399 1153 423 1178 *
449 1157 492 1193 et
517 1151 698 1193 dextera
727 1157 803 1194 tua
829 1155 971 1194 susce-

143 1209 209 1261 pit
228 1222 312 1251 me:

196 1270 252 1311 Et
277 1269 507 1322 disciplina
530 1274 605 1310 tua
629 1270 820 1311 correxit
838 1284 908 1312 me
928 1270 971 1311 in

145 1326 291 1368 finem:
310 1327 333 1351 *
355 1332 398 1368 et
423 1326 655 1378 disciplina
681 1331 757 1379 tua
781 1327 877 1379 ipsa
902 1340 971 1368 me

146 1381 333 1424 docebit.

196 1443 403 1485 Dilatasti
444 1455 620 1493 gressus
657 1456 780 1485 meos
817 1443 971 1485 subtus

143 1512 229 1541 me:
247 1500 271 1524 *
294 1504 338 1541 et
362 1511 450 1539 non
475 1504 576 1540 sunt
600 1499 819 1541 infirmata
843 1502 970 1542 vesti-

144 1555 215 1606 gia
233 1568 344 1597 mea:

195 1616 440 1669 Persequar
450 1616 649 1658 inimicos
656 1630 790 1667 meos,
802 1622 846 1659 et
856 1630 970 1659 com-

144 1672 413 1725 prehendam
437 1673 550 1714 illos:
569 1673 592 1699 *
613 1678 656 1715 et
679 1686 767 1715 non
793 1676 969 1716 conver-

144 1732 223 1779 tar,
242 1729 383 1771 donec
403 1729 620 1771 deficiant.

198 1791 477 1841 Confringam
508 1789 622 1840 illos,
654 1804 735 1833 nec
762 1794 971 1844 poterunt

145 1851 275 1888 stare:
292 1847 316 1873 *
335 1847 493 1889 cadent
512 1846 666 1889 subtus
685 1848 822 1900 pedes
836 1862 970 1890 meos.

195 1908 252 1950 Et
265 1908 531 1961 praecinxisti
551 1921 620 1949 me
636 1909 796 1951 virtute
812 1910 868 1952 ad
882 1909 969 1952 bel-

143 1963 246 2005 lum:
265 1965 289 1990 *
313 1970 356 2006 et
381 1965 673 2017 supplantasti
696 1966 970 2017 insurgentes

142 2021 186 2061 in
205 2034 274 2062 me
295 2021 448 2063 subtus
467 2035 547 2063 me.

194 2083 251 2124 Et
282 2082 480 2124 inimicos
516 2095 640 2125 meos
673 2082 833 2125 dedisti
865 2083 970 2124 mihi

144 2137 334 2189 dorsum,
348 2139 372 2165 *
388 2144 431 2181 et
451 2139 650 2182 odientes
668 2153 738 2181 me
759 2139 968 2192 disperdi-

144 2193 255 2236 disti.

197 2255 512 2308 Clamaverunt,
529 2271 610 2299 nec
626 2262 719 2299 erat
735 2258 808 2310 qui
823 2257 968 2298 salvos

142 2312 321 2362 faceret,
346 2313 402 2355 ad
420 2314 670 2355 Dominum:
689 2314 712 2339 *
736 2326 816 2355 nec
841 2326 967 2355 exau-

143 2367 251 2410 divit
270 2381 356 2410 eos.

194 2430 250 2471 Et
265 2432 555 2471 comminuam
571 2444 658 2481 eos,
678 2436 726 2472 ut
742 2430 967 2483 pulverem

143 2490 242 2527 ante
267 2486 423 2527 faciem
447 2488 578 2529 venti:
596 2488 619 2513 *
643 2493 691 2529 ut
715 2487 854 2528 lutum
877 2487 966 2540 pla-

142 2544 312 2583 tearum
332 2542 488 2584 delebo
509 2556 596 2585 eos.

194 2603 365 2656 Eripies
385 2616 454 2645 me
475 2603 529 2645 de
549 2604 966 2647 contradictionibus

141 2659 308 2711 populi:
335 2660 358 2686 *
388 2662 627 2702 constitues
658 2673 727 2702 me
759 2661 803 2701 in
835 2666 968 2714 caput

143 2715 358 2757 Gentium.

1074 286 1281 339 Populus,
1303 300 1431 338 quem
1446 301 1533 329 non
1549 289 1745 339 cognovi,
1765 301 1851 330 ser-

1023 343 1130 384 vivit
1148 342 1267 383 mihi:
1285 343 1309 369 *
1328 343 1371 383 in
1390 344 1541 386 auditu
1564 345 1679 386 auris
1704 344 1850 387 obedi-

1023 400 1086 440 vit
1105 399 1220 439 mihi.

1076 463 1173 503 Filii
1205 463 1332 504 alieni
1364 465 1532 505 mentiti
1564 470 1664 506 sunt
1690 465 1809 515 mihi,
1828 466 1851 491 *

1024 519 1100 559 filii
1124 519 1251 560 alieni
1276 520 1506 562 inveterati
1531 526 1644 570 sunt,
1676 526 1719 563 et
1740 522 1851 563 clau-

1025 575 1281 618 dicaverunt
1301 590 1326 617 a
1347 577 1510 618 semitis
1531 578 1629 618 suis.

1076 637 1198 678 Vivit
1232 638 1466 687 DominuS,
1513 643 1556 679 et
1596 637 1852 680 benedictus

1024 694 1145 735 Deus
1177 708 1316 744 meus,
1349 695 1372 721 *
1406 699 1449 736 et
1486 695 1699 736 exaltetur
1732 696 1852 737 Deus

1026 750 1177 792 salutis
1197 764 1318 793 meae.

1077 812 1214 861 Deus
1241 812 1314 864 qui
1333 811 1412 853 das
1432 811 1647 854 vindictas
1665 812 1784 862 mihi
1811 818 1853 854 et

1026 867 1176 909 subdis
1196 868 1399 937 populos
1407 868 1487 910 sub
1502 881 1583 933 me,
1602 869 1625 894 *
1644 868 1853 910 liberator

1025 938 1148 966 meus
1169 925 1252 966 de
1242 926 1424 967 mimicis
1444 925 1552 966 meis
1572 925 1801 966 iracundis.

1078 986 1133 1027 Et
1159 985 1212 1027 ab
1236 985 1558 1037 insurgentibus
1583 987 1625 1026 in
1650 1000 1719 1027 me
1741 987 1852 1027 exal-

1025 1042 1139 1084 tabis
1159 1056 1242 1084 me:
1253 1043 1276 1068 *
1288 1056 1312 1083 a
1328 1043 1421 1083 viro
1437 1044 1586 1095 iniquo
1601 1043 1758 1096 eripies
1772 1056 1853 1084 me.

1076 1104 1318 1156 Propterea
1343 1103 1586 1145 confitebor
1611 1103 1689 1145 tibi
1714 1104 1757 1144 in
1781 1117 1851 1144 na-

1025 1159 1216 1201 tionibus
1242 1161 1445 1202 Domine:
1469 1161 1492 1186 *
1518 1165 1561 1202 et
1588 1161 1751 1201 nomini
1776 1165 1851 1202 tuo

1024 1217 1241 1269 psalmum
1261 1216 1413 1258 dicam.

1076 1277 1360 1327 Magnificans
1380 1278 1542 1320 salutes
1559 1278 1673 1328 regis
1689 1279 1790 1329 ejus
1811 1283 1853 1319 et

1024 1333 1188 1375 faciens
1214 1334 1558 1376 misericordiam
1579 1334 1751 1375 Christo
1772 1347 1851 1375 suo

1024 1390 1183 1439 David,
1207 1392 1230 1416 *
1257 1396 1300 1432 et
1332 1392 1483 1432 semini
1516 1392 1605 1442 ejus
1638 1404 1776 1444 usque
1808 1392 1851 1431 in

1026 1446 1244 1488 saeculum.

1078 1517 1160 1557 Per
1198 1517 1381 1557 Annum.
1430 1518 1526 1558 Ant.
1574 1516 1763 1567 Diligam
1806 1521 1849 1558 te

1024 1573 1211 1614 Domine
1232 1573 1368 1614 virtus
1387 1586 1494 1614 mea.

1079 1638 1128 1689 V.
1158 1642 1375 1692 Quoniam
1402 1647 1449 1683 tu
1475 1641 1691 1682 illliminas
1715 1641 1850 1683 lucer-

1024 1711 1124 1739 nam
1139 1712 1281 1739 meam
1296 1698 1494 1740 Domine.
1528 1701 1575 1752 Rz.
1593 1698 1714 1739 Deus
1729 1711 1851 1740 meus

1023 1755 1217 1796 illumina
1236 1754 1438 1796 tenebras
1458 1767 1588 1796 meas.

1082 1827 1207 1866 Pater
1226 1829 1386 1866 noster.
1405 1832 1585 1866 secreto.

1078 1892 1127 1942 V.
1144 1895 1200 1936 Et
1218 1907 1272 1935 ne
1292 1907 1373 1935 nos
1392 1893 1572 1935 inducas
1592 1894 1635 1934 in
1649 1893 1849 1935 tentatio-

1023 1964 1133 1992 nem.
1163 1954 1212 2005 Η.
1231 1950 1318 1992 Sed
1337 1950 1474 1992 libera
1493 1963 1573 1992 nos
1593 1963 1618 1991 a
1636 1950 1763 1991 malo.

1321 2029 1563 2071 Absolutio.
1718 2023 1721 2025 ’

1069 2100 1191 2150 psius
1215 2100 1356 2151 pietas
1381 2102 1424 2140 et
1445 2098 1745 2140 misericordia
1768 2112 1848 2140 nos

1101 2154 1292 2206 adjuvet,
1321 2154 1394 2207 qui
1418 2167 1517 2196 cum
1539 2155 1669 2196 Patre
1695 2160 1738 2197 et
1756 2156 1848 2208 Spi-

1022 2211 1108 2252 ritu
1135 2216 1286 2252 sancto
1315 2211 1422 2252 vivit
1450 2216 1494 2252 et
1520 2216 1673 2262 regnat
1699 2212 1742 2252 in
1770 2214 1847 2253 sae-

1023 2267 1120 2309 cula
1139 2267 1411 2309 saeculorum.
1444 2272 1493 2322 R.
1509 2268 1661 2310 Amen.

1078 2329 1127 2380 V·
1149 2336 1262 2379 Jube
1283 2337 1441 2379 domne
1461 2337 1730 2380 benedicere.

1078 2407 1238 2448 Bened.
1271 2408 1390 2448 Deus
1413 2407 1543 2448 Pater
1570 2410 1844 2460 omnipotens

1022 2463 1077 2504 sit
1095 2462 1222 2504 nobis
1242 2463 1458 2516 propitius
1481 2468 1524 2505 et
1543 2463 1742 2505 clemens.

1080 2526 1128 2576 lxffv.
1151 2524 1304 2565 Amen.

1254 2601 1335 2639 l'ro
1358 2614 1391 2638 v.
1414 2599 1629 2639 Lectione.

1083 2664 1239 2704 sscned.
1277 2661 1477 2703 Christus
1507 2663 1732 2714 perpetuae
1767 2659 1843 2702 det

1019 2718 1146 2760 nobis
1163 2717 1323 2769 gaudia
1341 2718 1453 2760 vitae.
1490 2722 1539 2771 152.
1553 2718 1704 2759 Amen.
