2040 2976
702 201 812 235 Feria
840 200 1009 234 secunda
1037 200 1085 233 ad
1111 200 1316 243 Vesperus

202 296 423 348 Deposuit
450 296 655 347 potentes
681 293 736 334 de
756 292 871 343 sede,
891 293 915 318 *
936 297 980 333 et

151 351 360 392 exaltavit
386 350 582 392 hamiles.

202 411 457 452 Esurientes
485 410 685 463 implevit
710 410 855 451 bonis:
884 409 907 433 *
936 413 980 449 et

152 467 311 509 divites
341 467 507 509 dimisit
535 467 698 507 inanes.

202 528 406 580 Suscepit
423 527 560 568 Isra‘el
588 530 775 579 puerum
793 539 935 574 suum,
956 525 979 550 *

151 584 409 625 recordatus
437 582 753 624 misericordiae
781 595 883 623 suae.

203 644 324 686 Sicut
351 644 524 686 locatus
554 649 621 685 est
649 643 706 684 ad
731 648 881 695 patres
907 655 980 683 no-

152 706 285 750 stros,
313 701 336 727 *
364 700 606 749 Abraham,
635 704 678 741 et
706 698 861 740 semini
891 699 980 749 ejus

151 757 194 797 in
224 757 396 798 saecula.

155 839 157 841 >
204 817 357 858 Gloria
381 817 513 858 Patri.

205 886 356 922 Deinde
382 886 453 920 dic.
478 883 566 920 Ant.
595 891 631 920 et
656 886 787 920 Oratio
812 886 982 929 propria.

185 1050 334 1091 Feria
351 1050 572 1091 secunda
591 1050 657 1091 ad
676 1050 940 1099 vesperas.

203 1125 304 1166 Ant.
332 1123 575 1166 Inclinavit.

418 1189 617 1230 Psalmus
639 1191 717 1230 114.

155 1249 403 1303 'gru
430 1250 637 1301 quoniam
666 1249 872 1290 exasidiet
893 1249 981 1289 Do-

165 1298 255 1368 sssl
306 1306 449 1346 minus
492 1306 516 1332 *
563 1319 718 1347 vocem
768 1305 980 1346 orationis

166 1385 195 1386 ν’
222 1373 276 1386 <ss
306 1375 429 1403 meae.

204 1422 317 1471 Quia
337 1422 563 1464 inclinavit
587 1436 737 1465 aurem
760 1436 884 1464 suam
905 1423 981 1463 mi-

151 1477 213 1518 hi:
235 1478 259 1503 *
288 1483 331 1520 61
358 1479 403 1519 in
431 1478 587 1520 diebus
614 1480 724 1521 meis
752 1479 981 1520 invocabo.

205 1538 628 1581 Circumdederunt
681 1553 751 1581 me
802 1540 980 1581 dolores

150 1595 321 1637 mortis:
344 1595 368 1621 *
387 1601 431 1637 61
458 1596 653 1648 pericula
680 1597 837 1638 inferni
865 1597 981 1638 inve-

151 1653 310 1693 nerunt
337 1665 418 1694 me.
913 1671 918 1677 ·

204 1712 555 1755 Tribulationem
594 1718 637 1755 et
682 1713 881 1756 dolorem
921 1714 981 1754 in-

152 1769 269 1810 veni:
287 1769 311 1795 *
333 1774 376 1810 61
394 1782 553 1811 110111611
572 1770 752 1811 Domini
769 1770 982 1812 invocavi.

207 1829 245 1870 Ο
259 1829 450 1871 Domine
466 1830 604 1872 libera
623 1831 811 1872 animam
824 1844 982 1872 meam:

152 1885 176 1911 *
203 1886 453 1927 misericors
486 1887 719 1937 Dominus,
755 1892 798 1928 et
832 1888 982 1939 justus,

154 1946 198 1983 et
224 1942 347 1983 Deus
373 1947 526 1984 noster
552 1944 813 1985 miseretur.-

205 2002 469 2044 Custodiens
487 2003 697 2056 parvulos
711 2004 943 2045 Dominus:
959 2004 982 2029 *

153 2057 406 2100 humiliatus
427 2072 535 2109 sum,
564 2064 608 2101 et
626 2059 831 2101 liberavit
850 2073 931 2101 me.

208 2119 476 2161 Convertere
517 2121 661 2161 anima
701 2133 799 2162 mea
839 2121 882 2161 in
920 2122 982 2161 re-

156 2174 302 2225 quiem
329 2179 467 2216 tuam:
490 2177 513 2202 *
537 2177 639 2228 quia
665 2177 882 2217 Dominus
911 2176 983 2218 be-

154 2229 314 2272 nefecit
340 2231 432 2272 tibi.

207 2292 319 2342 Quia
347 2293 506 2345 eripuit
540 2293 729 2334 animam
755 2307 899 2334 meam
928 2293 983 2335 de

153 2352 311 2388 morte:
339 2347 363 2373 *
392 2348 545 2389 oculos
574 2361 697 2390 meos
726 2363 751 2390 a
775 2349 983 2400 lacrimis,

153 2403 292 2455 pedes
318 2416 442 2444 meos
470 2417 496 2444 a
522 2404 660 2456 lapsu.

187 2463 398 2527 ‘Placebo
434 2465 627 2506 Domino
664 2466 688 2490 *
724 2466 768 2506 in
805 2466 984 2517 regione

154 2532 365 2560 vivorum.

206 2585 308 2626 Ant.
334 2585 568 2626 Inclinavit
590 2585 807 2627 Dominus
833 2599 983 2628 aurem

157 2652 280 2681 suam
307 2641 424 2681 mihi.

209 2703 309 2744 Ant.
338 2702 531 2744 Credidi.

309 2843 373 2867 Pars
388 2843 497 2868 AEstiva.

1307 299 1502 338 Psalmus
1524 300 1601 338 115.

1040 348 1278 455 Credidi,
1319 362 1502 409 propter
1531 358 1652 409 quod
1687 358 1862 399 locutus

1124 425 1236 476 sum:
1254 414 1288 477 .*
1318 426 1398 464 ego
1429 419 1574 455 autem
1608 414 1862 455 humiliatus

1034 480 1130 507 sum
1160 482 1300 509 n1m1s.

1085 523 1180 575 Ego
1210 525 1301 566 dixi
1329 526 1373 565 in
1402 528 1586 567 excessu
1612 539 1728 567 meo:
1755 527 1778 551 *
1808 526 1862 567 O-

1033 580 1147 620 mnis
1175 580 1308 622 homo
1337 582 1536 623 mendax.

1087 636 1203 686 Quid
1232 638 1471 678 retribuam
1499 639 1703 685 Domino,
1731 639 1753 664 *
1781 651 1862 690 pro

1035 692 1251 742 omnibus,
1280 707 1378 745 quae
1406 694 1609 735 retribuit
1636 693 1764 734 mihi?

1087 749 1279 790 Calicem
1300 750 1504 791 salutaris
1529 751 1758 802 accipiam:
1777 751 1800 776 *
1821 755 1863 792 et

1035 818 1194 846 nomen
1222 807 1401 847 Domini
1429 806 1657 848 invocabo.

1086 862 1206 903 Vota
1234 875 1331 904 mea
1358 863 1551 903 Domino
1583 862 1766 904 reddam
1794 875 1863 904 co-

1035 931 1127 959 ram
1157 919 1275 959 omni
1303 919 1471 971 populo
1501 921 1607 971 ejus:
1627 919 1650 944 *
1669 919 1865 971 pretiosa

1034 974 1078 1014 in
1100 976 1344 1027 conspectu
1358 975 1538 1016 Domini
1557 988 1675 1016 mors
1694 977 1864 1016 sancto-

1035 1043 1132 1071 rum
1161 1031 1269 1082 ejus:

1088 1087 1125 1128 O
1141 1087 1331 1128 Domine
1355 1088 1457 1139 quia
1477 1100 1558 1139 ego
1580 1100 1733 1128 servus
1750 1092 1864 1128 tuus:

1034 1143 1058 1168 *
1083 1155 1165 1194 ego
1195 1156 1349 1184 servus
1377 1149 1490 1193 tuus,
1520 1149 1563 1185 et
1590 1144 1707 1184 filius
1736 1143 1864 1184 ancil-

1034 1199 1089 1240 1ae
1113 1204 1213 1240 tuae.

1087 1255 1306 1308 Dirupisti
1326 1256 1500 1297 vincula
1522 1269 1636 1297 mea:
1655 1257 1679 1282 *
1698 1256 1779 1298 tibi
1801 1269 1864 1297 sa-

1035 1311 1243 1353 crificabo
1263 1311 1455 1352 hostiam
1471 1312 1626 1362 laudis,
1646 1317 1689 1354 et
1705 1326 1864 1354 nomen

1034 1368 1213 1408 Domini
1232 1368 1461 1409 invocabo.

1086 1424 1206 1465 Vota
1241 1437 1340 1464 mea
1374 1424 1567 1465 Domino
1605 1424 1788 1466 reddam
1821 1425 1865 1464 in

1035 1482 1276 1532 conspectu
1319 1481 1460 1521 omnis
1503 1481 1658 1533 populi
1701 1482 1807 1532 ejus:
1841 1481 1863 1504 *

1034 1536 1078 1576 in
1106 1536 1228 1577 atriis
1258 1535 1414 1577 domus
1432 1537 1625 1586 Domini,
1654 1537 1697 1577 in
1717 1536 1863 1577 medio

1034 1593 1099 1633 tui
1126 1592 1380 1634 Jerusalem.

1090 1659 1191 1700 Ant.
1219 1656 1418 1707 Credidi,
1447 1662 1631 1710 propter
1660 1656 1779 1708 quod
1806 1656 1864 1697 lo-

1035 1714 1163 1753 catus
1192 1725 1299 1754 sum.

1092 1780 1192 1820 Ant.
1212 1778 1423 1819 Laudate.

1304 1857 1505 1897 Psalmus
1525 1858 1604 1896 116.

1096 1924 1258 1966 audate
1292 1924 1530 1965 Dominum
1564 1937 1717 1966 omnes
1752 1925 1864 1966 Gen-

1125 1986 1210 2022 tes:
1229 1981 1253 2006 *
1273 1980 1451 2022 laudate
1480 1994 1579 2022 eum
1608 1993 1761 2022 omnes
1788 1982 1864 2032 po-

1035 2037 1143 2089 puli:

1088 2093 1306 2143 Quoniam
1339 2093 1598 2134 confirmata
1633 2097 1700 2134 est
1734 2104 1865 2144 super

1036 2162 1117 2190 nos
1138 2148 1442 2190 misericordia
1470 2150 1577 2200 ejus:
1596 2149 1620 2174 *
1640 2154 1683 2190 61
1702 2149 1864 2190 veritas

1035 2205 1214 2246 Domini
1241 2209 1389 2246 manet
1416 2205 1461 2245 in
1487 2203 1710 2246 aetermim.

1090 2273 1190 2313 Ant.
1218 2269 1419 2311 Laudate
1446 2268 1685 2310 Dominum
1713 2281 1864 2310 omnes

1036 2326 1214 2367 Gentes.

1089 2394 1192 2434 Ant.
1214 2390 1426 2433 Clamavi.

1304 2470 1503 2510 Psalmus
1526 2470 1605 2508 119.

1106 2536 1135 2578 d
1152 2537 1391 2578 Dominum
1411 2549 1511 2577 cum
1529 2535 1761 2576 tribularer
1780 2533 1862 2574 ela-

1139 2593 1274 2633 mavi:
1301 2592 1324 2618 *
1354 2597 1398 2633 et
1425 2591 1648 2633 exaudivit
1675 2602 1755 2630 me.

1087 2649 1278 2689 Domine
1305 2648 1445 2689 libera
1468 2647 1657 2688 animam
1677 2657 1818 2685 meam
1837 2656 1862 2683 a

1035 2703 1164 2745 labiis
1183 2704 1360 2755 iniquis,
1378 2704 1401 2729 *
1420 2707 1463 2744 et
1484 2715 1510 2743 a
1528 2702 1676 2752 lingua
1695 2699 1862 2740 dolosa.

1612 2830 1656 2862 8⁸
