2040 2976
750 217 958 251 Commune
983 225 1060 249 non
1083 214 1294 256 Virginum.

174 307 301 351 mini?
335 309 359 336 *
393 312 468 349 aut
507 306 604 359 quis
640 305 774 347 stabit
814 305 858 346 in
892 304 991 347 loco

176 369 328 408 sancto
349 362 462 417 ejus?

225 423 439 463 Innocens
454 419 653 461 menibus
669 423 712 460 et
724 417 887 459 mundo
903 429 992 459 cor-

176 478 247 528 de,
265 479 290 506 *
310 477 384 530 qui
408 489 496 518 non
520 475 691 528 accepit
713 474 757 515 in
775 486 887 516 vano
907 473 992 515 eni-

174 547 290 576 mam
326 546 465 583 suam,
502 544 583 573 nec
618 531 774 584 iuravit
806 531 851 571 in
888 529 992 572 dolo

175 590 376 644 preximo
397 602 488 631 suo.

226 647 312 688 Hic
350 645 534 697 accipiet
575 642 923 685 benedictionem
968 655 993 683 a

175 703 380 745 Demino:
396 703 420 729 *
436 706 480 743 et
498 699 840 742 misericerdiam
856 711 881 740 a
895 699 991 740 Deo

175 759 354 801 salutari
373 770 463 799 suo.

224 816 334 857 Haec
362 818 429 856 est
455 813 679 864 generatio
707 812 992 864 quaerentium

174 885 287 922 eum,
327 872 351 899 *
393 869 677 923 quaerentium
715 868 871 910 faciem
909 869 992 910 Dei

172 928 322 970 Jacob.

226 983 428 1028 Attoffite
469 986 622 1035 portas
662 981 881 1034 principes
922 995 991 1023 ve-

173 1045 302 1091 stras,
330 1044 373 1082 et
397 1038 625 1081 elevamini
645 1042 788 1089 portae
811 1040 991 1079 aeterna-

172 1097 252 1139 les:
271 1098 295 1124 *
314 1100 358 1138 et
375 1094 574 1137 introibit
591 1094 689 1135 Rex
707 1093 868 1145 gloriae.

225 1153 330 1204 Quis
357 1156 422 1194 est
445 1151 529 1192 iste
547 1151 645 1192 Rex
670 1148 844 1202 gloriae?
862 1151 886 1178 *
904 1150 991 1192 Do-

172 1210 314 1251 minus
341 1207 467 1250 fortis
497 1212 540 1248 et
566 1211 741 1259 potens:
777 1206 991 1248 Deminus

171 1271 330 1319 potens
348 1265 394 1306 in
411 1263 576 1317 praelio.

224 1321 427 1364 Attollite
470 1325 622 1373 portas
662 1319 880 1372 principes
922 1332 991 1361 ve-

174 1383 302 1429 stras,
330 1382 373 1420 et
395 1376 623 1419 elevemini
645 1381 786 1429 portae
811 1378 990 1418 aeterna-

173 1436 253 1480 les;
271 1436 295 1463 *
313 1439 356 1477 et
376 1433 573 1475 introibit
590 1433 688 1474 Rex
706 1432 867 1484 gloriae.

223 1491 330 1543 Quis
353 1495 421 1533 est
448 1490 530 1532 iste
547 1490 645 1531 Rex
669 1488 842 1541 gl'eriae?
862 1490 885 1517 *
903 1489 990 1530 Do-

172 1549 314 1590 minus
338 1548 548 1589 virtutum
571 1546 667 1598 ipse
693 1550 759 1588 est
778 1546 875 1587 Rex
900 1545 989 1597 glo-

172 1617 259 1646 nae.

226 1661 326 1702 Ant.
352 1660 604 1709 Revertere‚
621 1659 839 1700 revertere
856 1658 988 1700 Suna-

172 1717 303 1758 mitis:
330 1717 565 1765 revertere,
592 1716 828 1764 revertere,
855 1719 904 1756 ut
929 1714 988 1754 in-

172 1775 371 1816 tueamur
389 1777 445 1814 te.

222 1823 272 1876 V.
307 1828 462 1881 Specie
494 1832 570 1869 tua
598 1831 641 1868 et
666 1826 990 1879 pulchritudine

171 1890 258 1927 tua.
285 1885 335 1937 Rz.
347 1883 542 1934 Intende,
560 1885 773 1936 prospere
786 1882 990 1936 procede,

173 1946 216 1984 et
233 1954 377 1992 regna.

223 1998 353 2039 Pater
371 2000 531 2038 noster.

226 2052 470 2094 Absolutio.
495 2051 667 2094 Exaudi
689 2052 888 2094 Domine.

224 2110 274 2159 V.
300 2109 412 2152 Jube
437 2109 607 2152 domne.

225 2166 386 2210 Bened.
412 2165 724 2208 Benedictiene
742 2166 965 2218 perpetua.

224 2235 425 2270 Lectiones
449 2234 475 2268 Ι.
494 2234 603 2268 Noct.
627 2243 698 2277 pro
722 2233 887 2276 Martyre
910 2236 990 2265 tan-

174 2288 253 2319 tum
274 2283 451 2326 leguntur
466 2286 507 2317 ut
526 2292 651 2325 supra.
673 2281 900 2317 Confitebor.
919 2281 989 2326 [96]

259 2346 333 2381 Pro
358 2356 428 2380 nec
450 2346 608 2389 Virgine
631 2356 702 2380 nec
724 2346 904 2389 Martyre,

442 2399 483 2430 ut
506 2398 725 2439 sequuntur.

286 2448 352 2488 De
374 2446 600 2489 Parabolis
626 2446 882 2488 Salomenis.

277 2507 427 2548 Lectio
448 2507 472 2547 i.
662 2506 763 2557 Cap.
778 2506 835 2546 31.
850 2505 887 2547 b.

183 2585 201 2614 ς»
226 2580 273 2598 ⁶
285 2581 293 2611 ,·
317 2563 509 2605 ulierem
549 2562 705 2604 fortem
743 2562 840 2614 quis
876 2561 990 2603 inve-

179 2613 290 2680 *ff
345 2617 457 2661 niet?
484 2618 654 2671 procul,
681 2622 723 2659 et
747 2617 802 2659 de
828 2617 990 2659 ultimis

180 2680 187 2683 ”
226 2679 233 2683 ’“
285 2689 295 2692 ’
318 2677 321 2689 ²
347 2674 507 2717 finibus
529 2675 719 2728 pretium
740 2675 840 2726 ejus.
882 2673 990 2715 Con-

176 2732 272 2775 fidit
298 2733 342 2773 in
369 2745 420 2774 ea
447 2744 522 2773 cor
550 2731 630 2773 viri
657 2731 740 2781 sui,
768 2735 811 2772 et
839 2730 991 2783 speliis

1766 204 1863 248 [103]

1044 316 1133 345 non
1159 303 1381 354 indigebit.
1420 302 1597 344 Reddet
1623 301 1663 343 ei
1689 300 1864 350 bonum,

1046 365 1088 402 et
1106 373 1194 401 non
1212 360 1390 410 malum,
1411 358 1611 400 emnibus
1631 356 1786 399 diebus
1804 357 1863 398 vi-

1044 421 1102 458 tae
1122 429 1224 458 suae.
1260 416 1470 467 Quaesivit
1493 415 1637 456 lanam
1657 419 1700 456 et
1719 414 1864 463 linum,

1045 478 1089 515 et
1124 475 1304 526 operata
1341 478 1407 515 est
1445 471 1626 514 consilio
1658 472 1865 511 manuum

1045 532 1231 571 suarum.
1267 530 1402 570 Facta
1426 533 1493 570 est
1517 527 1642 580 quasi
1663 527 1785 568 navis
1804 526 1864 566 in-

1045 586 1226 636 stiteris,
1258 585 1313 627 de
1338 585 1468 636 longe
1498 588 1679 637 portans
1707 595 1864 636 panem

1045 656 1181 684 suum.
1206 643 1264 684 Et
1284 641 1339 683 de
1356 646 1485 694 nocte
1505 640 1707 690 surrexit,
1727 639 1864 681 dedit-

1045 712 1130 751 que
1148 698 1344 752 praedam
1364 697 1614 740 domesticis
1629 697 1727 746 suis,
1748 700 1790 737 et
1810 696 1863 737 ci-

1043 755 1165 797 baria
1199 754 1366 796 ancillis
1408 754 1508 795 suis.
1563 752 1865 794 Consideravit

1045 825 1206 863 agrum,
1226 816 1270 854 et
1289 811 1391 853 emit
1410 823 1525 852 eum:
1545 809 1599 851 de
1617 809 1760 850 fructu
1778 811 1863 849 mu-

1044 882 1176 910 nuum
1215 870 1391 909 suarum
1430 866 1646 919 plantavit
1684 867 1864 906 vineam.

1044 924 1247 966 Accinxit
1271 923 1524 966 fortitudine
1551 921 1724 964 lumbos
1750 934 1864 971 suos,

1045 986 1088 1023 et
1104 981 1329 1023 roboravit
1346 980 1573 1022 brachium
1593 992 1730 1020 suum.

1094 1042 1145 1094 R.
1179 1037 1293 1080 Veni
1321 1037 1460 1079 electa
1486 1049 1600 1086 mea,
1635 1040 1678 1077 et
1704 1047 1865 1088 ponam

1043 1094 1086 1135 in
1110 1098 1155 1136 te
1182 1094 1386 1136 thronum
1410 1106 1570 1135 meum:
1592 1095 1613 1118 *
1633 1092 1743 1142 Quia
1765 1103 1864 1132 con-

1045 1151 1208 1203 cupivit
1227 1151 1324 1192 Rex
1342 1150 1533 1202 speciem
1551 1154 1680 1191 tuam.
1699 1146 1747 1198 δ”.
1761 1147 1863 1200 Spe-

1044 1207 1110 1248 cie
1130 1211 1205 1248 tua
1229 1211 1272 1248 et
1290 1205 1614 1259 pulchritudine
1635 1210 1711 1247 tua
1729 1205 1863 1246 inten-

1044 1263 1117 1370 dQe,
1156 1264 1368 1316 prespere
1397 1261 1605 1316 procede,
1645 1266 1688 1303 et
1720 1274 1864 1313 regna.

1084 1333 1164 1361 ula.

1096 1379 1258 1421 Bened.
1286 1375 1542 1427 Unigenitus
1560 1375 1654 1416 Dei.

1106 1437 1110 1440 ”
1350 1437 1501 1477 Lectio
1522 1436 1561 1475 ii.

1046 1488 1306 1596 Gustavit,
1334 1493 1378 1530 et
1403 1488 1513 1529 vidit
1537 1488 1639 1540 quia
1664 1488 1779 1530 bona
1799 1492 1866 1530 est

1137 1546 1376 1597 negotiatio
1392 1546 1498 1597 ejus:
1517 1558 1605 1586 non
1621 1545 1863 1596 exstingue-

1041 1607 1113 1645 tur
1135 1603 1179 1643 in
1199 1606 1329 1644 nocte
1349 1601 1526 1643 lucerna
1549 1602 1650 1653 ejus.
1687 1601 1864 1642 Manum

1041 1673 1165 1701 suam
1182 1659 1300 1700 misit
1319 1658 1375 1700 ad
1396 1658 1541 1708 fortia,
1568 1662 1611 1699 et
1630 1657 1754 1709 digiti
1774 1659 1863 1710 eius

1041 1714 1426 1769 apprehenderunt
1469 1714 1625 1756 fusum.
1687 1714 1864 1756 Manum

1043 1785 1165 1814 suam
1185 1771 1355 1825 aperuit
1374 1771 1505 1824 inopi,
1523 1775 1566 1812 et
1577 1771 1746 1824 palmas
1762 1784 1863 1812 suas

1043 1828 1237 1871 extendit
1263 1828 1318 1870 ad
1340 1831 1590 1880 pauperem.
1625 1827 1725 1868 Non
1742 1828 1862 1869 time-

1041 1885 1105 1927 bit
1133 1885 1282 1927 domui
1309 1897 1401 1926 suae
1428 1897 1453 1925 a
1477 1884 1710 1935 frigoribus
1734 1884 1863 1925 nivis:

1043 1955 1193 1984 omnes
1219 1941 1334 1983 enim
1358 1940 1588 1982 domestici
1607 1941 1698 1992 ejus
1716 1941 1863 1983 vestiti

1043 2002 1143 2039 sunt
1168 1997 1427 2050 duplicibus.
1468 1996 1761 2048 Straguletam
1792 2009 1862 2039 ve-

1044 2058 1156 2096 stem
1176 2054 1279 2095 fecit
1297 2053 1394 2095 sibi:
1421 2053 1579 2106 byssus
1603 2058 1647 2095 et
1668 2056 1863 2106 purpura

1042 2109 1340 2152 indumentum
1355 2111 1455 2162 ejus.
1478 2109 1650 2151 Nobilis
1664 2110 1709 2151 in
1722 2110 1862 2163 portis

1041 2167 1107 2209 vir
1127 2167 1227 2219 ejus,
1249 2166 1423 2218 quando
1444 2165 1606 2208 sederit
1625 2179 1724 2208 cum
1743 2179 1862 2208 sena-

1041 2222 1210 2264 t6ribus
1233 2228 1374 2265 terrae.
1410 2222 1647 2266 Sindonem
1670 2223 1790 2273 fecit,
1819 2228 1863 2265 et

1042 2278 1247 2330 vendidit,
1264 2283 1307 2321 et
1324 2278 1544 2330 cingulum
1560 2278 1741 2322 tradidit
1755 2279 1862 2321 Cha-

1040 2348 1204 2377 nanaeo.
1639 2354 1648 2363 ›

1096 2395 1146 2447 Rt·
1179 2391 1350 2433 Diffusa
1387 2395 1453 2433 est
1489 2392 1629 2443 gratia
1659 2392 1704 2433 in
1737 2391 1862 2433 labiis

1041 2448 1146 2489 tuis:
1191 2452 1212 2477 *
1255 2448 1496 2500 Propterea
1543 2447 1766 2491 benedixit
1817 2452 1861 2489 te

1041 2505 1161 2546 Deus
1188 2504 1232 2545 in
1259 2506 1480 2546 aeternum.
1531 2503 1580 2556 Y.
1607 2505 1760 2557 Specie
1787 2509 1863 2546 tua

1043 2565 1085 2603 et
1106 2561 1428 2614 pulchritudine
1447 2566 1524 2603 tua
1541 2560 1734 2611 intende,
1762 2562 1860 2612 pro-

1042 2630 1169 2670 spere
1212 2617 1424 2671 procede,
1475 2623 1518 2660 et
1555 2629 1697 2669 regna.
1757 2616 1860 2656 Pro-

1041 2676 1204 2727 pterea.

1096 2731 1256 2772 Bened.
1283 2731 1467 2784 Spiritus
1487 2730 1624 2772 sancti
1641 2728 1790 2781 gratia.
