2040 2976
632 200 732 233 Infra
759 200 943 233 Octavam
968 198 1234 232 Dcdieationis
1260 197 1455 231 Ecclesiae.

385 297 428 340 Q
445 307 480 337 u
498 306 530 337 a
547 307 574 337 r
593 296 616 337 t
634 307 666 337 a
708 296 749 336 D
769 296 787 336 i
805 306 832 337 e

434 354 542 394 infra
563 354 785 394 Octavam.

250 420 290 453 In
320 419 346 453 Ι.
379 419 578 454 Nocturno
612 420 815 454 Lectiones
847 421 894 455 dc
925 420 1021 454 Scri-

198 474 308 510 ptura
333 474 566 502 oecurrente.

423 524 472 563 In
499 524 549 562 II.
577 524 799 563 Nocturno.

242 584 307 623 De
335 581 545 622 Sermone
575 580 713 621 sancti
740 578 972 630 Augustini

501 636 723 689 Episcopi.

314 702 373 735 Ex
397 703 513 737 Scrm.
537 703 610 736 256.
636 702 683 736 dc
708 702 907 745 Tempore.

499 755 650 797 Lectio
671 755 723 794 iv.

209 819 334 862 547:st³
352 804 536 848 ttendite
568 804 612 844 in
646 805 818 857 psalmo
853 803 1024 850 dedicaff

208 887 221 893 «ι
238 862 337 918 ᾗξζῃῆῖῖ
370 862 512 911 tionis,
533 874 663 914 quem
681 861 816 902 modo
834 860 1023 901 cantavi-

211 930 327 946 —2
368 931 480 967 mus,
507 931 562 959 ex
584 920 709 959 ruina
727 917 1025 959 aedificiorum.

198 974 462 1017 Conscidisti
507 987 684 1016 saccum
727 987 887 1015 meum:
940 973 1026 1014 hoc

197 1031 388 1084 pertinet
413 1031 470 1073 ad
493 1033 672 1072 ruinam.
710 1030 825 1081 Quid
845 1042 950 1080 ergo
969 1029 1026 1071 ad

199 1086 455 1129 aedificium?
492 1088 550 1128 Et
575 1087 802 1128 accinxisti
825 1099 895 1127 me
918 1085 1024 1127 laeti-

198 1144 269 1185 tia.
315 1145 417 1186 Vox
449 1143 757 1185 dedicationis:
788 1143 848 1185 Ut
880 1146 1027 1184 cantet

198 1200 279 1242 tibi
298 1201 438 1252 gloria
455 1213 564 1249 mea,
585 1205 629 1242 et
642 1212 731 1241 non
746 1202 1026 1252 compungar.

200 1257 306 1307 Quis
332 1262 415 1307 est,
449 1257 523 1309 qui
550 1255 765 1309 loquitur?
807 1257 858 1297 In
881 1255 1026 1297 verbis

199 1315 290 1366 ejus
310 1314 545 1365 agnoscite.
585 1313 630 1354 Si
654 1315 844 1366 expono,
872 1313 1026 1354 obscu-

199 1383 295 1411 rum
328 1375 404 1412 est.
445 1371 562 1422 Ergo
591 1370 727 1411 verba
755 1370 845 1422 ejus
874 1369 1027 1419 dicam,

201 1429 407 1468 continuo
428 1427 676 1478 agnoscetis
694 1426 960 1478 loquentem,
979 1431 1027 1467 ut

200 1484 355 1526 ametis
373 1484 680 1536 alloquentem.
717 1483 824 1534 Quis
844 1488 926 1533 est,
954 1483 1028 1534 qui

200 1540 347 1582 dicere
373 1540 533 1593 potuit:
565 1540 729 1581 Eruisti
755 1540 944 1581 Domine
972 1539 1026 1580 ab

199 1597 347 1639 inferis
367 1597 554 1637 animam
573 1594 738 1638 meam?

253 1657 302 1708 Rg.
331 1652 569 1694 Orantibus
587 1653 631 1693 in
650 1652 760 1694 loco.
789 1651 885 1704 [118]

507 1712 659 1753 Lectio
680 1727 717 1752 v.

203 1763 371 1871 Cujus
395 1766 539 1806 anima
557 1766 641 1817 iarn
659 1765 715 1806 ab
737 1765 886 1807 inferis
906 1766 1028 1806 eruta

292 1827 369 1872 est,
390 1822 473 1863 nisi
492 1821 547 1864 de
568 1835 654 1874 qua
671 1821 836 1863 dictum
855 1826 922 1863 est
941 1820 1027 1862 alio

200 1878 316 1921 loco:
369 1879 472 1920 Non
517 1878 794 1931 derelinques
840 1878 1028 1919 animam

200 1948 343 1977 meam
370 1935 414 1976 in
440 1933 632 1977 inferno?
662 1935 931 1987 Proponitur
957 1933 1027 1976 de-

202 1991 380 2042 dicatio,
406 1997 450 2034 et
469 1994 669 2034 cantatur
687 1991 907 2041 liberatio,
931 1993 1028 2033 can-

201 2049 335 2090 ticum
355 2048 642 2091 dedicationis
663 2048 835 2099 domus,
863 2053 907 2090 et
927 2047 1028 2090 dici-

202 2110 285 2147 tur:
303 2105 521 2147 Exaltabo
540 2110 584 2147 te
602 2106 803 2155 Domine,
823 2105 1029 2157 quoniam

203 2163 436 2215 suscepisti
465 2175 551 2204 me:
589 2167 632 2204 et
663 2175 751 2204 non
785 2161 1030 2214 jucundasti

203 2218 401 2260 inimicos
431 2231 555 2260 meos
588 2232 720 2272 super
750 2228 850 2260 mes
876 2219 1028 2260 Atten-

205 2274 294 2317 dite
313 2275 337 2316 J
339 2274 490 2317 udaeos
508 2275 721 2326 inimicos,
747 2275 821 2328 qui
840 2288 887 2317 se
903 2277 1029 2336 puta-

203 2326 309 2368 bant
345 2326 559 2368 occidisse
598 2327 836 2378 Christum,
872 2330 1029 2369 vicisse

202 2388 426 2436 tamquam
483 2383 723 2434 inimicum,
782 2383 1030 2437 perdidisse

204 2441 330 2493 quasi
348 2439 569 2482 hominem
588 2441 746 2482 ceteris
766 2441 950 2482 similem
970 2445 1030 2483 at-

203 2509 289 2549 que
307 2496 548 2539 mortalem.
597 2498 644 2548 Ιζι.
672 2497 709 2538 Ο
731 2510 873 2548 quam.
892 2497 989 2549 [118]

502 2554 652 2594 Lectio
676 2555 726 2594 vi.

206 2605 505 2711 Resurrexit
523 2609 653 2652 tertia
671 2609 752 2658 die,
772 2615 814 2651 et
834 2611 924 2662 ejus
943 2623 1031 2651 vox

307 2671 388 2709 est:
406 2665 623 2708 Exaltabo
643 2670 687 2707 te
707 2666 904 2715 Domine,
926 2668 1029 2718 quo-

204 2724 319 2766 niam
331 2723 564 2776 suscepisti
574 2735 654 2764 me.
674 2721 901 2764 Attendite
913 2722 1030 2774 Apo-

1073 290 1234 332 stolum
1280 288 1512 330 dicentem:
1554 288 1743 340 Propter
1781 287 1901 340 quod

1074 360 1173 388 eum
1201 344 1421 387 exaltavit.
1457 344 1514 386 Et
1539 356 1629 385 non
1654 343 1901 396 jucundasti

1074 403 1272 444 inimicos
1290 414 1414 443 meos
1431 413 1566 453 super
1583 413 1664 442 me.
1699 400 1792 453 Ipsi
1811 401 1900 453 qui-

1075 460 1176 501 dem
1194 459 1239 499 in
1258 457 1419 499 Christi
1441 461 1584 499 morte
1610 455 1901 509 jucundaban-

1075 521 1161 566 tur,
1215 514 1295 556 sed
1339 514 1384 555 in
1434 514 1526 566 ejus
1569 513 1902 561 resurrectione,

1076 572 1346 621 ascensione,
1406 569 1722 623 praedicatione
1768 569 1903 621 aliqui

1077 627 1495 682 compungebantur.
1555 627 1606 667 In
1657 627 1746 678 ejus
1798 638 1902 678 ergo

1076 684 1403 739 praedicatione,
1425 688 1469 725 et
1486 696 1565 736 per
1585 682 1904 736 Apostolorum

1077 741 1336 784 constantiae
1382 739 1724 782 diffamationem
1771 738 1904 792 aliqui

1077 797 1496 851 compungebantur,
1524 801 1567 838 et
1592 795 1904 838 converteban-

1076 860 1161 897 tur:
1193 855 1327 907 aliqui
1352 853 1699 903 obdurabantur,
1732 857 1776 895 et
1805 864 1904 894 con-

1077 911 1386 961 fundebantur,
1414 910 1521 951 nulli
1538 914 1685 951 tamen
1703 908 1905 961 jucunda-

1078 968 1247 1010 bantur.
1284 972 1334 1022 R.
1368 967 1497 1009 Mane
1518 979 1710 1017 surgens.
1738 964 1836 1018 [118]

1291 1049 1340 1087 In
1366 1048 1437 1087 ΠΙ.
1465 1048 1687 1087 Nocturno.

1079 1107 1233 1150 Lectio
1259 1105 1644 1204 sanctiIlfflvangelii
1667 1104 1907 1148 secundum

1442 1176 1579 1204 ucam.

1180 1230 1333 1272 Lectio
1354 1230 1423 1270 vii.
1620 1228 1723 1281 Cap.
1742 1229 1800 1269 19.

1079 1281 1156 1389 In
1183 1286 1258 1327 illo
1286 1288 1500 1338 tempore:
1526 1285 1755 1335 Ingressus
1779 1284 1804 1325 J
1807 1297 1907 1326 esus

1143 1335 1478 1395 perambulabat
1502 1342 1526 1382 J
1529 1340 1687 1383 ericho.
1722 1341 1779 1382 Et
1805 1353 1907 1382 ecce

1080 1400 1146 1441 vir
1170 1399 1345 1441 nomine
1371 1397 1599 1440 Zachaeus:
1628 1402 1671 1439 et
1695 1397 1766 1439 hic
1791 1397 1906 1450 prin-

1081 1469 1185 1508 ceps
1219 1460 1313 1497 erat
1341 1454 1691 1508 publicanorum,
1732 1459 1776 1496 et
1810 1454 1907 1507 ipse

1081 1512 1214 1554 dives.
1250 1512 1308 1554 Et
1324 1511 1502 1564 reliqua.

1126 1589 1316 1632 Homilia
1335 1589 1474 1631 sancti
1493 1588 1697 1640 Gregorii
1713 1588 1858 1641 Papae.

1137 1658 1219 1691 Lib.
1243 1656 1295 1691 27.
1320 1655 1534 1694 Moralium,
1560 1665 1642 1698 cap.
1666 1654 1718 1689 27.
1742 1658 1833 1698 post

1405 1704 1582 1738 medium.

1086 1766 1196 1822 ἵῆιι
1218 1759 1435 1800 veraciter
1460 1758 1680 1811 sapientes
1706 1770 1820 1807 esse,
1848 1761 1908 1800 at-

1086 1814 1106 1900 ῑ
1197 1818 1910 1926 ammam

1081 1929 1301 1972 humiliter
1321 1903 1648 1980 cognoscamus.
1675 1927 1909 1980 Relinqua-

1081 2000 1179 2028 mus
1198 1986 1375 2027 noxiam
1394 1985 1667 2038 sapientiam,
1691 1984 1910 2026 discamus

1081 2042 1347 2086 laudabilem
1365 2042 1621 2084 fatuitatem.
1652 2041 1767 2082 Hinc
1788 2040 1910 2094 quip-

1081 2113 1138 2154 pe
1158 2099 1370 2152 scriptum
1390 2103 1470 2140 est:
1498 2097 1640 2140 Stulta
1658 2096 1809 2139 mundi
1828 2096 1910 2139 ele-

1081 2157 1145 2209 git
1172 2157 1309 2206 Deus,
1336 2159 1386 2197 ut
1410 2154 1650 2197 confundat
1678 2154 1910 2207 sapientes.

1083 2214 1197 2255 Hinc
1219 2225 1392 2254 rursum
1411 2211 1584 2253 dicitur:
1611 2210 1656 2252 Si
1682 2210 1779 2263 quis
1794 2209 1910 2252 vide-

1082 2275 1153 2312 tur
1178 2270 1292 2311 inter
1320 2281 1401 2310 vos
1430 2268 1604 2321 sapiens
1633 2279 1729 2309 esse
1757 2267 1801 2307 in
1826 2266 1911 2308 hoc

1083 2326 1262 2376 saeculo,
1287 2325 1446 2367 stultus
1464 2325 1556 2374 fiat,
1580 2328 1628 2366 ut
1648 2324 1705 2365 sit
1724 2323 1911 2376 sapiens.

1083 2384 1197 2424 Hinc
1234 2381 1497 2433 evangelicae
1537 2380 1732 2422 historiae
1776 2378 1911 2422 verba

1083 2442 1314 2481 testantur:
1348 2438 1450 2491 quia
1474 2436 1688 2479 Zachaeus
1721 2449 1820 2478 cum
1852 2435 1910 2477 vi-

1084 2496 1188 2538 dere
1206 2509 1300 2549 prae
1319 2494 1449 2536 turba
1467 2494 1575 2535 nihil
1593 2497 1760 2546 posset,
1789 2494 1911 2545 syco-

1083 2553 1195 2595 mori
1225 2551 1428 2593 arborem
1454 2550 1670 2600 ascendit,
1699 2554 1749 2592 ut
1774 2554 1911 2592 trans-

1085 2613 1260 2651 euntem
1277 2608 1516 2650 Dominum
1535 2609 1745 2649 cerneret.
1779 2605 1909 2658 Syco-

1084 2679 1232 2708 morus
1253 2665 1415 2718 quippe
1435 2665 1544 2706 ficus
1563 2664 1684 2706 fatua
1701 2662 1869 2705 dicitur.

1138 2720 1187 2771 R
1212 2723 1383 2764 Domus
1400 2734 1508 2764 mea.
1536 2720 1645 2773 [120]
