2040 2976
787 234 994 268 Commune
1019 232 1229 274 Virginum.

261 330 344 369 Pro
370 329 549 379 Virgine
573 342 659 370 non
686 330 886 380 Martyre.

497 395 659 435 Oratio.

138 499 141 502 .
163 459 379 564 Exaudl
403 472 499 510 nos,
534 460 655 501 Deus
683 458 883 500 salutaris
910 470 983 499 no-

259 521 364 559 ster:
381 521 441 567 ut,
460 516 572 558 sicut
591 515 646 558 de
664 515 807 557 beatae
818 520 870 561 N.
886 515 982 556 Vir-

164 573 276 625 ginis
293 578 383 615 tuae
398 573 635 615 festivitate
651 571 904 623 gaudemus;
922 571 984 612 ita

163 629 250 682 piae
270 629 518 672 devotionis
542 628 791 671 erudiamur
814 627 983 669 affectu.

164 686 251 728 Per
268 686 515 728 Dominum.

188 802 195 808 ι
217 754 257 788 Si
279 753 418 788 fuerint
438 754 582 797 plures.
610 754 658 788 ud
675 754 905 789 Benedictus
927 754 980 787 di-

163 806 260 836 cltur

214 859 312 899 Ant.
337 854 577 897 Prudentes
586 854 789 906 Virgines
799 853 823 880 *
834 855 983 907 aptate

164 916 333 954 vestras
343 911 582 965 lampades:
598 923 701 953 ecce
715 923 903 964 sponsus
913 923 982 952 ve-

164 969 239 1018 nit,
259 970 374 1010 exite
393 968 568 1010 obviam
587 968 636 1010 ei.

214 1022 264 1074 V.
304 1024 591 1067 Adducentur
628 1024 741 1075 Regi
779 1023 983 1075 Virgines

164 1086 268 1134 post
299 1094 406 1123 eam.
438 1085 487 1136 R.
517 1081 735 1123 Proximae
764 1082 856 1133 ejus
884 1080 983 1122 affe-

163 1139 313 1180 rentur
331 1137 421 1180 tibi.

491 1205 654 1246 Oratio.

251 1281 277 1310 a
319 1269 464 1318 nobis,
509 1271 756 1322 quaesumus
796 1268 984 1310 Domine

265 1325 386 1367 Deus
414 1330 579 1376 noster,
611 1327 861 1367 sanctarum
887 1325 983 1366 Vir-

161 1381 310 1433 ginum
333 1386 377 1424 et
400 1382 642 1435 Martyrum
665 1384 839 1424 tuarum
863 1386 912 1426 N.
941 1386 985 1423 et

162 1441 213 1481 N.
245 1438 414 1491 palmas
454 1439 704 1481 incessabili
746 1439 983 1480 devotione

162 1495 376 1536 Venerari:
394 1499 442 1537 ut
462 1508 570 1548 quas
590 1495 721 1547 digna
735 1500 881 1537 mente
895 1507 984 1536 non

162 1552 397 1603 possumus
407 1552 642 1603 celebrare,
655 1551 889 1594 humilibus
904 1551 983 1592 sal—

162 1611 253 1648 tem
275 1607 601 1660 frequentemus
626 1609 861 1661 obsequiis.
899 1609 984 1650 Per

162 1663 398 1706 Dominum
415 1671 624 1708 nostrum.

429 1743 498 1780 Ad
518 1743 719 1780 Tertiam.

216 1800 315 1841 Ant.
342 1802 450 1842 Haec
473 1804 539 1841 est
557 1800 696 1852 Virgo
719 1799 905 1853 sapiens.

215 1860 351 1913 Capit.
383 1863 571 1902 Fratres:
593 1861 677 1911 Qui
695 1860 918 1912 gloriatur.
937 1867 982 1902 ut

163 1929 304 1969 supra.
330 1916 414 1969 [94]

216 1983 266 2034 R.
285 1982 346 2023 br.
370 1981 524 2035 Specie
540 1986 616 2024 tua
632 1987 654 2009 *
674 1983 731 2024 Et
749 1982 984 2035 pulchritu-

167 2037 268 2079 dine
285 2042 371 2079 tua.
403 2038 567 2091 Specie.
596 2036 644 2087 V.
666 2038 867 2090 Intende,
886 2041 985 2092 pro-

165 2107 293 2147 spere
311 2094 520 2147 procede,
545 2099 589 2137 et
607 2108 750 2147 regna.
783 2096 849 2137 Et.
886 2095 984 2137 Glo-

164 2151 230 2192 ria
246 2150 377 2192 Patri.
403 2150 568 2204 Specie.

219 2209 266 2259 V.
305 2211 544 2264 Adiuvabit
578 2225 674 2254 eam
704 2212 825 2254 Deus
862 2212 986 2254 vultu

166 2279 257 2309 suo.
296 2270 344 2322 R.
371 2269 493 2310 Deus
518 2269 563 2310 in
587 2268 733 2311 medio
763 2270 869 2321 ejus,
897 2282 986 2310 non

166 2324 524 2366 commovebitur.

439 2401 507 2437 Ad
528 2401 714 2439 Sextam.

221 2458 318 2499 Ant.
347 2459 457 2499 Haec
472 2463 539 2500 est
558 2471 657 2511 quae
676 2459 870 2501 nescivit.

269 2523 525 2575 Capitulum.
672 2525 706 2563 2.
722 2524 816 2563 Cor.
833 2526 882 2563 11.

290 2581 432 2623 mulor
461 2583 575 2624 enim
600 2596 680 2625 vos
703 2584 788 2625 Dei
813 2584 985 2626 aemula-

308 2639 439 2680 tione.
491 2639 721 2692 Despondi
758 2641 872 2681 enim
907 2653 986 2682 vos

167 2695 350 2792 {ffliro
368 2694 579 2746 virginem
598 2700 763 2737 castam
782 2696 987 2738 exhibere

259 2751 353 2793 'sto.

1091 331 1137 381 Rv.
1168 330 1227 370 br.
1271 326 1510 379 AdJuvabit
1547 339 1645 368 eam
1677 332 1696 353 *
1737 327 1858 368 Deus

1034 382 1158 424 vultu
1184 395 1275 424 suo.
1312 382 1562 435 Adiuvabit.
1600 381 1645 431 N.
1673 383 1794 424 Deus
1814 383 1859 423 in

1035 439 1181 480 medio
1220 440 1329 492 ejus,
1372 452 1462 481 non
1498 439 1858 481 commovebitur.

1034 495 1167 537 Deus.
1198 495 1348 537 (floria
1366 496 1497 538 Patri.
1524 496 1773 549 Adjuvabit.

1089 550 1136 601 V.
1162 552 1308 604 Elegit
1331 565 1427 594 eam
1447 554 1583 603 Deus,
1612 557 1656 594 et
1679 552 1858 606 praeele-

1035 609 1098 661 git
1114 622 1220 651 eam.
1248 614 1297 664 Κ.
1316 610 1367 650 In
1386 609 1669 651 tabernaculo
1690 622 1770 651 suo
1786 609 1858 650 ha-

1033 666 1175 708 bitare
1194 666 1299 707 facit
1319 679 1426 712 eam.

1310 735 1378 771 Ad
1401 735 1584 772 Nonam.

1088 796 1186 835 Ant.
1222 796 1309 834 Ista
1328 796 1395 834 est
1414 792 1627 845 speciosa.

1125 860 1381 911 Capitulum.
1515 859 1643 899 Eccli.
1659 860 1716 898 51.
1734 859 1770 898 b.

1034 915 1266 1021 Domine
1281 918 1402 959 Deus
1417 930 1552 967 meus,
1571 917 1775 959 exaltasti
1792 931 1859 959 su-

1136 987 1215 1027 per
1242 979 1404 1016 terram
1431 974 1749 1016 habitationem
1772 987 1858 1016 me-

1036 1043 1120 1082 am,
1141 1035 1184 1072 et
1205 1044 1286 1084 pro
1304 1036 1447 1073 morte
1467 1031 1687 1073 defluente
1706 1031 1858 1084 depre-

1036 1089 1135 1129 eata
1158 1101 1265 1129 sum.
1298 1088 1506 1130 Invocavi
1522 1088 1761 1129 Dominum
1779 1089 1858 1129 Pa-

1035 1148 1148 1186 trem
1166 1144 1345 1186 Domini
1363 1145 1464 1195 mei,
1491 1149 1540 1186 ut
1564 1157 1654 1186 non
1677 1144 1858 1187 derelin-

1037 1206 1142 1253 quat
1166 1214 1236 1243 me
1259 1202 1304 1242 in
1329 1201 1401 1243 die
1421 1201 1718 1243 tribulationis
1738 1214 1859 1251 meae,

1037 1262 1080 1299 et
1097 1258 1142 1298 in
1156 1259 1357 1312 tempore
1372 1258 1663 1312 superborum
1677 1258 1771 1336 sine
1787 1258 1859 1300 ad-

1035 1314 1205 1366 jutorio.

1089 1374 1130 1409 Si
1154 1374 1265 1409 fuerit
1283 1375 1328 1407 V
1320 1385 1403 1417 irgo
1428 1380 1462 1408 et
1484 1385 1559 1408 non
1579 1375 1739 1419 M1rt31.
1767 1375 1858 1409 dici-

1036 1426 1110 1457 tur
1121 1433 1225 1466 sequ.

1140 1474 1399 1527 Capitulum.
1601 1477 1697 1527 Sap.
1719 1477 1755 1515 4.

1143 1547 1274 1587 quam
1297 1535 1480 1588 pulchra
1504 1540 1571 1577 est
1594 1540 1715 1578 casta
1733 1549 1859 1588 gene-

1141 1592 1255 1633 ratio
1281 1605 1379 1633 cum
1399 1592 1614 1634 claritate!
1639 1593 1859 1635 immorta-

1035 1647 1089 1689 lis
1119 1652 1185 1690 est
1214 1649 1329 1690 enim
1357 1649 1569 1691 memoria
1594 1649 1726 1691 illius:
1755 1652 1859 1702 quo-

1035 1705 1152 1746 niam
1171 1705 1290 1758 apud
1303 1706 1446 1747 Deum
1461 1711 1568 1747 nota
1587 1710 1663 1757 est,
1684 1711 1727 1748 et
1741 1706 1861 1759 apud
1908 1738 1910 1740 .

1035 1760 1245 1804 homines.
1871 1771 1873 1773 ·

1088 1820 1137 1860 R.
1172 1821 1230 1861 br.
1275 1819 1420 1871 Elegit
1450 1832 1547 1861 eam
1577 1820 1714 1870 Deus,
1750 1822 1770 1843 *
1801 1820 1859 1861 Et

1036 1874 1264 1927 praeelegit
1292 1888 1398 1917 eam.
1443 1876 1599 1928 Elegit.
1646 1872 1691 1922 Y.
1719 1877 1772 1917 In
1799 1881 1860 1917 ta-

1035 1930 1272 1973 bernaculo
1297 1945 1377 1973 suo
1402 1932 1601 1974 habitare
1625 1932 1729 1974 facit
1754 1946 1861 1974 eam.

1036 1987 1094 2028 Et
1109 1987 1347 2040 praeelegit.
1379 1989 1530 2030 Gloria
1544 1989 1677 2030 Patri.
1703 1989 1859 2041 Elegit.

1090 2042 1140 2093 V.
1178 2044 1349 2086 Diffusa
1386 2049 1453 2086 est
1485 2046 1626 2097 gratia
1657 2046 1702 2087 in
1732 2045 1860 2088 labiis

1037 2100 1134 2142 tuis.
1182 2103 1230 2154 Rg.
1267 2101 1511 2155 Propterea
1550 2102 1776 2144 benedixit
1816 2107 1861 2144 te

1037 2156 1158 2198 Deus
1185 2157 1230 2197 in
1255 2159 1477 2199 aeternum.

1242 2239 1303 2280 In
1323 2239 1385 2281 11.
1403 2240 1655 2291 vesperis.

1094 2298 1196 2341 Ant„
1220 2298 1374 2333 Psalm..
1400 2298 1522 2341 Capit.
1549 2302 1585 2331 et
1603 2296 1738 2340 Hymn
1763 2303 1802 2331 ut
1823 2298 1858 2329 in

1039 2346 1066 2380 1
1090 2325 1206 2389 Vesp’.
1227 2348 1299 2393 [83]

1178 2400 1350 2442 Diffusa
1388 2405 1454 2443 est
1483 2402 1625 2454 gratia
1659 2403 1703 2443 in
1732 2402 1860 2444 labiis

1038 2456 1137 2497 tuis.
1192 2457 1242 2507 R2.
1279 2457 1522 2511 Propterea
1551 2458 1778 2501 benedixit
1816 2463 1861 2500 te

1037 2513 1159 2554 Deus
1185 2513 1230 2554 in
1254 2515 1478 2556 aeternum.

1095 2567 1162 2609 Ad
1192 2569 1364 2617 Magnis.
1411 2571 1509 2611 Ant.
1561 2571 1668 2613 Veni
1695 2582 1860 2624 sponsa

1039 2624 1218 2675 Christi,
1245 2626 1268 2652 *
1296 2627 1448 2680 accipe
1477 2629 1701 2677 coronam,
1730 2639 1860 2678 quam

1038 2681 1120 2723 tibi
1136 2682 1230 2723 Diis
1249 2684 1518 2736 praeparavit
1536 2684 1581 2724 in
1600 2685 1822 2724 aeternum.

1244 2755 1657 2784 ——4382—2—
