2040 2976
520 190 590 223 Dic
614 192 644 223 (ἰ.
672 190 767 231 Aug.

159 286 286 337 Quod
307 291 350 327 et
363 286 388 326 J
391 288 555 327 oannes
575 285 737 338 saepius
753 285 866 334 facit,
886 298 985 326 cum

158 343 337 385 eximias
361 342 480 384 Petri
505 341 657 384 laudes
685 342 909 383 verissime
934 355 985 383 ac

158 399 490 450 diligentissime
524 398 756 440 describat.
805 398 984 439 Nullum

157 456 270 497 enim
293 455 337 496 in
360 455 447 497 hoc
466 455 785 508 Apostolorum
809 457 983 496 consor-

155 513 217 554 tio
245 512 379 562 livor,-
401 517 475 554 aut
503 512 642 553 inanis
670 512 811 563 gloria
838 511 983 552 locum

155 568 357 611 habebat.
393 569 564 610 Primos
589 570 720 620 igitur
746 567 982 621 Apostolo-

156 638 252 666 rum
289 628 487 668 seorsum
525 626 772 679 assumpsit.
827 627 982 676 Quam-

157 681 309 724 obrem
329 695 404 723 eos
424 682 545 724 solos
565 680 756 735 accepit?
781 682 892 732 Quia
913 694 982 723 ex-

156 738 435 781 cellentiores
455 740 610 781 ceteris
628 739 832 781 videlicet
848 744 983 780 erant.

157 795 244 836 Cur
262 802 408 838 autem
428 809 515 838 non
534 796 663 846 illico,
685 796 764 837 sed
783 801 886 848 post
905 809 983 837 sex

156 852 250 894 dies
277 852 364 895 hoc
392 853 516 895 fecit?
557 853 624 894 Ne
654 853 788 902 ceteri
817 853 983 894 scilicet

156 908 361 962 discipuli
380 923 457 952 seu
475 909 674 951 homines
688 911 983 951 moverentur:

157 978 243 1018 qua
263 966 318 1007 de
337 979 383 1008 re
403 979 483 1008 nec
503 979 580 1008 eos
600 967 849 1016 nominavit,
871 979 983 1019 quos

155 1026 418 1076 accepturus
438 1029 541 1065 erat.

418 1096 497 1137 Ad
523 1097 718 1138 Laudes

362 1154 412 1183 et
452 1159 548 1191 per
588 1148 782 1182 Horas.

211 1202 308 1242 Ant.
334 1202 362 1239 1.
407 1200 656 1252 Assumpsit
688 1201 815 1242 Jesus
847 1203 871 1229 *
904 1201 982 1243 Pe-

154 1259 281 1305 trum,
301 1261 344 1297 et
363 1256 387 1296 J
390 1255 587 1307 acobum,
608 1263 651 1299 et
667 1258 692 1298 J
695 1260 882 1299 oannem
902 1259 982 1300 fra-

153 1316 265 1353 trem
285 1313 390 1364 ejus,
416 1319 459 1355 et
484 1312 609 1355 duxit
628 1327 704 1356 eos
725 1315 768 1356 in
787 1320 983 1357 montem

155 1369 375 1410 excelsum
399 1372 614 1421 seorsum,
640 1378 683 1414 et
703 1373 982 1424 transfigura-

153 1430 224 1466 tus
246 1431 312 1468 est
332 1431 433 1468 ante
454 1439 541 1468 eos.

206 1485 276 1524 Ps
304 1484 517 1525 Dominus
537 1487 747 1536 regnavit.
769 1488 828 1528 14.

211 1542 245 1580 2.
276 1540 563 1592 Resplenduit
590 1543 725 1585 facies
749 1546 882 1597 ejus*
904 1546 982 1588 sic-

155 1602 202 1638 ut
217 1596 293 1646 sol,
313 1598 572 1640 vestimenta
592 1606 737 1642 autem
758 1603 848 1653 ejus
868 1602 983 1644 facta

155 1658 255 1694 sunt
274 1653 372 1695 alba
391 1654 504 1696 sicut
522 1656 605 1706 nix,
625 1657 806 1710 alleluja.

207 1712 243 1751 3
283 1712 340 1751 Et
378 1723 481 1753 ecce
521 1717 820 1766 apparuerunt
858 1717 881 1742 *
920 1717 982 1758 eis

153 1765 331 1864 ⁴{Moyses
368 1772 411 1809 et
443 1768 577 1819 Elias,
618 1770 850 1824 loquentes
884 1787 983 1815 cum

181 1836 258 1864 esu

210 1884 246 1921 4.
277 1882 563 1934 Respondens
589 1891 735 1927 autem
759 1887 933 1938 Petrus,

156 1935 266 1978 dixit
298 1938 353 1980 ad
385 1939 547 1981 Jesum:
581 1942 783 1993 Domine,
816 1943 982 1986 bonum

156 1998 223 2034 est
241 2007 321 2035 nos
345 1996 414 2037 hic
434 2010 541 2039 esse.

208 2053 245 2091 5.
290 2052 445 2096 Adhuc
482 2068 534 2096 eo
567 2056 791 2109 loquente,
823 2061 846 2085 *
879 2072 982 2102 ecce

155 2107 293 2150 nubes
313 2109 457 2151 lacida
477 2111 757 2157 obumbravit
777 2128 865 2157 eos,

211 2169 467 2220 Capitulum.
634 2172 819 2225 Philipp.
838 2174 874 2213 3.
891 2172 930 2214 d.

156 2219 295 2328 831ι
298 2228 466 2268 atorem
498 2234 805 2283 exspectamus
834 2234 981 2275 Domi-

243 2295 346 2324 num
367 2290 565 2326 nostrum
584 2287 607 2327 J
611 2300 733 2329 esum
751 2289 982 2341 Christum,

157 2339 230 2392 qui
256 2339 512 2383 reformabit
538 2356 697 2396 corpus
723 2345 982 2389 humilitatis

155 2402 335 2446 nostrae,
361 2398 679 2450 configuratum
704 2404 879 2455 corpori
898 2404 982 2445 cla-

155 2453 296 2495 ritatis
316 2467 418 2495 suae
468 2490 676 2541 Hymnus.

285 2563 344 2591 ux
363 2550 476 2592 alma
497 2551 521 2591 J
524 2564 601 2593 esu
619 2553 838 2604 mentium,

302 2607 419 2648 Dum
439 2607 575 2649 eorda
593 2615 743 2650 nostra
762 2613 945 2663 recreas,

259 2663 410 2717 Culpae
430 2665 555 2715 fugas
575 2666 814 2716 caliginem,

258 2722 316 2764 Et
333 2734 415 2763 nos
435 2721 580 2775 reples
601 2722 840 2765 dulcedine.

815 190 856 223 In
882 177 1238 232 Transfigurationc
1263 190 1307 223 D.
1335 190 1380 224 N.
1405 191 1438 225 J.
1464 191 1504 226 C.

1093 287 1230 336 Quam
1248 284 1376 325 laetus
1396 289 1478 334 est,
1499 296 1629 336 quem
1648 285 1813 328 visitas!

1141 340 1334 382 Consors
1353 341 1555 382 Paternae
1575 341 1782 392 dexterae,

1140 398 1210 438 Tu
1230 396 1358 438 dulce
1378 397 1525 439 lumen
1543 398 1711 451 patriae,

1141 453 1296 496 Carnis
1315 455 1524 505 negatum
1543 455 1755 497 sensibus.

1092 518 1308 573 Splendor
1328 519 1529 560 Paternae
1548 519 1712 570 gloriae,

1139 575 1512 628 Incomprehensa
1533 576 1704 627 caritas,

1139 633 1280 675 Nobis
1300 633 1462 673 amoris
1482 633 1656 686 copiam

1138 690 1318 740 Largire
1337 702 1417 741 per
1435 690 1728 742 praesentiam.

1091 755 1203 805 Jesu,
1222 754 1302 796 tibi
1322 755 1378 795 sit
1395 754 1547 805 gloria,

1141 812 1225 862 Qui
1242 817 1286 853 te
1306 811 1476 853 revelas
1495 812 1703 864 parvulis,

1142 869 1251 910 Cum
1269 869 1401 910 Patre
1422 874 1466 910 et
1485 868 1601 910 almo
1621 869 1798 922 Spiritu,

1138 926 1190 966 In
1215 925 1481 977 sempiterna
1507 925 1680 967 saecula.
1715 926 1869 968 Amen.

1091 989 1141 1041 V.
1183 991 1357 1033 Corona
1397 994 1530 1032 aurea
1566 1004 1700 1044 super
1737 997 1870 1045 caput

1037 1049 1141 1100 ejus.
1183 1050 1234 1101 R.
1259 1049 1483 1101 Expressa
1511 1049 1635 1099 signo
1664 1049 1868 1092 sanctita-
1931 1088 1935 1092 .

1035 1106 1103 1156 tis,
1123 1105 1288 1156 gloriae,
1308 1110 1352 1147 et
1370 1104 1562 1147 honoris.

1093 1171 1163 1213 Ad
1183 1171 1346 1213 Bened.
1375 1172 1475 1214 Ant.
1503 1172 1559 1212 Et
1582 1183 1686 1212 ecce
1704 1183 1794 1212 vox
1813 1170 1868 1213 de

1036 1227 1152 1269 nube
1181 1226 1345 1269 dicens:
1374 1227 1460 1269 Hic
1488 1232 1556 1270 est
1581 1227 1716 1268 Filius
1744 1240 1868 1269 meus

1037 1283 1239 1335 dilectus,
1270 1284 1315 1325 in
1347 1296 1434 1337 quo
1466 1283 1574 1325 mihi
1606 1284 1869 1337 complacui:

1035 1342 1180 1394 ipsum
1198 1340 1358 1392 audite,
1378 1341 1562 1393 alleluja.

1377 1402 1542 1444 Oratio.

1131 1480 1227 1518 eus,
1261 1468 1335 1520 qui
1369 1467 1475 1510 fidei
1500 1470 1793 1520 sacramenta,
1824 1470 1869 1510 in

1134 1524 1357 1576 Unigeniti
1381 1525 1446 1567 tui
1463 1524 1658 1576 gloriosa
1676 1526 1867 1568 Transfi-

1036 1581 1280 1633 guratione‚
1313 1587 1490 1634 patrum
1515 1582 1770 1624 testimonio
1799 1595 1866 1624 ro-

1035 1638 1221 1688 borasti,
1269 1643 1312 1681 et
1353 1637 1640 1691 adoptionem
1676 1638 1868 1681 filiorum

1035 1695 1294 1748 perfectam,
1329 1707 1440 1737 voce
1469 1693 1652 1748 delapsa
1678 1696 1724 1736 in
1750 1695 1868 1738 nube

1035 1751 1198 1801 lucida,
1256 1751 1515 1794 mirabiliter
1573 1752 1868 1805 praesignasti:

1036 1807 1232 1850 concede
1263 1808 1501 1862 propitius;
1536 1814 1586 1850 ut
1617 1809 1755 1862 ipsius
1783 1809 1867 1851 Re-

1035 1865 1101 1916 gis
1124 1865 1279 1916 gloriae
1303 1878 1385 1907 nos
1409 1864 1667 1907 cohaeredes
1692 1865 1868 1916 efficias,

1037 1927 1080 1964 ct
1126 1921 1322 1972 ejusdem
1363 1921 1516 1973 gloriae
1556 1922 1726 1964 tribuas
1769 1935 1868 1964 esse

1036 1981 1275 2021 consortes.
1299 1979 1383 2020 Per
1401 1978 1604 2020 eumdem
1618 1978 1868 2021 Dominum.

1092 2044 1139 2078 Et
1163 2044 1203 2078 fit
1228 2054 1423 2079 commem
1449 2044 1506 2079 Ss.
1530 2044 1752 2089 Martyrum.

1093 2095 1193 2136 Ant.
1214 2096 1359 2138 Vestri
1374 2095 1522 2149 capilli
1539 2096 1696 2148 capitis
1716 2109 1868 2138 omnes

1035 2153 1251 2195 numerati
1271 2158 1386 2195 sunt:
1411 2152 1548 2195 nolite
1566 2153 1737 2195 timere:
1760 2153 1866 2195 mul-

1034 2210 1090 2252 tis
1109 2210 1361 2264 passeribus
1379 2209 1585 2251 meliores
1605 2210 1712 2252 estis
1733 2223 1823 2252 vos.

1090 2266 1141 2314 V.
1162 2266 1460 2308 Exsultabunt
1486 2267 1626 2308 sancti
1648 2267 1692 2308 in
1715 2267 1867 2318 gloria.

1039 2326 1089 2377 Rl·
1103 2323 1391 2366 Laetabuntur
1409 2323 1453 2364 in
1473 2323 1690 2365 cubilibus
1710 2324 1810 2366 suis.

1378 2384 1540 2426 Oratio.

1034 2437 1218 2543 Deus,
1249 2442 1322 2494 qui
1350 2454 1432 2484 nos
1462 2442 1669 2484 concedis
1697 2444 1865 2484 sancto-

1138 2512 1235 2540 rum
1254 2498 1498 2551 Martyrum
1521 2501 1699 2540 tuorum
1722 2498 1866 2550 Xysti‚

1035 2555 1294 2597 Felicissimi
1314 2561 1357 2597 et
1377 2555 1557 2609 Agapiti
1579 2555 1775 2598 natalitia
1795 2557 1866 2596 co·

1035 2612 1140 2654 lere:
1175 2612 1232 2655 da
1260 2612 1388 2654 nobis
1416 2613 1460 2653 in
1488 2615 1653 2654 aeterna
1681 2612 1866 2654 beatitu-

1036 2669 1136 2711 dine
1163 2669 1218 2711 de
1245 2672 1398 2712 eorum
1425 2669 1637 2712 societate
1661 2668 1866 2720 gaudere.

1035 2726 1118 2767 Per
1137 2726 1386 2768 Dominum.
