2040 2976
183 282 236 322 In
262 282 361 322 Deo
396 282 670 322 laudabimur
702 285 798 322 tota
826 279 912 320 die:
939 279 962 304 *

134 342 178 379 et
204 338 249 378 in
275 337 450 378 nomine
477 342 554 378 tuo
586 335 892 378 confitebimur
919 335 962 375 in

133 393 353 434 saeculum.

184 449 313 490 Nunc
340 454 487 490 autem
513 449 712 501 repulisti
745 453 788 489 et
816 446 962 488 confu-

134 505 238 547 disti
256 518 352 546 nos:
371 506 395 530 *
415 510 459 547 et
478 517 567 546 non
585 503 822 555 egredieris
841 503 963 543 Deus

133 561 178 602 in
204 560 438 602 virtutibus
462 560 635 602 nostris.

187 617 400 659 Avertisti
413 629 494 657 nos
511 617 753 657 retrorsum
767 619 871 667 post
887 614 962 654 ini-

133 675 272 715 micos
306 678 498 714 nostros:
532 672 556 697 *
591 676 635 713 et
668 671 742 723 qui
776 669 964 711 oderunt

134 742 226 779 nos,
255 727 518 781 diripiebant
545 727 638 769 sibi.

184 784 359 827 Dedisti
378 797 460 826 nos
474 789 698 836 tamquam
720 795 826 824 oves
847 784 963 824 esca-

133 842 325 883 rum:*et
339 839 604 882 inGentibus
616 839 862 892 dispersisti
872 851 964 880 nos.

185 896 437 939 Vendidisti
469 895 682 949 populum
716 901 839 937 tuum
871 895 965 936 sine

135 954 296 1006 pretio:
319 953 343 979 *
365 958 408 994 et
435 965 524 994 non
551 953 631 994 fuit
657 951 893 993 multitudo
921 951 966 992 in

136 1008 549 1052 commutationibus
578 1010 740 1050 eorum.

185 1065 377 1107 Posuisti
395 1077 476 1106 nos
503 1064 792 1117 opprobrium
812 1064 966 1105 vicinis

135 1122 309 1171 nostris,
327 1121 351 1147 *
372 1120 757 1162 subsannationem
781 1125 825 1162 et
855 1119 966 1161 deri-

136 1190 233 1219 sum
247 1177 326 1226 his,
343 1177 417 1229 qui
432 1182 532 1218 sunt
546 1177 590 1217 in
605 1176 789 1218 circuitu
802 1181 967 1218 nostro.

187 1233 380 1274 Posuisti
426 1245 506 1274 nos
551 1233 595 1273 in
639 1231 967 1274 similitudinem

139 1288 369 1331 Gentibus:
394 1289 418 1314 *
444 1288 785 1330 commouenem
811 1288 967 1340 capitis

138 1345 182 1385 in
199 1344 386 1397 pepulis.

191 1400 307 1442 Tota
340 1399 410 1441 die
443 1398 709 1440 verecundia
742 1413 841 1441 mea
868 1413 967 1442 con-

139 1461 207 1498 tra
220 1468 291 1497 me
307 1460 384 1505 est,
399 1456 423 1481 *
441 1460 484 1497 et
500 1455 699 1497 confusio
715 1455 842 1498 faciei
856 1468 968 1497 meae

140 1512 370 1564 cooperuit
395 1524 477 1553 me.

190 1568 233 1608 A
263 1580 374 1609 voce
407 1567 731 1620 exprobrantis,
767 1572 811 1610 et
847 1566 968 1609 oblo-

142 1624 328 1676 quentis:
346 1624 370 1649 *
388 1636 414 1664 a
435 1623 546 1665 facie
570 1624 732 1666 inimici
756 1628 801 1665 et
822 1636 968 1676 perse-

142 1680 324 1732 quentis.

192 1736 304 1777 Haec
329 1736 474 1777 omnia
491 1738 704 1778 venerunt
722 1749 855 1789 super
877 1749 970 1785 nos,

142 1804 224 1833 nec
261 1791 385 1834 obliti
420 1804 569 1834 sumus
605 1797 664 1834 te:
691 1793 715 1818 *
749 1797 792 1834 et
823 1792 971 1844 inique

142 1860 231 1889 non
259 1848 425 1898 egimus
451 1848 496 1888 in
522 1850 786 1890 testamento
813 1853 902 1890 tuo.

195 1904 252 1946 Et
286 1916 376 1945 non
411 1904 593 1946 recessit
628 1909 748 1946 retro
787 1917 864 1946 cor
897 1917 971 1945 no-

144 1965 298 2002 strum:
316 1960 340 1986 *
365 1964 409 2002 et
436 1959 666 2002 declinasti
693 1960 870 2002 semitas
898 1973 972 2002 no-

144 2021 258 2058 stras
284 2029 311 2057 a
337 2016 408 2057 via
433 2021 523 2058 tua:

197 2071 413 2122 Queniam
439 2071 678 2115 humiliasti
695 2085 777 2115 nos
804 2073 849 2114 in
872 2072 973 2114 loco

145 2128 404 2178 afflictionis,
418 2129 442 2154 *
460 2133 503 2170 et
522 2129 752 2181 cooperuit
774 2142 856 2171 nos
883 2141 973 2170 um-

145 2183 226 2225 bra
251 2184 417 2225 mortis.

197 2240 243 2281 Si
271 2239 395 2281 obliti
421 2252 570 2282 sumus
602 2253 763 2282 nomen
789 2240 874 2282 Dei
900 2253 974 2282 no-

147 2296 237 2344 stri,
252 2296 276 2323 *
296 2300 339 2337 et
359 2296 396 2336 si
421 2296 709 2348 expandimus
727 2309 881 2338 manus
901 2309 975 2337 no-

147 2356 261 2393 stras
289 2350 346 2392 ad
374 2351 505 2392 deum
533 2352 736 2393 alienum:

198 2407 357 2448 Nonne
371 2407 492 2448 Deus
506 2410 701 2460 requiret
717 2406 823 2449 ista?
842 2408 976 2460 *ipse

149 2463 264 2505 enim
291 2463 413 2504 novit
441 2462 699 2505 abscondita
727 2463 886 2504 cordis.

202 2519 417 2569 Quoniam
450 2523 634 2571 propter
665 2524 710 2560 te
743 2519 976 2560 mortifica-

148 2588 246 2616 mur
285 2580 381 2617 tota
414 2574 501 2616 die:
534 2575 558 2600 *
592 2575 797 2616 aestimati
829 2588 977 2617 sumus

150 2631 262 2672 sicut
290 2643 396 2672 oves
428 2630 669 2671 occisionis.

202 2687 422 2737 Exsurge,
460 2698 595 2738 quare
629 2684 854 2727 obdermis
890 2686 978 2728 Do-

691 186 803 219 Feria
830 184 941 218 tertia
967 184 1016 217 ad
1041 184 1279 218 Matutinum.

1014 278 1154 374 gline?
1174 279 1198 304 *
1223 282 1420 330 exsurge,
1446 285 1490 321 et
1514 293 1569 321 ne
1593 280 1781 332 repellas
1801 280 1845 320 in

1047 347 1157 375 nem.

1068 391 1213 440 Quare
1235 391 1391 432 faciem
1409 397 1529 433 tuam
1548 394 1720 444 avertiS,
1735 394 1759 420 *
1771 393 1845 436 ob·

1015 446 1227 487 livisceris
1255 447 1416 499 inepiae
1441 454 1616 499 nostrae,
1646 455 1689 492 et
1711 450 1845 491 tribu-

1015 502 1189 543 lationis
1217 503 1404 544 nostrae?

1069 559 1285 608 Quoniam
1316 559 1542 601 humiliata
1577 566 1643 602 est
1675 562 1719 602 in
1753 563 1846 614 pul-

1016 627 1120 655 vere
1140 615 1283 656 anima
1302 620 1468 657 nostra:
1481 616 1504 642 *
1524 617 1846 667 conglutinatus

1018 675 1084 711 est
1111 671 1155 710 in
1183 675 1301 712 terra
1328 677 1481 713 venter
1508 678 1669 714 noster.

1069 727 1269 777 Exsurge
1297 727 1497 777 Demine,
1526 728 1683 780 adjuva
1710 742 1805 770 nos:
1824 730 1847 755 *

1018 787 1062 824 et
1072 782 1238 824 redime
1252 796 1334 824 nos
1350 789 1534 836 propter
1545 797 1705 826 nomen
1715 790 1848 827 tuum.

1286 842 1483 883 Psalmus
1512 843 1578 881 44.

1016 894 1294 999 Eructavit
1314 907 1390 936 cor
1409 908 1555 936 meum
1573 896 1757 938 verbum
1774 897 1849 938 bo-

1131 964 1251 991 num:
1262 951 1285 976 *
1297 950 1396 992 dico
1407 964 1489 1002 ego
1498 954 1555 1004 ep
1561 965 1634 993 era
1642 966 1740 994 mea
1747 954 1849 1004 regi.

1071 1007 1239 1057 Lingua
1271 1020 1370 1048 mea
1397 1008 1591 1050 calamus
1620 1009 1794 1059 scribae,
1827 1010 1850 1034 *

1018 1063 1230 1105 velociter
1258 1063 1500 1105 scribentis.

1071 1119 1306 1171 Speciosus
1341 1119 1482 1160 forma
1514 1133 1608 1172 prae
1641 1121 1741 1161 filiis
1775 1121 1850 1162 ho-

1019 1175 1194 1224 minum,
1223 1174 1382 1216 diffusa
1410 1181 1477 1217 est
1497 1177 1638 1226 gratia
1656 1177 1700 1217 in
1724 1177 1851 1218 labiis

1019 1232 1121 1273 tuis:
1135 1232 1158 1257 *
1169 1233 1408 1284 propterea
1428 1232 1654 1274 benedixit
1670 1238 1714 1274 te
1730 1233 1851 1275 Deus

1019 1288 1315 1329 in‘aeternum.

1073 1344 1318 1394 Accingere
1346 1343 1492 1394 gladio
1527 1349 1604 1386 tuo
1633 1357 1766 1397 super
1794 1346 1851 1387 fe-

1020 1413 1118 1441 mur
1145 1405 1280 1450 tuum,
1308 1400 1331 1425 *
1359 1401 1673 1452 potentissime,

1073 1457 1228 1509 Specie
1256 1461 1331 1498 tua
1356 1461 1399 1498 et
1426 1456 1750 1509 pulchritudine
1778 1463 1854 1499 tua

1021 1513 1045 1538 *
1082 1512 1275 1562 intende,
1311 1515 1525 1565 prospere
1563 1514 1773 1565 procede,
1811 1519 1854 1556 et

1022 1581 1167 1619 regna.

1074 1626 1263 1678 Propter
1283 1625 1524 1675 veritatem,
1546 1631 1590 1667 et
1607 1630 1853 1668 mansuetu-

1024 1681 1181 1731 dinem,
1211 1686 1254 1723 et
1282 1682 1503 1733 justitiam:
1536 1682 1560 1708 *
1593 1687 1637 1724 et
1665 1682 1855 1725 deducet

1024 1742 1069 1779 te
1095 1737 1351 1779 mirabiliter
1380 1737 1562 1779 dextera
1589 1744 1675 1780 tua.

1077 1794 1257 1844 Sagittae
1274 1798 1363 1835 tuae
1379 1797 1530 1843 acutae,
1544 1795 1698 1847 populi
1713 1795 1794 1836 sub
1810 1800 1854 1836 te

1025 1849 1194 1899 cadent,
1210 1850 1288 1890 *in
1299 1849 1435 1891 corda
1446 1850 1721 1892 inimicerum
1731 1851 1857 1902 regis.

1077 1905 1214 1947 Sedes
1234 1910 1310 1947 tua
1327 1906 1449 1947 Deus
1476 1906 1520 1946 in
1544 1907 1754 1948 saeculum
1778 1909 1855 1948 sae-

1026 1961 1128 2002 culi:
1155 1962 1179 1987 *
1206 1962 1330 2012 virga
1358 1961 1610 2003 directionis
1642 1963 1765 2014 virga
1792 1976 1856 2004 re-

1025 2017 1099 2068 gni
1125 2017 1199 2059 tui.

1077 2073 1282 2114 Dilexisti
1306 2073 1523 2124 justitiam,
1551 2079 1596 2115 et
1623 2074 1755 2116 odisti
1782 2075 1856 2115 ini—

1029 2129 1255 2181 quitatem:
1266 2129 1289 2154 *
1299 2131 1537 2181 propterea
1549 2131 1672 2172 unxit
1682 2136 1725 2172 te
1736 2131 1857 2172 Deus

1026 2185 1147 2226 Deus
1175 2190 1275 2226 tuus
1310 2185 1410 2226 oleo
1438 2185 1604 2227 laetitiae
1626 2199 1729 2238 prae
1758 2199 1856 2228 con-

1027 2240 1219 2282 sortibus
1241 2241 1344 2282 tuis.

1079 2296 1268 2348 Myrrha,
1298 2302 1341 2338 et
1368 2301 1502 2347 gutta,
1531 2302 1575 2339 et
1602 2297 1720 2338 casia
1743 2310 1769 2338 a
1788 2309 1857 2337 ve-

1028 2353 1243 2394 stimentis
1261 2353 1358 2402 tuis,
1376 2366 1402 2394 a
1417 2352 1620 2394 domibus
1640 2353 1857 2394 eburneis:

1028 2409 1052 2434 *
1070 2421 1124 2449 ex
1153 2408 1310 2461 quibus
1331 2409 1659 2451 delectaverunt
1683 2414 1727 2450 te
1755 2408 1858 2449 filiae

1029 2477 1181 2515 regum
1200 2465 1252 2505 *in
1279 2465 1448 2506 honore
1475 2470 1564 2506 tuo.

1081 2520 1234 2562 Astitit
1266 2523 1416 2571 regina
1448 2534 1475 2562 a
1502 2520 1668 2563 dextris
1702 2520 1786 2562 tuis
1813 2520 1857 2559 in

1030 2579 1191 2618 vestitu
1210 2576 1437 2618 deaurato:
1454 2577 1479 2603 *
1499 2575 1767 2618 circumdata
1786 2587 1856 2615 va—

1030 2632 1196 2674 rietate.

1082 2687 1202 2729 Audi
1222 2688 1322 2737 filia,
1345 2693 1389 2730 et
1407 2687 1518 2738 vide,
1539 2692 1583 2729 et
1605 2687 1763 2728 inclina
1786 2698 1856 2726 au-
