2040 2976
689 204 892 237 Dominicn
918 204 1002 238 XV.
1027 208 1116 246 post
1140 203 1406 237 Pentecosten.

486 298 637 338 Lectio
659 299 713 338 ix.

236 357 336 405 deo,
364 355 520 407 inquit,
549 353 649 396 dieo
669 354 813 405 vobis,
838 367 924 396 non
944 354 1016 395 ha-

250 413 356 453 bere
391 410 734 452 sollicitudinem
760 411 917 452 animae
946 424 1015 452 ve-

186 474 289 510 strae
322 467 429 520 quid
465 467 625 516 edatis,
665 479 809 519 neque
841 467 1017 519 corpori

185 530 334 566 vestro
378 522 485 575 quid
526 522 734 564 induatis:
788 535 843 564 ne
886 523 1016 572 forte,

187 580 388 633 quamvis
415 581 501 632 jam
532 579 755 632 superflua
782 592 871 620 non
901 591 1016 631 quae-

184 639 344 685 rantur,
363 641 548 688 propter
564 635 660 687 ipsa
676 635 925 676 necessaria
940 647 1017 676 cor

184 692 443 745 duplicetur,
463 697 507 733 et
522 690 579 733 ad
593 692 690 744 ipsa
705 690 1016 743 conquirenda,

184 754 335 790 nostra
355 747 673 799 detorqueatur
691 747 888 796 intentio,
917 760 1015 788 cum

185 803 353 856 aliquid
388 804 513 856 quasi
540 803 884 845 misericorditer
913 815 1015 855 ope-

183 863 347 902 ramur:
381 859 427 901 id
461 865 544 910 est,
577 865 626 901 ut
657 873 757 901 cum
785 858 1016 900 consulere

183 917 313 957 alicui
362 916 502 957 videri
546 915 766 965 volumus,
816 920 1016 956 nostrum

184 972 527 1014 emolumentum
546 971 606 1013 ibi
626 972 789 1024 potius,
818 984 950 1023 quam
968 970 1015 1011 il-

183 1028 266 1069 lius
285 1028 520 1070 utilitatem
538 1027 835 1077 attendamus;
855 1032 899 1069 et
912 1025 1015 1068 ideo
1080 1050 1083 1061 ι

182 1084 312 1126 nobis
330 1097 419 1125 non
439 1083 668 1125 videamur
687 1086 893 1136 peccare,
914 1082 1016 1134 quia
1080 1093 1083 1126 !

182 1153 271 1181 non
290 1140 522 1192 superflua,
543 1140 623 1181 sed
638 1140 888 1181 necessaria
903 1143 1015 1188 sunt,

184 1209 283 1248 quae
303 1196 514 1248 consequi
532 1196 746 1237 volumus.

237 1257 301 1299 Te
320 1257 464 1298 Deum
485 1256 727 1297 laudamus.
748 1257 807 1296 13.

236 1316 307 1356 Ad
332 1316 495 1357 Bened.
532 1318 631 1358 Ant.
669 1316 815 1358 Nolite
841 1315 1016 1357 solliciti

185 1385 299 1422 esse,
318 1373 342 1397 *
363 1371 572 1413 dieentes:
597 1372 714 1423 Quid
734 1371 1015 1414 manducabi-

183 1441 297 1478 mus,
324 1433 399 1469 aut
419 1427 525 1480 quid
544 1427 771 1470 bibemus?
797 1429 879 1470 scit
899 1429 1016 1469 enim

182 1485 314 1526 Pater
342 1489 506 1534 vester,
544 1483 651 1536 quid
678 1484 806 1526 vobis
834 1486 1016 1526 necesse

183 1541 250 1590 sit,
270 1540 453 1592 alleluja.

236 1598 286 1649 V.
318 1601 536 1642 Dominus
564 1601 779 1652 regnavit,
808 1601 1016 1643 decorem

184 1656 334 1698 induit.
389 1658 439 1710 Ru
472 1656 620 1698 Induit
647 1657 863 1698 Dominus
895 1658 1014 1699 forti-

183 1713 391 1763 tudinem,
412 1719 456 1755 et
475 1714 708 1766 praecinxit
727 1727 775 1755 se
795 1715 967 1756 virtute.

238 1776 308 1817 Ad
342 1776 515 1826 Magnis.
556 1777 657 1818 Ant.
704 1775 897 1826 Quaerite
930 1775 1015 1827 pri-

183 1844 304 1871 mum
335 1831 359 1856 *
391 1843 573 1880 regnum
604 1831 689 1872 Dei
727 1835 771 1872 et
807 1831 1015 1883 justitiam

183 1887 291 1938 ejuS‚
318 1891 361 1927 et
385 1886 481 1927 haec
501 1887 646 1928 omnia
664 1886 922 1938 adjicientur
941 1900 1014 1929 vo-

182 1942 249 1983 bis
285 1942 468 1993 allehija.

237 1974 287 2045 §s-
301 1998 526 2049 Dirigatur
541 1999 730 2040 Domine
746 1999 889 2040 oratio
906 2012 1015 2041 mea.

184 2055 235 2106 R.
271 2054 394 2095 Sicut
430 2054 656 2095 incensum
689 2055 733 2096 in
771 2057 1015 2107 conspectu

182 2114 272 2150 tuo.

479 2167 753 2194 -.-.0.433>s‚*„

393 2240 669 2290 Dominica
690 2241 804 2290 XV.

292 2313 434 2360 post
475 2308 906 2350 Pentecosten.

519 2373 683 2414 Oratio.

184 2429 472 2534 Ecclesiam
508 2437 627 2473 tuam
663 2433 852 2475 Domine
888 2436 1014 2476 mise-

283 2488 398 2529 ratio
444 2489 699 2530 continuata
743 2490 926 2532 mundet
971 2496 1015 2532 et

183 2544 363 2585 maniat:
396 2548 440 2585 et
473 2544 575 2595 quia
608 2544 701 2594 sine
728 2549 772 2586 te
800 2559 888 2586 non
918 2552 1014 2598 pot-

183 2605 250 2642 est
283 2599 405 2641 salva
438 2602 696 2650 consistere,
733 2606 810 2642 tuo
841 2614 1015 2654 semper

182 2659 363 2696 munere
409 2655 686 2705 gubernetur.
740 2657 825 2698 Per
865 2658 1014 2698 Domi-

182 2725 286 2752 num
305 2717 518 2753 nostrum.

1072 306 1226 347 Lectio
1251 306 1391 347 sancti
1409 305 1638 356 Evangelii
1660 305 1902 348 secundum

1397 362 1575 403 Lucam.

1175 435 1329 476 Lectio
1350 436 1419 476 vii.
1591 435 1695 488 Cap.
1709 437 1745 477 7.
1760 436 1800 477 b.

1069 501 1145 606 In
1164 505 1240 546 illo
1263 506 1479 556 tempore:
1502 504 1603 547 Ibat
1620 503 1646 545 J
1649 516 1750 546 esus
1773 504 1817 544 in
1842 503 1899 544 ci-

1135 562 1332 610 vitatem,
1361 573 1460 612 quae
1484 562 1669 602 vocatur
1683 560 1830 601 Na‘im:
1856 564 1900 601 et

1068 617 1190 659 ibant
1210 630 1308 658 cum
1328 629 1381 658 eo
1402 616 1607 670 discipuli
1626 617 1728 668 ejus,
1750 621 1794 658 et
1811 620 1898 657 tur—

1068 673 1126 715 ba
1145 674 1337 726 copiosa.
1365 673 1422 714 Et
1441 672 1622 725 reliqua.

1178 767 1365 810 Homilia
1393 767 1533 808 sancti
1562 765 1797 818 Augustini

1371 823 1595 876 Episcopi.

1147 899 1331 933 Sermone
1353 898 1405 932 44.
1427 898 1474 932 de
1491 896 1634 931 Verbis
1655 896 1829 939 Domini,

1347 946 1449 981 circa
1466 945 1629 979 initium.

1080 1031 1083 1041 .
1106 1029 1156 1060 ..¹
1201 1017 1224 1045 e
1253 1004 1408 1055 juvene
1436 1004 1511 1045 illo
1537 1004 1801 1046 resuscitato
1826 1017 1898 1056 ga—

1079 1068 1083 1086 ¹
1101 1062 1159 1108 „T‘JJJ
1217 1062 1312 1101 visa
1329 1065 1398 1102 est
1416 1065 1558 1102 mater
1576 1059 1724 1102 vidua:
1749 1059 1804 1103 de
1822 1060 1899 1102 ho-

1216 1115 1407 1158 minibus
1438 1116 1483 1157 in
1515 1117 1673 1169 spiritu
1702 1116 1900 1168 quotidie

1068 1172 1291 1214 suscitatis
1323 1172 1486 1223 gaudet
1517 1178 1658 1215 mater
1690 1173 1900 1214 Ecclesia.

1067 1228 1147 1269 Ille
1168 1227 1347 1280 quidem
1364 1230 1563 1270 mortuus
1583 1234 1677 1271 erat
1696 1231 1900 1282 corpore:

1067 1283 1129 1325 illi
1154 1289 1301 1326 autem
1322 1289 1479 1326 mente.
1511 1284 1636 1326 Illius
1659 1297 1781 1326 mors
1800 1285 1900 1326 visi—

1068 1339 1169 1381 bilis
1201 1339 1434 1382 visibiliter
1464 1340 1771 1393 plangebatur:
1806 1340 1899 1389 illo-

1067 1409 1165 1437 rum
1183 1408 1303 1437 mors
1321 1395 1551 1438 invisibilis
1574 1409 1656 1438 nec
1676 1396 1900 1449 quaereba-

1068 1457 1155 1502 tur,
1182 1465 1265 1494 nec
1291 1451 1535 1494 videbatur.
1577 1452 1791 1504 Quaesivit
1816 1452 1901 1503 ille,

1070 1509 1145 1561 qui
1176 1510 1362 1550 noverat
1393 1510 1605 1551 mortuos.
1667 1509 1748 1552 Ille
1779 1509 1900 1552 solus

1068 1567 1253 1607 noverat
1279 1566 1496 1615 mortum,
1530 1565 1605 1617 qui
1635 1567 1813 1618 poterat
1839 1565 1899 1607 fa-

1069 1633 1169 1663 cere
1188 1621 1327 1662 vivos.
1359 1620 1458 1662 Nisi
1484 1621 1600 1662 enim
1623 1621 1681 1663 ad
1699 1624 1900 1664 mortuos

1069 1675 1348 1719 suscitandos
1394 1679 1603 1728 venisset,
1655 1678 1901 1731 Apostolus

1068 1747 1157 1775 non
1175 1733 1357 1775 diceret:
1382 1734 1532 1785 Surge,
1559 1734 1634 1786 qui
1654 1733 1833 1784 dormis,
1858 1740 1902 1776 et

1069 1793 1257 1840 exsurge
1286 1803 1312 1831 a
1340 1790 1541 1840 mortuiS,
1568 1795 1612 1833 et
1638 1790 1900 1833 illuminabit

1067 1851 1112 1888 te
1132 1845 1345 1888 Christus.

1362 1918 1514 1977 Lectio
1533 1918 1618 1959 viii.

1071 1979 1221 2085 Tres
1253 1989 1401 2026 autem
1430 1986 1630 2026 mortuos
1656 1985 1901 2028 invenimus

1159 2054 1184 2082 a
1204 2041 1395 2082 Domino
1416 2041 1704 2083 resuscitatos
1723 2042 1900 2085 visibili-

1067 2102 1155 2147 ter,
1187 2096 1322 2138 millia
1354 2096 1640 2139 invisibiliter.
1682 2099 1801 2149 Quot
1827 2112 1899 2144 au-

1067 2158 1158 2195 tem
1181 2155 1382 2194 mortuos
1407 2152 1638 2195 visibiliter
1663 2155 1899 2197 suscitave-

1068 2210 1134 2259 rit,
1163 2209 1260 2261 quis
1286 2206 1433 2250 novit?
1469 2208 1573 2250 Non
1601 2210 1717 2251 enim
1745 2211 1899 2263 omnia,

1069 2279 1167 2318 quae
1201 2265 1318 2315 fecit,
1351 2264 1518 2318 scripta
1549 2271 1661 2308 sunt.
1706 2267 1731 2307 J
1734 2269 1900 2310 oannes

1067 2322 1153 2363 hoc
1181 2321 1308 2363 dixit:
1347 2320 1486 2362 Multa
1513 2321 1599 2362 alia
1625 2322 1729 2364 fecit
1755 2323 1899 2365 Jesus:

1068 2390 1168 2430 quae
1188 2377 1226 2418 si
1246 2377 1413 2429 scripta
1432 2382 1598 2428 essent,
1624 2378 1814 2421 arbitror
1832 2384 1897 2421 to-

1065 2439 1159 2475 tum
1178 2431 1390 2474 mundum
1408 2445 1497 2474 non
1520 2446 1655 2486 posse
1673 2434 1811 2476 libros
1830 2437 1897 2476 ca-

1066 2503 1185 2542 pere.
1218 2488 1345 2530 Multi
1369 2501 1474 2540 ergo
1493 2494 1595 2532 sunt
1614 2490 1689 2531 alii
1707 2490 1801 2532 sine
1821 2490 1896 2532 du-

1068 2546 1141 2587 bio
1166 2545 1381 2594 suscitati,
1409 2545 1490 2586 sed
1512 2558 1600 2587 non
1621 2550 1713 2587 tres
1735 2546 1898 2588 frustra

1067 2601 1410 2643 commemorati.
1445 2601 1661 2643 Dominus
1684 2602 1799 2643 enim
1822 2615 1896 2644 no-

1067 2663 1157 2698 ster
1180 2657 1310 2698 Jesus
1336 2655 1536 2698 Christus
1565 2670 1617 2698 ea
1643 2670 1741 2709 quae
1769 2658 1896 2700 facie-

1066 2712 1143 2754 bat
1163 2712 1466 2765 corporaliter,
1491 2713 1624 2754 etiam
1641 2713 1897 2766 spiritaliter
