2040 2976
178 211 278 255 [310]

233 306 332 345 Ant.
369 304 651 356 Suseepimus
687 304 809 345 Deus
844 302 1009 344 miseri-

627 211 831 245 Dominicu
854 210 917 244 III.
942 210 1047 244 Julii.
1094 209 1151 244 Ss.
1176 207 1458 251 Redemptoris.

1113 302 1357 354 Propterea
1386 314 1475 343 non
1507 300 1757 343 timebimus
1786 299 1890 341 dum

179 360 375 403 cordiam
395 366 516 402 tuam
535 361 579 401 in
597 359 745 402 medio
765 359 918 412 templi
933 360 1009 401 tui.
1060 357 1310 400 turbabitur
1338 362 1475 400 terra:
1508 359 1532 385 *
1563 362 1606 399 et
1632 356 1892 399 transferen-

233 425 330 463 Ant.
359 423 427 463 Tu
452 435 499 463 es
525 422 619 475 ipse
643 422 742 463 Rex
766 434 907 471 meus,
935 421 1009 474 qui

178 478 361 520 mandas
389 479 555 520 salutes
582 479 626 519 in
653 477 802 520 Jacob.

451 548 651 587 Psulmus
670 548 734 586 23.

267 609 401 650 omini
433 613 501 650 est
533 613 668 658 terra,
703 613 748 650 et
780 605 1008 660 plenitudo

289 666 395 718 ejus:
418 666 442 691 *
465 665 585 707 orbis
605 666 833 712 terrarum,
857 668 900 705 et
920 662 1008 703 uni-

179 722 294 763 versi
314 722 388 775 qui
406 722 606 764 habitant
624 722 668 762 in
687 733 752 763 eo.

231 779 342 830 Quia
369 779 465 831 ipse
493 791 626 831 super
650 777 787 819 maria
811 775 1010 818 funda-vit

179 848 294 878 eum:
313 836 336 861 *
357 841 401 878 et
429 848 562 888 super
586 835 765 876 flumina
789 833 1010 886 praepara-

179 893 242 934 vit
261 905 371 934 eum.

202 949 339 1000 ‘Quis
378 947 586 990 ascendet
619 948 663 988 in
694 951 890 988 montem
922 945 1009 986 Do-

179 1003 310 1046 mini?
353 1007 376 1031 *
413 1010 488 1047 aut
525 1004 622 1057 quis
660 1003 794 1045 stabit
829 1003 873 1044 in
908 1002 1009 1044 loco

181 1068 334 1104 sancto
362 1060 474 1115 ejus?
686 1103 690 1106 ,

232 1120 449 1161 Innocens
494 1117 695 1159 manibus
750 1122 793 1159 et
845 1115 1010 1158 mundo

181 1176 331 1227 corde,
359 1178 382 1203 *
415 1175 489 1228 qui
515 1187 604 1216 non
629 1174 803 1227 accepit
828 1173 873 1214 in
896 1184 1010 1214 vano

180 1234 367 1274 animam
389 1245 527 1282 suam,
551 1244 635 1273 nec
659 1231 818 1283 juravit
842 1231 886 1271 in
906 1228 1011 1271 dolo

180 1290 384 1343 proximo
411 1301 502 1330 suo.

232 1347 318 1388 Hic
364 1346 551 1399 accipiet
590 1343 945 1386 benedictionem
987 1355 1012 1383 a

180 1403 387 1445 Domino:
406 1404 430 1430 *
450 1407 494 1444 et
507 1401 856 1443 misericordiam
874 1413 899 1441 a
913 1400 1012 1442 Deo

182 1460 363 1502 salutari
381 1472 474 1501 suo.

232 1517 343 1558 Haec
372 1522 439 1558 est
469 1515 695 1568 generatio
726 1513 1014 1567 quaerentium

183 1587 301 1623 eum,
343 1575 366 1601 *
404 1573 695 1625 quaerentium
735 1572 894 1613 faciem
930 1571 1014 1612 Dei

181 1631 333 1673 Jacob.

235 1686 438 1729 Attollite
478 1691 632 1739 portas
678 1685 902 1739 principes
942 1697 1012 1726 ve-

183 1749 313 1795 stras,
342 1749 385 1786 et
410 1743 641 1785 elevamini
663 1747 807 1796 portae
832 1743 1013 1784 aeterna-

183 1801 262 1843 les:
281 1802 304 1827 *
326 1805 368 1842 et
387 1799 586 1842 introibit
605 1799 703 1841 Rex
721 1799 885 1850 gloriae.

236 1862 342 1912 Quis
369 1866 435 1903 est
458 1861 542 1902 iste
561 1861 660 1902 Rex
684 1858 861 1912 gloriae?
881 1861 905 1887 *
924 1860 1013 1901 Do-

183 1919 326 1960 minus
357 1918 483 1960 fortis
515 1923 559 1959 et
586 1922 765 1970 potens:
798 1917 1015 1958 Dominus

184 1981 344 2028 potens
362 1975 405 2015 in
425 1974 591 2027 praelio.

237 2031 440 2074 Attollite
484 2036 639 2084 portas
679 2031 902 2084 principes
943 2043 1014 2072 ve-

186 2093 315 2139 stras,
342 2093 385 2130 et
409 2088 639 2130 elevamini
663 2093 806 2140 portae
833 2089 1014 2130 aeterna-

185 2144 266 2187 les:
284 2146 307 2170 *
328 2151 371 2187 et
390 2144 586 2187 introibit
605 2144 703 2186 Rex
723 2145 886 2197 gloriae.

238 2206 346 2256 Quis
371 2210 438 2247 est
461 2205 544 2247 iste
563 2205 661 2246 Rex
679 2205 859 2257 gloriae?
879 2207 902 2233 *
922 2205 1016 2246 Dfis

189 2263 399 2305 virtutum
416 2262 512 2314 ipse
532 2267 599 2303 est
618 2263 716 2304 Rex
734 2262 898 2314 gloriae.

239 2323 340 2363 Ant.
368 2322 436 2364 Tu
459 2335 506 2364 es
531 2323 627 2375 ipse
650 2323 747 2364 Rex
773 2336 914 2374 meus,
943 2323 1017 2376 qui

186 2378 369 2421 mandas
388 2379 553 2421 salutes
571 2380 615 2419 in
633 2379 784 2422 Jacob.

242 2441 340 2481 Ant.
388 2440 573 2481 Immola
610 2440 707 2482 Deo
753 2441 1017 2482 sacrificium

186 2497 340 2547 laudis,
360 2502 403 2539 et
417 2497 555 2539 redde
569 2496 798 2538 Altissimo
813 2502 918 2540 vota
931 2502 1017 2539 tua.

457 2567 652 2607 I'salmus
682 2568 747 2606 45.

188 2621 355 2727 Deus
379 2632 530 2669 noster
549 2627 777 2678 refugium,
802 2632 845 2668 et
865 2627 1018 2668 virtus:

300 2686 324 2711 *
361 2684 535 2737 adjutor
571 2684 615 2724 in
651 2683 1018 2730 tribulationibus,

191 2754 289 2794 quae
308 2741 567 2782 invenerunt
585 2753 666 2782 nos
686 2740 825 2780 nimis.

1061 420 1131 456 tur
1150 419 1324 457 montes
1343 415 1387 455 in
1407 427 1484 456 cor
1503 414 1646 455 maris.

1112 475 1372 526 Sonuerunt,
1387 481 1431 517 et
1444 474 1634 517 turbAtae
1649 478 1751 515 sunt
1765 485 1893 526 aquae

1063 534 1232 574 eorum:
1260 534 1284 560 *
1312 531 1565 574 conturbati
1591 535 1694 573 sunt
1719 534 1894 572 montes

1062 589 1106 629 in
1126 588 1384 630 fortitudine
1403 589 1505 640 ejus.

1113 649 1325 691 Fluminis
1352 651 1544 702 impetus
1571 647 1766 690 laetificat
1791 646 1893 689 civi-

1061 708 1199 748 tatem
1218 707 1317 748 Dei:
1339 707 1363 732 *
1385 705 1675 748 sanctificavit
1693 703 1893 746 taberna-

1063 762 1209 804 culum
1227 776 1355 804 suum
1374 763 1640 805 Altissimus.

1113 824 1236 866 Deus
1253 825 1298 866 in
1312 823 1459 866 medio
1478 824 1580 877 ejus,
1598 835 1688 864 non
1703 834 1894 864 commo-

1062 880 1248 923 vebitur:
1267 883 1292 909 *
1311 879 1535 934 adjuvabit
1554 893 1651 922 eam
1665 879 1789 921 Deus
1807 890 1894 919 ma-

1062 950 1117 979 ne
1136 936 1340 979 diluculo.

1116 999 1403 1041 Conturbatae
1430 1003 1531 1040 sunt
1553 998 1738 1047 Gentes,
1766 1001 1811 1038 et
1834 995 1895 1037 in-

1064 1055 1226 1098 clinata
1249 1061 1350 1098 sunt
1371 1068 1520 1107 regna:
1544 1055 1568 1081 *
1593 1053 1717 1096 dedit
1739 1065 1896 1095 vocem

1064 1125 1199 1163 suam,
1217 1117 1339 1154 mota
1357 1117 1425 1154 est
1443 1117 1571 1154 terra.

1116 1174 1334 1215 Dominus
1362 1173 1575 1215 virtutum
1602 1171 1847 1214 nobiscum:
1874 1172 1898 1198 ¹⁸¹

1065 1232 1297 1283 susceptor
1316 1234 1468 1271 noster
1486 1229 1609 1271 Deus
1628 1227 1780 1270 Jacob.

1117 1292 1290 1341 Venite,
1315 1295 1359 1333 et
1381 1289 1527 1332 videte
1551 1291 1688 1343 opera
1709 1287 1899 1340 Domini,

1067 1361 1165 1401 quae
1184 1348 1335 1401 posuit
1349 1345 1552 1401 prodigia
1570 1359 1704 1400 super
1723 1350 1899 1388 terram:

1065 1407 1089 1433 *
1117 1405 1319 1447 auferens
1351 1403 1469 1447 bella
1499 1416 1641 1456 usque
1675 1402 1733 1445 ad
1766 1401 1899 1444 finem

1064 1468 1206 1504 terrae.

1118 1524 1284 1566 Arcum
1320 1524 1537 1572 comeret,
1575 1525 1620 1563 et
1655 1519 1900 1571 confringet

1067 1593 1202 1622 arma:
1219 1581 1243 1606 *
1264 1585 1308 1622 et
1326 1583 1451 1621 scuta
1470 1577 1702 1620 comburet
1719 1576 1820 1628 igni.

1118 1642 1304 1692 Vacate,
1333 1645 1377 1682 et
1403 1639 1550 1682 videte
1581 1638 1789 1692 quoniam
1816 1650 1899 1689 ego

1067 1712 1164 1740 sum
1178 1699 1313 1740 Deus:
1328 1698 1352 1723 *
1368 1696 1597 1739 exaltabor
1611 1696 1657 1737 in
1673 1694 1900 1745 Gentibus,

1068 1760 1112 1797 et
1131 1754 1361 1797 exaltabor
1378 1754 1423 1794 in
1441 1758 1570 1795 terra.

1118 1816 1336 1858 Dominus
1363 1815 1574 1857 virtutum
1601 1813 1848 1856 nobiscum:
1876 1813 1900 1839 *

1068 1875 1300 1926 susceptor
1317 1877 1470 1914 noster
1487 1871 1612 1913 Deus
1629 1869 1779 1912 Jacob.

1123 1940 1221 1981 Ant.
1266 1937 1453 1979 Immola
1493 1937 1592 1978 Deo
1637 1935 1902 1978 sacrificium

1068 1994 1222 2045 laudis,
1242 2000 1286 2037 et
1300 1993 1438 2036 redde
1452 1993 1681 2036 Alt1ssimo
1696 1998 1802 2035 vota
1814 1997 1902 2034 tua.

1123 2055 1174 2108 V.
1197 2060 1419 2102 Memento
1455 2058 1596 2100 nostri
1631 2057 1822 2099 Domine
1858 2056 1902 2097 in

1068 2116 1348 2169 beneplacito
1377 2115 1533 2169 populi
1559 2114 1634 2156 tui.
1680 2113 1731 2164 Rz.
1756 2113 1903 2156 Visita

1068 2186 1148 2215 nos
1176 2174 1220 2214 in
1249 2173 1432 2215 salutari
1457 2178 1547 2215 tuo.

1158 2260 1311 2302 Sermo
1331 2259 1470 2302 sancti
1488 2259 1650 2301 Leonis
1669 2246 1815 2311 Pa'pae.

1072 2326 1189 2361 Serm.
1203 2325 1229 2358 1.
1246 2324 1293 2358 de
1305 2323 1448 2366 jejunio
1462 2333 1497 2356 x.
1508 2321 1653 2356 mensis
1669 2324 1706 2355 et
1719 2320 1902 2355 collectis.

1377 2385 1530 2427 Lectio
1550 2385 1604 2425 iv.

1074 2455 1189 2501 fxi
1215 2455 1419 2506 fideliter,
1450 2454 1739 2504 dilectissimi,
1767 2458 1902 2506 atque

1079 2532 1163 2580 ἢ
1202 2512 1424 2565 sapienter
1465 2511 1699 2554 creationis
1735 2516 1902 2553 nostrae

1082 2573 1160 2598 Χῖ]
1200 2569 1494 2620 intelligamus
1519 2567 1761 2618 exordium,
1785 2567 1902 2608 inve-

1070 2627 1240 2668 niemus
1271 2625 1495 2667 hominem
1525 2624 1628 2667 ideo
1665 2623 1722 2670 ad
1752 2623 1901 2674 imagi-

1070 2695 1170 2724 nem
1190 2682 1274 2724 Dei
1293 2681 1532 2731 conditum,
1556 2687 1604 2723 ut
1622 2681 1817 2722 imitator
1835 2679 1903 2720 sui

1072 2744 1189 2781 esset
1212 2739 1421 2780 auctoris:
1449 2744 1494 2780 et
1518 2738 1631 2779 hanc
1659 2750 1757 2780 esse
1780 2741 1901 2777 natu-
