2040 2976
593 235 798 269 Dominica
822 234 886 268 111.
913 234 1018 268 Julii.
1065 234 1121 268 Ss.
1149 234 1428 277 Redemptoris.

154 335 292 377 ralem
308 331 449 380 nostri
467 331 640 383 generis
660 330 928 381 dignitatern,
947 329 984 370 si

152 393 197 433 in
216 390 344 433 nobis
364 388 490 441 quasi
513 388 557 428 in
579 385 771 440 quodam
791 386 984 439 speculo,

156 448 315 491 divinae
331 444 615 496 benignitatis
634 444 775 485 forma
793 442 984 496 resplen-

155 505 268 548 deat.
308 503 380 545 Ad
410 514 541 555 quam
571 499 768 552 quotidie
795 512 877 540 nos
905 499 984 541 uti-

157 574 241 614 que
260 562 436 613 reparat
455 557 595 609 gratia
611 555 862 604 Salvatoris‚
882 555 986 596 dum

157 617 277 671 quod
301 615 460 658 cecidit
483 615 527 655 in
550 612 696 654 Adam
720 612 880 664 primo,
906 614 984 653 eri-

155 675 271 726 gitur
290 674 334 715 in
352 671 560 714 secundo.
596 669 739 710 Causa
758 672 903 709 autem
921 681 984 709 re-

154 729 395 784 parationis
414 732 580 769 nostrae
599 738 688 767 non
709 730 786 774 est,
805 724 890 764 nisi
909 724 984 764 mi-

156 785 397 829 sericordia
415 784 510 834 Dei,
532 795 663 835 quem
681 793 770 822 non
790 780 985 831 diligere-

155 857 267 892 mus,
294 842 377 883 nisi
401 841 524 894 prius
546 852 628 881 nos
653 838 749 890 ipse
774 836 985 887 diligeret,

157 905 200 941 et
215 898 419 942 tenebras
439 895 698 948 ignorantiae
713 898 879 935 nostrae
895 906 985 935 suae

155 956 352 998 veritatis
371 954 469 995 luce
489 952 739 994 discuteret.

212 1021 263 1072 Rz.
280 1016 322 1057 A
345 1014 514 1057 dextris
539 1017 607 1054 est
631 1010 737 1052 mihi
760 1010 985 1060 Dominus,

155 1086 210 1115 ne
234 1073 531 1114 commovear:
554 1074 578 1098 *
602 1069 793 1120 Propter
816 1066 902 1107 hoc
925 1066 984 1107 di-

155 1129 342 1170 latatum
366 1132 433 1169 est
457 1139 534 1168 cor
553 1137 709 1174 meum,
734 1128 778 1165 et
798 1123 985 1164 exsulta-

155 1186 218 1227 vit
242 1185 390 1236 lingua
415 1195 525 1224 mea.
561 1182 611 1233 V.
639 1180 856 1222 Dominus
880 1193 985 1232 pars

154 1240 426 1284 haereditatis
457 1251 586 1288 meae,
623 1243 666 1280 et
703 1237 852 1279 calicis
889 1237 985 1278 mei.

154 1299 354 1351 Propter.

468 1351 620 1392 Lectio
640 1365 677 1391 v.

246 1406 438 1458 iligendo
469 1407 618 1458 itaque
649 1416 731 1445 nos
759 1404 896 1454 Deus,
931 1403 987 1445 ad

273 1463 507 1515 imaginem
536 1474 660 1504 suam
687 1473 769 1502 nos
797 1462 986 1513 reparat:

155 1526 199 1563 et
221 1526 269 1563 ut
291 1521 336 1562 in
354 1520 481 1562 nobis
500 1520 685 1561 formam
705 1530 797 1559 suae
817 1517 986 1559 bonita-

154 1577 211 1619 tis
229 1577 432 1627 inveniat,
457 1576 534 1618 dat
556 1575 674 1617 unde
691 1574 778 1627 ipsi
798 1587 986 1627 quoque,

156 1633 277 1686 quod
303 1635 527 1687 operatur,
556 1634 805 1686 operemur,
835 1633 984 1673 accen-

155 1689 264 1732 dens
296 1690 463 1732 scilicet
492 1689 702 1732 mentium
735 1690 986 1730 nostrarum

153 1747 365 1797 lucernas,
390 1752 434 1789 et
458 1747 558 1798 igne
577 1759 659 1788 nos
679 1758 771 1787 suae
791 1745 985 1787 caritatis

154 1804 445 1855 inflammans,
473 1809 521 1846 ut
544 1816 633 1845 non
661 1802 804 1844 solum
830 1801 985 1854 ipsum,

155 1859 234 1902 sed
259 1861 390 1902 etiam
417 1859 632 1913 quidquid
656 1859 809 1910 diligit,
834 1859 983 1909 diliga-
1048 1864 1057 1906 ᾗ,
1080 1873 1145 1911 0„

154 1930 262 1958 mus.
292 1917 408 1958 Nam
431 1917 468 1958 si
490 1917 603 1959 inter
621 1915 822 1958 homines
842 1928 894 1957 ea
913 1915 983 1957 de-

154 1986 274 2014 mum
293 1973 419 2015 firma
438 1974 629 2015 amicitia
648 1978 726 2023 est,
747 1985 879 2024 quam
893 1985 983 2013 mo-

155 2042 252 2070 rum
267 2029 506 2072 similitudo
521 2031 708 2080 sociarit,
724 2043 824 2071 cum
836 2034 984 2070 tamen

154 2086 352 2138 parilitas
384 2087 660 2129 voluntatum
693 2099 813 2139 saepe
844 2086 888 2127 in
921 2087 983 2127 re-

154 2142 321 2195 probos
352 2143 506 2186 tendat
537 2143 737 2186 affectus:
774 2147 984 2195 quantum

132 2199 281 2246 ,nobis
309 2199 568 2253 optandum,
597 2205 730 2253 atque
758 2198 985 2240 nitendum

155 2261 239 2307 est,
271 2262 320 2298 ut
351 2257 396 2298 in
422 2257 542 2299 nullo
571 2257 626 2299 ab
655 2258 726 2306 iis,
759 2269 858 2308 quae
887 2255 984 2296 Deo

155 2317 256 2354 sunt
270 2313 445 2365 placita,
462 2313 786 2366 discrepemus?
811 2313 878 2353 De
897 2324 984 2363 quo

155 2368 261 2411 dicit
279 2369 517 2423 Propheta:
542 2361 759 2421 Queniam
780 2369 845 2410 ira
863 2369 907 2409 in
924 2368 984 2408 in-

155 2424 407 2476 dignatione
436 2428 544 2480 ejus,
573 2431 616 2468 et
644 2427 735 2468 vita
764 2425 808 2466 in
834 2423 985 2466 volun-

154 2483 245 2523 tate
265 2482 367 2534 ejus,
388 2483 490 2535 quia
508 2496 597 2524 non
617 2482 742 2524 aliter
759 2480 888 2522 nobis
905 2480 985 2522 erit

156 2537 344 2597 dignitas
392 2539 552 2581 divinae
597 2538 857 2590 majestatis,
901 2536 985 2577 nisi

155 2590 340 2632 1mitatio
369 2591 498 2634 fuerit
525 2591 773 2633 voluntatis.

156 2660 160 2666 ·
214 2646 410 2700 RhApud
428 2649 666 2689 Dominum
684 2645 984 2687 misericordia

162 2703 251 2744 *Et
270 2704 451 2756 copiosa
470 2703 589 2757 apud
609 2716 709 2745 eum
726 2701 984 2754 redemptio.

162 2754 212 2806 V.
229 2759 430 2802 Humiles
449 2761 605 2813 spiritu
624 2758 823 2801 salvabit.
850 2758 918 2799 Et.

1340 331 1490 371 Lectio
1512 331 1562 369 vi.

1132 389 1274 431 icente
1297 392 1445 441 itaque
1467 390 1674 431 Domino:
1699 390 1866 441 Diliges

1147 445 1385 486 Dominum
1399 446 1542 487 Deum
1561 450 1683 487 tuum
1701 459 1755 487 ex
1769 451 1865 488 toto

1038 501 1172 543 corde
1191 506 1280 551 tuo,
1299 506 1343 543 et
1363 515 1417 544 ex
1434 507 1530 544 tota
1547 507 1692 544 mente
1712 508 1804 553 tua;
1823 507 1867 544 et

1038 557 1195 609 diliges
1219 558 1466 610 proximum
1485 562 1608 599 tuum
1627 559 1740 601 sicut
1758 561 1866 611 teip—

1038 627 1144 663 sum,
1166 614 1375 666 suscipiat
1394 614 1536 655 fidelis
1556 615 1700 656 anima
1720 618 1866 657 aucto-

1037 670 1096 711 ris
1122 671 1188 711 sui
1214 675 1345 721 atque
1369 671 1554 712 rectoris
1578 671 1866 713 immarcesci-

1038 726 1171 769 bilem
1182 727 1421 776 caritatem‚
1436 730 1665 779 totamque
1676 741 1723 770 se
1735 729 1867 770 etiam

1039 785 1131 836 ejus
1168 783 1369 835 subjiciat
1400 783 1631 834 voluntati,
1667 785 1710 825 in
1747 786 1867 837 cujus

1039 840 1246 892 operibus
1273 845 1405 892 atque
1424 839 1593 891 judiciis
1613 840 1719 881 nihil
1738 846 1866 882 vacat

1038 910 1064 938 a
1087 897 1273 938 veritate
1296 896 1487 947 justitiae,
1512 896 1618 936 nihil
1642 910 1666 938 a
1691 898 1865 938 misera-

1037 953 1157 995 tione
1173 953 1428 994 clementiae.
1451 953 1667 1002 Quoniam
1683 954 1764 994 etsi
1780 967 1866 994 ma-

1038 1010 1134 1060 gnis
1158 1010 1255 1062 quis
1280 1009 1519 1059 laboribuS,
1545 1014 1589 1051 et
1607 1010 1754 1051 multis
1773 1010 1867 1051 fati—

1038 1068 1164 1117 getur
1199 1064 1511 1116 incommodis,
1551 1065 1669 1107 bona
1705 1072 1772 1107 est
1807 1066 1868 1106 illi

1039 1135 1171 1164 causa
1202 1122 1437 1171 tolerandi,
1476 1122 1550 1173 qui
1587 1135 1634 1163 se
1671 1122 1868 1164 adversis

1038 1179 1109 1221 vel
1128 1178 1288 1229 corrigi
1307 1177 1517 1229 intelligit,
1538 1178 1607 1220 vel
1625 1179 1816 1231 probari.

1092 1247 1141 1298 R„
1161 1239 1462 1281 Rememorati
1486 1244 1600 1289 sunt,
1626 1240 1728 1292 quia
1746 1241 1867 1282 Deus

1039 1295 1212 1347 adjutor
1241 1300 1307 1337 est
1334 1297 1501 1337 eorum:
1526 1303 1547 1325 *
1571 1296 1627 1338 Et
1651 1297 1771 1338 Deus
1797 1310 1866 1338 ex-

1040 1353 1182 1394 celsus
1197 1352 1473 1405 Redemptor
1489 1354 1641 1394 eorum
1655 1358 1731 1395 est.
1754 1352 1868 1402 vEt

1039 1410 1162 1462 pavit
1186 1422 1263 1451 eos
1288 1409 1332 1449 in
1356 1409 1605 1451 innocentia
1625 1409 1771 1451 cordis
1790 1411 1867 1451 sui.

1039 1467 1106 1508 Et.
1135 1466 1288 1509 Gloria
1305 1465 1435 1506 Patri.
1462 1465 1530 1507 Et.

1257 1545 1306 1583 In
1334 1544 1403 1583 ΙΙΙ.
1433 1543 1654 1582 Nocturno.

1095 1608 1193 1648 Ant.
1226 1607 1320 1656 Ego
1354 1609 1501 1646 autem
1528 1603 1585 1645 ad
1612 1604 1755 1645 Deum
1783 1604 1865 1644 cla·
1917 1653 1918 1656 Ἴ

1038 1663 1166 1713 mavi,
1195 1667 1239 1704 et
1263 1661 1478 1702 Dominus
1507 1659 1693 1701 salvavit
1721 1672 1801 1701 me.

1305 1730 1503 1771 Psalmus
1532 1729 1603 1769 60.

1044 1800 1127 1848 ³125...
1158 1792 1289 1835 xaudi
1336 1791 1457 1833 Deus
1510 1790 1865 1843 deprecationem

1130 1848 1146 1880 {-
1183 1862 1345 1891 meam:
1390 1850 1414 1875 *
1457 1847 1633 1888 intende
1679 1847 1863 1888 orationi

1044 1928 1150 1933 Q
1183 1919 1305 1947 meae.

1090 1970 1131 2010 A
1157 1967 1316 2009 finibus
1348 1971 1478 2008 terrae
1507 1964 1563 2006 ad
1589 1969 1633 2006 te
1665 1963 1864 2005 clamavi:

1038 2027 1062 2053 *
1096 2024 1200 2066 dum
1233 2023 1480 2065 anxiaretur
1514 2034 1590 2063 cor
1624 2033 1785 2070 meum,
1820 2019 1864 2060 in

1037 2086 1162 2134 petra
1191 2079 1392 2122 exaltasti
1418 2091 1500 2121 me.

1089 2136 1321 2179 Deduxisti
1335 2148 1415 2186 me,
1434 2134 1534 2188 quia
1548 2134 1688 2175 factus
1700 2145 1747 2174 es
1762 2145 1864 2185 spes

1037 2207 1151 2235 mea:
1179 2194 1203 2221 *
1233 2193 1363 2234 turris
1396 2190 1662 2233 fortitudinis
1696 2202 1721 2230 a
1753 2188 1864 2230 facie

1038 2249 1207 2291 inimici.
1311 2278 1313 2281 ψ

1089 2304 1350 2347 Inhabitabo
1386 2304 1430 2345 in
1466 2302 1749 2345 tabernaculo
1785 2306 1862 2342 tuo

1038 2364 1081 2404 in
1097 2362 1273 2403 saecula:
1292 2362 1316 2389 *
1333 2363 1540 2414 protegar
1558 2360 1602 2400 in
1618 2358 1862 2400 velamento
1916 2357 1919 2402 J

1038 2419 1206 2461 alarum
1231 2419 1416 2459 tuarum.
1915 2413 1918 2429 ‘

1090 2474 1306 2525 Quoniam
1337 2479 1386 2515 tu
1418 2474 1540 2515 Deus
1576 2483 1699 2512 meus
1734 2481 1861 2510 exau-

1039 2532 1140 2573 disti
1150 2531 1392 2572 orationem
1401 2543 1560 2571 meam:
1573 2530 1597 2556 *
1608 2525 1766 2568 dedisti
1775 2523 1861 2565 hae-

1038 2587 1270 2629 reditatem
1285 2585 1536 2628 timentibus
1554 2595 1712 2625 nomen
1727 2586 1862 2622 tuum.

1088 2644 1194 2685 Dies
1229 2656 1362 2696 super
1394 2642 1487 2684 dies
1524 2639 1637 2690 regis
1671 2637 1861 2689 adjicies:

1037 2702 1061 2728 *
1089 2713 1225 2742 annos
1253 2701 1343 2752 ejus
1363 2710 1501 2750 usque
1528 2697 1572 2737 in
1599 2694 1715 2736 diem
1733 2705 1860 2744 gene-

1037 2757 1215 2798 rationis
1243 2761 1286 2798 et
1312 2752 1613 2806 generationis.
