2040 2976
176 207 242 242 436

179 313 369 341 mamma
383 299 594 341 abscedit.
613 300 715 340 Non
730 298 907 348 eisdem,
924 299 1013 352 qui-

179 357 261 398 bus
295 369 394 404 nos,
428 356 635 397 aerumnis
667 356 897 408 premitur,
932 368 1014 396 nec

178 413 465 465 pecuniarum
493 413 677 464 jactura,
708 412 931 463 rebusque
960 411 1013 452 si-

179 469 373 518 milibus,
406 481 488 510 nec
521 469 696 519 iisdem,
730 468 889 520 quibus
921 481 1014 517 nos,

180 526 308 566 fluxis
328 525 460 567 rebus
480 525 672 575 laetatur,
694 537 838 576 neque
858 527 1013 577 corpo-

179 595 276 623 rum
295 582 669 635 pulchritudinem
685 582 877 623 miratur.
904 581 1014 622 Ideo

180 639 372 681 dicebat:
399 639 576 680 Talium
601 644 667 680 est
693 639 808 680 enim
832 651 1015 690 regnum

180 695 406 745 coelorum,
425 701 474 738 ut
493 709 548 737 ex
567 695 800 748 proposito
815 695 1014 736 volunta-

179 753 236 794 tis
260 752 334 793 illa
359 754 611 805 operemur,
640 765 740 804 quae
758 755 917 792 natura
937 764 1016 792 sua

179 810 307 862 pueri
326 809 502 850 faciunt.

236 869 285 919 Rg.
302 865 398 907 Sint
412 865 551 907 lumbi
565 865 702 906 vestri
716 864 956 917 praecincti,
971 869 1015 905 et

179 922 372 964 lucernae
406 922 613 963 ardentes
641 922 686 962 in
713 921 916 962 manibus
943 933 1013 962 ve-

182 980 301 1020 stris:
313 982 335 1005 *
347 979 404 1020 Et
418 991 498 1020 vos
511 979 676 1020 similes
690 977 941 1019 hominibus
953 990 1017 1018 ex-

182 1035 489 1089 spectantibus
503 1035 730 1077 dominum
740 1048 879 1084 suum,
891 1047 1017 1086 quan·

182 1092 240 1134 do
256 1095 507 1134 revertatur
522 1105 547 1133 a
562 1092 741 1144 nuptiis.
757 1087 807 1138 Y.
820 1091 1017 1142 Vigilate

183 1149 301 1201 erg'o,
317 1149 420 1200 quia
438 1149 618 1190 nescitis
637 1162 724 1200 qua
742 1148 853 1189 hora
867 1148 1016 1188 Domi-

182 1219 264 1246 nus
281 1211 428 1247 vester
444 1208 657 1247 venturus
672 1205 741 1246 sit.
768 1205 836 1245 Et.
865 1203 1018 1245 Gloria

180 1263 312 1303 Patri.
350 1263 418 1303 Et.

487 1313 638 1353 Lectio
659 1314 712 1353 ix.

184 1357 340 1481 Quia
360 1377 476 1418 enim
494 1375 702 1428 pharisaei
721 1388 810 1416 non
828 1375 1016 1424 aliunde,

277 1446 409 1485 quam
429 1446 455 1473 a
473 1433 679 1484 nequitia,
702 1437 746 1472 et
765 1432 1017 1482 arrogantia

180 1490 238 1532 ad
263 1489 483 1541 agendum
505 1489 777 1538 ferebantur,
803 1488 906 1530 ideo
925 1488 1015 1530 ubi-

181 1560 267 1598 que
288 1546 531 1598 discipulos
552 1557 658 1586 suos
679 1545 903 1597 simplices
919 1558 1016 1586 esse

180 1603 310 1654 jubet,
330 1602 519 1654 illosque
535 1601 794 1651 subindicat,
815 1601 920 1642 dum
935 1601 1017 1642 hos

180 1660 378 1702 instituit.
406 1658 527 1700 Nihil
546 1659 661 1699 enim
681 1659 743 1699 ita
763 1659 1017 1711 superbiam

180 1717 307 1770 parit,
327 1721 375 1758 ut
393 1715 681 1768 principatus,
701 1720 746 1756 et
764 1715 895 1768 primi
915 1729 1015 1757 con-

182 1775 342 1814 sessus.
396 1772 614 1823 Quoniam
646 1772 779 1822 igitur
813 1771 1017 1825 discipuli

180 1843 261 1882 per
275 1835 420 1871 totum
432 1831 650 1870 terrarum
666 1827 821 1870 orbem
831 1828 1017 1870 multum

181 1886 363 1927 honoris
403 1885 687 1927 consecuturi
722 1890 861 1934 erant,
899 1885 1015 1937 ipso-

181 1957 278 1984 rum
315 1943 486 1984 animos
521 1942 757 1995 praevenit,
797 1953 879 1983 nec
914 1942 1016 1983 sinit

183 2013 260 2041 eos
287 1999 527 2041 humanum
556 1998 663 2051 quid
691 1998 802 2051 pati,
829 2011 911 2039 nec
939 1998 1015 2040 ho-

181 2058 335 2097 norem
362 2069 387 2097 a
406 2056 539 2107 vulgo
565 2057 789 2108 expetere,
820 2054 891 2096 vel
915 2060 1016 2096 ante

183 2113 294 2154 alios
330 2125 428 2154 sese
466 2112 633 2154 efferre.
691 2111 807 2152 Nam
843 2111 1016 2153 etiamsi

182 2169 278 2210 haec
297 2182 436 2221 parva
455 2168 658 2211 videntur
678 2181 792 2218 esse,
819 2173 864 2209 at
888 2168 1015 2209 malis

181 2226 433 2278 ingentibus
465 2239 644 2268 causam
675 2226 889 2279 praebent.
943 2225 1016 2266 Sic

182 2284 299 2325 enim
316 2283 505 2324 instituti
520 2282 729 2335 pharisaei
742 2283 786 2323 in
800 2282 1017 2323 malorum

182 2340 355 2381 culmen
384 2338 690 2380 ascenderunt:
720 2338 1017 2387 salutationes,

181 2396 351 2448 primos
383 2397 636 2444 consessus,
669 2399 713 2444 et
745 2393 919 2436 medios
951 2406 1017 2434 re-

183 2451 419 2504 quirentes,
438 2450 539 2491 hinc
557 2450 601 2491 in
620 2450 849 2492 ardentem
863 2450 1016 2501 gloriae

183 2507 491 2561 cupiditatem,
524 2507 627 2548 inde
655 2520 761 2548 vero
792 2507 836 2547 in
863 2506 1014 2559 impie-

181 2567 321 2606 tatem
339 2563 453 2616 lapsi
471 2568 583 2604 sunt.
659 2564 722 2604 Te
741 2564 896 2604 Deum.
915 2563 974 2603 13.

238 2628 281 2661 In
304 2628 423 2661 Laud.
448 2628 488 2661 fit
513 2635 710 2660 commem.
733 2624 768 2658 S.
786 2625 1016 2667 Margaritae.

241 2677 338 2717 Ant.
359 2676 506 2717 Simile
526 2680 593 2717 est
606 2687 788 2726 regnum
803 2675 1016 2716 coelorum

182 2733 348 2775 homini
365 2732 631 2784 negotiatori
647 2732 861 2784 quaerenti
875 2731 1015 2773 bonas

647 204 713 237 Dic
739 204 790 237 21.
815 204 920 237 Julii.
968 205 1002 236 S.
1033 203 1219 236 l‘raxcdis
1247 203 1428 243 Virginis.

1066 298 1343 346 margaritas:
1374 296 1550 337 inventa
1577 308 1664 336 una
1692 296 1900 348 pretiosa,

1067 351 1191 394 dedit
1221 352 1368 392 omnia
1406 365 1502 401 sua,
1545 356 1589 392 et
1628 351 1901 404 comparavit

1067 422 1175 450 eam.

1124 464 1172 514 V.
1214 464 1385 506 Diffusa
1421 469 1488 506 est
1520 464 1663 514 gratia
1694 464 1738 505 in
1770 464 1899 505 labiis

1067 522 1164 563 tuis.
1229 525 1279 575 R».
1306 522 1549 574 Propterea
1593 520 1821 562 benedixit
1856 525 1901 562 te

1067 579 1189 619 Deus
1208 578 1252 618 in
1272 580 1496 619 aeternum.

1125 638 1166 671 In
1192 638 1238 671 II.
1263 637 1381 680 Vesp.
1408 637 1448 670 fit
1473 647 1671 671 commem.
1697 645 1803 679 sequ.

1339 710 1422 751 Die
1441 710 1500 750 21.
1519 709 1544 749 J
1546 708 1631 749 ulii.

1217 775 1260 815 S.
1279 773 1525 815 Praxedis
1551 771 1758 821 Virginis.

1126 833 1197 873 Ad
1208 833 1343 885 Vesp.
1366 832 1464 873 Ant.
1481 830 1592 872 Veni
1607 841 1772 882 sponsa
1783 828 1901 870 Chri-

1070 888 1136 938 sti,
1156 888 1308 940 accipe
1328 890 1551 936 coronam,
1572 899 1703 938 quam
1720 884 1801 926 tibi
1815 885 1902 925 Do-

1068 944 1212 985 minus
1231 943 1504 997 praeparavit
1521 943 1566 983 in
1585 943 1810 983 aeternum.

1125 998 1175 1049 V.
1204 1001 1361 1053 Specie
1393 1005 1470 1042 tua
1502 1004 1546 1040 et
1574 997 1903 1051 pulchritudine

1070 1062 1155 1098 tua.
1185 1060 1237 1110 R.
1249 1056 1446 1106 Intende,
1466 1058 1682 1108 prospere
1697 1054 1903 1108 procede,

1070 1119 1114 1155 εἴ
1133 1127 1277 1165 regna
1413 1148 1578 1189 Oratio.

1073 1199 1292 1305 Exaudi
1322 1218 1404 1246 nos
1436 1205 1559 1246 Deus
1593 1203 1797 1245 salutaris
1829 1217 1903 1245 no-

1166 1267 1272 1304 ster:
1290 1267 1354 1311 ut,
1375 1261 1489 1302 sicut
1509 1260 1565 1302 de
1584 1260 1728 1302 beatae
1746 1261 1904 1302 Praxe-

1072 1319 1138 1361 dis
1158 1319 1352 1369 Virginis
1377 1323 1467 1359 tuae
1487 1317 1727 1358 festivitate
1745 1317 1905 1368 gaude-

1070 1389 1182 1426 mus;
1201 1376 1263 1416 ita
1281 1375 1369 1428 piae
1387 1373 1638 1416 devotionis
1655 1373 1906 1414 erudiamur

1071 1432 1243 1474 affectu.
1271 1432 1357 1472 Per
1376 1431 1626 1472 Dominum.

1380 1487 1531 1529 Lectio
1552 1487 1608 1527 iii.

1080 1554 1144 1598 ‘D
1157 1546 1354 1595 raxedes,
1369 1550 1494 1596 virgo
1507 1545 1721 1593 Romana,
1735 1542 1905 1585 Puden·

1095 1600 1144 1643 [ΜΤ
1166 1603 1300 1644 tianae
1314 1601 1494 1652 virginis
1511 1613 1647 1650 soror,
1663 1601 1814 1641 Marco
1826 1601 1907 1640 An-

1070 1662 1222 1701 tonino
1238 1660 1506 1712 imperatore
1521 1658 1792 1699 Christianos
1807 1670 1904 1710 per-

1070 1718 1298 1768 sequente,
1327 1728 1406 1756 eos
1433 1713 1731 1763 facultatibus,
1758 1716 1905 1766 opera,

1071 1772 1392 1821 consolatione,
1419 1777 1463 1813 et
1488 1772 1608 1813 omni
1628 1771 1824 1812 caritatis
1845 1771 1906 1812 of-

1070 1830 1172 1870 ficio
1207 1828 1575 1882 prosequebatur.
1637 1827 1752 1868 Nam
1793 1826 1905 1868 alios

1071 1885 1192 1927 domi
1232 1883 1499 1927 occultabat:
1549 1883 1661 1925 alios
1702 1881 1760 1924 ad
1800 1881 1906 1924 fidei

1071 1942 1367 1984 constantiam
1402 1940 1682 1982 hortabatur:
1719 1939 1905 1980 aliorum

1071 2001 1261 2051 corpora
1282 1997 1540 2051 sepeliebat:
1565 1997 1635 2046 iis,
1656 1997 1731 2048 qui
1750 1996 1794 2036 in
1813 1997 1904 2037 car-

1072 2068 1171 2097 cere
1190 2055 1347 2096 inclusi
1373 2059 1515 2103 erant,
1541 2053 1617 2106 qui
1640 2053 1685 2094 in
1710 2054 1903 2103 ergastu-

1071 2112 1125 2153 lis
1155 2111 1489 2160 exercebantur,
1517 2109 1637 2151 nulla
1664 2122 1712 2151 re
1740 2109 1904 2150 deerat.

1072 2169 1181 2218 Quae
1220 2181 1320 2209 cum
1355 2172 1524 2209 tantam
1558 2166 1904 2207 Christianorum

1071 2230 1264 2276 stragem
1283 2225 1369 2276 iam
1386 2223 1502 2264 ferre
1519 2235 1608 2264 non
1627 2226 1797 2275 posset,
1818 2221 1903 2263 De-

1070 2295 1145 2323 um
1163 2282 1346 2333 precata
1370 2284 1454 2329 est,
1482 2284 1546 2329 ut,
1573 2279 1610 2320 si
1634 2278 1748 2319 mori
1774 2290 1903 2330 expe-

1072 2337 1202 2386 diret,
1235 2349 1283 2378 se
1316 2349 1340 2377 e
1371 2335 1508 2376 tantis
1541 2334 1669 2376 malis
1702 2335 1903 2386 eriperet.

1071 2395 1230 2446 Itaque
1265 2391 1531 2434 duodecimo
1559 2389 1787 2432 Kalendas
1815 2389 1903 2430 Au-

1070 2450 1189 2501 gusti
1216 2449 1274 2491 ad
1301 2448 1480 2502 pietatis
1508 2447 1692 2500 praemia
1718 2447 1904 2487 vocatur

1070 2507 1114 2547 in
1133 2506 1303 2548 coelum.
1337 2505 1468 2556 Cujus
1492 2516 1654 2556 corpus
1675 2516 1699 2544 a
1718 2503 1903 2543 Pastore

1070 2562 1333 2615 presbytero
1352 2562 1397 2602 in
1416 2561 1555 2613 patris
1576 2565 1619 2601 et
1639 2558 1805 2600 sororis
1819 2557 1902 2598 Pu-

1071 2618 1291 2660 dentianae
1317 2616 1601 2669 sepulchrum
1627 2614 1798 2656 illatum
1825 2618 1902 2662 est,

1071 2675 1192 2726 quod
1217 2679 1311 2715 erat
1333 2674 1378 2713 in
1401 2671 1655 2714 coemeterio
1679 2669 1902 2718 Priscillae,

1070 2731 1142 2771 via
1160 2730 1339 2772 Salaria.
1393 2727 1455 2769 Te
1476 2729 1631 2769 Deum.
1650 2727 1708 2767 13.
