2040 2976
629 202 839 236 Commune
866 202 1113 235 Confessoris
1138 212 1214 236 non
1239 201 1448 236 Pontifieis.

207 303 287 345 Hic
306 314 417 343 vana
433 306 564 342 terrae
584 299 755 351 gaudia,

250 359 308 399 Et
326 356 548 398 luculenta
566 355 747 408 praedia,

250 413 426 455 Polluta
446 411 579 453 sorde
599 411 827 463 deputanS,

211 467 213 470 ⁴
252 471 401 511 Ovans
422 473 543 510 tenet
563 467 772 509 coelestia.

205 546 266 585 Te
285 542 459 584 Christe
480 542 578 584 Rex
595 539 803 593 piissime,

251 600 338 640 Hic
356 596 610 640 confitendo
630 596 798 648 jugiter,

252 655 448 697 Calcavit
467 658 585 695 artes
604 652 865 700 daemonum,

253 713 516 762 Saevumque
535 709 685 750 averni
703 707 959 760 principem.

207 786 382 826 Virtute
400 784 556 832 clarus,
575 786 619 823 et
638 781 738 830 fide,

253 840 541 882 Confessione
561 837 751 886 sedulus,

253 898 278 938 J
282 898 406 949 ejuna
424 894 621 937 membra
642 893 853 939 deferens,

252 954 403 1005 Dapes
424 953 638 1004 supernas
657 949 836 990 obtinet.

206 1025 396 1067 Proinde
415 1029 460 1065 te
478 1023 677 1076 piissime

252 1083 490 1123 Precamur
510 1091 663 1120 omnes
682 1077 922 1130 supplices:

253 1137 395 1179 Nobis
414 1141 463 1178 ut
482 1135 609 1188 hujus
628 1134 770 1185 gratia

253 1195 413 1235 Poenas
434 1195 633 1234 remittas
654 1190 838 1232 debitas.

206 1267 324 1309 Patri
342 1266 548 1319 perennis
567 1264 719 1317 gloria,

251 1324 460 1374 Natoque
478 1321 623 1363 Patris
643 1320 786 1369 unico,

251 1380 504 1431 Sancteque
524 1378 581 1419 sit
604 1376 838 1424 Paraclito,

252 1437 337 1477 Per
357 1448 487 1477 omne
507 1446 681 1486 semper
701 1432 922 1474 saeculum.

489 1491 644 1531 Amen.

232 1552 283 1604 Y.
298 1557 322 1597 J
324 1561 472 1597 ustum
493 1554 676 1596 deduxit
692 1552 909 1593 Dominus
928 1565 1008 1605 per

177 1614 271 1654 vias
290 1618 447 1654 rectas.
483 1615 534 1665 R.
558 1611 615 1651 Et
640 1608 834 1651 ostendit
861 1608 925 1649 illi
944 1622 1007 1650 re-

177 1683 311 1722 gnum
329 1669 425 1709 Dei.

232 1729 304 1771 Ad
324 1730 484 1771 Bened.
514 1731 614 1771 Ant.
642 1729 765 1778 Euge
788 1739 916 1768 serve
934 1726 1008 1767 bo-

178 1799 233 1828 ne
252 1786 276 1811 *
297 1791 340 1827 et
359 1784 519 1833 fidelis,
549 1783 651 1835 quia
670 1783 714 1823 in
731 1795 874 1835 pauca
890 1782 1011 1823 fuisti

179 1842 338 1891 fidelis,
361 1853 495 1893 supra
510 1839 649 1880 multa
668 1844 713 1880 te
733 1841 1010 1888 constituam,

179 1899 293 1940 intra
312 1898 357 1938 in
376 1895 584 1948 gaudium
601 1895 781 1936 Domini
801 1895 876 1936 tui.

159 2007 163 2012 ,
514 1967 679 2007 Oratio.

180 2021 358 2126 Deus,
378 2024 453 2076 qui
471 2036 552 2064 nos
570 2022 690 2064 beati
710 2022 763 2063 N.
781 2020 1012 2063 Confesso-

287 2081 348 2121 ris
373 2080 438 2121 tui
464 2082 607 2121 annua
633 2078 913 2120 solemnitate
940 2077 1012 2118 lae-

182 2137 340 2178 tificas:
360 2135 556 2178 concede
574 2134 809 2188 propitius3
827 2138 877 2175 ut
892 2134 1013 2184 cujus

183 2193 381 2234 natalitia
413 2192 617 2241 colimus,
652 2191 784 2232 etiam
815 2190 1013 2231 actiones

183 2249 414 2290 imitemur.
454 2248 542 2289 Per
564 2247 815 2288 Dominum.

453 2310 552 2350 Alia
574 2310 739 2351 Oratio.

261 2372 388 2414 desto
436 2371 626 2413 Domine
685 2371 1014 2424 supplicationi-

303 2428 385 2470 bus
406 2428 580 2477 nostris,
609 2440 718 2479 quas
746 2429 790 2468 in
819 2428 940 2470 beati
957 2427 1010 2469 N.

187 2484 465 2526 Confessoris
485 2484 550 2525 tui
567 2484 844 2525 solemnitate
862 2484 1015 2526 deferi-

185 2553 298 2582 mus:
334 2545 383 2581 ut
409 2540 484 2592 qui
513 2544 677 2580 nostrae
704 2540 881 2591 justitiae
907 2540 1015 2582 fidu-

186 2597 299 2637 ciam
326 2609 414 2638 non
435 2595 664 2645 habemus,
695 2596 805 2646 ejus,
834 2597 910 2647 qui
935 2596 1017 2638 tibi

186 2652 369 2705 placuit,
395 2651 602 2705 precibus
627 2651 893 2702 adjuvemur.
931 2652 1017 2693 Per

186 2708 426 2750 Dominum
446 2712 658 2749 nostrum.

1154 298 1198 338 Si
1219 297 1348 337 fuerit
1368 297 1533 337 Abbas.
1641 297 1805 338 Oratio.

1108 355 1350 397 ntercessio
1382 369 1481 405 nos,
1516 357 1768 407 quaesumus
1799 356 1888 397 Do-

1126 412 1259 460 mine,
1303 411 1423 453 beati
1467 413 1519 452 N.
1545 410 1733 453 Abbatis
1771 424 1888 453 com-

1057 467 1252 509 mendet:
1287 472 1335 508 ut
1370 467 1493 519 quod
1525 468 1688 508 nostris
1719 468 1889 509 meritis

1058 537 1145 565 non
1166 524 1374 574 valemus,
1398 524 1488 575 ejus
1506 524 1755 576 patrocinio
1774 536 1890 565 asse-

1059 583 1254 632 quamur.
1291 580 1376 621 Per
1396 580 1648 621 Dominum.

1332 652 1400 688 Ad
1419 652 1622 689 Tertiam.

1117 713 1218 753 Ant.
1238 711 1360 761 Euge
1381 722 1507 751 serve
1526 709 1654 751 bone.

1118 773 1257 825 Capit.
1279 772 1442 813 Beatus
1465 770 1542 811 vir.
1572 778 1618 813 ut
1645 785 1787 824 supra.
1807 769 1890 822 [75]

1117 834 1168 885 R.
1191 834 1254 874 br.
1275 831 1455 872 Amavit
1483 843 1583 872 eum
1607 829 1840 879 Dominus,
1875 834 1898 858 *

1059 885 1115 927 Et
1141 887 1315 928 ornavit
1341 900 1450 928 eum.
1488 886 1678 927 Amavit.
1720 886 1772 938 V.
1795 886 1891 927 Sto-

1059 941 1147 983 lam
1165 943 1319 993 gloriae
1339 942 1481 984 induit
1501 955 1611 984 eum.
1639 943 1706 983 Et.
1742 941 1893 984 Gloria

1058 998 1190 1040 Patri.
1227 999 1418 1040 Amavit.

1119 1049 1169 1101 V.
1189 1055 1251 1096 Os
1281 1055 1382 1107 justi
1407 1054 1695 1096 meditabitur
1723 1054 1893 1107 sapien-

1059 1110 1178 1151 tiam.
1231 1110 1281 1151 R.
1305 1111 1362 1152 Et
1389 1110 1537 1162 lingua
1565 1111 1658 1162 ejus
1685 1110 1893 1162 loquetur

1060 1166 1292 1217 iudicium.‘

1338 1235 1407 1272 Ad
1430 1235 1619 1272 Sextam.

1119 1300 1219 1339 Ant.
1240 1296 1405 1339 Fidelis
1423 1309 1586 1338 servus.

1172 1363 1434 1415 Capitulum.
1578 1365 1710 1407 Eccli.
1731 1365 1797 1407 39.

1132 1428 1256 1464 ustus
1277 1435 1355 1464 cor
1367 1435 1494 1464 suum
1513 1420 1699 1463 tradidit
1715 1421 1772 1464 ad
1787 1421 1892 1474 vigi-

1155 1479 1337 1521 landum
1357 1478 1551 1520 diluculo
1572 1477 1630 1519 ad
1642 1478 1893 1528 Dominum,

1062 1536 1137 1587 qui
1155 1536 1261 1577 fecit
1279 1535 1413 1584 illum,
1434 1539 1478 1577 et
1497 1535 1542 1575 in
1559 1536 1802 1587 conspectu
1818 1534 1892 1575 Al-

1061 1593 1220 1633 tissimi
1240 1591 1564 1645 deprecabitur.

1119 1659 1170 1710 Rg.
1192 1657 1254 1699 br.
1274 1657 1336 1698 Os
1355 1657 1458 1708 justi
1484 1655 1807 1698 *Meditabitur
1829 1667 1894 1696 sa-

1062 1713 1284 1766 pientiam.
1333 1713 1404 1754 Os.
1458 1710 1508 1761 Y.
1532 1713 1589 1754 Et
1621 1712 1771 1764 lingua
1803 1712 1894 1763 ejus

1062 1770 1269 1821 loquetur
1313 1769 1533 1822 judicium.
1593 1767 1895 1810 Meditabitur.

1069 1825 1219 1867 Gloria
1237 1825 1368 1867 Patri.
1410 1825 1484 1866 Os.
1920 1841 1923 1844 ·

1120 1876 1169 1928 V.
1192 1882 1286 1923 Lex
1304 1882 1389 1922 Dei
1413 1882 1504 1933 ejus
1524 1881 1569 1922 in
1588 1880 1724 1922 corde
1746 1880 1897 1933 ipsius.

1067 1938 1117 1990 Rz.
1145 1939 1203 1980 Et
1233 1950 1322 1979 non
1350 1937 1753 1990 supplantabuntur
1780 1949 1897 1987 gres-

1066 2007 1141 2036 sus
1163 2007 1264 2046 ejus.

1347 2058 1415 2095 Ad
1434 2059 1620 2095 Nonam.

1118 2120 1219 2162 Ant.
1248 2121 1382 2162 Serve
1401 2119 1530 2161 bone.

1171 2188 1431 2242 Capitulum.
1560 2187 1659 2239 Sap.
1674 2187 1738 2227 10.
1754 2185 1794 2226 b.

1067 2245 1290 2351 ‘Iustum
1335 2249 1520 2291 deduxit
1556 2250 1774 2292 Dominus
1818 2262 1900 2302 per

1159 2306 1253 2347 vias
1272 2311 1433 2356 rectas,
1459 2311 1503 2348 et
1530 2305 1725 2348 ostendit
1748 2305 1810 2347 illi
1835 2318 1900 2347 re-

1067 2375 1203 2413 gnum
1228 2362 1332 2412 Dei,
1361 2367 1406 2404 et
1432 2362 1556 2404 dedit
1582 2362 1645 2403 illi
1671 2362 1900 2403 scientiam

1069 2420 1337 2460 sanctorum:
1360 2418 1612 2460 honestavit
1637 2418 1760 2459 illum
1778 2419 1823 2459 in
1841 2417 1900 2459 la-

1069 2474 1265 2524 boribus,
1283 2480 1326 2516 et
1337 2475 1577 2528 complevit
1586 2474 1763 2516 labores
1774 2474 1901 2515 illius.

1117 2540 1167 2591 R.
1192 2538 1255 2580 br.
1288 2540 1382 2582 Lex
1407 2540 1491 2582 Dei
1519 2540 1611 2592 ejus
1632 2540 1655 2564 *
1686 2539 1738 2579 In
1766 2537 1901 2592 corde

1070 2597 1220 2649 ipsius.
1262 2597 1365 2638 Lex.
1406 2590 1455 2642 V.
1495 2596 1553 2637 Et
1580 2607 1667 2636 non
1695 2594 1901 2647 supplan-

1070 2653 1280 2694 tabuntur
1301 2666 1481 2704 gressus
1505 2652 1608 2703 ejus.
1644 2651 1707 2691 In.
1744 2649 1898 2693 Gloria

1069 2709 1202 2750 Patri.
1239 2709 1343 2750 Lex.
