2040 2976
378 1285 831 1362 HOMILIAE
891 1286 1002 1362 ET
1066 1283 1630 1361 ORATIONES

619 1500 733 1540 PER
765 1407 1039 1541 ORDHSEM
1067 1500 1393 1545 DISPOSITAE

211 1582 244 1611 A
268 1582 458 1613 TERTIA
482 1583 649 1629 USQJE
672 1584 740 1614 AD
766 1585 1003 1615 DECIMAM
1029 1584 1237 1615 SEXTAM
1263 1584 1391 1614 PosT
1416 1585 1798 1615 PENTECOSTEN.

375 1721 649 1771 Dominica
670 1723 762 1772 111.

263 1785 404 1833 post
440 1781 869 1824 Pentecosten.

487 1844 650 1884 Oratio.

178 1908 182 1926 *
246 1918 251 1926 κ
329 1924 333 1927 -
355 1933 363 1947 ἱ
382 1900 595 1941 rotector
635 1900 679 1941 in
717 1906 761 1943 te
803 1906 978 1955 speran-

269 1956 286 1969 ’“
318 2000 341 2009 ,.
418 1955 527 1997 tium
543 1957 678 2007 Deus,
699 1958 791 2000 sine
813 1972 900 2011 quo
920 1960 978 1999 ni-

195 2011 197 2018 *
291 2022 297 2027 ·
346 2039 347 2042 ¹
390 2021 392 2059 ζ
419 2011 480 2052 hil
518 2018 584 2054 est
620 2013 830 2064 validum,
875 2015 980 2056 nihil

342 2108 344 2110 ,
390 2084 391 2105 i
420 2074 633 2111 sanctum:
652 2071 893 2124 multiplica
912 2085 979 2112 su-

155 2135 235 2175 per
253 2135 333 2165 nos
352 2124 699 2167 misericerdiam
716 2132 850 2178 tuam;
870 2133 918 2169 ut
936 2133 979 2169 te

154 2181 343 2229 rectore,
376 2185 420 2222 te
453 2180 580 2232 duce,
613 2182 676 2224 sic
707 2186 979 2225 transeamus

155 2247 234 2286 per
253 2234 370 2277 bona
388 2238 666 2290 temporalia,
685 2244 734 2280 ut
753 2253 840 2281 non
860 2241 979 2281 amit-

155 2293 298 2345 tamus
319 2295 491 2334 aeterna.
519 2295 603 2336 Per
621 2295 868 2337 Dominum.

157 2359 308 2402 Lectio
335 2363 474 2404 sancti
492 2364 718 2416 Evangelii
740 2365 980 2407 secundum

478 2419 653 2461 Lucam.

699 2471 802 2523 Cap.
818 2471 876 2510 15.

258 2471 409 2512 Lectio
432 2472 501 2512 vii.

154 2524 230 2631 In
249 2530 323 2572 illo
343 2533 558 2584 tempore:
583 2532 720 2573 Erant
743 2534 977 2598 appropin-

222 2588 406 2638 quantes
427 2586 483 2628 ad
501 2588 525 2628 J
529 2600 652 2628 esum
670 2588 908 2640 pubhcam,
935 2596 978 2632 et

155 2645 430 2694 peccatores,
454 2648 502 2684 ut
527 2643 728 2686 audirent
751 2645 882 2686 illum.
923 2647 978 2689 Et

157 2698 337 2750 reliqua.

1150 1720 1344 1761 Homilia
1372 1722 1510 1762 sancti
1540 1721 1741 1772 Gregorii

1373 1777 1519 1829 Papae.

1150 1851 1321 1886 Homilia
1343 1851 1394 1885 34.
1418 1851 1455 1884 in
1476 1849 1739 1892 Evangelium

1311 1903 1401 1943 post
1419 1899 1578 1932 initium.

1037 1975 1341 2034 2„4*udistis
1378 1977 1421 2017 in
1452 1977 1641 2018 lectione
1675 1980 1858 2027 evange-

1044 2028 1171 2089 ἑζεῖψὲξ
1200 2032 1300 2080 lica,
1328 2033 1483 2074 fratres
1508 2034 1609 2083 mei,
1639 2035 1740 2085 quia
1759 2047 1858 2087 pec-

1061 2087 1075 2095 *
1105 2085 1142 2111 ³ss
1201 2090 1373 2129 catores
1397 2093 1442 2130 et
1468 2089 1691 2141 publicani
1715 2104 1858 2133 acces-

1034 2145 1183 2185 serunt
1202 2143 1258 2185 ad
1278 2143 1625 2197 Redemptorem
1648 2152 1859 2189 nostrum:

1033 2204 1076 2240 et
1112 2212 1199 2240 non
1237 2200 1379 2241 solum
1415 2201 1472 2242 ad
1508 2202 1858 2254 colloquendum,

1034 2255 1113 2296 sed
1139 2256 1269 2297 etiam
1294 2256 1350 2298 ad
1370 2259 1722 2300 convescendum
1742 2262 1858 2301 rece-

1031 2312 1097 2363 pti
1123 2318 1233 2353 sunt.
1271 2313 1400 2363 Quod
1426 2314 1625 2356 videntes
1652 2315 1858 2368 pharisaei

1033 2367 1255 2419 dedignati
1274 2374 1385 2411 sunt.
1409 2370 1476 2411 Ex
1494 2383 1580 2422 qua
1594 2383 1641 2412 re
1657 2372 1857 2423 colligite,

1033 2425 1134 2475 quia
1170 2438 1275 2466 vera
1310 2426 1471 2477 justitia
1507 2428 1857 2479 compassionem

1030 2479 1174 2531 habet,
1192 2481 1299 2522 falsa
1313 2483 1476 2533 justitia
1490 2481 1857 2533 dedignationem:

1033 2537 1230 2588 quamvis
1250 2543 1294 2579 et
1314 2539 1413 2590 justi
1432 2539 1602 2580 soleant
1620 2545 1738 2581 recte
1757 2553 1854 2592 pec-

1032 2593 1255 2635 catoribus
1276 2594 1513 2646 dedignari.
1545 2594 1632 2635 Sed
1652 2595 1769 2637 aliud
1789 2601 1855 2637 est

1032 2649 1152 2700 quod
1177 2650 1320 2700 agitur
1342 2656 1450 2703 typo
1475 2649 1707 2702 superbiae,
1736 2651 1854 2692 aliud

1032 2705 1152 2755 quod
1171 2706 1267 2746 zelo
1288 2705 1540 2758 disciplinae.
