2040 2976
516 226 588 260 Die
612 226 671 259 20.
697 226 794 267 Aug.

360 326 409 365 In
437 326 507 365 ΙΙΙ.
536 325 759 364 Nocturno.

147 383 304 426 Lectio
329 381 712 480 sanctiIlivangelii
737 380 978 423 secundum

514 451 652 480 ucam.

223 502 375 543 Lectio
396 502 465 542 vii.
660 502 762 554 Cap.
781 503 844 542 10.
860 515 897 551 g.

147 559 224 666 In
242 563 319 604 illo
345 565 560 615 tempore:
582 561 769 604 Intravit
787 560 812 602 J
815 572 916 601 esus
934 559 978 600 in

222 620 447 672 quoddam
473 618 718 660 castellum:
751 623 794 659 et
821 615 978 658 mulier

151 676 370 728 quaedam,
397 675 570 718 Martha
588 675 780 723 nomine,
805 672 979 725 excepit

149 732 271 774 illum
290 733 334 773 in
354 731 533 774 domum
556 744 690 772 suam.
723 730 780 772 Et
799 729 978 781 reliqua.

221 809 288 849 De
306 805 501 847 Homilia
520 805 658 846 sancti
677 803 912 855 Augustini

452 861 676 914 Episcopi.

239 931 297 965 Ex
321 930 437 965 Serm.
461 929 513 963 27.
539 930 585 964 de
611 924 751 963 Verbis
775 929 884 963 Dom.

228 999 265 1031 Q
282 985 419 1027 ransit
446 984 572 1026 labor
599 982 907 1032 multitudinis,
936 988 980 1024 et

159 1000 199 1095 ι’ξῑῖἷ
231 1036 270 1093 ,ᾖξε
298 1043 495 1083 remanet
510 1040 669 1082 caritas
684 1039 877 1081 unitatis.
899 1015 979 1080 ⁷Er-

233 1091 270 1122 *52
298 1111 355 1149 go
389 1097 510 1150 quod
541 1096 673 1147 elegit
701 1096 857 1145 Maria,
891 1109 980 1137 non

150 1155 370 1197 auferetur
394 1154 449 1196 ab
478 1167 547 1195 ea:
579 1167 605 1195 a
628 1158 672 1194 te
697 1157 843 1194 autem
867 1153 979 1193 Mar-

149 1212 242 1261 tha,
271 1211 392 1264 quod
417 1211 602 1263 elegisti3
630 1210 782 1262 utique
806 1209 892 1250 hoc
916 1211 978 1250 se-

152 1268 313 1321 quitur,
337 1268 490 1320 utique
514 1267 600 1309 hoc
624 1266 979 1317 subintelligitur3

151 1338 176 1366 a
194 1330 254 1375 te,
281 1324 401 1377 quod
428 1324 615 1375 elegisti,
641 1323 874 1365 auferetur:
900 1323 980 1365 sed

150 1382 269 1424 bono
288 1387 365 1424 tuo
392 1381 630 1430 auferetur,
658 1385 722 1430 ut,
748 1378 869 1432 quod
892 1382 978 1421 me-

149 1438 233 1480 lius
259 1443 336 1489 est,
365 1437 503 1480 detur.
547 1437 784 1479 Auferetur
812 1437 928 1479 enim
955 1449 980 1478 a

150 1500 194 1537 te
213 1495 354 1545 labor,
380 1499 428 1536 ut
451 1494 625 1559 requies
644 1493 783 1535 detur.
819 1493 889 1535 Tu
906 1495 979 1534 na-

151 1551 284 1602 vigas,
302 1551 405 1592 illa
394 1564 479 1603 Jam
499 1551 544 1591 in
561 1555 695 1603 portu
714 1554 792 1591 est.

201 1615 252 1667 R.
287 1611 459 1654 Diffusa
496 1616 563 1654 est
598 1611 738 1663 gratia
773 1611 817 1652 in
852 1611 979 1653 labiis

150 1656 252 1710 tuis:
266 1671 288 1695 *
306 1669 548 1722 Propterea
562 1667 787 1710 benedixit
801 1673 846 1709 te
856 1667 979 1709 Deus

152 1725 197 1766 in
221 1728 444 1768 aeternum.
478 1721 528 1773 V.
557 1725 752 1778 Myrrha,
776 1730 819 1767 et
843 1730 980 1776 gutta,

152 1786 196 1824 et
211 1783 330 1824 casia
346 1795 372 1824 a
385 1782 658 1825 vestimentis
677 1782 775 1832 tuis,
798 1795 823 1823 a
844 1781 979 1824 domi-

150 1837 233 1881 bus
255 1838 470 1890 eburneis,
491 1852 546 1881 ex
562 1838 720 1892 quibus
736 1838 979 1880 delectave-

151 1900 252 1938 runt
270 1900 314 1937 te
333 1895 436 1938 filiae
462 1909 615 1947 regum
638 1896 684 1937 in
701 1895 871 1937 honore
890 1900 980 1937 tuo.

150 1951 404 2005 Propterea.

438 2013 590 2054 Lectio
610 2012 695 2053 viii.

153 2069 372 2175 Videtis
393 2086 514 2125 ergo,
537 2074 764 2123 carissimi,
785 2079 828 2116 et
849 2086 980 2126 quan-

262 2134 356 2171 tum
387 2129 594 2180 arbitror,
626 2131 712 2182 iam
738 2130 980 2181 intelligitis

152 2186 196 2227 in
215 2185 282 2227 his
303 2185 474 2228 duabus
492 2186 757 2238 mulieribus,
779 2200 878 2240 quae
894 2200 980 2228 am-

151 2242 222 2284 bae
246 2243 420 2284 fuerunt
443 2243 634 2285 Domino
660 2249 812 2295 gratae,
840 2243 981 2285 ambae

153 2298 374 2349 amabiles,
395 2299 537 2341 ambae
558 2299 802 2353 discipulae:
822 2299 982 2342 videtis

154 2368 275 2406 ergo,
302 2360 346 2397 et
369 2368 575 2406 magnum
598 2356 764 2408 aliquid
782 2356 979 2407 intelligi-

151 2412 225 2461 tis,
262 2411 526 2463 quicumque
562 2412 818 2463 intelligitis,
861 2412 982 2465 quod

153 2467 304 2509 audire
334 2473 378 2510 et
406 2468 518 2510 scire
546 2467 716 2510 debetis
747 2469 878 2511 etiam
908 2469 982 2521 qui

151 2537 242 2565 non
261 2524 519 2576 intelligitis,
546 2525 590 2565 in
612 2524 680 2566 his
700 2524 872 2567 duabus
891 2538 981 2566 mu-

151 2580 331 2622 lieribus
360 2580 469 2622 duas
495 2581 607 2622 vitas
634 2594 731 2623 esse
758 2582 980 2633 figuratas,

151 2639 417 2690 praesentem
437 2642 480 2679 et
496 2637 696 2687 futuram,
715 2637 982 2679 laboriosam

154 2699 198 2736 et
213 2694 414 2746 quietam,
431 2696 725 2736 aerumnosam
737 2699 781 2736 et
794 2694 981 2745 beatam,

150 2750 440 2802 temporalem
459 2755 503 2792 et
523 2752 742 2792 aeternam.

842 224 876 258 S.
902 222 1089 257 Bernardi
1115 221 1281 255 Abbatis
1308 227 1343 254 ct
1369 220 1475 254 Doct.

1793 218 1860 253 529

1082 320 1131 370 R.
1164 317 1304 358 Beata
1337 329 1383 358 es
1413 316 1552 367 Virgo
1584 315 1742 365 Maria,
1776 315 1861 356 Dei

1028 374 1244 424 Genitrix‚
1275 386 1374 426 quae
1399 372 1626 414 credidisti
1649 372 1859 413 Domino:

1026 431 1224 484 perfecta
1248 435 1349 471 sunt
1372 430 1417 470 in
1436 434 1480 471 te
1501 441 1600 481 quae
1623 429 1741 470 dicta
1761 433 1861 470 sunt

1026 487 1122 530 tibi:
1145 499 1249 528 ecce
1265 486 1457 528 exaltata
1477 499 1524 527 es
1546 498 1679 538 super
1699 485 1861 527 choros

1028 544 1322 595 Angelorum:
1344 546 1366 568 *
1383 542 1616 585 Intercede
1634 555 1716 595 pro
1732 542 1860 584 nobis

1028 601 1084 642 ad
1111 601 1228 642 Dfim
1253 600 1397 641 Deum
1422 604 1632 640 nostrum.
1682 596 1731 647 V.
1764 599 1861 640 Ave

1027 658 1182 707 Maria,
1211 657 1353 709 gratia
1379 656 1527 709 plena,
1555 656 1772 697 Dominus
1800 660 1861 697 te-

1028 729 1138 757 cum.
1168 713 1410 756 Intercede.
1450 713 1605 755 Gloria
1626 713 1758 754 Patri.
1794 713 1861 753 In-

1028 771 1218 814 tercede.

1334 824 1484 865 Lectio
1504 824 1558 864 ix.

1034 881 1194 987 Duae
1223 890 1324 927 sunt
1350 885 1467 927 vitae:
1496 885 1551 927 de
1578 885 1663 926 illis
1688 897 1769 926 vos
1792 896 1861 925 co-

1131 943 1299 996 piosius
1326 942 1528 994 cogitate.
1567 941 1683 992 Quid
1701 940 1863 982 habeat

1029 1000 1127 1042 haec
1145 999 1253 1048 vita,
1280 1012 1368 1040 non
1395 997 1495 1040 dico
1522 998 1652 1048 mala,
1680 1010 1769 1039 non
1787 997 1863 1038 ini-

1032 1071 1135 1110 qua,
1166 1069 1255 1098 non
1285 1056 1468 1105 nefaria,
1506 1068 1595 1097 non
1627 1055 1863 1103 luxuriosa,

1030 1127 1119 1155 non
1138 1113 1288 1166 impia,
1316 1112 1395 1155 sed
1419 1112 1660 1163 laboriosa,
1690 1117 1734 1153 et
1755 1114 1863 1152 aeru-

1031 1171 1144 1212 mnis
1174 1170 1322 1223 plena,
1363 1169 1596 1212 timoribus
1629 1169 1862 1219 castigata,

1031 1226 1346 1269 tentationibus
1367 1226 1569 1268 sollicita:
1588 1226 1702 1267 hanc
1720 1225 1863 1277 ipsam

1030 1284 1308 1326 innocentem
1348 1284 1483 1326 vitam
1524 1283 1642 1332 dico,
1689 1282 1863 1334 qualem

1032 1340 1219 1382 decebat
1254 1340 1417 1382 habere
1454 1339 1684 1382 Martham.
1737 1339 1864 1379 Hane

1033 1410 1156 1449 ergo,
1183 1402 1393 1450 quantum
1416 1396 1620 1450 potestis,
1646 1395 1864 1448 inspicite:

1032 1460 1076 1496 et
1096 1454 1151 1496 de
1171 1454 1268 1505 hac,
1293 1459 1340 1496 ut
1360 1453 1465 1504 dixi,
1488 1453 1712 1506 copiosius
1733 1465 1864 1505 quam

1030 1511 1261 1564 loquimur,
1288 1510 1492 1561 cogitate.
1527 1510 1633 1551 Vita
1655 1522 1762 1551 vero
1787 1509 1863 1549 ini-

1033 1581 1119 1621 qua
1140 1568 1291 1610 aberat
1316 1567 1370 1609 ab
1390 1567 1464 1608 illa
1485 1566 1634 1616 domo,
1662 1579 1745 1608 nec
1765 1579 1865 1607 cum

1031 1624 1204 1666 Martha
1223 1629 1333 1674 erat,
1357 1636 1439 1665 nec
1463 1637 1563 1665 cum
1582 1623 1736 1664 Maria:
1760 1627 1803 1664 et
1827 1622 1864 1664 si

1032 1680 1268 1734 aliquando
1307 1681 1401 1731 fuit,
1441 1680 1634 1722 Domino
1673 1680 1864 1722 intrante

1031 1738 1151 1789 fugit.

1087 1797 1149 1837 Te
1166 1795 1311 1837 Deum
1328 1793 1570 1836 laudamus.
1598 1794 1657 1834 13.

1087 1861 1203 1904 Vesp.
1235 1862 1282 1895 de
1312 1872 1418 1905 sequ.
1449 1871 1534 1895 cum
1562 1870 1758 1894 commem.
1786 1860 1864 1894 Oet.
1914 1862 1916 1867 ’

1034 1910 1338 1953 Assumptionis.

1253 1995 1338 2037 Die
1358 1996 1429 2036 20.
1448 1995 1648 2046 Augusti.

1034 2070 1077 2111 S.
1089 2067 1339 2110 Bernardi
1351 2064 1538 2107 Abbatis
1556 2069 1598 2105 et
1610 2064 1726 2105 Eccl.
1738 2064 1865 2105 Doct.

1370 2131 1535 2174 Duplex.

1088 2191 1225 2226 Omnia
1258 2191 1304 2225 de
1336 2191 1481 2226 Comm.
1511 2191 1620 2226 Conf.
1650 2201 1726 2225 non
1757 2191 1864 2226 Pont.

1036 2243 1105 2287 [67]
1127 2245 1269 2283 praeter
1294 2250 1399 2283 sequ.

1089 2296 1133 2330 In
1157 2296 1331 2340 utrisque
1357 2296 1471 2340 Vesp.
1498 2296 1548 2330 ad
1572 2296 1727 2340 Magnis.

1089 2349 1189 2388 Ant.
1210 2348 1247 2388 O
1264 2351 1434 2394 Doctor
1454 2348 1864 2404 eptimejEcclesiae

1035 2413 1199 2451 sanctae
1218 2408 1376 2458 lumen,
1398 2407 1526 2451 beate
1545 2408 1783 2457 Bernarde,
1804 2407 1864 2449 di-

1034 2467 1148 2506 vinae
1171 2465 1280 2516 legis
1304 2467 1490 2515 amator,
1521 2464 1763 2518 deprecare
1782 2477 1864 2517 pro

1033 2521 1161 2564 nobis
1180 2521 1340 2563 Filium
1357 2522 1453 2563 Dei.

1372 2580 1536 2620 Oratio.

1128 2652 1216 2689 6118,
1237 2641 1310 2692 qui
1325 2639 1494 2692 populo
1512 2644 1588 2680 tuo
1605 2640 1783 2680 aeternae
1799 2649 1864 2678 sa-

1126 2696 1231 2738 lutis
1250 2697 1430 2738 beatum
1449 2694 1725 2737 Bernardum
1743 2693 1863 2734 mini-

1033 2758 1173 2794 strum
1186 2752 1392 2795 tribuisti:
1405 2757 1579 2806 praesta,
1596 2753 1862 2804 quaesumus3
