2040 2976
128 290 290 333 locavit
310 304 387 333 eos
405 291 448 332 in
467 291 567 332 loco
587 290 683 332 hoc.
719 291 805 341 Qui
830 291 955 333 obliti

130 347 434 388 suntDomini
460 346 544 388 Dei
571 347 655 396 sui,
698 351 741 388 et
772 346 956 389 tradidit

130 415 205 445 eos
230 403 274 444 in
295 416 427 445 manu
446 403 604 445 Sisarae
627 404 825 453 magistri
849 404 955 444 mili-

127 459 202 502 tiae
220 460 381 510 Hasor,
406 465 450 501 et
467 459 512 500 in
529 472 660 500 manu
677 458 954 501 Philisthino-

129 529 235 566 rum,
255 521 298 558 et
316 516 359 557 in
378 529 508 558 manu
526 515 643 567 regis
657 515 800 565 Moab,
821 521 864 558 et
878 529 955 569 pu-

129 575 370 624 gnaverunt
389 572 622 614 adversum
641 584 729 613 eos.

184 634 235 686 R,
250 629 434 671 Factum
454 634 530 679 est,
551 628 654 670 dum
673 627 849 670 telleret
867 629 954 670 Do-

129 685 270 726 minus
293 685 435 727 Elium
459 697 538 738 per
561 684 780 725 turbinem
804 684 848 725 in
871 698 955 726 coe-

129 742 237 791 lum,
268 749 291 773 *
321 741 494 783 Eliseus
526 740 759 790 clamabat,
793 740 956 783 dicens:

129 798 260 840 Pater
279 797 354 848 mi,
380 802 506 850 pater
530 797 607 847 mi,
637 809 790 838 currus
808 797 956 847 Israel,

131 858 175 896 et
200 856 351 905 auriga
376 854 475 906 ejus.
513 853 563 905 V.
591 852 786 904 Cumque
805 855 956 906 perge·

130 915 243 960 rent,
272 915 315 952 et
338 909 592 952 incedentes
617 910 955 951 sermocinaren-

129 971 217 1016 tur,
260 978 361 1008 ecce
399 979 552 1008 currus
589 967 740 1017 igneus
780 971 823 1007 et
857 967 957 1018 equi

130 1023 245 1073 ignei
303 1022 543 1064 diviserunt
599 1024 848 1075 utrumque,
915 1028 957 1065 et

132 1078 329 1120 ascendit
364 1078 482 1119 Elias
527 1091 607 1131 per
651 1078 870 1120 turbinem
913 1079 957 1120 in

132 1134 301 1176 coelum.
337 1133 520 1176 Eliseus.

428 1191 580 1233 Lectio
600 1192 655 1231 iii.

219 1248 343 1288 estea
383 1250 530 1288 autem
566 1245 864 1289 clamaverunt
901 1246 958 1289 ad

225 1303 477 1354 Dominum,
497 1307 540 1344 et
559 1301 777 1344 dixerunt:
799 1304 957 1345 Pecca-

133 1359 291 1409 vimus,
333 1359 435 1411 quia
467 1358 778 1411 dereliquimus
809 1360 957 1401 Domi-

130 1429 245 1465 num,
265 1420 308 1458 et
323 1415 581 1457 servivimus
592 1415 762 1457 Baalim
777 1421 820 1458 et
830 1417 957 1458 Asta-

131 1470 247 1513 roth:
271 1484 386 1513 nunc
405 1484 510 1523 ergo
531 1473 634 1513 erue
653 1484 734 1514 nos
754 1471 808 1514 de
828 1486 958 1514 manu

130 1528 405 1570 inimicorum
430 1530 700 1578 nostrorum,
729 1534 773 1571 et
800 1530 958 1571 servie-

130 1597 227 1626 mus
253 1583 343 1627 tibi.
379 1584 436 1626 Et
460 1584 578 1626 misit
600 1584 815 1627 Dominus
838 1586 863 1627 J
865 1588 958 1627 ero-

130 1640 247 1691 baal,
276 1646 320 1683 et
346 1641 516 1691 Badan‚
545 1646 588 1683 et
612 1641 788 1695 Jephte,
817 1647 860 1684 et
884 1643 957 1684 Sai-

131 1697 271 1747 muel,
293 1702 337 1739 et
360 1697 472 1739 eruit
490 1710 571 1739 vos
596 1697 651 1740 de
673 1711 805 1739 manu
822 1699 958 1740 inimi-

133 1755 284 1795 cerum
320 1755 569 1796 vestrorum
605 1767 685 1806 per
718 1755 958 1806 circuitum,

98 1817 100 1819 “
133 1814 177 1851 et
194 1809 424 1852 habitastis
444 1809 725 1852 confidenter.
744 1810 958 1853 Videntes

133 1871 279 1908 autem
299 1865 419 1919 quod
428 1866 548 1908 Naas
562 1879 641 1908 rex
655 1867 846 1909 fili6rum
855 1868 958 1909 Am-

132 1935 236 1964 mon
254 1925 447 1965 venisset
472 1922 707 1965 adversum
724 1937 823 1975 vos,
851 1923 957 1966 dixi-

133 1978 213 2020 stis
230 1979 349 2020 mihi:
366 1979 669 2031 Nequaquam,
689 1979 769 2022 sed
787 1993 865 2022 rex
883 1981 957 2021 im-

132 2035 305 2088 perAbit
322 2035 466 2078 nobis:
486 2049 586 2078 cum
604 2036 818 2078 Deminus
838 2037 958 2078 Deus

134 2097 279 2134 vester
297 2094 501 2144 regnaret
518 2092 562 2133 in
581 2092 718 2135 vobis.
749 2093 877 2135 Nunc
896 2106 958 2134 er-

132 2160 189 2198 go
221 2153 387 2201 praesto
421 2154 488 2191 est
518 2161 596 2190 rex
627 2154 791 2199 vester,
829 2162 958 2201 quem

135 2204 328 2256 elegistis
349 2210 392 2248 et
409 2206 596 2258 petistis:
621 2218 724 2248 ecce
744 2205 866 2248 dedit
884 2218 957 2247 vo-

133 2260 201 2303 bis
225 2261 440 2303 D6minus
466 2275 624 2313 regem.
660 2262 705 2303 Si
729 2262 958 2304 timueritis

133 2317 383 2368 Dominum,
413 2323 457 2360 et
482 2319 717 2361 servieritis
742 2319 795 2368 ei,
824 2323 867 2360 et
886 2331 957 2359 au-

135 2372 301 2415 dieritis
315 2384 471 2416 vocem
490 2376 591 2427 ejus,
611 2380 654 2417 et
673 2387 760 2416 non
780 2387 957 2426 exaspe-

133 2430 332 2472 raveritis
360 2443 411 2472 os
435 2431 626 2472 Domini:
655 2430 773 2472 eritis
799 2435 842 2471 et
866 2443 958 2479 vos,

134 2490 177 2527 et
199 2498 278 2528 rex
303 2487 377 2538 qui
398 2489 585 2540 imperat
607 2487 751 2536 vobis,
777 2488 958 2538 sequen-

133 2546 199 2583 tes
219 2542 454 2584 D6minum
472 2544 615 2585 Deum
634 2548 837 2585 vestrum.

186 2601 237 2653 Rt·
268 2599 363 2649 Ego
396 2604 440 2641 te
467 2599 547 2641 tuli
576 2598 631 2641 de
659 2598 791 2640 domo
819 2598 956 2650 patris

131 2654 208 2704 tui,
235 2654 339 2696 dicit
357 2655 585 2704 DominuS‚
611 2659 655 2696 et
673 2654 802 2706 posui
820 2658 864 2695 te
881 2656 955 2706 pei-

132 2722 254 2752 scere
278 2723 456 2762 gregem
478 2710 633 2764 p6puli
654 2710 755 2752 mei:
776 2715 798 2738 *
817 2710 874 2752 Et
896 2711 957 2751 fui

487 198 586 232 Infra
612 198 905 231 Hebdomadam
930 199 981 231 iii.
1007 204 1095 241 post
1121 200 1199 232 Oet.
1224 200 1479 233 Penta-ostes.

1761 202 1825 236 181

1007 297 1154 334 tecum
1177 293 1221 334 in
1241 293 1442 335 Omnibus
1462 294 1726 347 ubicumque
1746 309 1832 336 am-

1006 348 1186 399 bulasti,
1218 350 1395 390 firmans
1427 364 1608 402 regnum
1640 357 1763 392 tuum
1790 353 1833 392 in

1008 407 1230 447 aeternum.
1270 402 1319 453 Y.
1347 407 1538 459 Fecique
1565 408 1645 449 tibi
1672 421 1831 450 nornen

1007 461 1187 512 grande,
1225 463 1344 514 juxta
1380 476 1539 504 nomen
1575 466 1833 515 magnorum

1009 518 1083 570 qui
1103 523 1202 560 sunt
1226 519 1270 558 in
1288 523 1419 560 terra:
1446 524 1488 560 et
1510 521 1705 571 requiem
1731 520 1831 562 dedi

1007 574 1087 616 tibi
1114 574 1169 616 ab
1200 574 1401 616 Omnibus
1424 575 1607 617 inimicis
1630 577 1726 617 tuis.
1766 578 1832 618 Et.

1012 630 1165 672 Gloria
1182 631 1312 672 Patri.
1340 632 1406 672 Et.

1064 693 1327 736 Responsorm
1348 695 1461 735 huius
1479 695 1541 728 III.
1559 695 1681 729 Feriae
1706 698 1834 730 dicun-

1012 746 1072 775 tur
1106 742 1143 774 in
1178 744 1355 777 omnibus
1385 744 1447 777 HI.
1481 743 1601 777 Feriis
1636 756 1755 787 usqne
1786 746 1832 779 ad

1012 790 1254 824 Dominieam
1279 792 1304 825 L
1329 792 1505 834 Augusti.

1189 899 1373 936 Feria
1412 898 1657 946 Quarta.

1148 957 1213 996 De
1232 954 1343 997 libro
1363 955 1504 1007 primo
1525 956 1706 1006 Regum.

1116 1018 1268 1059 Lectio
1288 1020 1312 1058 i.
1554 1022 1656 1071 Cap.
1679 1022 1733 1060 13.

1094 1079 1192 1121 ilius
1216 1082 1343 1121 unius
1373 1080 1472 1120 anni
1499 1086 1590 1122 erat
1607 1082 1709 1123 Saul
1737 1095 1834 1122 cum

1018 1144 1080 1184 ,εξ
1111 1138 1295 1187 regnare
1315 1138 1541 1188 coepisset,
1571 1136 1743 1179 duobus
1764 1151 1834 1178 au-

1009 1198 1099 1234 tem
1133 1192 1255 1233 annis
1288 1192 1487 1245 regnavit
1527 1205 1659 1245 super
1691 1194 1836 1234 Israel.

1009 1249 1066 1290 Et
1098 1249 1228 1300 elegit
1261 1248 1344 1290 sibi
1371 1247 1474 1289 Saul
1505 1249 1589 1289 tria
1620 1249 1753 1290 millia
1782 1249 1836 1291 de

1009 1305 1162 1346 Israel:
1188 1310 1231 1346 et
1256 1310 1378 1346 erant
1398 1318 1497 1346 cum
1516 1305 1618 1346 Saul
1638 1304 1725 1346 duo
1744 1306 1836 1346 mil-

1010 1362 1067 1402 lia
1080 1361 1124 1402 in
1135 1360 1370 1411 Machmas,
1386 1366 1429 1402 et
1443 1361 1486 1401 in
1501 1366 1650 1403 monte
1665 1361 1836 1403 Bethel:

1010 1417 1126 1459 mille
1154 1422 1300 1459 autem
1338 1430 1436 1458 cum
1465 1417 1652 1459 Jonatha
1677 1418 1722 1458 in
1750 1419 1834 1459 Gai-

1010 1474 1094 1516 baa
1116 1474 1354 1526 Benjamin:
1381 1487 1515 1526 porro
1543 1476 1735 1515 ceterum
1758 1477 1835 1527 po'-

1010 1530 1163 1583 pulum
1201 1530 1368 1571 remisit
1403 1532 1757 1583 unumquemque
1794 1531 1837 1572 in

1010 1586 1292 1629 tabernacula
1317 1600 1405 1628 sua.
1444 1587 1500 1628 Et
1525 1587 1742 1639 percussit
1767 1588 1790 1628 J
1794 1590 1835 1628 ό-

1010 1643 1165 1685 nathas
1198 1643 1433 1684 stationem
1464 1643 1836 1693 Philisthinorum‚

1012 1712 1110 1751 quae
1130 1705 1223 1741 erat
1242 1700 1286 1739 in
1306 1699 1470 1741 Gabaa.
1501 1699 1630 1749 Quod
1650 1713 1747 1741 cum
1766 1713 1836 1741 au-

1012 1755 1179 1798 dissent
1216 1755 1495 1805 Philisthiim,
1540 1756 1643 1797 Saul
1682 1756 1837 1798 cecinit

1009 1811 1196 1854 buccina
1213 1811 1256 1852 in
1277 1812 1395 1853 omni
1413 1817 1540 1861 terra,
1561 1811 1723 1853 dicens:
1748 1812 1835 1852 Au-

1012 1868 1133 1910 diant
1151 1868 1342 1909 Hebraei.
1374 1868 1431 1909 Et
1454 1868 1681 1909 universus
1699 1868 1835 1909 Israel

1011 1924 1177 1966 audivit
1204 1923 1504 1976 hujuscemodi
1532 1925 1705 1965 famam:
1736 1925 1835 1965 Per-

1011 1981 1148 2022 cussit
1173 1980 1275 2022 Saul
1304 1980 1536 2022 statiOneni
1559 1980 1835 2022 Philisthino-

1010 2050 1122 2078 rum:
1155 2041 1199 2078 et
1227 2037 1364 2078 erexit
1394 2049 1441 2078 se
1465 2036 1601 2077 Israel
1627 2036 1836 2078 adversus

1009 2092 1281 2134 Philisthiim.
1323 2092 1538 2134 Clamavit
1562 2105 1666 2143 ergo
1695 2095 1834 2145 popu-

1010 2148 1078 2190 lus
1096 2153 1200 2201 post
1219 2148 1322 2189 Saul
1341 2148 1384 2189 in
1404 2148 1598 2199 Ga-lgala.

1062 2207 1112 2258 R.
1139 2204 1335 2246 Peccavi.
1355 2204 1440 2245 179.
1646 2205 1655 2213 ’

1317 2263 1469 2304 Lectio
1490 2263 1528 2303 ii.

1093 2321 1111 2357 t
1125 2315 1386 2357 Philisthiim
1402 2318 1652 2368 congregati
1667 2323 1766 2359 sunt
1781 2317 1836 2359 ad

1116 2372 1407 2425 praeliz'mdum
1426 2378 1578 2415 contra
1596 2375 1743 2424 Israel,
1762 2374 1832 2416 tri-

1010 2431 1130 2479 ginta
1148 2428 1282 2470 millia
1302 2433 1524 2480 cnrruum,
1545 2435 1588 2472 et
1607 2443 1684 2471 sex
1701 2430 1833 2471 millia

1012 2485 1221 2537 equitum,
1241 2491 1284 2527 et
1300 2486 1516 2538 reliquum
1535 2487 1705 2537 vulgus,
1725 2487 1835 2527 sicut

1011 2543 1143 2582 arena
1163 2554 1262 2593 quae
1282 2547 1349 2583 est
1367 2542 1411 2583 in
1428 2543 1575 2585 littore
1594 2543 1725 2584 maris
1744 2542 1834 2594 plu-

1011 2598 1129 2638 rima.
1157 2598 1214 2639 Et
1233 2598 1520 2641 ascendentes
1541 2597 1834 2640 castrametati

1012 2659 1112 2694 sunt
1157 2654 1200 2694 in
1244 2655 1467 2696 Machmas
1513 2655 1569 2696 ad
1614 2654 1834 2695 Orientem

1011 2709 1249 2769 Bethaven.
1309 2711 1438 2761 Quod
1482 2724 1581 2752 cum
1624 2708 1834 2751 vidissent
