2040 2976
590 187 663 221 Die
689 187 717 220 1.
741 185 921 229 Augusti.

139 277 494 329 persecutionem
509 277 631 329 passi
650 277 844 326 fuissent,
864 277 973 328 ejus-

142 346 228 385 que
252 338 441 375 mortem
469 338 633 375 nostrae
662 333 816 375 salutis
842 345 975 374 causa

142 391 411 442 susceptam,
439 389 497 431 ad
523 389 785 431 imitandum
811 390 973 441 propo-

142 446 272 488 sitam
302 444 582 487 habuissent?
631 446 829 496 Quorum
859 445 974 486 enim

141 502 262 543 nullo
286 502 520 555 proposito
540 501 745 555 exemplo
764 501 864 543 talis
884 503 975 542 tan-

142 563 276 610 taque
300 558 438 600 virtus
464 558 560 608 fuit,
584 570 639 598 an
662 570 751 599 non
775 557 806 598 ii
832 558 975 599 exem-

143 614 266 668 plum
284 614 393 656 illud
406 615 638 664 intuentes,
656 614 812 656 fortius
826 614 871 654 in
886 625 976 655 cer-

142 673 291 713 tamen
317 669 675 713 descendissent?
713 670 827 720 Quin
846 670 977 711 etiam

144 728 330 780 mystica
358 726 563 779 quaedam
591 731 635 768 et
660 726 837 768 occulta
863 726 976 767 ratio

144 783 251 825 mihi
284 782 462 836 quidem
498 788 631 835 atque
664 782 867 825 omnibus
894 782 978 824 Dei

145 840 417 882 amatoribus
451 839 581 881 valde
616 838 862 892 probabilis
899 843 978 888 est,

145 896 364 937 neminem
391 898 559 945 eorum,
589 895 663 947 qui
690 899 791 936 ante
818 894 979 936 Christi

147 952 386 994 adventum
429 952 639 1004 martyrio
687 951 980 993 consummati

147 1013 259 1059 sunt,
283 1008 330 1050 id
349 1009 443 1050 sine
461 1007 550 1050 fide
569 1008 614 1049 in
634 1007 858 1050 Christum
877 1009 978 1049 con·

148 1064 274 1117 sequi
290 1066 502 1117 potuisse.

202 1126 265 1167 Te
284 1125 429 1167 Deum
448 1124 690 1166 laudamus.
709 1126 767 1166 13.

413 1205 493 1246 Ad
515 1205 713 1247 Laudes

355 1272 375 1296 e
392 1266 407 1296 t
445 1272 469 1305 p
488 1271 507 1295 e
524 1272 543 1295 r
580 1261 618 1295 H
635 1271 657 1295 o
674 1272 693 1295 r
710 1271 732 1295 a
749 1271 777 1294 s.

201 1312 302 1353 Ant.
327 1314 356 1352 1.
389 1310 595 1353 Herodes
620 1323 699 1352 rex
723 1312 747 1337 *
774 1312 982 1364 apposuit

148 1371 196 1408 ut
210 1367 565 1420 apprehenderet
580 1373 624 1409 et
637 1367 832 1409 Petrum:
851 1380 982 1420 quem

149 1436 250 1465 cum
274 1424 653 1477 apprehendisset,
680 1424 798 1466 misit
821 1424 865 1465 in
891 1427 981 1465 car-

149 1493 305 1530 cerem,
330 1481 483 1522 volens
507 1485 612 1533 post
629 1480 800 1522 Pascha
818 1481 981 1533 produ-

149 1548 249 1578 cere
269 1549 370 1578 eum
387 1537 568 1590 populo.

200 1595 270 1635 Ps.
296 1593 512 1634 Dominus
530 1593 741 1644 regnavit.
760 1594 819 1633 14.

202 1656 240 1696 2.
274 1653 431 1696 Petrus
460 1653 639 1706 quidem
667 1654 690 1680 *
724 1654 983 1696 servabatur

149 1710 193 1751 in
209 1712 397 1760 carcere,
418 1711 561 1753 oratio
578 1715 725 1752 autem
739 1710 874 1752 fiebat
889 1711 983 1752 sine

149 1766 472 1809 intermissione
488 1766 544 1809 ab
557 1767 757 1808 Ecclesia
772 1767 828 1808 ad
838 1767 983 1808 Deum

150 1835 233 1875 pro
253 1835 318 1865 eo.

202 1887 240 1926 3.
274 1884 396 1926 Dixit
422 1884 619 1936 Angelus
650 1885 674 1911 *
704 1883 761 1925 ad
787 1884 983 1925 Petrum:

151 1939 387 1982 Circumda
408 1940 489 1982 tibi
512 1940 823 1982 vestimentum
848 1945 984 1990 tuum,

152 2001 197 2039 et
215 1998 402 2049 sequere
419 2009 502 2039 me.

204 2059 244 2098 4.
261 2058 381 2100 Misit
399 2058 615 2100 Dominus
634 2058 658 2084 *
677 2057 896 2108 Angelum
916 2070 983 2098 su-

152 2127 242 2164 um,
267 2118 312 2156 et
335 2114 540 2157 liberavit
563 2127 635 2156 me
661 2114 717 2156 de
741 2127 873 2155 manu
897 2114 984 2155 He-

152 2170 285 2220 rodis,
305 2170 488 2222 alleluja.

205 2232 244 2272 5.
269 2231 338 2272 Tu
357 2243 404 2272 es
422 2231 592 2281 Petrus,
613 2231 637 2258 *
657 2235 700 2273 et
721 2243 854 2283 super
872 2230 985 2271 hanc

153 2291 326 2340 petram
336 2286 569 2329 aedificabo
578 2287 824 2330 Ecclesiam
830 2299 986 2328 meam.

208 2351 467 2404 Capitulum.
763 2351 859 2391 Act.
874 2350 931 2390 12.

259 2412 333 2453 isit
350 2411 556 2454 Heredes
575 2424 654 2454 rex
671 2425 838 2461 manus,
859 2416 908 2453 ut
927 2412 985 2452 af-

278 2469 449 2519 fligeret
469 2467 686 2520 quosdam
705 2468 760 2510 de
776 2467 986 2508 Ecclesia.

155 2525 331 2566 Occidit
374 2529 522 2565 autem
556 2524 582 2564 J
584 2524 772 2566 acobum
806 2524 985 2565 fratrem

154 2581 180 2622 J
182 2581 336 2623 oannis
351 2579 511 2631 gladio.
536 2579 705 2622 Videns
721 2585 868 2621 autem
885 2579 986 2631 quia

155 2637 353 2690 placeret
380 2637 405 2678 J
406 2636 563 2685 udaeis,
595 2636 805 2688 apposuit
836 2640 885 2677 ut
912 2648 985 2688 ap-

156 2693 452 2746 prehenderet
473 2698 516 2734 et
534 2693 724 2734 Petrum.

967 184 1003 218 S.
1026 183 1131 218 Petri
1156 183 1207 217 ad
1230 182 1404 216 Vincula.

1339 278 1549 329 Hymnus.

1031 339 1209 445 Beate
1237 345 1392 405 pastor
1409 341 1540 382 Petre
1570 340 1761 382 clemens
1790 342 1859 382 ac-

1078 454 1227 496 Voces
1247 409 1519 506 pregdgssum,
1543 453 1860 505 criminumque

1340 509 1515 550 vincula

1080 566 1233 608 Verbo
1252 565 1436 663 resoggte,
1462 565 1532 606 cui
1555 566 1755 617 potestas
1775 567 1860 607 tra-

1081 679 1268 731 Aperire
1296 634 1433 720 terrisl
1453 677 1630 726 coelum,
1660 679 1862 730 apertum

1344 732 1560 775 claudere.

1032 812 1098 853 Sit
1117 808 1323 852 Trinitati
1343 807 1609 859 sempiterna
1627 807 1778 858 gloria,

1083 868 1250 915 Honor,
1269 865 1480 917 potestas,
1505 868 1638 915 atque
1657 863 1864 916 jubilatio,

1086 925 1137 964 In
1155 922 1333 970 unitate,
1354 932 1455 972 quae
1474 919 1691 970 gubernat
1709 919 1865 968 omnia,

1083 981 1168 1021 Per
1187 978 1432 1072 ιιῐιίνὲτῗξιω
1414 976 1672 1017 aeternitatis
1692 975 1865 1016 saecula.

1435 1044 1499 1073 en.

1086 1104 1136 1157 V.
1166 1108 1236 1149 Tu
1273 1119 1321 1148 es
1352 1106 1520 1147 Petrus.
1563 1109 1613 1160 R.
1642 1105 1701 1146 Et
1733 1117 1867 1157 super

1032 1166 1146 1206 hanc
1168 1169 1339 1217 petram
1365 1161 1598 1204 aedificabo
1621 1160 1867 1203 Ecclesiam

1032 1234 1188 1263 meam.

1087 1286 1159 1327 Ad
1195 1286 1358 1327 Bened.
1397 1286 1497 1325 Ant.
1545 1282 1866 1337 Quodcumque
1915 1332 1918 1334 ,

1033 1342 1236 1394 ligaveris
1253 1354 1386 1394 super
1399 1346 1572 1389 terram,
1589 1339 1670 1381 erit
1684 1338 1867 1389 ligatum

1035 1404 1079 1440 et
1097 1399 1141 1439 in
1161 1398 1301 1440 coelis:
1326 1402 1370 1439 et
1394 1395 1708 1449 quodcumque
1728 1394 1866 1435 solve-

1034 1456 1092 1496 ris
1112 1467 1246 1507 super
1263 1460 1438 1503 terram,
1458 1453 1540 1494 erit
1555 1452 1749 1493 solutum
1766 1451 1867 1492 etin

1035 1512 1170 1562 coelis,
1191 1510 1296 1553 dicit
1310 1510 1527 1552 Dominus
1541 1508 1707 1551 Simoni
1720 1508 1868 1549 Petro.

1374 1583 1538 1624 Oratio.

1036 1642 1212 1749 Deus,
1241 1645 1315 1696 qui
1339 1644 1520 1686 beatum
1544 1643 1725 1684 Petrum
1749 1642 1868 1694 Apo-

1149 1701 1313 1743 stolum
1341 1714 1366 1742 a
1395 1700 1578 1741 vinculis
1605 1698 1869 1747 absolutum,

1035 1758 1223 1799 illaesum
1261 1757 1382 1799 abire
1419 1756 1578 1798 fecisti:
1615 1757 1868 1797 nostrorum

1037 1817 1291 1867 quaesumus
1315 1813 1497 1856 absolve
1520 1812 1695 1854 vincula
1713 1823 1867 1862 pecca-

1035 1874 1196 1921 torum;
1217 1875 1261 1912 et
1281 1870 1427 1912 omnia
1444 1869 1560 1910 mala
1579 1881 1604 1909 a
1623 1867 1751 1908 nobis
1767 1879 1864 1918 pro-

1036 1927 1218 1980 pitiatus
1238 1925 1434 1968 exclude.
1464 1925 1549 1966 Per
1568 1923 1817 1965 Dominum.

1090 2000 1138 2034 Et
1153 1999 1195 2033 fit
1212 2008 1410 2032 commem.
1428 1996 1463 2031 S.
1480 1996 1602 2030 Pauli.

1090 2051 1191 2091 Ant.
1205 2050 1363 2090 Sancte
1373 2045 1509 2087 Paule
1519 2044 1748 2097 Apostole,
1758 2057 1869 2096 prae-

1039 2105 1211 2146 dicator
1238 2102 1452 2152 veritatis,
1484 2106 1529 2144 et
1555 2101 1726 2142 Doctor
1755 2100 1868 2141 Gen-

1037 2161 1157 2210 tium,
1173 2158 1396 2201 intercede
1411 2171 1494 2211 pro
1506 2157 1635 2199 nobis
1646 2157 1704 2198 ad
1714 2157 1868 2205 Deum,

1039 2217 1114 2269 qui
1134 2221 1178 2258 te
1198 2215 1340 2266 elegit.

1092 2278 1141 2330 V.
1166 2280 1236 2321 Tu
1264 2292 1311 2321 es
1338 2292 1417 2321 vas
1447 2278 1691 2328 electionis,
1719 2282 1869 2319 sancte

1037 2337 1173 2378 Paule
1188 2336 1420 2389 Apostole.
1450 2338 1500 2377 R
1510 2333 1785 2376 Praedicator
1799 2346 1868 2375 ve·

1038 2393 1180 2435 ritatis
1198 2393 1241 2434 in
1259 2393 1467 2434 universo
1486 2390 1663 2432 mundo.

1375 2459 1540 2500 Oratio.

1039 2519 1217 2625 Deus,
1233 2522 1308 2575 qui
1322 2521 1648 2564 multitudinem
1664 2519 1869 2561 Gentium

1144 2579 1265 2621 beati
1282 2578 1408 2619 Pauli
1427 2577 1635 2630 Apostoli
1659 2574 1869 2629 praedica-

1039 2636 1159 2677 tione
1197 2635 1405 2677 docuisti:
1442 2633 1498 2676 da
1534 2633 1663 2675 nobis
1700 2633 1868 2683 quaesu-

1039 2704 1152 2742 mus;
1176 2697 1236 2741 ut,
1260 2692 1381 2743 cuius
1406 2686 1869 2732 commemorationem
