2040 2976
163 223 165 225 ’
209 213 301 258 [114]

785 211 822 243 In
852 210 1100 244 Dcdicationc
1128 207 1319 242 Ecclesiae.

211 314 341 358 stras,
370 313 413 350 et
436 307 664 350 elevamini
686 311 828 360 portae
852 307 1032 347 aeterna-

210 365 288 407 les:
306 365 330 391 *
350 369 394 406 et
411 363 609 406 introibit
627 364 725 405 Rex
744 363 906 414 gloriae.

262 421 369 472 Quis
393 425 460 462 est
483 421 566 462 iste
589 420 687 461 Rex
708 417 882 471 gloriae?
901 419 925 445 *
944 419 1032 459 Do·

209 477 350 519 minus
374 477 586 519 virtutum
609 477 704 530 ipse
729 481 797 518 est
818 476 916 518 Rex
942 475 1032 527 glo-

209 547 297 576 r1ae.

266 606 360 645 Ant.
415 603 572 645 Tollite
616 607 769 656 portas
811 601 1031 655 principes

210 665 393 710 vestras,
421 664 464 702 et
490 660 719 702 elevamini
743 663 884 712 portae
910 662 1032 699 aeter-

208 716 341 758 nales.

265 792 361 832 Aut.
403 791 499 832 Erit
534 790 642 831 mihi
676 790 700 816 *
736 789 951 831 Dominus
989 787 1033 827 in

209 847 368 897 Deum,
397 852 440 889 et
464 847 576 900 lapis
599 847 682 888 iste
705 845 934 888 vocabitur
958 843 1032 886 do-

209 916 306 944 mus
325 903 420 945 Dei.

478 977 676 1017 Psalmus
697 978 761 1016 45.

209 1033 374 1138 Deus
393 1047 541 1084 noster
563 1042 795 1093 refugium,
821 1046 864 1083 et
882 1041 1034 1083 virtus:

315 1101 338 1126 *
374 1099 546 1152 adjutor
586 1099 631 1139 in
670 1097 1032 1149 tribulationibus,

210 1170 309 1209 quae
327 1157 584 1198 invenerunt
601 1167 683 1196 nos
701 1155 840 1196 nimis.

260 1214 500 1266 Propterea
531 1224 619 1253 non
650 1211 897 1253 timebimus
929 1210 1033 1252 dum

211 1270 454 1312 turbabitur
487 1274 618 1311 terra:
645 1269 669 1295 *
697 1272 740 1310 et
773 1267 1032 1309 transferen-

207 1332 278 1368 tur
295 1331 468 1368 montes
485 1326 528 1366 in
548 1338 625 1367 cor
642 1325 784 1366 maris.

260 1384 516 1432 Sonuerunt,
533 1387 576 1424 et
589 1381 776 1423 turbatae
793 1385 893 1422 sunt
907 1393 1033 1433 aquae

209 1442 375 1482 eorum:
403 1440 427 1466 *
455 1438 703 1481 conturbati
734 1442 835 1479 sunt
861 1442 1032 1479 montes

208 1497 252 1537 in
271 1496 525 1538 fortitudine
545 1496 647 1547 ejus.

259 1553 468 1594 Fluminis
495 1554 685 1605 impetus
712 1551 906 1593 laetificat
935 1551 1032 1592 civi-

208 1611 344 1651 tatem
362 1610 459 1651 Dei:
478 1610 502 1636 *
522 1608 809 1650 sanctificavit
834 1607 1033 1650 taberna·

210 1666 354 1708 culum
373 1679 498 1708 suum
516 1664 779 1707 Altissimus.

259 1723 381 1765 Deus
400 1723 443 1763 in
457 1721 603 1763 medio
620 1722 720 1774 ejus,
738 1734 827 1763 non
841 1733 1032 1763 eommo-

209 1779 396 1821 vebitur:
410 1781 434 1807 *
449 1777 672 1831 adjuvabit
691 1792 787 1820 eam
805 1778 927 1819 Deus
945 1790 1032 1819 ma-

209 1848 263 1877 ne
283 1835 486 1878 diluculo.

262 1892 544 1934 Conturbatae
573 1896 674 1934 sunt
702 1891 877 1941 Gentes,
906 1894 950 1932 et
974 1890 1034 1930 in-

211 1948 369 1991 clinata
396 1953 496 1990 sunt
522 1961 670 2001 regna:
688 1949 713 1975 *
732 1947 854 1990 dedit
879 1959 1036 1988 vocem

211 2017 344 2055 suam,
362 2010 482 2047 mota
501 2010 568 2047 est
585 2011 712 2047 terra.

263 2061 475 2103 Dominus
503 2062 713 2104 virtutum
738 2060 984 2102 nobiscum:
1011 2061 1035 2087 *

212 2119 441 2170 susceptor
463 2123 614 2160 noster
634 2119 755 2159 Deus
777 2116 926 2158 Jacob.

262 2174 435 2224 Venite,
464 2179 507 2216 et
530 2174 673 2216 videte
693 2176 830 2227 opera
848 2172 1035 2222 Domini,

212 2242 310 2282 quae
328 2231 475 2283 posuit
493 2230 694 2283 prodigia
712 2243 844 2283 super
859 2234 1035 2271 terram:

209 2287 234 2313 *
262 2286 461 2328 auferens
495 2287 610 2328 bella
642 2299 782 2339 usque
814 2286 871 2328 ad
904 2286 1035 2328 finem

210 2347 351 2384 terrae.

261 2399 426 2440 Arcum
462 2400 674 2450 conteret,
713 2406 757 2442 et
794 2400 1036 2452 confringet

211 2468 346 2497 arma:
363 2457 387 2483 *
408 2459 451 2496 et
469 2460 591 2497 scuta
611 2456 840 2498 comburet
858 2457 958 2508 igni.

262 2512 447 2561 Vacate,
476 2516 520 2552 et
547 2511 691 2553 vide‘te
721 2513 925 2564 quoniam
954 2525 1035 2563 ego

212 2581 307 2610 sum
321 2568 455 2610 Deus:
470 2569 493 2594 *
509 2567 735 2609 exaltabor
753 2569 797 2608 in
812 2568 1035 2618 Gentibus,

212 2630 256 2666 et
275 2624 503 2666 exaltAbor
522 2624 565 2664 in
584 2629 710 2665 terra.

260 2681 474 2722 Dominus
502 2681 712 2722 virtutum
739 2680 985 2722 nobiseum:
1012 2682 1035 2708 *

211 2739 440 2790 susceptor
459 2742 610 2779 noster
628 2737 748 2779 Deus
767 2736 914 2778 Jacob.

1140 308 1236 348 Ant.
1265 303 1361 346 Erit
1385 303 1492 344 mihi
1515 303 1732 344 Dominus
1758 303 1804 344 in
1826 303 1912 345 De-

1086 374 1174 410 um,
1199 365 1243 402 et
1264 360 1376 413 lapis
1399 360 1482 402 iste
1501 359 1731 402 vocabitur
1755 359 1911 402 domus

1086 417 1180 459 Dei.

1140 477 1237 516 Ant.
1266 473 1522 516 AEdificavit
1539 473 1563 499 *
1579 473 1756 526 Moyses
1775 472 1913 515 altare

1086 531 1275 572 Domino
1294 531 1403 573 Deo.

1360 586 1557 627 Psalmus
1578 586 1642 626 47.

1087 638 1326 744 Magnus
1349 642 1582 693 DominuS,
1610 646 1654 684 et
1680 641 1913 684 laudabilis

1206 700 1333 740 nimis
1353 699 1376 726 *
1396 699 1440 740 in
1460 699 1636 741 civitate
1653 699 1739 741 Dei
1761 698 1913 749 nostri,

1086 757 1131 797 in
1149 761 1298 798 monte
1317 761 1469 798 sancto
1490 757 1591 808 ejus·

1137 812 1364 855 Fundatur
1390 812 1679 855 exsultatione
1697 812 1912 854 universae

1085 874 1216 911 terrae
1241 882 1366 911 mons
1390 870 1510 920 Sion,
1529 870 1552 895 *
1570 869 1710 911 latera
1731 868 1912 922 Aquilo-

1086 926 1162 971 nis,
1181 926 1333 967 civitas
1351 926 1486 977 Regis
1503 926 1659 978 magni.

1136 982 1259 1024 Deus
1282 983 1326 1024 in
1346 982 1549 1024 domibus
1569 983 1659 1035 ejus
1679 982 1913 1034 cognosce-

1086 1042 1169 1088 tur,
1190 1039 1215 1065 *
1235 1052 1334 1081 eum
1353 1039 1562 1092 suscipiet
1582 1052 1688 1081 eam.

1140 1096 1357 1146 Quoniam
1381 1108 1484 1138 ecce
1507 1108 1634 1148 reges
1658 1100 1788 1138 terrae
1813 1108 1913 1137 eon-

1086 1153 1254 1204 gregati
1299 1157 1415 1194 sunt:
1458 1153 1483 1179 *
1529 1154 1826 1195 convenerunt
1869 1152 1914 1193 in

1085 1222 1230 1250 unum.

1137 1266 1229 1318 Ipsi
1258 1265 1458 1308 videntes
1486 1266 1549 1307 sic
1576 1265 1779 1308 admirati
1801 1269 1913 1315 sunt,

1087 1322 1336 1364 conturbati
1363 1326 1481 1373 sunt,
1514 1322 1724 1364 commoti
1751 1326 1865 1364 sunt:
1889 1322 1914 1348 *

1085 1384 1251 1421 tremor
1269 1378 1560 1432 apprehendit
1580 1391 1668 1421 eos.

1137 1435 1206 1477 Ibi
1234 1435 1411 1477 dolores
1438 1440 1487 1477 ut
1511 1435 1809 1488 parturientis,
1827 1435 1852 1462 *
1869 1434 1914 1476 in

1086 1493 1241 1545 spiritu
1268 1492 1514 1534 vehementi
1547 1494 1750 1534 conteres
1778 1504 1913 1533 naves

1087 1549 1281 1591 Tharsis.

1137 1606 1260 1647 Sicut
1282 1606 1545 1656 audivimuS,
1573 1606 1636 1648 sie
1658 1605 1847 1647 vidimus
1869 1604 1914 1645 in

1087 1662 1265 1704 civitote
1288 1663 1468 1705 Domini
1491 1663 1717 1713 virtutum,
1745 1662 1790 1702 in
1814 1660 1914 1703 civi-

1086 1721 1177 1761 tate
1207 1720 1293 1761 Dei
1324 1720 1478 1762 nostri:
1509 1720 1533 1746 *
1565 1720 1686 1761 Deus
1716 1717 1916 1760 fundavit

1088 1789 1185 1818 eam
1202 1776 1246 1817 in
1265 1778 1488 1818 aeternum.

1139 1833 1418 1886 Suseepimus
1432 1833 1554 1874 Deus
1570 1830 1915 1874 misericordiam

1088 1893 1218 1940 tuam,
1237 1889 1261 1916 *
1279 1890 1323 1930 in
1341 1889 1489 1931 medio
1507 1889 1661 1942 templi
1679 1889 1754 1931 tui.

1139 1946 1388 1988 Secundum
1424 1959 1584 1988 nomen
1619 1951 1743 1988 tuum
1776 1946 1914 1996 DeuS,

1089 2003 1151 2045 sic
1175 2008 1218 2045 et
1244 2003 1340 2045 laus
1362 2009 1438 2045 tua
1457 2004 1501 2045 in
1524 2004 1633 2045 fines
1651 2008 1797 2045 terrae:
1812 2002 1838 2029 *
1855 2003 1914 2054 ju-

1088 2060 1206 2102 stitia
1223 2060 1353 2113 plena
1372 2065 1439 2102 est
1458 2060 1639 2102 dextera
1657 2064 1742 2101 tua.

1138 2117 1334 2158 Laetetur
1351 2129 1478 2158 mons
1497 2117 1611 2168 Sion,
1633 2121 1677 2158 et
1695 2115 1915 2158 exsultent

1087 2173 1189 2215 filiae
1220 2174 1245 2214 J
1247 2173 1357 2224 udae,
1384 2174 1408 2200 *
1435 2178 1619 2227 propter
1650 2171 1808 2224 iudicia
1838 2176 1915 2213 tua

1087 2230 1286 2272 Domine.

1142 2285 1420 2328 Circumdate
1443 2286 1565 2336 Sion,
1594 2290 1638 2327 et
1664 2285 1914 2339 complecti-

1087 2343 1192 2384 mini
1227 2356 1339 2385 eam:
1369 2343 1394 2369 *
1431 2345 1604 2384 narrate
1640 2342 1685 2383 in
1721 2341 1914 2384 turribus

1088 2412 1190 2452 elus.

1139 2455 1295 2498 Ponite
1327 2456 1462 2498 eorda
1494 2459 1641 2498 vestra
1677 2455 1722 2496 in
1753 2454 1914 2496 virtute

1089 2513 1194 2564 ejus:
1217 2513 1240 2538 *
1266 2517 1311 2554 et
1343 2512 1590 2554 distribuite
1624 2512 1781 2554 domos
1813 2511 1915 2566 ejus,

1087 2573 1135 2610 ut
1154 2569 1363 2610 enarretis
1382 2570 1426 2610 in
1443 2569 1653 2622 progenie
1673 2569 1820 2610 altera.
1845 2577 1855 2587 ·

1140 2626 1354 2676 Quoniam
1372 2625 1444 2667 hic
1463 2630 1530 2668 est
1548 2626 1681 2675 Deus,
1699 2625 1820 2666 Deus
1839 2636 1915 2667 no-v

1087 2685 1178 2723 ster
1209 2682 1254 2722 in
1285 2683 1516 2732 aeternum,
1555 2687 1599 2724 et
1629 2682 1674 2722 in
1705 2679 1914 2722 saeculum

1088 2738 1253 2779 saeculi:
1271 2739 1295 2764 *
1313 2739 1409 2791 ipse
1430 2742 1555 2789 reget
1575 2750 1656 2779 nos
1678 2737 1723 2778 in
1741 2736 1914 2778 saecula.
