2040 2976
576 197 647 230 Dic
672 198 700 230 4.
725 198 842 231 Junii.
890 200 924 231 ὃ.
951 199 1146 233 Francisci
1174 200 1399 233 (lamet-mm
1425 201 1533 235 Conf.

201 292 369 340 integer
402 295 446 331 et
479 290 714 333 inviolatus
742 293 892 334 evasit.
934 295 1032 344 Quo

201 346 412 387 miraculo
432 346 557 388 multi
575 359 622 388 se
642 347 699 390 ad
719 348 880 391 Christi
899 349 1032 391 fidem

202 404 522 445 converterunt.
582 405 750 446 Verum
792 405 830 446 is
874 408 1031 447 iterum

201 458 406 500 detrusus
432 459 475 500 in
500 463 740 510 carcerem,
769 464 1031 504 constrictus

200 515 350 556 ferreis
369 516 727 568 gravissimisque
747 518 949 567 vinculis,
971 518 1030 558 in-

200 571 255 612 de
284 571 339 613 ab
365 571 539 622 Angelo
568 573 825 615 mirabiliter
853 576 1030 626 ereptus

200 633 278 669 est.
312 627 484 669 Deinde
503 629 692 670 Formiis
718 643 743 670 a
762 630 1030 672 Maximiano

199 683 331 724 variis
364 684 547 726 affectus
580 685 826 738 suppliciis,
865 686 1029 728 tunica-

200 752 285 791 que
323 742 438 782 aerea
476 741 681 783 candenti
716 741 912 793 indutus,
955 743 1030 784 illa

199 797 331 837 etiam
355 799 574 839 tormenta
600 797 747 839 divina
773 799 935 840 virtute
962 811 1029 840 su-

198 853 381 904 peravit.
435 853 638 905 Denique
675 854 876 906 plurimis
910 859 954 896 et
986 854 1030 895 in

198 908 286 950 fide
306 909 592 960 confirmatis,
620 916 664 952 et
689 910 746 952 ad
772 910 906 952 fidem
931 923 1029 952 eon-

198 965 354 1014 versis,
380 965 595 1016 insignem
618 967 814 1019 martyrii
838 967 1030 1019 palmam

198 1020 387 1074 adeptus
407 1027 484 1063 est.

253 1083 315 1124 Te
334 1083 479 1124 Deum
496 1082 738 1125 laudamus.
757 1085 815 1125 13.

248 1144 318 1184 Ad
340 1144 473 1185 Laud.
499 1145 598 1185 Ant.
626 1145 774 1186 Vestri
793 1145 940 1198 capilli
961 1147 1029 1187 ea-

195 1199 299 1252 pitis
326 1212 479 1241 omnes
506 1201 722 1242 numerati
751 1206 866 1242 sunt:
893 1201 1031 1243 nolite

195 1255 367 1297 timere:
386 1256 534 1298 multis
553 1256 807 1309 passeribus
824 1257 1030 1300 meliores

198 1312 304 1353 estis
325 1325 416 1353 vos.

243 1367 293 1419 V.
325 1373 622 1415 Exsultabunt
645 1375 786 1416 sancti
811 1375 855 1416 in
876 1374 1028 1426 gloria.

190 1430 242 1481 R.
273 1429 565 1472 Laetabuntur
583 1431 627 1471 in
647 1431 866 1474 cubilibus
887 1432 988 1473 suis.

469 1538 553 1580 Die
572 1540 610 1579 4.
629 1539 756 1580 Junii.

223 1602 266 1643 S.
284 1603 542 1644 Francisci
567 1604 855 1646 caracciolo
876 1606 996 1647 Conf.

524 1663 687 1706 Duplex.

244 1711 381 1745 Omnia
412 1712 458 1745 de
490 1712 634 1746 Comm.
665 1711 774 1745 Conf.
805 1721 882 1745 non
912 1710 1021 1745 Pont.

195 1762 264 1806 [67]
288 1766 429 1803 practer
455 1772 559 1803 sequ.

529 1829 693 1870 Oratio.

191 1885 378 1990 DeuS,
417 1891 491 1942 qui
528 1890 708 1933 beatum
743 1892 1028 1935 Franciscum

290 1946 393 1987 novi
410 1946 576 1988 ordinis
593 1948 890 1990 institutorem
903 1952 1027 1991 oran-

195 2001 239 2043 di
255 2001 414 2051 studio,
435 2008 478 2044 et
497 2004 770 2055 poenitentiae
790 2007 939 2046 amore
955 2004 1027 2047 de-

195 2058 373 2099 corasti:
394 2058 449 2100 da
469 2059 642 2101 famulis
662 2060 748 2101 tuis
766 2061 811 2101 in
830 2062 920 2112 ejus
935 2062 1026 2103 imi—

193 2114 359 2155 tatione
396 2115 458 2156 ita
492 2115 725 2168 proficere3
768 2122 816 2159 ut
852 2130 1027 2170 semper

195 2172 392 2220 orantes,
426 2176 469 2212 et
502 2184 664 2224 corpus
697 2173 741 2213 in
769 2174 1026 2216 servitutem

193 2224 459 2276 redigentes,
491 2227 548 2269 ad
581 2228 807 2271 coelestem
839 2229 1026 2280 gloriam

193 2284 423 2334 pervenire
442 2286 702 2326 mereantur.
730 2285 815 2327 Per
833 2286 960 2327 Dfim.

242 2344 283 2376 In
317 2344 340 2377 I.
372 2343 571 2377 Noeturno
605 2345 808 2380 Lectiones
843 2347 890 2381 de
923 2348 1020 2382 Scri-

188 2396 301 2434 ptura
327 2397 559 2426 occurrente.

418 2462 467 2500 In
490 2462 539 2501 11.
564 2462 787 2503 Nocturno.

482 2535 635 2576 Lectio
656 2537 708 2577 iv.

200 2627 204 2630 <
312 2603 548 2651 ranciseuS,
573 2601 718 2644 dietus
739 2605 867 2645 antea
886 2605 1022 2646 Asca-

194 2649 204 2703 4ζ
244 2689 251 2700 .,
264 2657 291 2707 {32
328 2657 435 2707 nius,
455 2670 510 2699 ex
528 2658 665 2700 nobili
683 2659 847 2701 familia
867 2661 1022 2703 Carac-

227 2730 261 2741 2
302 2714 303 2738 ³
329 2713 444 2755 ciolo
472 2714 516 2755 in
544 2714 712 2767 oppido
740 2722 905 2758 sanctae
933 2718 1022 2759 Ma-

1083 296 1161 335 riae
1190 293 1246 336 de
1273 295 1393 337 Villa
1419 296 1463 336 in
1491 297 1684 349 Aprutio
1713 304 1852 349 ortuS‚
1890 312 1916 341 a

1082 351 1235 402 primis
1254 352 1377 393 annis
1393 353 1552 394 eximio
1568 354 1723 396 enituit
1736 355 1915 407 pietatis

1084 407 1214 448 cultu.
1252 407 1529 450 Adolescens
1556 410 1748 460 graviter
1776 414 1914 462 aegro-

1083 468 1181 504 tans
1201 464 1354 505 statuit
1374 477 1471 506 sese
1490 477 1673 517 prorsus
1692 466 1792 517 Dei,
1814 480 1914 520 pro-

1083 519 1276 571 ximique
1299 521 1554 573 mancipare
1579 523 1770 564 servitio.
1802 523 1914 566 Nea-

1082 575 1220 628 polim
1239 576 1482 628 profectuS,
1508 577 1758 621 sacerdotio
1775 579 1915 621 initia-

1081 637 1167 680 tus,
1187 634 1404 684 sacroque
1425 631 1675 686 adscriptus
1695 634 1914 685 sodalitio,

1083 688 1459 740 contemplationi,
1485 688 1798 742 lucrandisque
1826 691 1914 733 ani·

1081 744 1237 785 mabus
1257 758 1305 786 se
1323 750 1467 787 totum
1488 744 1684 796 devovit,
1704 759 1756 789 ac
1775 750 1914 790 extre·

1081 812 1154 841 mo
1174 801 1392 853 supplicio
1409 801 1626 844 damnatis
1639 802 1914 846 hortatorem

1082 869 1130 898 se
1148 856 1340 910 praebuit
1358 857 1596 900 assiduum.
1629 859 1823 911 Contigit
1841 873 1913 902 au—

1081 918 1186 964 tem,
1216 918 1264 955 ut
1291 914 1543 966 epistolium
1574 914 1700 957 alteri
1724 915 1914 959 destina-

1081 974 1174 1010 tum
1211 970 1252 1011 ei
1286 983 1366 1022 per
1406 973 1602 1013 errorem
1638 971 1913 1024 redderetur,

1083 1038 1170 1077 quo
1203 1039 1229 1067 a
1255 1027 1466 1079 piissimis
1494 1028 1599 1069 viris
1627 1029 1651 1070 J
1655 1031 1797 1071 oanne
1825 1030 1913 1071 Au-

1081 1085 1256 1132 gustino
1286 1082 1489 1134 Adorno,
1527 1089 1572 1126 et
1602 1084 1806 1127 Fabricio
1836 1086 1914 1128 Ca-

1081 1138 1273 1180 racciolo
1297 1138 1356 1181 ad
1379 1140 1484 1182 novi
1506 1141 1702 1192 religiosi
1725 1142 1915 1185 instituti

1081 1193 1385 1237 fundationem
1403 1196 1656 1239 vocabatur.
1689 1198 1774 1240 Rei
1795 1199 1914 1241 novi-

1082 1252 1173 1292 tate
1202 1256 1374 1303 eaptus,
1415 1257 1459 1294 et
1486 1252 1647 1295 divinae
1675 1254 1915 1297 voluntatis

1082 1306 1325 1349 demiratus
1357 1308 1556 1359 consilia,
1597 1310 1731 1352 alacri
1767 1311 1914 1354 animo

1082 1375 1180 1404 sese
1199 1363 1284 1405 illis
1304 1363 1512 1416 adjunxit.
1547 1365 1748 1408 Conditis
1768 1372 1916 1409 autem

1081 1419 1127 1460 in
1143 1419 1544 1462 Camaldulensium
1563 1423 1724 1473 eremo,
1745 1436 1832 1476 quo
1851 1436 1915 1466 se-

1083 1478 1319 1528 cesserant,
1344 1477 1449 1519 novi
1469 1477 1634 1520 ordinis
1653 1479 1836 1530 legibus,
1855 1480 1915 1521 in-

1083 1532 1138 1575 de
1163 1533 1352 1574 Romam
1375 1533 1505 1575 simul
1528 1535 1733 1587 profecti,
1761 1535 1915 1578 confir-

1081 1589 1321 1631 mationem
1346 1602 1371 1631 a
1389 1590 1512 1632 Sixto
1539 1591 1691 1643 quinto
1709 1592 1916 1645 impetra-

1082 1651 1198 1696 runt,
1229 1645 1303 1698 qui
1330 1645 1513 1688 eosdem
1537 1647 1722 1689 clericos
1746 1648 1915 1699 regula-

1081 1715 1152 1744 res
1180 1702 1375 1744 Minores
1404 1703 1622 1756 appellari
1649 1704 1804 1755 voluit,
1842 1704 1916 1748 ad-

1081 1758 1176 1800 dito
1198 1758 1255 1800 ad
1274 1759 1357 1800 tria
1375 1761 1587 1801 consueta
1601 1759 1740 1802 altero
1757 1760 1813 1803 de
1826 1774 1916 1803 non

1081 1814 1326 1857 ambiendis
1348 1815 1633 1866 dignitatibus
1651 1821 1772 1858 voto.

1132 1875 1181 1925 R.
1216 1872 1465 1913 Honestum
1488 1871 1592 1913 feeit
1617 1872 1740 1914 illum
1764 1873 1913 1914 Domi-

1079 1941 1177 1977 nus,
1202 1933 1246 1969 et
1265 1927 1503 1970 custodivit
1522 1941 1623 1970 eum
1642 1928 1697 1970 ab
1716 1929 1913 1980 inimicis,

1080 1989 1125 2025 et
1151 1997 1178 2025 a
1205 1983 1512 2025 seductoribus
1540 1985 1701 2027 tutavit
1727 1985 1865 2027 illum:
1886 1993 1909 2017 *

1079 2040 1137 2081 Et
1168 2039 1291 2082 dedit
1323 2040 1385 2081 illi
1417 2040 1662 2082 claritatem
1691 2043 1912 2083 aeternam.

1078 2092 1128 2144 V.
1163 2096 1336 2138 Justum
1368 2096 1552 2139 deduxit
1582 2097 1800 2140 Dominus
1831 2111 1912 2151 per

1078 2153 1173 2193 vias
1194 2161 1352 2202 rectas,
1375 2158 1419 2195 et
1435 2153 1628 2196 ostendit
1648 2154 1710 2195 illi
1728 2167 1911 2206 regnum

1078 2209 1173 2251 Dei.
1200 2209 1258 2250 Et
1276 2208 1408 2251 dedit.

1386 2270 1539 2310 Lectio
1560 2285 1597 2311 v.

1078 2321 1311 2427 Solemni
1339 2328 1499 2367 emissa
1526 2327 1818 2379 professione,
1851 2327 1909 2370 ob

1158 2381 1424 2433 singularem
1444 2383 1535 2434 ejus
1554 2383 1599 2427 in
1614 2383 1764 2425 divum
1778 2383 1909 2425 Fran-

1078 2440 1243 2479 ciscum
1260 2438 1553 2480 Assisinatem
1572 2439 1754 2490 cultum,
1776 2440 1908 2481 Fran-

1077 2494 1183 2535 cisci
1217 2506 1378 2536 nomen
1412 2495 1662 2548 assumpsit.
1722 2495 1907 2538 Adorno

1076 2549 1252 2592 biennio
1277 2556 1380 2603 post
1403 2551 1495 2592 vita
1517 2552 1684 2602 functo,
1709 2552 1806 2604 ipse
1825 2553 1907 2594 toti

1075 2606 1291 2657 religioni,
1322 2620 1598 2660 quamquam·
1609 2607 1771 2649 invitus
1797 2621 1905 2660 prae-

1076 2662 1235 2713 ficitur,
1274 2676 1361 2716 quo
1397 2664 1442 2704 in
1476 2667 1656 2705 munere
1695 2663 1907 2706 virtatum

1076 2719 1269 2761 omnium
1296 2719 1513 2771 praeclara
1538 2719 1729 2772 praebuit
1761 2722 1904 2762 exem-
