2040 2976
185 189 285 234 [304]

186 291 233 327 ut
268 285 414 328 luceat
453 286 657 329 omnibus
696 288 770 341 qui
806 289 850 329 in
881 289 1014 332 domo

184 347 295 384 sunt

518 406 681 447 Oratio.

269 477 362 514 eus,
388 465 461 516 qui
485 466 664 518 populis
684 467 771 508 tuis
791 468 1014 521 indulgen-

282 521 343 563 tia
368 522 560 564 consulis
585 528 629 564 et
649 526 798 566 amore
819 524 1012 567 domina-

182 578 256 618 ris:
290 577 347 620 da
376 579 578 631 spiritum
606 581 834 634 sapientiae
863 582 1012 623 suffra-

182 635 387 686 gantibus
404 636 571 678 meritis
587 638 848 680 Antistitum
864 639 1012 680 Eccle-

182 691 258 733 siae
290 698 393 743 tuae,
429 692 588 745 quibus
621 693 784 736 dedisti
818 696 1012 747 regimen

182 747 444 802 disciplinae3
469 755 517 792 ut
541 750 596 792 de
621 751 825 804 profectu
844 754 1012 794 sancta-

181 818 277 846 rum
319 806 468 847 ovium
506 806 614 849 fiant
654 807 814 860 gaudia
849 810 1013 850 aeterna

180 864 421 914 pastorum.
448 863 533 905 Per
551 864 801 906 Dominum.

235 931 278 965 Et
295 932 335 966 fit
353 943 548 968 commem.
567 934 783 968 Dominicae
802 945 946 969 occurr.

453 1003 521 1040 Ad
545 1003 747 1041 Tertiam.

232 1061 331 1101 Ant.
360 1060 411 1100 In
431 1061 687 1111 coelestibus
706 1063 864 1114 regnis.

231 1121 368 1173 Capit.
396 1122 583 1164 Fratres:
598 1123 879 1166 Mementote.
895 1124 1012 1177 [303]

231 1181 281 1232 R'·
299 1181 358 1222 br.
380 1183 612 1225 Laetamini
630 1185 675 1225 in
690 1185 882 1228 Domino
913 1183 935 1206 *
954 1185 1012 1227 Et

178 1238 394 1281 exsultate
424 1240 534 1291 justi.
575 1241 819 1283 Laetamini.
866 1218 917 1286 5³⁷-
954 1243 1012 1285 Et

177 1295 425 1345 gloriamini
450 1310 603 1339 omnes
629 1299 738 1340 recti
764 1299 910 1341 corde.
942 1300 1010 1342 Et.

182 1351 330 1394 Gloria
349 1353 478 1395 Patri.
506 1354 749 1397 Laetzimini.

228 1405 276 1456 Y.
313 1409 548 1454 Exsultent
572 1413 674 1464 justi
697 1414 741 1454 in
768 1415 1010 1467 conspectu

176 1466 270 1507 Dei.
297 1467 347 1518 Rg.
367 1467 424 1509 Et
445 1468 719 1512 delectentur
738 1470 782 1511 in
801 1470 966 1513 laetitia.

453 1547 522 1584 Ad
546 1547 733 1585 Sextam.

227 1605 327 1644 Ant.
358 1604 559 1658 Corpora
578 1608 845 1648 sanctorum.

228 1666 486 1718 Capitulum.
721 1667 817 1708 Act.
833 1668 903 1707 20.
921 1681 953 1707 c.

250 1727 437 1770 ttendite
456 1727 600 1779 vobis,
626 1733 669 1770 et
688 1728 894 1771 universo
915 1743 1007 1782 gre—

287 1784 341 1836 gi,
360 1785 404 1826 in
425 1797 512 1838 quo
530 1798 611 1827 vos
626 1786 814 1838 Spiritus
829 1791 1008 1829 sanctus

630 195 833 229 Dominicu
859 196 922 230 III.
947 197 1051 230 Julii.
1099 199 1156 231 Ss.
1183 197 1463 240 Redemptoris.

1122 292 1173 344 R'·
1200 291 1263 332 br.
1295 293 1411 334 Justi
1438 299 1586 336 autem
1617 295 1640 320 *
1664 297 1715 337 In
1741 300 1896 351 perpe-

1068 353 1191 389 tuum
1220 349 1380 391 vivent.
1433 350 1559 393 Justi.
1613 350 1665 398 V.
1695 353 1752 394 Et
1778 354 1898 407 apud

1066 405 1304 446 Dominum
1334 411 1402 448 est
1432 420 1602 450 merces
1631 411 1795 451 eorum.
1835 411 1898 452 In.

1070 461 1219 503 Gloria
1237 463 1368 504 Patri.
1396 464 1421 505 J
1423 465 1520 506 usti.

1120 514 1170 564 V.
1192 518 1490 563 Exsultabunt
1513 522 1654 564 sancti
1677 522 1722 563 in
1745 523 1897 574 gloria.

1068 575 1117 626 Rg.
1135 575 1423 620 Laetabl'mtur
1443 578 1488 619 in
1507 578 1724 621 cubilibus
1743 580 1844 621 suis.

1272 650 1334 691 In
1355 651 1417 692 11.
1436 652 1690 704 vesperis.

1117 712 1216 748 Ant..
1235 713 1359 756 Cupit.
1379 718 1414 747 et
1429 713 1567 758 Hymn.
1586 715 1633 750 de
1646 715 1765 750 Laud.
1780 716 1896 762 [303];

1066 760 1126 795 Ps.
1150 766 1190 796 ut
1213 762 1250 795 in
1273 762 1298 796 1.
1319 762 1445 806 Vesp„
1471 767 1508 797 et
1528 763 1616 798 loco
1639 765 1721 808 ult.⁷
1746 764 1807 799 Ps.
1826 765 1896 800 131.

1069 809 1268 844 Memento.
1289 809 1361 853 [58]

1118 856 1167 908 V.
1191 861 1336 913 Elegit
1359 875 1436 904 eos
1456 862 1673 905 Dominus
1693 863 1896 906 sacerdo-

1064 922 1132 960 tes
1162 918 1256 960 sibi.
1304 921 1354 972 R.
1390 919 1464 961 Ad
1491 920 1830 964 sacrificandum
1857 922 1897 964 ei

1063 974 1255 1018 hostiam
1274 975 1428 1017 laudis.

1116 1032 1187 1073 Ad
1220 1033 1393 1083 Magnis.
1448 1035 1547 1075 Ant.
1593 1035 1709 1077 Dum
1749 1041 1897 1078 essent

1065 1090 1223 1131 summi
1241 1091 1492 1142 Pontifices,
1511 1094 1686 1134 terrena
1703 1106 1792 1135 non
1809 1106 1895 1135 me-

1063 1148 1252 1194 tuerunt,
1272 1147 1352 1189 sed
1372 1146 1429 1189 ad
1445 1148 1644 1190 coelestia
1658 1162 1793 1201 regna
1806 1149 1896 1202 glo·

1063 1202 1169 1244 riosi
1187 1204 1438 1255 migrarunt.

1114 1263 1161 1297 Et
1186 1263 1225 1298 fit
1250 1274 1446 1299 commem.
1468 1265 1620 1300 Domin.
1646 1276 1791 1301 occurr.

1244 1349 1478 1391 Dominica
1497 1351 1575 1391 111.
1593 1350 1619 1391 J
1619 1350 1707 1392 ulu

1200 1421 1278 1463 Ss.
1306 1422 1759 1475 Redemptoris.

1325 1488 1482 1532 Duplex
1498 1490 1633 1533 majus.

1277 1558 1338 1599 In
1364 1559 1401 1600 Ι.
1430 1559 1683 1609 vesperis.

1113 1620 1212 1660 Ant.
1243 1620 1425 1673 Virgam
1453 1622 1626 1665 virtutis
1653 1636 1745 1665 suae
1771 1625 1893 1666 emit—

1061 1681 1126 1718 tet
1150 1677 1367 1720 Dominus
1396 1692 1451 1721 ex
1476 1679 1599 1730 Sion,
1627 1684 1672 1722 et
1694 1679 1894 1732 regnabit

1060 1733 1104 1774 in
1131 1733 1343 1777 saeculum
1370 1737 1531 1778 saeculi.

1318 1802 1519 1843 Psalmus
1541 1803 1634 1843 109.

174 1841 324 1892 posuit
343 1843 581 1895 epIscopos
596 1844 751 1893 regere
763 1842 1008 1885 Ecclesiam
1064 1866 1077 1899 ,23
1190 1853 1218 1883 *23

174 1897 269 1948 Dei,
293 1911 425 1950 quam
441 1899 674 1951 acquisivit
689 1900 900 1951 sanguine
915 1914 1007 1943 suo.
1064 1903 1081 1954 ff.
1107 1901 1168 1938 1³52:
1190 1917 1192 1931 ι

1211 1867 1311 1908 ixit
1327 1867 1545 1909 Dominus
1563 1867 1757 1910 Domino
1774 1881 1892 1911 meo:

1080 1954 1081 1968 i
1110 1940 1125 1963 i
1142 1956 1145 1969 A
1250 1925 1274 1950 *
1299 1923 1414 1965 Sede
1432 1936 1458 1964 a
1477 1923 1647 1966 dextris
1665 1925 1791 1967 meis:

225 1960 274 2010 R.
295 1959 356 2001 br.
389 1960 624 2003 Exsultent
648 1961 751 2013 justi
774 1962 797 1985 *
825 1962 877 2003 In
906 1975 1006 2004 con-
1063 1956 1081 2004 ι’
1107 1939 1119 1982 Ῐ
1155 1969 1191 1986 *s
1218 1971 1224 1980 '¹

174 2017 329 2067 spectu
357 2017 451 2058 Dei.
492 2017 736 2060 Exsultent.
771 2012 821 2064 V.
850 2019 908 2061 Et
934 2019 1006 2061 de-

173 2070 389 2115 lectentur
408 2074 451 2114 in
472 2073 636 2116 laeti'tia.
663 2075 724 2116 In.
756 2074 908 2118 Gloria
926 2076 1004 2117 Pa-

173 2128 239 2169 tri.
266 2129 511 2173 Exsultent.

227 2181 275 2232 Y.
321 2187 435 2228 Justi
474 2193 621 2230 autem
658 2189 702 2229 in
739 2191 1006 2242 perpetuum

174 2243 331 2284 vivent.
368 2244 418 2295 R.
446 2244 503 2286 Et
529 2245 649 2298 apud
673 2246 912 2291 Dominum
938 2251 1006 2288 est

171 2312 342 2342 merces
363 2302 527 2342 eorum.
764 2301 767 2307 ”

454 2379 522 2415 Ad
546 2380 730 2416 Nonam.

226 2438 325 2478 Ant.
352 2436 602 2488 'Fulgebunt
621 2438 733 2489 justi.

227 2499 486 2550 Capitulum.
696 2501 734 2540 H
741 2501 828 2542 ebr.
844 2502 900 2541 13.
916 2514 949 2542 c.

255 2557 405 2600 bedite
448 2559 702 2612 praepositis
743 2560 918 2610 vestris,
961 2566 1005 2603 et

273 2615 494 2668 subjacete
516 2616 593 2658 eis:
616 2615 702 2668 ipsi
726 2616 840 2657 enim
864 2620 1004 2669 pervi-

172 2671 325 2722 gilant,
358 2672 484 2724 quasi
502 2672 720 2714 rationem
740 2685 821 2725 pro
841 2673 1002 2715 anima-

172 2727 255 2770 bus
272 2729 432 2770 vestris
452 2729 679 2771 reddituri.

1194 1974 1217 2017 A
1299 1981 1454 2022 Donec
1493 1994 1657 2034 ponam
1690 1982 1892 2025 inimicos

1059 2041 1178 2087 tuos,
1208 2039 1232 2064 *
1252 2037 1494 2079 scabellum
1516 2038 1681 2091 pedum
1703 2041 1892 2081 tuorum.

1112 2098 1295 2150 Virgam
1313 2099 1489 2140 virtutis
1509 2104 1597 2141 tuae
1617 2102 1789 2142 emittet
1802 2100 1890 2142 Do-

1058 2155 1202 2196 minus
1223 2168 1278 2197 ex
1297 2155 1418 2197 Sion:
1436 2157 1460 2183 *
1480 2155 1710 2198 dominare
1733 2157 1778 2198 in
1803 2158 1890 2199 me-

1062 2212 1136 2254 dio
1157 2212 1433 2254 inimicorum
1451 2215 1640 2254 tuorum.

1109 2273 1278 2316 Tecum
1301 2274 1564 2327 principium
1590 2275 1635 2316 in
1661 2274 1733 2317 die
1756 2275 1889 2317 virtu-

1058 2330 1116 2371 tis
1130 2334 1219 2372 tuae
1236 2330 1281 2371 in
1296 2330 1606 2384 splendoribus
1622 2333 1889 2374 sanctorum:

1058 2388 1082 2413 *
1103 2399 1157 2428 ex
1176 2390 1303 2429 utero
1324 2392 1426 2429 ante
1440 2387 1670 2430 luciferum
1683 2388 1814 2439 genui
1832 2392 1888 2430 te.

1108 2448 1280 2490 Juravit
1305 2449 1537 2499 Dominus,
1566 2454 1612 2492 et
1638 2462 1726 2491 non
1750 2449 1887 2502 poeni-

1057 2505 1169 2547 tebit
1206 2518 1320 2547 eum:
1355 2507 1379 2533 *
1415 2505 1485 2547 Tu
1519 2519 1566 2548 es
1603 2505 1812 2548 sacerdos
1844 2506 1888 2547 in

1058 2563 1273 2603 aeternum
1292 2561 1536 2604 secundum
1562 2562 1763 2604 ordinem
1783 2561 1887 2605 Mel-

1059 2618 1306 2660 chisedech.

1108 2675 1323 2717 Dominus
1344 2689 1369 2717 a
1385 2675 1553 2718 dextris
1569 2677 1667 2727 tuis,
1681 2677 1706 2703 *
1721 2675 1886 2718 confre-

1056 2731 1120 2781 git
1138 2731 1183 2772 in
1203 2731 1275 2774 die
1292 2732 1370 2774 irae
1389 2745 1482 2774 suae
1502 2745 1641 2785 reges.

2031 2570 2040 2671 l

2031 2673 2040 2786 ἓ

2023 2826 2040 2976 ¹.
