2040 2976
198 214 242 248 96
795 208 963 239 sabbato
991 206 1036 238 nd
1062 205 1110 238 M
1115 205 1298 237 mutinum

250 305 503 348 Benedicite
515 303 705 344 D6mino
723 300 867 342 omnia
885 301 1019 350 opera

201 366 303 416 ejus:
326 363 412 402 *in
440 360 557 401 omni
583 359 681 400 loco
710 354 1019 399 dominatiOnis

201 422 307 472 ejus,
332 417 516 459 benedic
539 416 683 457 anima
702 426 799 455 mea
819 411 1019 453 Domino.

249 487 345 525 Ant.
383 482 562 523 Clamor
587 484 710 521 meu's
736 477 792 519 ad
812 483 855 519 te
875 476 1019 517 veniat

200 542 330 582 Deus.

253 608 348 647 Ant.
384 600 582 644 Benedie.

462 684 655 723 l'salmus
680 684 765 721 103.

288 754 440 796 enedic
469 753 611 794 anima
640 763 737 792 mea
764 749 970 791 DOmino:
997 749 1020 774 *

312 811 498 851 Domine
531 810 649 850 Deus
677 820 800 848 meus
829 804 1020 855 magnifi-

203 870 325 909 catus
345 880 391 908 es
411 866 699 908 vehementer.

254 923 601 970 Confessionem‚
639 926 682 962 et
720 920 924 960 decarem
961 917 1021 956 in-

204 980 350 1022 duisti:
369 982 392 1006 *
418 981 601 1019 amictus
628 977 788 1018 lumine
815 975 926 1015 sicut
951 986 1021 1014 ve-

204 1037 424 1078 stimento:

255 1091 506 1134 Extendens
533 1090 691 1132 coelum
716 1089 828 1129 sicut
848 1086 1022 1139 pellem:

204 1152 226 1177 *
247 1149 321 1201 qui
339 1148 449 1199 tegis
467 1148 591 1199 aquis
612 1146 838 1198 superiora
858 1144 958 1195 ejus.

255 1205 337 1255 Qui
362 1205 490 1256 ponis
516 1203 675 1244 nubem
705 1202 933 1242 ascensum
959 1204 1022 1240 tu-

204 1275 293 1303 um:
321 1263 344 1287 *
372 1261 445 1312 qui
473 1259 669 1301 ambulas
698 1270 830 1310 super
857 1268 1022 1309 pennas

204 1320 445 1359 ventorum.

256 1374 339 1424 Qui
356 1373 461 1414 facis
482 1372 674 1423 Angelos
693 1376 808 1419 tuos,
831 1370 1023 1422 spiritus:

205 1433 228 1458 *
246 1435 289 1471 et
305 1430 527 1470 ministros
542 1434 641 1470 tuos
656 1429 799 1478 ignem
816 1428 1024 1468 urentem.

258 1487 341 1536 Qui
360 1485 552 1526 fundasti
572 1490 733 1526 terram
749 1496 880 1535 super
896 1482 1024 1523 stabi-

207 1543 374 1584 litatem
392 1555 528 1582 suam:
545 1543 568 1567 *
584 1553 670 1581 non
684 1539 964 1581 inclinabitur
982 1539 1024 1579 in

209 1598 416 1640 saeculum
437 1598 595 1638 saeculi.

259 1654 467 1706 Abyssus,
482 1654 594 1695 sicut
608 1653 914 1694 vestimentum
925 1654 1026 1692 ami-

210 1716 306 1752 ctus
326 1711 431 1762 ejus:
450 1712 473 1737 *
493 1723 623 1762 super
650 1714 820 1749 montes
849 1707 1027 1749 stabunt

211 1779 347 1818 aquae.

262 1822 332 1863 Ab
351 1822 649 1874 increpatione
668 1826 742 1862 tua
762 1821 941 1871 fugient:
960 1823 983 1847 *
1003 1834 1027 1861 a

212 1891 321 1920 voce
340 1878 521 1920 tonitrui
539 1878 604 1919 tui
622 1876 928 1918 formidabunt.

264 1934 520 1976 Ascendunt
556 1939 740 1975 montes:
777 1938 821 1974 et
854 1932 1028 1974 descen-

214 1991 322 2032 dunt
341 1991 483 2043 campi
501 1992 525 2017 *
544 1991 587 2031 in
605 1990 767 2039 locum,
791 2002 920 2041 quem
939 1990 1029 2031 fun-

215 2047 329 2088 dasti
349 2047 421 2088 eis.

266 2103 518 2144 Terminum
545 2103 748 2155 posuisti,
786 2115 915 2154 quem
943 2115 1030 2143 non

215 2159 605 2210 transgredientur:
632 2161 655 2186 *
684 2171 826 2211 neque
854 2171 1031 2200 conver-

216 2217 362 2257 tentur
381 2218 551 2268 operire
568 2221 741 2257 terram.

269 2272 351 2322 Qui
385 2272 545 2314 emittis
579 2272 722 2313 fontes
756 2272 799 2312 in
829 2271 1032 2313 convalli—

218 2327 316 2369 bus:
329 2330 352 2355 *
369 2328 480 2369 inter
498 2327 690 2369 medium
708 2328 920 2369 montium
938 2341 1032 2380 per-

218 2383 464 2426 transibunt
483 2397 620 2436 aquae.

271 2439 489 2482 Potabunt
518 2453 668 2482 omnes
695 2439 850 2481 bestiae
876 2440 983 2491 agri:
1011 2442 1034 2467 *

221 2496 535 2548 exspectabunt
554 2496 705 2547 onagri
723 2496 766 2536 in
786 2496 858 2537 siti
878 2509 966 2537 sua.

270 2552 408 2604 Super
435 2565 485 2594 ea
510 2552 710 2594 volucres
743 2551 843 2592 coeli
870 2551 1034 2594 habita-

220 2607 343 2649 bunt:
358 2609 381 2634 *
395 2608 448 2650 de
463 2608 607 2650 medio
626 2610 850 2660 petrarum
870 2607 1036 2650 dabunt

222 2676 364 2705 voces.

274 2720 435 2770 Rigans
462 2725 632 2761 montes
661 2719 716 2761 de
736 2720 1035 2773 superioribus

1069 295 1175 336 suis:
1200 294 1224 320 *
1250 291 1305 333 de
1333 290 1477 330 fructu
1505 290 1689 340 operum
1717 287 1895 327 tuorum

1070 349 1301 392 satiabitur
1322 352 1457 388 terra:

1122 405 1379 447 Producens
1399 402 1564 443 foenum
1579 399 1793 453 iumentis,
1809 400 1834 425 *
1853 403 1897 439 et

1070 462 1252 505 herbam
1276 458 1479 501 servituti
1497 457 1739 498 hominum:

1123 520 1182 561 Ut
1207 517 1370 559 educas
1394 527 1553 568 panem
1575 512 1629 555 de
1653 518 1786 554 terra:
1809 513 1833 538 *
1853 515 1898 552 et

1072 577 1220 618 vinum
1239 573 1435 615 laetificet
1455 583 1533 612 cor
1552 569 1758 611 haminis:

1124 633 1182 674 Ut
1204 630 1418 672 exhilaret
1436 627 1593 669 faciem
1613 626 1658 667 in
1678 625 1792 667 Oleo:
1810 626 1834 652 *
1855 628 1898 666 et

1072 689 1197 742 panis
1217 700 1292 729 cor
1312 685 1502 727 heminis
1523 683 1764 725 confirmet.

1124 743 1445 786 Saturabuntur
1464 741 1581 792 ligna
1596 739 1751 791 campi,
1772 743 1816 780 et
1833 750 1899 779 ce—

1074 802 1141 844 dri
1167 800 1340 849 Libani,
1369 811 1478 850 quas
1505 796 1736 850 plantavit:
1762 796 1786 822 *
1810 794 1900 835 illic

1072 861 1275 912 passeres
1296 854 1597 897 nidificabunt.

1126 913 1311 956 Her6dii
1331 912 1489 954 domus
1510 910 1599 951 dux
1614 913 1681 951 est
1693 910 1862 950 e6rum:
1877 909 1901 935 *

1074 977 1246 1013 montes
1271 968 1433 1011 excelsi
1458 967 1617 1009 eerviS.
1645 970 1772 1018 petra
1790 964 1900 1006 refu-

1075 1029 1194 1079 gium
1216 1025 1462 1068 herinaciis.

1125 1084 1250 1126 Fecit
1279 1083 1428 1124 lunam
1457 1082 1502 1122 in
1533 1082 1750 1132 tempora:
1778 1081 1802 1106 *
1833 1078 1902 1120 sol

1076 1143 1245 1193 cognc'w
1248 1141 1282 1181 it
1302 1141 1508 1180 occasum
1528 1150 1664 1178 suum.

1128 1197 1322 1239 Posuisti
1349 1194 1572 1244 tenebraS,
1609 1197 1653 1235 et
1685 1193 1803 1234 facta
1837 1195 1904 1233 est

1077 1267 1181 1296 nox:
1192 1254 1271 1294 *in
1289 1254 1386 1306 ipsa
1405 1249 1736 1304 pertransibunt
1751 1261 1903 1314 omnes

1076 1311 1232 1353 bestiae
1253 1310 1386 1351 silvae.

1129 1367 1273 1410 Catuli
1299 1366 1477 1407 le6num
1504 1363 1744 1415 rugientes,
1771 1366 1820 1403 ut
1838 1363 1904 1402 ra-

1076 1426 1215 1478 piant,
1235 1425 1259 1451 *
1279 1428 1323 1464 et
1352 1425 1552 1475 quaerant
1580 1433 1606 1461 a
1633 1420 1729 1461 Deo
1759 1430 1906 1461 escam

1078 1481 1172 1523 sibi.

1131 1538 1266 1579 Ortus
1281 1541 1348 1578 est
1363 1535 1442 1585 sol,
1461 1539 1504 1576 et
1521 1532 1776 1585 congregati
1790 1535 1906 1572 sunt:

1078 1597 1102 1623 *
1128 1599 1171 1637 et
1196 1594 1241 1634 in
1268 1592 1486 1635 cubilibus
1512 1591 1602 1632 suis
1627 1587 1904 1631 collocabun-

1079 1657 1162 1694 tur.

1131 1707 1280 1748 Exibit
1298 1706 1431 1747 homo
1451 1704 1508 1746 ad
1523 1716 1636 1757 opus
1659 1715 1800 1743 suum.
1819 1702 1843 1728 ²⁸¹
1863 1704 1907 1742 et

1081 1764 1138 1806 ad
1170 1763 1474 1816 operationem
1513 1773 1638 1802 suam
1675 1770 1818 1822 usque
1849 1755 1906 1798 ad

1081 1823 1324 1873 vesperum.

1133 1878 1273 1927 Quam
1313 1874 1592 1926 magnificata
1631 1875 1733 1913 sunt
1771 1872 1908 1923 opera

1082 1940 1157 1976 tua
1182 1930 1387 1974 Domine!
1406 1932 1430 1958 *
1451 1929 1596 1972 omnia
1620 1928 1666 1969 in
1692 1926 1907 1980 sapientia

1082 1989 1239 2031 fecisti·
1271 1987 1453 2041 impleta
1486 1992 1553 2028 est
1586 1989 1705 2026 terra
1731 1995 1907 2036 posses-

1084 2047 1207 2087 sione
1229 2050 1315 2087 tua.

1135 2103 1234 2143 Hoc
1248 2113 1369 2142 mare
1379 2111 1596 2149 magnum,
1611 2102 1654 2139 et
1664 2072 1909 2149 spati6sum

1084 2158 1299 2200 manibus:
1326 2158 1350 2185 *
1376 2156 1466 2198 illic
1494 2153 1684 2207 reptilia,
1721 2165 1910 2217 quorum

1084 2228 1173 2257 non
1192 2220 1259 2257 est
1279 2217 1496 2255 namerus.

1136 2271 1356 2312 Animalia
1380 2267 1539 2322 pusilla
1565 2280 1665 2309 cum
1684 2266 1867 2318 magnis:
1887 2267 1911 2292 *

1086 2328 1174 2369 illic
1192 2340 1326 2368 naves
1345 2323 1687 2378 pertransibunt.

1136 2385 1283 2425 Draco
1303 2383 1398 2432 iste,
1418 2394 1549 2433 quem
1569 2380 1771 2422 formasti
1789 2378 1846 2420 ad
1865 2378 1911 2419 il-

1086 2440 1326 2482 ludendum
1346 2439 1401 2480 ei:
1419 2439 1442 2465 *
1463 2437 1609 2479 Omnia
1637 2450 1662 2478 a
1688 2442 1733 2478 te
1761 2436 1912 2488 exspe-

1088 2502 1207 2538 ctant
1222 2502 1271 2538 ut
1286 2495 1364 2538 des
1381 2495 1468 2536 illis
1483 2507 1628 2536 escam
1643 2494 1687 2534 in
1701 2494 1912 2545 tempore.

1139 2554 1283 2594 Dante
1311 2557 1354 2594 te
1383 2551 1484 2601 illis,
1513 2550 1734 2602 cclligent:
1762 2550 1786 2576 *
1813 2561 1912 2601 ape-

1089 2609 1228 2650 riente
1245 2613 1290 2650 te
1309 2621 1486 2649 manum
1504 2613 1643 2656 tuam,
1672 2605 1818 2647 omnia
1837 2605 1913 2646 im-

1088 2665 1324 2717 plebuntur
1343 2665 1553 2706 bonitate.

1140 2721 1379 2763 Avertente
1399 2726 1546 2762 autem
1565 2724 1609 2761 te
1628 2719 1800 2767 faciem,
1825 2720 1912 2759 tur-
