2040 2976
500 209 567 242 [Ἀρ
598 210 769 251 19.2xug.

260 304 308 354 Ιςι.
324 302 434 343 Haec
455 307 522 344 est
536 303 675 354 Virgo
695 304 882 356 sapiens,
903 319 1034 359 quam

203 358 418 400 Deminus
444 359 698 410 vigilantem
724 360 905 412 invenit,
936 376 1034 415 quae

203 415 399 468 acceptis
435 415 715 469 lampadibus
748 419 937 471 sumpsit
970 433 1034 462 se-

203 485 302 512 cum
322 472 481 514 eleum:
500 479 520 502 *
536 473 591 515 Et
611 474 813 516 veniente
833 475 1034 526 Demino,

202 529 396 571 introivit
416 542 516 571 cum
531 542 584 571 eo
601 529 657 572 ad
672 531 859 583 nuptias.
879 530 928 581 V
947 533 1034 574 Me-

203 585 274 627 dia
298 591 429 628 nocte
454 586 621 628 clamor
644 587 788 629 factus
808 594 890 631 est:
916 589 1033 631 Ecce

202 655 391 694 sponsus
408 643 537 693 venit,
557 645 674 686 exite
695 643 871 686 Obviam
891 646 941 687 ei.
966 646 1033 688 Et.

487 733 638 773 Lectio
663 734 743 773 viii.

203 796 527 902 Intelligamus
557 810 679 849 ergo,
713 799 943 848 carissimi,
977 799 1034 841 ad

263 865 416 894 omnes
436 866 534 903 nos,
561 854 678 896 idest
702 855 759 896 ad
783 856 1034 897 universam

202 911 380 951 omnino
396 910 653 962 Ecclesiam,
668 912 890 965 pertinere
904 913 1034 953 istam

200 966 470 1020 parabolam,
493 981 581 1009 non
601 967 658 1010 ad
679 969 799 1010 solos
819 969 1031 1022 praepesi-

200 1029 288 1074 tOS,
307 1037 389 1066 nec
409 1023 466 1066 ad
486 1025 603 1066 solas
622 1025 793 1078 plebes;
813 1025 893 1068 sed
912 1040 1032 1079 pror-

202 1094 276 1122 sus
305 1080 361 1122 ad
391 1094 554 1123 omnes.
600 1082 745 1132 Quare
777 1096 882 1134 ergo
913 1084 1032 1136 quin-

203 1151 287 1190 que
304 1143 347 1179 et
362 1139 555 1191 quinque
566 1140 778 1192 virgines?
794 1141 899 1182 Istae
912 1141 1032 1193 quin-

202 1208 304 1247 que,
345 1200 387 1237 et
427 1196 620 1249 quinque
652 1197 843 1248 virgines
879 1210 1033 1239 omnes

202 1255 378 1295 omnino
395 1258 495 1295 sunt
511 1254 667 1295 animae
684 1254 1033 1297 christianerum.

200 1309 288 1351 Sed
316 1314 364 1351 ut
392 1309 589 1352 dicamus
615 1311 759 1362 vobis,
791 1311 910 1365 quod
934 1313 1032 1355 Deo

200 1366 461 1420 inspirante,
495 1371 707 1409 sentimus
739 1381 828 1410 non
862 1370 1031 1422 quales-

201 1427 390 1476 cumque
419 1424 595 1475 animae,
627 1425 708 1467 sed
735 1426 846 1468 tales
875 1426 1032 1468 animae

202 1494 301 1532 quae
332 1480 497 1523 habent
531 1481 794 1524 cathelicam
826 1483 960 1525 fidem
990 1489 1034 1526 et

199 1536 364 1578 habere
409 1537 614 1580 videntur
658 1538 775 1580 bona
817 1541 953 1592 Opera
989 1541 1031 1581 in

203 1594 401 1636 Ecclesia
431 1595 531 1646 Dei,
575 1601 618 1638 et
652 1601 800 1638 tamen
838 1610 893 1639 ex
924 1598 1033 1650 ipsis

203 1651 394 1704 quinque
421 1657 521 1694 sunt
548 1653 806 1704 prudentes,
841 1659 885 1696 et
913 1655 1033 1706 quin-

203 1720 287 1761 que
313 1708 458 1750 fatuae.
493 1709 638 1759 Quare
665 1722 771 1760 ergo
795 1711 1033 1764 appellatae

202 1770 303 1806 sunt
337 1765 547 1818 quinque,
590 1771 635 1807 et
675 1779 810 1818 quare
842 1768 1033 1818 virgines

202 1821 442 1863 videamus.
501 1822 655 1864 Omnis
688 1824 832 1866 anima
864 1825 908 1865 in
941 1827 1032 1866 cer-

201 1891 311 1931 pore
336 1878 438 1920 ideo
460 1880 660 1931 quinario
681 1884 865 1923 numero
885 1883 1033 1924 cense-

201 1941 288 1985 tur,
316 1936 418 1988 quia
444 1937 637 1989 quinque
661 1938 863 1980 sensibus
887 1940 1034 1982 utitur.

202 1992 321 2033 Nihil
352 1998 418 2035 est
453 1994 568 2035 enim
594 1995 716 2047 quod
741 1998 952 2038 sentimus
981 2009 1034 2038 ex

203 2051 403 2102 cerpore,
423 2051 506 2091 nisi
521 2052 648 2102 janua
664 2052 857 2104 quinque
874 2055 1035 2106 partita

204 2111 279 2147 aut
315 2106 524 2158 videndo,
566 2113 641 2150 aut
678 2108 917 2160 audiendo,
959 2116 1034 2152 aut

204 2161 452 2213 odorando,
481 2171 556 2207 aut
580 2165 817 2216 gustando,
846 2171 921 2208 aut
940 2171 1034 2209 tan-

203 2219 360 2271 gendo.
419 2222 503 2272 Qui
535 2235 640 2273 ergo
675 2236 722 2264 se
755 2223 946 2267 abstinet
979 2224 1034 2266 ab

202 2276 354 2319 illicito
380 2277 494 2328 visu,
525 2279 579 2320 ab
605 2279 757 2321 illicito
783 2281 951 2331 auditu,
979 2281 1034 2324 ab

203 2333 356 2375 illicito
384 2333 590 2384 odoratu,
623 2335 678 2378 ab
707 2336 859 2379 illicito
887 2343 1034 2389 gustu,

204 2389 260 2432 ab
283 2389 436 2432 illicito
462 2396 584 2433 tactu
608 2398 794 2445 propter
812 2394 955 2447 ipsam
974 2395 1034 2436 in-

203 2446 453 2498 tegritatem
476 2460 636 2489 nomen
659 2450 839 2500 virginis
863 2451 1034 2504 accipit.

257 2522 307 2574 Rc,
346 2522 493 2564 Media
529 2528 659 2564 nocte
697 2523 862 2566 clamor
894 2525 1035 2567 factus

204 2583 285 2620 est:
322 2580 343 2602 *
375 2579 490 2621 Ecce
525 2592 714 2632 sponsus
746 2582 881 2631 venit,
920 2585 1035 2624 exite

205 2635 381 2677 Obviam
405 2636 456 2677 ei.
495 2630 543 2682 δ”.
563 2637 809 2679 Prudentes
828 2639 1034 2689 Virgines

205 2694 354 2744 aptate
396 2699 564 2735 vestras
584 2732 586 2736 Α
606 2693 846 2747 lampades.
907 2696 1035 2739 Ecce.

207 2748 357 2791 Gleria
374 2750 506 2791 Patri.
533 2751 661 2792 Ecce.

818 211 852 243 S.
878 209 1066 244 Ludovici
1092 211 1218 253 Episc.
1244 210 1431 245 Tolosani
1456 216 1491 246 ct
1516 211 1625 246 Conf.

1147 306 1259 340 Nona
1290 306 1422 340 Lectio
1454 307 1524 340 erit
1553 307 1588 341 S.
1615 307 1775 350 Agapiti
1801 307 1919 351 Mart„

1091 355 1123 387 si
1156 365 1248 388 vcro
1282 355 1357 388 ulia
1393 355 1454 389 die
1488 355 1677 389 celebrari
1709 357 1918 400 contingat,

1091 403 1160 436 crit
1186 414 1352 446 sequens

1393 454 1544 495 Lectio
1568 456 1619 495 ix.

1076 508 1213 613 >Sed
1246 510 1283 551 si
1315 510 1480 551 bonum
1513 514 1581 551 est
1613 509 1834 551 abstinere
1862 509 1917 551 ab

1171 566 1334 608 illicitis
1373 565 1592 608 sentiendi
1626 565 1838 614 metibus,
1875 571 1919 608 et

1086 624 1188 666 ideo
1212 625 1490 676 unaquaeque
1514 623 1658 664 anima
1683 621 1919 664 christiana

1087 681 1266 732 virginis
1281 692 1442 722 nomen
1458 679 1630 732 accipit,
1646 691 1782 732 quare
1798 679 1918 731 quin-

1087 750 1173 790 que
1193 736 1484 779 admittuntur
1503 741 1547 778 et
1568 736 1761 788 quinque
1779 735 1918 788 repel-

1085 792 1257 836 luntur?
1285 793 1343 835 Et
1362 793 1554 844 virgines
1574 797 1693 842 sunt,
1717 797 1761 834 et
1778 791 1918 844 repel-

1086 851 1246 893 luntur.
1298 851 1461 892 Parum
1495 854 1563 891 est
1595 849 1698 901 quia
1729 849 1919 900 virgines

1087 914 1205 950 sunt:
1233 913 1278 949 et
1305 905 1538 960 lampades
1564 905 1741 948 habent.
1776 905 1919 957 Virgi-

1086 977 1164 1007 nes
1183 970 1369 1018 propter
1392 963 1702 1005 abstinentiam
1723 962 1779 1004 ab
1798 962 1943 1004 illici-2

1085 1022 1143 1064 tis
1163 1021 1378 1071 sensibus3
1397 1020 1627 1074 lampades
1641 1019 1805 1062 habent
1818 1031 1918 1072 pro-

1086 1085 1185 1132 pter
1206 1081 1342 1132 Opera
1361 1078 1495 1128 bona;
1522 1077 1578 1120 de
1600 1077 1759 1130 quibus
1778 1076 1918 1130 operi-

1086 1135 1169 1178 bus
1190 1135 1405 1177 Deminus
1425 1135 1546 1176 dicit:
1572 1134 1667 1176 Sint
1689 1132 1828 1175 lumbi
1847 1145 1918 1174 ve-

1087 1193 1167 1234 stri
1195 1192 1383 1234 accincti
1413 1196 1457 1233 et
1484 1191 1676 1233 lucernae
1702 1190 1919 1232 ardentes.

1086 1251 1137 1291 In
1169 1249 1329 1292 lumbis
1363 1248 1572 1291 accinctis
1599 1247 1842 1299 virginitas:
1875 1247 1920 1288 in

1085 1307 1276 1349 lucernis
1309 1305 1581 1356 ardentibus,
1622 1307 1760 1358 <Spera
1790 1304 1919 1347 bona.

1086 1365 1131 1407 Si
1150 1376 1255 1416 ergo
1275 1363 1330 1406 ab
1347 1363 1510 1405 illicitis
1524 1361 1789 1405 abstinentia
1801 1361 1920 1403 bona

1087 1427 1165 1471 est,
1184 1420 1302 1463 unde
1316 1421 1542 1471 virginitas
1560 1431 1722 1461 nomen
1736 1417 1919 1471 accepit,

1087 1484 1131 1521 et
1151 1481 1288 1531 Opera
1301 1477 1419 1520 bona
1433 1476 1672 1519 laudabilia
1687 1480 1799 1525 sunt,
1819 1487 1918 1527 quae

1087 1536 1389 1587 significantur
1432 1532 1728 1586 lampadibus3
1783 1543 1919 1584 quare

1088 1593 1281 1645 quinque
1309 1591 1617 1640 admittuntur,
1652 1594 1697 1632 et
1726 1589 1919 1642 quinque

1086 1647 1385 1702 repelluntur?
1414 1647 1574 1690 Adhuc
1595 1659 1763 1700 quaero:
1780 1645 1918 1688 inten-

1086 1712 1180 1748 tum
1199 1719 1270 1748 me
1289 1706 1392 1748 fecit
1406 1704 1694 1756 Evangelium
1708 1707 1920 1763 sanctum.

1086 1763 1232 1805 Etiam
1266 1763 1387 1816 ipsas
1424 1762 1617 1813 virgines
1653 1765 1697 1802 et
1729 1760 1919 1802 ferentes

1086 1818 1332 1872 lampades,
1370 1819 1477 1860 alias
1516 1817 1627 1860 dixit
1662 1815 1919 1871 prudentes,

1088 1876 1195 1918 alias
1216 1876 1385 1918 stultas.
1414 1875 1542 1918 Unde
1563 1874 1806 1916 intuemur?
1831 1873 1918 1916 Un-

1088 1933 1143 1975 de
1164 1931 1474 1975 discernimus?
1502 1933 1571 1974 De
1591 1931 1703 1974 eleo.
1737 1929 1919 1983 Aliquid

1087 2003 1294 2041 magnum
1331 1989 1550 2042 significat
1589 1988 1751 2038 eleum,
1788 1985 1919 2029 valde

1086 2060 1305 2098 magnum.
1332 2047 1468 2089 Putas
1486 2059 1576 2088 non
1595 2045 1756 2088 caritas
1777 2042 1866 2086 est?

1142 2104 1202 2146 Te
1220 2104 1365 2146 Deum
1383 2103 1624 2145 laudamus.
1643 2102 1701 2143 13.

1143 2167 1186 2201 In
1218 2166 1338 2201 Laud.
1371 2167 1413 2201 fit
1444 2176 1579 2201 comm.
1611 2165 1690 2200 Oct.
1721 2166 1920 2210 Assumpt.

1089 2216 1130 2250 B.
1155 2215 1202 2249 M.
1229 2215 1273 2249 V.
1294 2218 1375 2262 523,
1413 2221 1449 2249 et
1473 2214 1508 2250 S.
1526 2214 1687 2258 Agapiti
1710 2214 1818 2248 Mart.
1843 2215 1931 2251 527:

1312 2305 1396 2348 Die
1414 2307 1473 2347 19.
1493 2306 1691 2358 Augusti.

1153 2375 1197 2416 S.
1216 2375 1458 2417 Ludovici
1478 2373 1623 2425 Episc.
1645 2373 1856 2414 Tolosani

1334 2436 1377 2472 et
1398 2430 1682 2474 Confessoris.

1422 2493 1586 2536 Duplex.

1142 2545 1278 2579 Omnia
1304 2545 1350 2579 dc
1369 2544 1573 2579 Communi
1592 2545 1700 2580 Conf.
1718 2544 1919 2589 Pont.,[49]

1090 2600 1230 2637 practer
1255 2604 1360 2637 sequ.

1176 2711 1272 2748 eus,
1318 2699 1392 2751 qui
1423 2639 1609 2740 (ggzgffih
1643 2697 1920 2739 Ludovicum

1184 2754 1495 2797 Confesserem
1513 2759 1637 2797 tuum
1655 2759 1788 2807 atque
1807 2753 1919 2794 Pon-
