2040 2976
187 194 255 230 296

189 292 281 332 vias
301 297 454 341 rectas,
482 298 526 334 et
545 294 738 336 ostendit
757 294 818 335 illi
837 308 1018 346 regnum

188 348 281 389 Dei.
308 349 365 389 Et
385 348 517 391 dedit.

503 405 650 445 Lectio
672 420 707 444 v.

272 461 317 502 ui
335 474 441 503 vero
461 462 504 502 in
525 463 704 513 saeculo,
722 468 840 505 terra
858 476 1018 517 nempe

283 517 469 568 deserta,
489 524 533 561 et
551 519 775 572 inaquosa,
795 520 908 562 adeo
928 521 1017 562 feli-

187 574 294 616 citer
322 575 592 626 adoleverat,
629 577 713 618 flos
741 577 1018 627 convallium,

186 631 408 684 plantatus
427 632 470 672 in
490 631 624 674 domo
643 633 838 683 Demini‚
860 634 1017 675 mirum

187 687 349 740 ubique
369 689 532 741 sparsit
556 690 800 731 sanctitatis
821 689 1017 731 odorem.

186 744 325 795 Igitur
351 745 576 786 Paschalis
608 748 787 799 arrepto
818 746 922 788 vitae
953 759 1016 788 se-

186 801 371 842 verioris
387 801 608 852 instituto,
637 807 770 854 atque
794 802 838 843 in
863 802 1017 844 ordine

185 857 404 899 Minorum
449 858 680 900 strictioris
722 858 1017 900 observantiae

187 913 565 955 Discalceatorum
592 917 848 967 cooptatuS,
876 915 1016 957 exsul-

187 970 297 1012 tavit
320 975 370 1012 ut
396 970 519 1021 gigas
543 970 600 1012 ad
623 971 883 1013 currendam
902 972 1018 1013 viam

185 1040 326 1077 suam,
354 1030 588 1080 totumque
608 1040 656 1069 se
675 1028 868 1069 Demino
889 1041 1016 1070 exco-

185 1083 363 1124 lendum
400 1083 597 1134 tradens,
642 1083 738 1126 dies
774 1086 1016 1136 noctesque

185 1139 424 1191 cogitabat,
449 1153 536 1192 qua
559 1153 607 1182 se
630 1141 800 1182 ratione
818 1141 957 1192 magis
977 1142 1017 1183 ei

184 1199 412 1249 magisque
432 1197 739 1239 conformaret.
766 1198 835 1239 Ita
854 1198 1017 1239 factum

185 1258 253 1294 est
278 1252 417 1302 brevi,
451 1258 500 1294 ut
526 1266 626 1294 eum
650 1259 877 1305 tamquam
902 1255 1016 1295 sera-

184 1308 328 1362 phicae
350 1309 635 1362 perfectionis
662 1311 903 1363 exemplar,
930 1311 1016 1364 ipsi

186 1378 362 1418 quoque
406 1367 714 1419 provectiores
757 1367 1016 1410 imitandum

185 1422 268 1464 sibi
298 1425 613 1475 proponerent.
658 1424 762 1476 Ipse
795 1429 941 1466 autem
972 1425 1017 1465 in

186 1478 338 1519 humili
370 1480 652 1521 servientium
683 1479 825 1531 gradu
856 1482 1015 1522 consti-

185 1539 322 1585 tutus,
349 1548 395 1577 se
413 1536 533 1577 velut
553 1537 747 1579 omnium
764 1538 1016 1590 peripsema

184 1593 404 1644 reputans,
424 1592 560 1634 ardua
581 1606 768 1646 quaeque
788 1599 832 1635 et
847 1594 1017 1646 abjecta

186 1648 345 1690 domus
363 1649 621 1699 ministeria,
645 1650 780 1692 veluti
798 1651 891 1703 jure
912 1663 1016 1702 quo-

186 1703 287 1746 dam
311 1704 524 1757 peculiari
546 1706 629 1747 sibi
653 1706 820 1757 debita,
848 1720 1016 1748 summa

186 1774 286 1802 cum
312 1761 532 1803 hilaritate
558 1762 845 1815 suscipiebat,
874 1769 918 1805 et
945 1776 1015 1805 ex-

186 1817 364 1859 ercebat
408 1818 668 1869 humilitate,
713 1833 766 1861 ac
805 1820 1016 1873 patientia

184 1875 291 1926 pari.
333 1875 520 1916 Carnem
548 1876 721 1928 spiritui
749 1877 1016 1930 quandoque

184 1931 390 1972 reluctari
414 1932 625 1974 nitentem
649 1934 736 1985 jugi
759 1934 1015 1976 maceratio-

185 2000 241 2029 ne
263 1988 508 2038 afflictavit,
534 1995 667 2042 atque
691 1991 735 2031 in
759 1991 1017 2033 servitutem

185 2043 371 2096 redegit3
400 2046 601 2098 spiritum
619 2060 726 2089 vero
752 2047 928 2089 assidua
948 2048 1017 2089 sui

185 2099 477 2151 abnegatione
511 2103 822 2145 ferventierem
848 2104 893 2145 in
922 2103 1016 2146 dies

185 2156 243 2198 ad
262 2157 482 2199 anteriora
501 2159 777 2202 extendebat.

243 2214 293 2264 R.
315 2214 494 2256 Amavit
513 2228 613 2257 eum
629 2216 861 2267 Dominus,
886 2222 930 2259 et
949 2229 1015 2259 or-

186 2269 309 2311 navit
341 2283 455 2312 eum:
495 2272 654 2313 stolam
689 2273 842 2324 gloriae
876 2273 1018 2315 induit

186 2339 297 2376 eum,
315 2328 335 2349 *
351 2327 408 2368 Et
426 2327 483 2369 ad
505 2334 659 2391 portas
678 2329 872 2382 paradisi
893 2343 1016 2372 coro-

184 2383 306 2424 navit
334 2395 445 2424 eum.
488 2384 536 2429 Y.
563 2384 711 2427 Induit
739 2399 839 2427 eum
867 2387 1015 2428 Domi-

184 2452 266 2480 nus
289 2439 470 2481 loricam
495 2440 615 2491 fidei,
642 2447 685 2484 et
710 2443 883 2485 ornavit
906 2456 1017 2485 eum.

186 2495 244 2537 Et
263 2495 320 2537 ad
338 2502 502 2548 portas.

492 2553 639 2593 Lectio
662 2554 712 2593 vi.

272 2611 467 2662 eiparam
485 2609 728 2661 Virginem,
748 2612 870 2663 cujus
889 2612 1016 2654 clien-

285 2665 387 2707 telae
411 2678 459 2707 se
478 2665 533 2707 ab
554 2666 730 2708 ineunte
750 2669 882 2709 aetate
902 2668 1016 2710 dica-

186 2727 326 2772 verat,
350 2727 577 2774 tamquam
595 2728 782 2765 matrem
803 2725 1017 2776 quotidia-

598 197 665 231 I)ic
695 198 741 231 17.
768 198 865 238 Maii.
914 202 947 232 S.
979 200 1176 233 Paschulis
1202 201 1351 243 Ray-lon
1379 201 1487 235 Conf.

1071 295 1139 336 nis
1159 294 1335 336 colebat
1354 294 1595 347 obsequiis,
1623 301 1755 348 atque
1779 296 1901 337 filiali

1071 351 1284 393 exorabat
1302 350 1476 392 fiducia.
1512 352 1652 394 Porro
1678 365 1781 404 erga
1805 365 1900 394 san-

1071 408 1315 449 ctissimum
1339 407 1628 450 Eucharistiae
1656 411 1900 451 sacramen-

1070 470 1163 506 tum
1201 463 1378 505 difficile
1415 463 1537 506 dictu
1572 470 1640 507 est
1672 478 1803 518 quam
1835 478 1900 507 ar-

1071 520 1191 562 denti
1214 522 1438 562 teneretur
1461 520 1711 563 devotienis
1729 521 1901 572 affectu,

1072 590 1202 630 quem
1222 577 1453 619 defunctus
1473 577 1605 619 etiam
1622 577 1666 618 in
1686 578 1902 620 cadavere

1070 634 1258 675 retinere
1286 634 1406 674 visus
1435 638 1517 684 est,
1552 633 1657 675 dum
1684 635 1829 686 jacens
1856 635 1900 675 in

1070 690 1231 732 feretro
1256 689 1313 731 ad
1338 702 1476 732 sacrae
1497 690 1670 732 Hestiae
1695 690 1901 733 elevatio-

1071 760 1171 788 nem
1193 747 1261 788 bis
1286 746 1438 788 oculos
1462 747 1691 798 reseravit,
1719 752 1764 789 et
1786 747 1900 789 clau-

1071 803 1140 853 sit,
1173 816 1331 855 magna
1364 804 1573 853 omnium,
1605 805 1680 856 qui
1708 803 1901 855 aderant,

1070 859 1370 902 admiratione.
1427 859 1637 913 Ejusdem
1671 860 1903 903 veritatem

1068 916 1181 958 inter
1204 916 1439 959 haereticos
1463 916 1641 970 publice
1665 917 1902 970 palamque

1068 973 1312 1026 professus,
1336 974 1475 1015 multa
1494 978 1538 1016 et
1556 974 1708 1025 gravia
1727 973 1785 1016 ob
1806 987 1903 1016 eam

1070 1042 1247 1071 causam
1256 1032 1496 1084 perpessus
1508 1036 1590 1072 est:
1601 1030 1758 1072 crebro
1771 1031 1903 1072 etiam

1070 1086 1127 1128 ad
1141 1100 1296 1129 necem
1309 1089 1484 1140 petitus,
1504 1086 1584 1130 sed
1599 1087 1808 1139 singulari
1817 1087 1903 1129 Dei

1069 1143 1347 1195 providentia
1372 1143 1428 1185 ab
1446 1144 1682 1197 impiorum
1700 1143 1902 1186 manibus

1071 1201 1259 1253 ereptus.
1278 1201 1406 1253 Saepe
1417 1200 1530 1242 inter
1541 1199 1757 1242 orandum
1768 1200 1901 1242 emni-

1071 1255 1154 1297 bus
1176 1256 1500 1298 destituebatur
1523 1256 1742 1307 sensibus,
1769 1255 1902 1298 dulci-

1073 1325 1157 1365 que
1201 1313 1437 1365 languebat
1483 1314 1645 1355 ameris
1691 1313 1903 1366 deliquio:

1072 1382 1160 1421 quo
1176 1371 1379 1422 tempore
1394 1369 1620 1412 coelestem
1634 1369 1753 1412 illam
1766 1369 1900 1411 scien-

1070 1426 1176 1467 tiam
1195 1426 1394 1468 hausisse
1414 1425 1608 1469 creditus
1626 1431 1704 1476 est,
1725 1439 1813 1478 qua
1826 1425 1903 1468 ho-

1070 1495 1143 1524 mo
1163 1482 1304 1533 rudis,
1329 1488 1373 1525 et
1391 1483 1639 1534 illiteratus,
1668 1482 1724 1525 de
1742 1484 1901 1535 myste-

1071 1539 1145 1580 riis
1177 1539 1282 1581 fidei
1318 1539 1583 1581 difficillimis
1620 1539 1902 1593 respondere,

1070 1602 1204 1648 atque
1225 1595 1394 1648 aliquot
1414 1597 1545 1638 etiam
1563 1596 1699 1638 libros
1715 1598 1902 1638 conscri-

1070 1651 1175 1694 bere
1198 1653 1355 1705 petuit.
1391 1653 1595 1705 Denique
1617 1652 1786 1694 meritis
1811 1652 1901 1705 ple-

1070 1721 1166 1759 nus,
1192 1708 1363 1760 eadem,
1389 1722 1475 1761 qua
1494 1708 1764 1762 praedixerat
1782 1708 1902 1760 hora,

1069 1765 1253 1807 feliciter
1271 1766 1475 1817 migravit
1489 1764 1547 1807 ad
1559 1765 1809 1815 Deminum,
1829 1777 1900 1806 an-

1069 1835 1126 1863 no
1159 1821 1312 1864 salutis
1345 1822 1578 1864 millesimo
1608 1821 1900 1875 quingentesi-

1069 1891 1142 1920 mo
1157 1879 1443 1930 nonagesimo
1458 1878 1666 1929 secando,
1686 1882 1813 1920 sexto
1829 1877 1901 1920 de·

1070 1935 1185 1977 cimo
1204 1934 1431 1977 Kalendas
1450 1935 1581 1986 Junii,
1609 1933 1783 1986 eedem,
1812 1947 1900 1988 quo

1069 1997 1198 2033 natus
1218 1992 1376 2042 fuerat,
1395 1992 1510 2034 festo
1529 1992 1818 2033 Pentecostes
1836 2004 1901 2033 re-

1070 2049 1289 2098 currente,
1315 2061 1475 2090 annum
1501 2061 1635 2100 agens
1660 2047 1902 2090 secundum

1070 2118 1204 2158 supra
1250 2105 1673 2157 quinquagesimum.
1734 2104 1902 2155 Quibus

1071 2161 1255 2213 aliisque
1298 2161 1534 2203 virtutibus
1575 2162 1806 2212 insignem,
1850 2174 1902 2203 ac

1070 2217 1290 2259 miraculis
1315 2223 1407 2259 tam
1430 2218 1476 2259 in
1499 2218 1607 2268 vita,
1643 2230 1775 2271 quam
1798 2223 1903 2271 post

1070 2279 1259 2316 mortem
1295 2274 1475 2325 clarum,
1520 2274 1683 2317 Paulus
1725 2274 1902 2327 quintus

1071 2331 1276 2373 Pentifex
1311 2331 1529 2373 Maximus
1565 2331 1687 2373 illum
1724 2330 1903 2373 beatum

1072 2387 1327 2440 appellavit:
1347 2387 1601 2430 Alexander
1619 2392 1767 2429 autem
1785 2388 1902 2428 octa-

1072 2457 1153 2485 vus
1171 2445 1422 2485 sanctorum
1437 2444 1641 2495 catalogo
1657 2442 1902 2496 adscripsit.

1126 2499 1176 2550 l}-
1201 2501 1293 2542 Iste
1311 2500 1457 2542 homo.
1476 2501 1558 2554 [72]

1128 2555 1169 2588 In
1191 2555 1255 2589 111.
1278 2555 1387 2590 Noct.
1418 2556 1558 2590 Homil.
1586 2556 1624 2590 in
1645 2555 1791 2597 Evang.
1817 2555 1903 2591 Sint

1072 2604 1203 2639 lumbi.
1228 2603 1274 2637 de
1300 2604 1435 2637 codem
1461 2604 1605 2638 Comm.
1631 2603 1658 2637 1.
1679 2603 1776 2637 loco.
1801 2603 1871 2648 [74]

1126 2650 1310 2694 Vespera:
1351 2662 1372 2685 a
1412 2652 1534 2695 Capit.
1579 2651 1625 2685 de
1665 2661 1770 2694 scqu.
1814 2660 1899 2684 cum

1073 2708 1269 2733 commem.
1294 2700 1459 2742 praeced.

1395 2752 1682 2780 υᾹιοω-ο-υΆΙΜΛΛ
