2040 2976
194 193 297 238 [308]

245 291 360 341 Quid
380 296 447 333 est
465 291 615 342 homo,
642 293 762 345 quod
785 307 954 337 memor
976 309 1023 338 es

192 345 305 398 ejus?
325 348 348 373 *
368 353 444 390 aut
461 348 576 390 filius
595 349 796 401 hominis,
815 353 1023 404 quoniam

191 404 341 446 visitas
362 403 488 457 eum?

242 460 436 503 Minuisti
473 475 573 504 eum
614 464 747 516 paulo
785 465 928 507 minus
965 466 1021 508 ab

189 517 387 568 Angelis,
411 518 551 570 gloria
577 525 621 562 et
644 520 814 563 honore
839 525 1021 564 corona-

190 574 245 615 sti
261 586 376 615 eum:
391 576 414 601 *
434 580 478 617 et
493 577 759 619 constituisti
774 591 874 620 eum
889 592 1021 632 super

191 632 327 683 epera
346 634 556 674 manuum
574 635 760 676 tuarum.

241 687 399 730 Omnia
444 689 667 742 subjecisti
713 691 795 733 sub
831 691 1020 744 pedibus

189 745 290 796 61118,
309 745 333 770 *
353 758 459 788 oves
479 751 523 788 et
541 746 680 789 boves
700 749 941 790 universas:
959 751 1020 790 in·
1082 739 1161 794 s

188 814 322 854 super
341 807 385 844 et
402 804 568 855 pecora
587 805 743 857 campi.

239 858 458 901 Volucres
478 860 590 910 coeli,
610 866 654 902 et
672 861 817 914 pisces
836 862 980 912 maris,
995 863 1018 888 *
1148 852 1158 855 m

190 915 263 967 qui
286 916 595 968 perambulant
613 918 791 960 semitas
810 919 954 960 maris.

240 972 430 1014 Demine
441 973 659 1015 Dominus
674 980 835 1025 noster,
846 976 870 1001 *
887 988 1019 1028 quam

187 1028 445 1071 admirabile
466 1035 533 1072 est
551 1043 712 1073 nomen
727 1036 851 1073 tuum
869 1032 914 1073 in
929 1032 1020 1074 uni-

187 1086 316 1127 versa
335 1086 467 1127 terra!
690 1100 694 1103 ·

245 1144 341 1183 Ant.
382 1143 567 1184 Domine
603 1144 820 1186 Dominus
858 1151 1020 1195 noster,

186 1211 317 1250 quam
343 1199 601 1242 admirabile
627 1207 694 1244 est
716 1215 878 1244 nomen
896 1208 1020 1244 tuum

184 1255 227 1295 in
248 1256 450 1298 universa
468 1257 602 1299 terra!

241 1315 340 1355 Ant.
371 1314 585 1355 Dominus
603 1315 647 1355 in
671 1315 838 1368 templo
865 1322 1019 1359 sancto

185 1383 282 1411 suo:
306 1370 522 1412 Dominus
546 1371 590 1412 in
617 1371 732 1413 coelo
759 1372 889 1415 sedes
916 1374 1019 1425 ejus.

464 1434 663 1474 Psalmus
685 1436 747 1475 lo.

186 1488 260 1594 In
280 1488 474 1530 Demino
494 1487 687 1531 confido:
712 1491 937 1543 quomodo
958 1491 1018 1533 di-

249 1545 347 1586 citis
367 1546 525 1587 animae
538 1559 671 1591 ‚meae2
690 1548 713 1573 *
734 1547 1020 1599 Transmigra

185 1601 229 1642 in
247 1608 443 1644 montem
464 1603 578 1645 sicut
597 1603 774 1656 passer?

238 1659 457 1709 Quoniam
477 1673 580 1702 6666
599 1663 862 1713 peccatores
881 1662 1018 1704 inten-

185 1714 345 1757 derunt
363 1728 528 1766 arcum,
550 1719 817 1769 paraverunt
836 1720 1019 1769 sagittas

185 1784 287 1813 suas
311 1772 355 1813 in
380 1772 603 1826 pharetra,
622 1774 715 1820 *ut
741 1777 950 1826 sagittent
973 1775 1015 1816 in

185 1827 378 1870 obscuro
398 1834 545 1871 rectos
566 1830 712 1873 corde.

237 1885 456 1935 Quoniam
478 1900 576 1940 quae
596 1888 831 1940 perfecisti,
850 1887 1018 1930 destru-

186 1943 357 1984 xerunt:
377 1944 400 1968 *
423 1944 562 1995 justus
586 1949 735 1986 autem
760 1944 867 1997 quid
891 1943 1016 1987 fecit?

236 1999 454 2041 Dominus
475 2000 518 2041 in
537 2001 704 2054 templo
720 2006 874 2043 sancto
890 2003 1017 2052 suo,*

186 2055 400 2097 Dominus
419 2057 462 2097 in
483 2057 598 2099 coelo
621 2057 750 2100 sedes
772 2059 878 2110 ejus:

238 2111 365 2153 Oculi
390 2114 480 2164 ejus
504 2114 548 2154 in
572 2117 815 2167 pauperem
839 2116 1016 2168 respici-

186 2173 277 2210 unt:
305 2169 328 2194 *
355 2170 583 2222 palpebrae
618 2172 709 2223 ejus
741 2172 1016 2224 interrogant

185 2224 301 2266 filios
323 2225 559 2267 heminum.

237 2282 452 2324 Dominus
494 2283 737 2335 interrogat
773 2286 935 2337 justum
973 2290 1017 2327 et

185 2338 383 2391 impium:
398 2340 421 2365 *
442 2340 516 2391 qui
536 2345 682 2382 autem
703 2340 844 2392 diligit
862 2342 1016 2395 iniqui-

184 2397 331 2445 tatem,
351 2395 447 2438 odit
465 2396 655 2438 animam
674 2411 807 2439 suam.

235 2452 364 2494 Pluet
383 2465 516 2505 super
540 2456 798 2505 peccateres
818 2455 1016 2507 laqueos:

184 2509 208 2535 *
227 2508 350 2559 ignis,
371 2514 415 2551 et
435 2509 629 2562 sulphur,
653 2516 698 2552 et
717 2511 896 2563 spiritus
915 2524 1015 2564 pro-

186 2565 395 2606 cellarum
414 2579 518 2618 pars
538 2566 686 2607 calicis
705 2569 868 2608 eorum.

238 2622 455 2672 Quoniam
475 2624 613 2675 justus
631 2623 865 2673 Deminus‚
894 2630 938 2666 et
957 2625 1015 2676 ju-

186 2679 326 2720 stitias
365 2678 532 2721 dilexit:
559 2680 582 2705 *
615 2680 870 2732 aequitatem
907 2680 1016 2722 vidit

185 2734 330 2776 vultus
350 2737 452 2787 ejus.

632 196 837 231 Dominica
860 198 925 232 III.
950 199 1054 234 ι1111114
1102 202 1159 236 88
1186 201 1467 245 Redemptoris.

1136 302 1236 342 Ant.
1265 298 1478 340 Dominus
1502 299 1547 341 in
1568 301 1736 355 templo
1757 310 1911 347 sancto

1077 367 1174 396 suo:
1200 355 1417 396 Deminus
1440 355 1485 397 in
1511 357 1626 399 coelo
1653 358 1782 401 sedes
1809 362 1911 413 ejus.

1136 414 1385 465 VRedime
1407 429 1479 459 me
1501 417 1692 461 Domine
1717 425 1762 462 et
1785 422 1911 464 mise-

1076 473 1172 513 rere
1186 472 1284 513 mei.
1316 476 1362 527 R.
1373 473 1424 513 In
1440 473 1637 516 ecclesiis
1651 475 1911 520 bened1'cam

1075 533 1120 570 te
1139 529 1341 570 Domine.

1160 605 1314 645 Lectio
1334 605 1358 645 i.
1658 607 1762 660 Cap.
1778 608 1836 650 51.

1270 666 1336 706 De
1355 665 1471 707 Isaia
1489 666 1725 720 Propheta.

1164 736 1208 750 *-
1228 723 1350 767 udite
1363 738 1445 775 me,
1462 727 1536 779 qui
1548 729 1779 781 sequimini
1791 731 1910 784 quod

1114 784 1210 842 ‘4532'
1246 782 1406 833 justum
1432 789 1500 826 est
1526 790 1570 827 et
1598 786 1796 838 quaeritis
1819 788 1910 831 Do-

1165 843 1187 851 ⁴”
1206 862 1210 863 ν
1245 839 1424 881 minum:
1436 841 1650 884 attendite
1658 842 1716 885 ad
1725 849 1908 897 petram,

1074 894 1190 936 unde
1215 896 1350 937 excisi
1375 897 1496 947 estis,
1524 903 1568 940 et
1591 899 1649 941 ad
1675 902 1908 944 cavernam

1074 951 1173 1005 laci,
1197 951 1254 994 de
1281 966 1368 1006 qua
1391 956 1568 1007 praecisi
1592 957 1709 999 estis.
1744 957 1908 1002 Conso-

1073 1008 1235 1050 labitur
1254 1022 1360 1061 ergo
1376 1011 1594 1054 Dominus
1609 1013 1726 1064 Sion,
1747 1020 1792 1056 et
1807 1028 1909 1057 con-

1074 1065 1290 1108 solabitur
1326 1080 1479 1110 omnes
1525 1072 1672 1112 ruinas
1710 1073 1821 1124 ejus:
1865 1079 1909 1116 et

1072 1127 1211 1175 ponet
1247 1123 1471 1166 desertum
1513 1127 1604 1179 ejus
1642 1129 1768 1180 quasi
1804 1128 1907 1172 deh'-

1074 1179 1175 1229 cias,
1195 1186 1239 1222 et
1259 1179 1542 1223 solitudinem
1561 1184 1653 1236 ejus
1669 1186 1795 1237 quasi
1808 1185 1908 1228 hor-

1072 1241 1166 1278 tum
1191 1237 1383 1279 Domini.
1425 1237 1650 1281 Gaudium
1680 1246 1724 1283 et
1754 1241 1909 1286 laetitia

1072 1293 1319 1336 invenietur
1345 1293 1389 1335 in
1415 1307 1482 1347 ea,
1511 1297 1751 1347 gratiarum
1780 1299 1908 1351 actio,

1074 1354 1118 1391 et
1136 1363 1225 1392 vox
1243 1350 1398 1392 laudis.
1427 1352 1657 1396 Attendite
1673 1354 1730 1397 ad
1744 1368 1815 1398 me
1829 1359 1907 1410 po-

1072 1407 1176 1459 pule
1195 1420 1330 1458 1116118,
1355 1413 1399 1450 et
1417 1409 1559 1451 tribus
1582 1423 1682 1453 mea
1699 1424 1768 1454 me
1788 1412 1907 1456 audi-

1072 1468 1134 1505 te:
1154 1464 1256 1517 quia
1275 1464 1347 1506 lex
1362 1478 1387 1506 a
1401 1478 1472 1508 me
1492 1467 1621 1517 exiet,
1641 1473 1685 1510 et
1699 1468 1908 1521 judicium

1072 1533 1219 1562 meum
1232 1521 1277 1562 in
1295 1521 1439 1564 lucem
1457 1523 1726 1576 populerum
1739 1527 1907 1580 requie-

1073 1582 1177 1619 scet.
1203 1578 1349 1631 Prope
1365 1585 1434 1621 est
1451 1581 1591 1633 justus
1610 1595 1746 1632 meust,
1765 1585 1908 1635 egres-

1074 1646 1148 1674 sus
1175 1640 1243 1676 est
1267 1635 1462 1678 salvator
1485 1650 1628 1688 meus,
1656 1643 1701 1681 et
1725 1638 1909 1682 brachia

1073 1703 1170 1731 mea
1207 1692 1399 1744 populos
1435 1693 1707 1744 judicabunt:
1743 1709 1814 1738 me
1847 1699 1907 1738 in-

1072 1747 1180 1788 sulae
1218 1749 1560 1802 exspectabunt,
1598 1757 1642 1794 et
1677 1752 1907 1796 brachium

1071 1816 1217 1846 meum
1246 1806 1538 1849 sustinebunt.

1128 1865 1298 1923 Rs.‚Vidi
1321 1867 1562 1910 Dominum
1585 1869 1814 1914 sedentem
1838 1885 1906 1914 su-

1071 1934 1152 1974 per
1172 1922 1331 1964 selium
1351 1924 1587 1976 excelsum,
1609 1931 1653 1968 et
1672 1927 1906 1970 elevatum:

1072 1983 1116 2020 et
1148 1979 1279 2033 plena
1317 1986 1411 2023 erat
1447 1983 1589 2024 omnis
1624 1987 1743 2026 terra
1779 1986 1906 2036 maje-

1071 2037 1187 2078 state
1217 2037 1324 2089 ejus:
1358 2043 1380 2065 *
1402 2038 1460 2080 Et
1488 2051 1540 2080 ea
1568 2051 1669 2092 quae
1697 2040 1779 2083 sub
1805 2042 1904 2095 ipso

1072 2097 1205 2142 erant,
1221 2093 1452 2147 replebant
1465 2095 1689 2148 templum.
1717 2095 1769 2147 ΥΤ.
1782 2098 1905 2140 Sera-

1071 2147 1193 2200 phim
1217 2150 1394 2192 stabant
1414 2164 1548 2204 super
1570 2152 1694 2195 illud:
1719 2167 1797 2196 sex
1821 2155 1904 2197 alae

1071 2205 1155 2256 uni,
1175 2211 1219 2248 et
1239 2220 1317 2249 sex
1336 2208 1419 2250 alae
1438 2208 1574 2250 alteri.
1603 2210 1660 2252 Et
1679 2223 1742 2252 ea.

1387 2275 1538 2320 Lectio
1561 2281 1598 2320 ii.

1075 2335 1278 2441 Levate
1300 2339 1344 2379 in
1363 2338 1525 2380 eoelum
1546 2340 1700 2382 oculos
1718 2346 1904 2391 vestros,

1175 2401 1219 2438 et
1245 2395 1393 2438 videte
1422 2395 1503 2438 sub
1532 2402 1651 2438 terra
1678 2397 1904 2440 deorsum:

1070 2454 1172 2506 quia
1201 2452 1303 2495 coeli
1336 2452 1449 2494 sicut
1476 2453 1620 2495 fumus
1647 2454 1902 2507 liquescent,

1069 2515 1113 2552 et
1133 2515 1251 2552 terra
1274 2509 1387 2550 sicut
1410 2510 1722 2552 vestimentum
1746 2513 1902 2553 attere-

1068 2572 1150 2617 tur,
1179 2571 1223 2608 et
1248 2566 1522 2608 habitatores
1551 2567 1642 2619 ejus
1668 2568 1782 2610 sicut
1806 2568 1903 2610 haec

1068 2623 1325 2666 interibunt:
1370 2622 1496 2664 Salus
1542 2629 1688 2666 autem
1725 2637 1823 2666 mea
1858 2625 1901 2665 in

1070 2680 1386 2733 sempiternum
1415 2681 1512 2729 erit,
1543 2685 1588 2722 et
1614 2681 1778 2733 justitia
1803 2693 1901 2722 mea

1068 2749 1156 2777 non
1181 2736 1366 2778 deficiet.
1401 2735 1566 2778 Audite
1590 2750 1662 2779 me
1686 2738 1761 2789 qui
1778 2737 1899 2779 scitis
