2040 2976
689 210 890 244 Dominica
921 211 979 244 lv.
1005 216 1091 253 post
1118 211 1380 244 Pentecosten.

465 304 617 345 Lectio
639 306 723 345 viii.

270 363 530 415 edignantur
572 363 746 413 etenim,
803 362 882 404 sed
921 376 1009 404 non

286 420 591 472 dedignantes:
637 419 892 473 desperant,
930 420 1008 461 sed

182 490 269 518 non
307 476 612 530 desperantes:
655 477 1008 529 persecutionem

182 536 476 583 commovent,
520 532 599 576 sed
645 535 857 575 amantes:
907 534 1009 585 quia

182 591 265 632 etsi
293 590 400 632 foris
426 591 749 644 increpationes
777 603 856 643 per
882 590 1007 632 disci-

181 647 345 700 plinam
383 650 666 699 exaggerant,
710 647 827 689 intus
861 652 1008 689 tamen

181 703 456 746 dulcedinem
475 717 555 757 per
575 704 800 746 caritatem
820 708 1007 745 servant.

179 761 450 814 Praeponunt
491 761 575 802 sibi
614 761 658 802 in
699 761 843 802 animo
885 761 1006 813 ipsos

180 818 440 871 plerumque
461 830 572 870 quos
593 818 830 868 corrigunt:
858 817 1006 859 melio-

179 887 250 916 res
283 875 533 917 existimant
572 887 648 916 eos
687 886 862 927 quoque
896 886 1007 926 quos

179 931 382 982 judicant.
428 930 559 981 Quod
586 930 790 972 videlicet
818 932 1007 982 agentes,

179 993 223 1029 et
257 1001 338 1041 per
379 987 655 1040 disciplinam
691 987 909 1039 subditos,
964 992 1008 1030 et

179 1057 258 1097 per
277 1044 566 1086 humilitatem
585 1044 837 1086 custodiunt
851 1049 1007 1086 semet-

179 1113 312 1153 lpsos‘
480 1148 631 1188 Lectio
651 1148 705 1187 ix.

256 1215 274 1251 t
293 1215 460 1259 contra,
484 1209 528 1250 hi
549 1209 623 1261 qui
643 1208 697 1251 de
717 1209 826 1251 falsa
845 1209 1007 1262 justitia

281 1266 510 1319 superbire
525 1265 679 1316 solent,
697 1267 870 1308 ceteros
886 1279 1008 1319 quos-

179 1335 263 1374 que
296 1322 558 1375 despiciunt,
598 1322 717 1364 nulla
752 1323 1005 1365 infirmanti-

178 1379 260 1420 bus
296 1378 596 1421 misericordia
629 1379 1006 1422 condescendunt:

179 1448 266 1488 quo
300 1448 348 1477 se
380 1438 638 1488 peccatores
670 1449 767 1479 esse
799 1449 888 1478 non
917 1449 1004 1478 cre-

179 1491 302 1542 dunt,
323 1506 375 1534 eo
396 1493 588 1535 deterius
608 1496 866 1546 peccatores
885 1493 1005 1536 fiunt.

178 1549 245 1590 De
270 1562 456 1601 quorum
479 1550 679 1603 profecto
699 1553 882 1592 numero
901 1550 1005 1603 pha-

178 1605 292 1647 risaei
318 1609 589 1658 exstiterant,
618 1607 692 1659 qui
717 1606 1005 1659 dijudicantes

179 1662 415 1703 Dominum
443 1662 562 1715 quod
586 1665 845 1716 peccatores
873 1666 1004 1706 susci-

178 1724 319 1772 peret,
347 1720 486 1761 arenti
511 1719 644 1762 corde
670 1721 815 1774 ipsum
839 1720 1006 1763 fontem

178 1775 490 1818 misericordiae
506 1776 897 1830 reprehendebant.
918 1777 1006 1819 Sed

179 1832 281 1883 quia
312 1833 417 1883 aegri
445 1838 585 1883 erant,
623 1834 684 1876 ita
713 1839 762 1875 ut
789 1846 932 1885 aegros
958 1847 1005 1876 se

179 1900 275 1930 esse
328 1892 560 1940 nescirent;
616 1892 831 1942 quatenus
886 1890 1006 1942 quod

179 1950 302 1986 erant
342 1948 647 1996 agnoscerent,
693 1947 885 1988 coelestis
928 1959 1005 1988 eos
1067 1950 1076 1962 “·

177 2000 373 2043 medicus
409 2002 582 2044 blandis
623 2003 827 2045 fomentis
865 2008 1004 2054 curat,

177 2056 413 2108 benignum
431 2059 687 2111 paradigma
707 2059 870 2111 objicit,
899 2064 942 2101 et
961 2060 1004 2100 in

178 2115 330 2154 eorum
374 2115 507 2157 corde
550 2116 742 2158 vulneris
784 2118 1004 2157 tumorem

175 2171 346 2221 premit.

231 2226 292 2268 Te
312 2227 455 2268 Deum
474 2228 713 2270 laudamus.
733 2229 791 2270 13.

231 2286 302 2326 Ad
322 2286 484 2328 Bened.
512 2288 612 2328 Ant.
642 2289 744 2337 Quis
765 2302 818 2331 ex
837 2289 965 2331 vobis
979 2290 1002 2316 *

176 2341 325 2393 homo,
354 2344 429 2396 qui
453 2344 586 2386 habet
609 2351 783 2388 eentum
807 2358 930 2396 oves,
960 2351 1003 2388 et

177 2398 214 2439 si
238 2398 481 2451 perdiderit
502 2414 634 2442 unam
658 2415 713 2443 ex
731 2402 830 2452 illis,
858 2415 1003 2444 nonne

176 2453 356 2497 dimittit
391 2460 628 2509 nonaginta
659 2471 820 2500 novem
855 2459 899 2499 in
931 2458 1002 2500 de-

177 2513 313 2561 serto,
342 2517 386 2554 et
410 2514 533 2554 vadit
557 2513 613 2555 ad
638 2514 757 2555 illam
783 2527 881 2567 quae
906 2527 1002 2567 per-

175 2569 296 2618 ierat,
318 2567 460 2610 donec
478 2570 668 2612 inveniat
683 2570 801 2612 eam?
821 2570 1002 2622 alleluja.

230 2618 281 2670 V.
308 2625 523 2667 Dominus
552 2627 767 2677 regnavit,
797 2626 1003 2668 decorem

176 2680 328 2722 induit.
363 2679 414 2731 R.
432 2681 579 2724 Induit
598 2683 814 2724 Dominus
834 2683 1001 2725 fortitu-

174 2735 330 2787 dinem,
350 2743 393 2779 et
412 2739 641 2790 praecinxit
660 2752 708 2781 se
726 2739 898 2781 virtute.

1116 308 1186 349 Ad
1212 308 1384 357 Magnif.
1417 309 1516 348 Ant.
1552 308 1658 358 Quae
1683 306 1839 347 mulier
1864 307 1887 330 *

1060 363 1225 405 habens
1245 362 1477 405 drachmas
1497 362 1660 413 decem,
1680 367 1724 404 et
1740 361 1777 404 si
1790 374 1886 415 per-

1060 419 1219 461 diderit
1234 419 1488 462 drachmam
1502 432 1643 470 unam,
1661 431 1806 461 nonne
1820 431 1887 460 ac-

1059 476 1205 518 cendit
1219 476 1451 527 lucernam,
1466 481 1511 518 et
1525 476 1685 518 everrit
1697 475 1887 525 domum,

1060 538 1102 574 et
1144 533 1270 574 uaerit
1281 532 1510 585 diligenter
1521 532 1663 575 donec
1671 529 1886 574 inveniat?

1157 590 1402 641 .Dirigatur
1416 590 1604 632 Domine
1620 588 1762 631 oratio
1776 600 1886 630 mea.

1064 648 1113 699 R.
1122 646 1243 688 Sicut
1254 647 1479 688 incensum
1490 646 1534 687 in
1545 646 1788 699 conspectu
1796 648 1885 686 tuo.

1316 729 1326 731 „
1342 729 1404 731 --
1430 715 1628 744 Q*-

1283 775 1665 828 DominieaIV.

1168 843 1309 890 post
1346 838 1778 879 Pentecosten.

1397 902 1559 943 Oratio.

1060 954 1145 1060 D
1153 977 1178 1005 a
1189 963 1329 1013 nobis,
1349 964 1602 1014 quaesumus
1620 962 1819 1012 Domine,
1837 967 1886 1004 ut

1161 1025 1204 1062 et
1230 1019 1382 1061 mundi
1410 1031 1563 1060 cursus
1595 1018 1781 1071 pacifice
1809 1031 1884 1061 no-

1057 1076 1125 1118 bis
1143 1081 1221 1118 tuo
1247 1075 1400 1118 ordine
1421 1075 1648 1127 dirigatur:
1673 1080 1717 1118 et
1736 1075 1885 1117 Eccle-

1058 1133 1123 1174 sia
1143 1138 1221 1175 tua
1243 1132 1479 1185 tranquilla
1507 1131 1744 1174 devotione
1768 1132 1885 1174 laete-

1056 1194 1138 1231 tur.
1165 1189 1250 1230 Per
1268 1189 1518 1230 Dominum.

1060 1258 1214 1300 Lectio
1240 1257 1378 1299 sancti
1400 1257 1626 1309 Evangelii
1644 1256 1883 1299 secundum

1375 1313 1552 1355 Lucam.

1162 1370 1313 1411 Lectio
1335 1370 1402 1410 vii.
1624 1369 1727 1421 Cap.
1744 1370 1782 1409 5.

1055 1422 1131 1530 In
1150 1427 1226 1469 illo
1245 1429 1461 1480 tempore:
1488 1426 1597 1468 Cum
1614 1426 1758 1469 turbae
1777 1426 1884 1468 irru-

1121 1489 1243 1526 erent
1262 1484 1306 1524 in
1325 1484 1349 1524 J
1353 1496 1486 1534 esum,
1505 1488 1553 1524 ut
1573 1482 1773 1535 audirent
1791 1495 1884 1525 ver-

1055 1540 1161 1583 bum
1179 1540 1277 1590 Dei,
1303 1545 1347 1581 et
1372 1540 1467 1593 ipse
1488 1539 1635 1582 stabat
1654 1552 1781 1582 secus
1800 1544 1884 1581 sta-

1056 1611 1189 1649 gnum
1209 1595 1493 1638 Genesareth.
1521 1596 1578 1638 Et
1595 1595 1775 1648 reliqua.

1168 1666 1356 1708 Homilia
1384 1665 1525 1707 sancti
1552 1665 1777 1707 Ambrosii

1359 1722 1583 1775 Episcopi.

1058 1781 1174 1816 Liber
1187 1782 1217 1815 4.
1234 1782 1271 1815 in
1288 1781 1403 1815 Lucae
1423 1791 1504 1824 cap.
1520 1781 1550 1814 5.
1567 1790 1689 1824 prope
1705 1779 1766 1814 fin.
1784 1779 1883 1813 libri.

1060 1840 1162 1887 ξιξ-,ζ
1185 1836 1229 1878 bi
1262 1835 1477 1893 Dominus
1509 1834 1657 1876 multis
1691 1834 1882 1887 imparti-

1099 1886 1155 1945 “”,;·,;’ῗ,
1176 1938 1178 1941 ,
1202 1893 1264 1934 vit
1292 1892 1413 1934 varia
1443 1893 1604 1943 genera
1632 1890 1884 1941 sanitatum,

1107 1944 1116 1949 Χ
1148 1938 1175 1966 ³¹³
1202 1961 1284 1990 nec
1309 1950 1528 2002 tempore,
1560 1959 1642 1989 nec
1672 1947 1773 1988 loco
1805 1949 1882 1999 po-

1055 2006 1138 2048 tuit
1161 2005 1216 2047 ab
1242 2005 1389 2047 studio
1413 2003 1596 2046 sanandi
1618 2003 1747 2046 turba
1767 2002 1883 2045 cohi-

1054 2061 1159 2104 beri.
1201 2062 1374 2115 Vesper
1397 2060 1612 2110 incubuit,
1641 2059 1882 2111 sequeban-

1055 2123 1140 2160 tur:
1180 2123 1382 2169 stagnum
1415 2116 1622 2166 occurrit,
1653 2115 1883 2168 urgebant:

1055 2179 1099 2216 et
1130 2173 1231 2216 ideo
1270 2173 1470 2216 ascendit
1500 2173 1545 2214 in
1575 2172 1695 2214 Petri
1726 2172 1882 2214 navim.

1054 2231 1165 2272 Haec
1184 2234 1252 2272 est
1276 2230 1350 2271 illa
1368 2229 1508 2279 navis,
1538 2242 1636 2282 quae
1656 2227 1800 2270 adhuc
1818 2240 1882 2270 se-

1055 2287 1246 2329 cundum
1276 2286 1534 2328 Matthaeum
1571 2285 1771 2335 fluctuat,
1818 2297 1881 2326 se-

1055 2343 1247 2386 cundum
1265 2343 1430 2385 Lucam
1454 2342 1650 2395 repletur
1674 2340 1882 2394 piscibus:

1054 2405 1102 2442 ut
1127 2405 1171 2443 et
1194 2400 1410 2454 principia
1435 2398 1648 2441 Ecclesiae
1673 2398 1881 2440 fluctuan-
1904 2452 1907 2456 ‘

1054 2457 1120 2507 tis,
1141 2462 1186 2499 et
1195 2457 1442 2510 posteriora
1453 2455 1734 2498 exuberantis
1750 2456 1881 2505 agno-

1054 2526 1163 2555 scas.
1208 2514 1357 2555 Pisces
1387 2513 1501 2554 enim
1520 2517 1634 2562 sunt,
1668 2511 1741 2564 qui
1768 2509 1880 2552 hanc

1055 2570 1287 2622 enavigant
1310 2570 1456 2611 vitam.
1491 2568 1559 2610 Ibi
1584 2566 1728 2609 adhuc
1753 2566 1879 2608 disci-

1054 2626 1168 2678 pulis
1199 2626 1397 2668 Christus
1426 2624 1604 2673 dormit,
1629 2623 1702 2664 hic
1728 2622 1880 2675 praeci-

1054 2683 1132 2735 pit:
1158 2682 1319 2724 dormit
1338 2683 1452 2724 enim
1470 2680 1646 2734 tepidis,
1671 2679 1880 2732 perfectis

1055 2739 1214 2789 vigilat.
1854 2752 1857 2754 ·
