2040 2976
725 208 830 241 Furia
858 204 1024 238 secunda

242 308 309 349 Ne
329 307 497 347 avertas
517 302 672 343 faciem
691 306 809 342 tuam
829 312 854 340 a
872 310 960 339 me:
988 298 1011 322 ¹⁸¹

191 377 244 405 ne
264 359 481 404 declines
471 372 513 399 in
533 359 597 398 ira
616 370 641 398 a
661 368 789 397 servo
809 360 896 396 tuo.

243 418 426 468 Adjutor
443 426 566 455 meus
587 418 697 454 esto:
716 413 738 437 *
757 424 811 452 ne
831 408 1012 451 derelin-

195 487 299 527 quas
318 485 397 521 me,
417 482 558 522 neque
575 468 790 520 despicias
808 478 877 506 me
892 465 1012 505 Deus

192 528 390 571 salutaris
408 538 542 567 meus.

243 583 456 635 Quoniam
483 586 608 633 pater
634 592 772 627 meus,
805 583 848 619 et
875 581 1013 617 mater

192 653 287 681 mea
307 638 631 700 dereliquerunt
653 648 741 676 me:
759 635 781 659 *
801 632 1013 674 Dominus

192 702 336 737 autem
364 692 597 744 assumpsit
615 704 695 732 me.

234 752 398 802 Legem
416 761 531 802 pone
554 747 657 787 mihi
676 745 862 786 Domine
883 744 926 784 in
945 757 971 783 v
974 742 1015 782 ia

192 814 284 849 tua:
303 808 326 832 *
347 811 390 847 et
410 805 547 854 dirige
574 815 644 844 me
667 802 710 842 in
735 801 932 842 semitam
951 810 1014 839 re-

194 869 308 904 ctam
323 867 504 914 propter
523 859 719 899 inimicos
738 869 871 898 meos.

244 919 312 959 Ne
341 915 571 959 tradideris
600 927 669 956 me
697 915 740 954 in
760 913 924 954 animas
942 911 1015 952 tri-

193 974 432 1016 bulantium
465 984 555 1012 me:
589 972 612 996 *
646 970 850 1033 quoniam
881 969 1015 1008 insur-

195 1032 397 1071 rexerunt
408 1029 450 1068 in
461 1040 530 1068 me
541 1032 675 1068 testes
686 1025 831 1077 iniqui,
848 1030 890 1065 et
900 1036 1015 1064 men-

193 1088 271 1127 tita
293 1090 358 1126 est
376 1084 578 1135 iniquitas
597 1082 690 1123 sibi.

248 1140 390 1182 Credo
418 1139 565 1180 videre
593 1138 709 1179 bona
727 1136 902 1178 Domini
925 1136 948 1160 *
974 1135 1017 1175 in

194 1203 310 1239 terra
330 1211 356 1237 v
359 1197 400 1237 iv
404 1195 574 1236 entium.

245 1254 462 1304 Exspecta
471 1250 714 1298 Dominum,
726 1248 906 1290 viriliter
923 1259 1017 1297 age:

194 1310 217 1334 *
228 1314 271 1350 et
282 1308 548 1350 confortetur
560 1319 635 1347 cor
649 1311 781 1354 tuum,
798 1310 841 1345 et
852 1303 1017 1345 sustine

193 1365 437 1405 Dominum.

471 1418 661 1457 psalmus
690 1418 752 1456 27.

263 1475 305 1516 ’d
340 1480 383 1516 te
419 1474 605 1514 Domine
642 1472 861 1522 clamabo,
898 1473 1018 1513 Deus

303 1543 424 1571 meus
440 1543 494 1570 ne
509 1529 637 1570 sileas
652 1542 677 1569 a
692 1541 777 1569 me:
792 1530 815 1553 *
829 1530 1018 1580 nequan-

197 1586 255 1627 do
273 1588 419 1627 taceas
446 1599 471 1626 a
490 1598 574 1634 me,
595 1590 638 1626 et
657 1584 928 1625 assimilabor
948 1583 1019 1625 de-

199 1641 504 1682 scendentibus
523 1641 566 1680 in
584 1640 737 1681 lacum.

252 1696 420 1738 Exaudi
456 1697 641 1737 Domine
678 1708 832 1737 vocem
869 1694 1020 1747 depre-

201 1753 380 1794 cationis
396 1765 505 1793 meae
523 1752 626 1793 dum
642 1765 720 1793 oro
737 1751 793 1792 ad
811 1756 854 1792 te
866 1767 873 1790 :
884 1752 906 1775 *
918 1751 1020 1792 dum

201 1808 363 1849 extollo
398 1821 549 1849 manus
581 1821 700 1849 meas
729 1807 785 1848 ad
812 1806 1021 1859 templum

201 1870 397 1905 sanctum
416 1869 547 1905 tuum.

252 1919 320 1960 Ne
340 1919 465 1960 simul
489 1918 635 1960 trahas
659 1932 728 1959 me
756 1931 853 1959 cum
872 1931 1022 1970 pecca-

202 1974 383 2016 toribus:
411 1976 434 1999 *
462 1981 505 2016 et
531 1988 628 2016 cum
649 1973 930 2026 operantibus
949 1975 1022 2014 ini—

205 2031 413 2082 quitatem
433 2044 486 2071 ne
505 2030 664 2083 perdas
682 2043 769 2071 me:

255 2090 338 2140 Qui
367 2090 602 2142 loquuntur
630 2103 784 2142 pacem
809 2103 906 2131 cum
925 2092 1023 2142 pro-

205 2145 320 2212 ximo
332 2159 421 2195 suo,
436 2148 458 2171 ’⁸‘
473 2146 586 2187 mala
602 2152 746 2187 autem
760 2146 804 2186 in
819 2145 1024 2187 cordibus

205 2213 366 2242 eorum.

256 2256 324 2297 Da
347 2257 429 2297 illis
449 2257 686 2298 secundum
711 2259 845 2310 opera
865 2260 1025 2307 eorum,

206 2313 228 2337 ¹⁶
248 2318 291 2353 et
315 2312 552 2354 secundum
570 2314 806 2365 nequitiam
825 2313 1026 2355 adinven-

206 2368 371 2408 tionum
391 2369 596 2420 ipsorum.

258 2423 503 2465 Secundum
520 2426 653 2476 opera
663 2427 866 2466 manuum
877 2427 1027 2466 eorum

206 2478 348 2520 tribue
368 2479 469 2520 illis:
495 2481 517 2504 *
544 2479 679 2521 redde
699 2481 1028 2522 retributionem

208 2537 358 2576 eorum
377 2535 492 2587 ipsis.

259 2591 472 2640 Quoniam
483 2603 569 2632 non
580 2591 882 2633 intellexerunt
894 2593 1029 2644 opera

208 2646 393 2694 Domini,
413 2652 456 2687 et
475 2647 517 2686 in
534 2648 667 2698 opera
682 2650 886 2688 manuum
902 2648 991 2698 ejus
1006 2649 1028 2672 ¹⁸¹

209 2701 406 2743 destrues
417 2701 524 2751 illos,
542 2708 584 2743 et
595 2716 680 2743 non
693 2702 930 2744 aedificabis
943 2716 1029 2744 eos.

1052 202 1099 235 ud
1128 199 1361 233 Matutinum.

1115 294 1379 336 Benedictus
1394 291 1625 333 Dominus:
1643 291 1668 316 *
1689 289 1895 342 quoniam

1065 351 1285 393 exaudivit
1347 361 1504 390 vocem
1570 345 1894 399 deprecationis

1064 421 1185 449 meae.

1116 463 1329 504 Dominus
1345 460 1518 513 adjutor
1536 471 1671 509 meus,
1692 463 1735 500 et
1749 459 1895 510 prote-

1066 525 1161 561 ctor
1180 531 1321 560 meus:
1349 518 1371 543 *
1399 517 1443 557 in
1470 517 1568 568 ipso
1597 514 1793 568 speravit
1818 525 1896 555 cor

1065 589 1220 624 meum,
1241 579 1284 616 et
1302 573 1474 625 adjutus
1493 584 1600 613 sum.

1118 632 1174 672 Et
1201 629 1398 671 refloruit
1425 641 1529 670 caro
1556 640 1674 668 mea:
1706 626 1731 652 *
1763 630 1807 668 et
1842 638 1898 667 ex

1066 702 1093 729 v
1096 687 1290 729 oluntate
1309 698 1407 726 mea
1426 682 1671 726 confitebor
1690 682 1741 724 ei.

1118 743 1331 784 Dominus
1351 739 1564 782 fortitudo
1583 738 1726 792 plebis
1746 750 1854 780 suae:
1873 738 1897 763 ¹⁸¹

1068 805 1111 841 et
1146 800 1372 852 protector
1409 796 1700 838 salvationum
1737 793 1899 836 Christi

1068 856 1134 898 sui
1154 860 1230 896 est.

1119 910 1295 953 Salvum
1320 910 1388 951 fac
1419 907 1633 961 populum
1659 911 1784 949 tuum
1810 905 1899 946 Do-

1068 968 1193 1017 mine,
1214 972 1257 1008 et
1275 965 1462 1007 benedic
1480 963 1730 1005 haereditati
1748 967 1854 1004 tuae:
1875 961 1900 987 *

1070 1029 1112 1065 et
1132 1036 1235 1073 rege
1255 1035 1342 1071 eos
1371 1026 1415 1063 et
1443 1020 1605 1062 extolle
1633 1018 1733 1060 illos
1760 1029 1900 1070 usque

1069 1080 1112 1120 in
1132 1081 1354 1120 aeternum.

1124 1146 1222 1184 Ant.
1277 1142 1487 1184 Dominus
1541 1140 1747 1182 defensor
1798 1137 1901 1180 vitae

1070 1213 1192 1242 meae.

1125 1267 1223 1307 Ant.
1254 1264 1460 1306 Adorate.

1348 1346 1544 1386 Psalmus
1572 1345 1637 1384 28.

1153 1417 1279 1458 fferte
1292 1415 1484 1457 Domino
1499 1413 1578 1455 filii
1591 1412 1690 1454 Dei:
1709 1412 1733 1437 *
1748 1410 1903 1453 afferte

1178 1473 1370 1514 Domino
1389 1471 1505 1513 filios
1525 1471 1722 1511 arietum.

1124 1530 1291 1571 Afferte
1318 1528 1510 1569 Domino
1542 1525 1728 1577 gloriam
1756 1528 1800 1565 et
1827 1522 1903 1564 ho-

1071 1589 1233 1635 norem,
1253 1585 1406 1626 afferte
1421 1582 1613 1624 Domino
1628 1580 1816 1632 gloriam
1827 1580 1904 1619 no

1072 1642 1175 1683 mini
1205 1642 1313 1693 ejus:
1338 1641 1362 1666 *
1391 1639 1575 1681 adorate
1598 1636 1838 1678 Dominum
1860 1634 1905 1675 in

1074 1699 1184 1740 atrio
1205 1702 1357 1739 sancto
1378 1697 1480 1748 ejus

1124 1755 1224 1795 Vox
1252 1753 1431 1794 Domini
1458 1763 1590 1804 super
1618 1760 1767 1802 aquas,
1784 1747 1906 1789 Deus

1074 1810 1310 1861 majestatis
1363 1808 1568 1849 intonuit:
1617 1806 1641 1831 *
1690 1802 1906 1846 Dominus
1932 1839 1938 1844 .

1074 1879 1205 1918 super
1225 1878 1362 1917 aquas
1381 1863 1551 1905 multas.

1126 1922 1229 1963 Vox
1264 1921 1442 1962 Domini
1478 1920 1523 1960 in
1553 1918 1734 1960 virtute:
1765 1916 1789 1942 '⁸¹
1817 1927 1907 1957 vox

1075 1978 1280 2019 Domini
1270 1991 1314 2018 111
1332 1974 1666 2027 magnificentia.

1127 2034 1230 2075 Vox
1265 2032 1444 2074 Domini
1485 2027 1798 2081 confringentis
1840 2039 1907 2068 ce-

1077 2089 1199 2131 dros:
1225 2090 1248 2114 *
1275 2094 1318 2130 et
1342 2088 1588 2138 confringet
1605 2084 1821 2126 Dominus
1841 2095 1908 2124 ce-

1077 2145 1181 2187 dros
1200 2145 1374 2186 Libani.

1128 2202 1185 2243 Et
1205 2202 1471 2242 comminuet
1499 2212 1574 2241 eas
1601 2202 1827 2249 tamquam
1848 2195 1908 2236 vi-

1078 2257 1215 2299 tulum
1224 2257 1398 2298 Libani:
1411 2257 1435 2281 *
1451 2261 1495 2297 et
1506 2255 1691 2297 dilectus
1703 2249 1909 2305 quemad-

1078 2313 1257 2354 modum
1276 2313 1390 2354 filius
1408 2310 1694 2353 unicornium.

1130 2369 1232 2410 Vox
1258 2368 1435 2410 Domini
1461 2364 1762 2408 intercidentis
1791 2362 1909 2403 flam-

1079 2438 1194 2466 mam
1203 2425 1333 2475 ignis:
1325 2425 1366 2450 ·*
1377 2437 1465 2465 vox
1475 2421 1653 2464 Domini
1663 2418 1910 2462 concutien-

1079 2481 1134 2521 tis
1163 2480 1404 2522 desertum:
1432 2485 1476 2521 et
1504 2475 1800 2520 commovebit
1822 2473 1910 2514 Do-

1080 2537 1220 2577 minus
1241 2536 1463 2578 desertum
1485 2535 1638 2577 Gades.

1132 2592 1234 2633 Vox
1245 2592 1423 2632 Domini
1437 2589 1729 2644 praeparantis
1745 2599 1911 2636 cervos

1083 2652 1125 2688 et
1145 2647 1357 2689 revelabit
1376 2647 1616 2689 condensa:
1636 2646 1660 2671 *
1680 2651 1724 2687 et
1742 2646 1787 2686 in
1804 2649 1911 2686 tem-

1082 2703 1157 2754 plo
1178 2704 1266 2754 ejus
1287 2716 1438 2745 omnes
1459 2703 1606 2745 dicent
1624 2701 1821 2753 gloriam.
