2040 2976
149 313 270 355 estis:
302 310 438 352 nolite
470 310 565 352 fieri
598 309 714 351 servi
743 308 979 349 hominum.

149 369 418 412 Glorificate.

446 449 597 489 Lectio
619 448 671 487 vi.

150 522 312 627 Latus
354 525 481 567 miles
517 523 706 577 aperuit,
748 527 792 565 et
828 515 982 575 templi

247 582 386 624 sancti
417 584 633 635 parietem
664 579 885 633 patefecit.
925 578 983 620 Et

151 703 194 740 et
226 696 444 748 fulgentes
478 695 653 736 divitias
686 706 756 734 me
789 691 984 743 gratulor

152 817 230 853 est.
291 809 435 851 Juda'ei
468 821 597 850 ovem
630 806 905 855 occiderunt,
941 810 986 846 et

152 881 234 919 ego
268 867 457 908 fructum
492 865 546 906 de
579 865 856 905 sacramento
886 874 986 913 cog-

151 925 267 966 novi.
312 924 379 965 De
411 922 550 964 latere
583 920 761 972 sanguis
790 924 834 961 et
861 932 987 971 aqua.

153 981 271 1023 Nolo
295 985 386 1022 tam
410 978 555 1029 facile,
585 977 760 1019 auditor
787 978 987 1018 transeas

152 1038 263 1080 tanti
283 1039 455 1079 secreta
472 1035 680 1088 mysterii.
699 1035 857 1076 Restat
873 1033 988 1075 enim

152 1095 259 1136 mihi
277 1094 473 1147 mystica,
493 1098 627 1145 atque
648 1090 873 1134 secretalis
894 1092 988 1131 ora-

152 1153 228 1194 tio.
255 1151 359 1193 Dixi
377 1149 657 1203 baptismatis
677 1147 926 1201 symbolum
945 1151 989 1188 et

154 1209 465 1261 mysteriorum
484 1219 644 1259 aquam
668 1205 804 1254 illam,
830 1210 874 1246 et
894 1206 989 1245 san-

155 1266 331 1318 guinem
351 1264 667 1306 demonstrare.
698 1262 767 1302 Ex
786 1262 854 1303 his
874 1261 991 1303 enim

157 1328 309 1365 sancta
327 1321 509 1363 fundata
529 1325 596 1362 est
615 1319 816 1361 Ecclesia
834 1331 913 1371 per
932 1317 990 1359 la-

155 1379 277 1422 vacri
302 1377 699 1430 regenerationem,
734 1381 777 1418 et
809 1387 991 1418 renova-

156 1438 323 1479 tionem
358 1435 547 1488 Spiritus
585 1433 736 1476 sancti.
794 1433 880 1474 Per
917 1432 990 1474 ba-

157 1497 333 1547 ptisma,
359 1493 554 1545 inquam,
581 1496 624 1533 et
642 1490 867 1544 mysteria,
893 1502 992 1542 quae

159 1564 214 1593 ex
249 1551 388 1592 latere
424 1549 629 1591 videntur
673 1560 771 1589 esse
807 1546 993 1600 prolata.

159 1609 227 1649 Ex
249 1607 387 1649 latere
411 1606 543 1657 igitur
568 1618 649 1646 suo
670 1604 870 1646 Christus
890 1603 993 1645 aedi-

159 1664 309 1706 ficavit
336 1662 598 1709 Ecclesiam,
633 1662 746 1703 sicut
775 1660 830 1702 de
857 1660 994 1702 latere

162 1721 308 1763 Adam
340 1721 431 1772 ejus
469 1720 628 1771 conjux
660 1719 788 1759 Heva
819 1716 995 1770 prolata

162 1783 239 1820 est.
299 1778 415 1819 Nam
450 1776 534 1818 hac
572 1775 627 1818 de
665 1787 798 1816 causa
833 1773 995 1815 Paulus

164 1847 341 1889 quoque
368 1836 575 1883 testatur,
604 1832 771 1874 dicens:
803 1831 872 1872 De
902 1832 994 1872 cor-

161 1905 271 1946 pore
301 1893 410 1944 ejus,
443 1895 487 1933 et
518 1890 573 1932 de
603 1889 778 1931 ossibus
808 1888 899 1940 ejus
928 1901 995 1928 su-

162 1963 274 2000 mus3
306 1949 421 1990 latus
453 1947 660 1989 videlicet
694 1945 803 1987 illud
835 1944 996 1995 signifi-

164 2019 280 2048 cans.
339 2006 454 2047 Nam
496 2005 608 2046 sicut
649 2002 705 2045 de
747 2002 822 2043 illo
859 2001 997 2042 latere

163 2063 285 2104 Deus
310 2062 412 2103 fecit
436 2061 641 2103 feminam
666 2058 909 2113 procreari,
935 2057 998 2098 sic

166 2125 209 2162 et
241 2119 297 2161 de
331 2132 411 2161 suo
443 2119 582 2160 latere
612 2116 811 2159 Christus
839 2127 999 2167 aquam

166 2176 295 2219 nobis
333 2181 376 2218 et
413 2175 670 2227 sanguinem
707 2172 846 2222 dedit,
881 2170 999 2213 unde

167 2235 447 2287 repararetur
466 2232 679 2274 Ecclesia.

224 2303 272 2353 Ra.
306 2297 595 2341 Commendat
622 2297 851 2338 caritatem
877 2308 1001 2336 suam

168 2359 290 2400 Deus
309 2357 353 2398 in
371 2355 513 2397 nobis:
531 2359 552 2381 *
570 2353 787 2404 Quoniam
807 2365 907 2394 cum
928 2351 1000 2393 ad-

168 2416 255 2457 huc
289 2416 551 2468 peccatores
589 2412 802 2459 essemuS‚
848 2411 1000 2450 secun-

171 2471 275 2514 dum
314 2475 489 2522 tempus
524 2467 722 2509 Christus
758 2478 841 2519 pro
874 2463 1002 2506 nobis

170 2531 370 2570 mortuus
397 2531 476 2568 est.
526 2518 573 2570 W.
595 2523 734 2565 Multo
762 2523 891 2573 igitur
915 2534 1002 2563 ma-

171 2586 238 2637 gis
262 2597 378 2626 nunc
403 2581 624 2635 justificati
649 2580 693 2620 in
712 2579 922 2630 sanguine
941 2578 1003 2629 ip-

173 2645 280 2691 sius,
337 2639 446 2682 salvi
497 2638 659 2680 erimus
709 2636 763 2677 ab
812 2635 877 2675 ira
924 2647 1004 2687 per

174 2756 402 2807 Quoniam.

622 212 895 246 l’rctiosissimi
924 209 1131 250 Sinis-:uinis
1160 208 1200 240 l).
1228 206 1270 239 N.
1296 205 1328 238 .J.
1356 205 1395 237 C.

150 653 232 692 ego
258 639 515 681 thesaurum
539 636 803 690 praeclarum
827 635 983 684 inveni,
1037 646 1039 650 ⁴

150 756 356 808 reperire.
382 753 453 794 Sic
473 756 516 793 et
531 750 585 793 de
600 750 676 792 illo
693 762 806 801 agno
820 749 985 790 factum

1260 305 1308 343 In
1327 303 1398 342 III.
1418 302 1640 340 Nocturno.

1092 368 1191 407 Ant.
1223 363 1369 405 Exivit
1396 373 1501 413 ergo
1526 360 1551 402 J
1553 372 1654 402 esus
1679 365 1863 414 portans

1034 423 1244 464 corenam
1273 422 1488 473 spineam,
1522 421 1566 458 et
1592 419 1864 470 purpureum

1034 478 1360 526 vestimentum,
1399 480 1443 517 et
1480 473 1591 516 dixit
1629 473 1707 515 eis:
1747 473 1865 515 Ecce

1036 535 1180 578 homo.

1316 587 1516 626 Psalmus
1535 584 1598 623 73.

1038 692 1040 702 y
1070 646 1185 698 ςρςῖηῌζῒ
1202 641 1307 695 quid
1317 642 1438 683 Deus
1453 641 1655 694 repulisti
1667 641 1867 683 infinem:

1038 708 1039 711 ’
1071 683 1142 764 ΡζΧΝΙ
1161 729 1162 734 ,
1185 700 1208 724 *
1227 700 1364 740 iratus
1385 703 1451 740 est
1475 698 1597 739 furor
1614 703 1716 739 tuus
1735 710 1868 751 super

1186 769 1293 798 oves
1311 757 1490 808 pascuae
1509 754 1620 797 tuae?

1088 814 1259 855 Memor
1279 817 1375 854 esto
1400 811 1751 863 congregationis
1769 816 1870 860 tuae,

1038 872 1061 897 *
1083 883 1214 923 quam
1233 868 1473 922 possedisti
1492 868 1546 910 ab
1566 868 1702 910 initio.

1090 926 1337 969 Redemisti
1382 925 1551 977 virgam
1599 924 1872 967 haereditatis

1039 990 1142 1027 tuae:
1154 986 1185 1027 4*
1204 996 1333 1025 mons
1353 983 1472 1034 Sion,
1493 983 1537 1023 in
1557 994 1645 1034 quo
1664 981 1873 1024 habitasti

1039 1055 1083 1083 1n
1103 1054 1168 1084 eo.

1091 1098 1212 1140 Leva
1244 1109 1399 1138 manus
1431 1101 1530 1138 tuas
1567 1096 1611 1137 in
1644 1093 1874 1148 superbias

1043 1158 1194 1198 eorum
1212 1155 1256 1195 in
1274 1153 1423 1195 finem:
1442 1153 1466 1179 *
1487 1158 1650 1206 quanta
1668 1151 1875 1202 maligna-

1042 1218 1113 1254 tus
1134 1216 1201 1254 est
1220 1211 1420 1252 inimicus
1438 1210 1483 1250 in
1502 1208 1672 1251 sancto!

1096 1270 1152 1311 Et
1177 1267 1352 1319 gloriati
1377 1271 1479 1308 sunt
1505 1266 1580 1318 qui
1606 1264 1795 1307 oderunt
1816 1269 1877 1306 te:

1043 1327 1067 1353 *
1086 1327 1130 1367 in
1147 1324 1294 1366 medio
1314 1323 1602 1365 solemnitatis
1621 1326 1722 1364 tuae.

1052 1408 1054 1410 -
1095 1383 1343 1424 Posuerunt
1367 1380 1491 1432 signa
1515 1392 1610 1429 sua,
1634 1378 1771 1430 signa:
1789 1378 1814 1404 *
1834 1382 1879 1419 et

1045 1453 1134 1482 non
1153 1439 1458 1490 cognoverunt
1476 1437 1589 1478 sicut
1607 1435 1652 1477 in
1673 1435 1791 1477 exitu
1811 1447 1878 1475 su-

1045 1510 1126 1551 per
1145 1508 1374 1537 summum.

1098 1553 1235 1605 Quasi
1261 1553 1305 1593 in
1334 1551 1444 1592 silva
1475 1550 1694 1601 lignorum
1722 1547 1880 1590 securi-

1047 1611 1131 1653 bus
1159 1609 1416 1652 exciderunt
1448 1609 1597 1660 januas
1626 1606 1718 1657 ejus
1746 1605 1790 1646 in
1818 1603 1880 1646 id·

1047 1670 1206 1720 ipsum:
1225 1669 1249 1692 *
1268 1666 1313 1706 in
1337 1664 1480 1706 securi
1506 1668 1550 1705 et
1574 1662 1693 1704 ascia
1716 1661 1881 1713 dejece-

1048 1729 1150 1766 runt
1170 1736 1278 1765 eam.

1099 1779 1396 1822 Incenderunt
1443 1777 1533 1829 igni
1584 1774 1882 1818 sanctuarium

1048 1843 1187 1880 tuum:
1205 1837 1230 1862 *
1253 1836 1297 1877 in
1321 1841 1440 1877 terra
1461 1833 1715 1887 polluerunt
1737 1830 1881 1874 taber-

1049 1894 1255 1936 naculum
1274 1891 1464 1934 nominis
1482 1891 1557 1933 tui.

1102 1951 1320 1992 Dixerunt
1343 1949 1387 1989 in
1412 1946 1547 1990 corde
1571 1959 1651 1988 suo
1677 1944 1882 1996 cognatio

1052 2010 1204 2050 eorum
1241 2005 1385 2048 simul:
1423 2005 1447 2031 *
1483 2003 1718 2055 Quiescere
1754 2001 1882 2043 facia-

1050 2078 1148 2106 mus
1167 2075 1320 2106 omnes
1340 2062 1434 2104 dies
1454 2061 1592 2103 festos
1609 2059 1693 2101 Dei
1710 2071 1736 2100 a
1753 2063 1883 2100 terra.

1103 2121 1237 2173 Signa
1264 2124 1418 2161 nostra
1442 2130 1532 2159 non
1555 2115 1763 2164 vidimus,
1799 2115 1885 2167 jam

1052 2191 1139 2220 non
1175 2182 1243 2219 est
1278 2175 1513 2229 propheta:
1545 2175 1568 2200 *
1605 2177 1649 2215 et
1685 2183 1766 2213 nos
1797 2182 1884 2212 non

1054 2236 1294 2287 cognoscet
1313 2231 1513 2285 amplius.

1105 2292 1348 2343 Usquequo
1394 2289 1515 2330 Deus
1564 2283 1886 2339 improperabit

1054 2349 1270 2390 inimicus:
1292 2347 1316 2373 *
1342 2346 1485 2386 irritat
1509 2342 1788 2385 adversarius
1811 2351 1886 2381 no-

1054 2419 1155 2448 men
1173 2410 1297 2446 tuum
1315 2403 1359 2444 in
1378 2400 1532 2443 finem?

1107 2462 1167 2504 Ut
1186 2459 1294 2514 quid
1313 2458 1475 2501 avertis
1494 2469 1672 2498 manum
1690 2460 1821 2503 tuam,
1843 2457 1887 2494 et

1056 2519 1285 2561 dexteram
1311 2521 1449 2565 tuam,
1475 2515 1499 2540 *
1525 2513 1580 2556 de
1611 2511 1759 2554 medio
1791 2510 1887 2551 sinu

1055 2581 1133 2618 tuo
1152 2576 1197 2616 in
1214 2572 1370 2615 finem?

1109 2633 1231 2674 Deus
1251 2635 1398 2672 autem
1421 2640 1500 2670 rex
1518 2630 1669 2668 noster
1688 2628 1789 2666 ante
1809 2624 1887 2664 sa'e-

172 2701 328 2753 ipsum.
387 2696 616 2747 Quoniam.
680 2692 830 2734 (iloria
873 2691 1004 2733 Patri.
1058 2688 1436 2740 cula:*operatus
1456 2688 1523 2726 est
1541 2682 1729 2724 salutem
1743 2680 1787 2720 in
1801 2680 1888 2720 me-

1059 2745 1132 2787 dio
1152 2750 1293 2787 terrae.
