2040 2976
684 207 886 241 Dominicu
916 207 981 240 IX.
1006 212 1096 249 post
1122 207 1387 240 Pentecosten.

182 311 327 346 autem
351 304 514 346 mertui
537 303 698 345 fuerint
721 303 765 343 in
789 315 913 353 agro,
938 315 1012 343 vo-

180 361 340 402 rabunt
366 373 444 402 eos
471 372 576 401 aves
601 359 718 401 coeli:
745 359 846 410 quia
864 358 1012 400 Demi-

182 430 262 457 nus
290 417 465 458 locutus
494 421 572 458 est.
612 416 682 456 Tu
710 415 842 466 igitur
871 428 1012 466 surge,

180 478 223 514 et
242 473 355 514 vade
374 473 417 513 in
437 472 618 514 domum
636 477 770 513 tuam:
792 477 836 513 et
855 472 899 512 in
913 472 1012 524 ipso

179 528 359 570 introitu
387 528 551 581 pedum
577 530 754 569 tuorum
779 528 823 568 in
847 527 1013 578 urbem,

179 585 390 627 morietur
409 597 530 638 puer.

231 643 282 693 Rg.
308 642 404 692 Ego
424 646 468 682 te
487 641 578 682 tuli.
596 642 683 681 212.

450 744 741 781 Sabbata

312 803 380 842 De
404 801 518 843 libro
542 802 674 843 tertio
698 802 881 852 Regum.

257 863 410 903 Lectio
431 863 454 901 i.
698 860 931 912 Cap.18.d.

187 929 211 961 ,⁶⁸-
221 926 269 972 2⁷2⁷
289 918 476 960 ccedens
487 924 633 960 autem
641 918 762 959 Elias
773 918 829 960 ad
838 931 1012 959 omnem

302 975 526 1027 pepulum,
543 976 617 1017 ait:
636 975 880 1026 Usquequo
897 974 1011 1016 clau-

180 1030 336 1072 dicatis
358 1033 401 1072 in
422 1032 531 1073 duas
550 1029 723 1084 partes?
745 1032 782 1072 si
795 1032 1012 1073 Deminus

179 1094 246 1129 est
265 1089 402 1138 Deus,
423 1088 654 1140 sequimini
674 1100 788 1129 eum:
807 1089 844 1129 si
863 1094 1011 1129 autem

178 1144 302 1193 Baal,
330 1144 561 1197 sequimini
584 1144 717 1185 illum.
752 1145 809 1186 Et
832 1158 921 1186 non
947 1158 1010 1186 re-

179 1200 359 1252 spondit
378 1201 417 1241 ei
435 1200 628 1253 populus
647 1200 842 1242 verbum.
875 1202 933 1243 Et
952 1202 1012 1243 ait

102 1255 104 1257 ’
178 1268 329 1296 rursus
348 1257 467 1297 Elias
493 1257 550 1298 ad
572 1257 803 1310 pepulum:
831 1258 927 1309 Ego
947 1271 1011 1299 re-

177 1313 317 1353 mansi
331 1313 550 1365 propheta
564 1313 742 1354 Demini
758 1313 892 1355 solus:
911 1327 1011 1367 pro-

176 1367 325 1419 phetae
345 1374 492 1410 autem
511 1369 619 1410 Baal
641 1369 949 1422 quadringenti
969 1375 1012 1412 et

178 1424 494 1477 quinquaginta
514 1426 595 1466 viri
615 1432 726 1468 sunt.

231 1483 281 1534 R.
307 1481 504 1523 Peccavi.
525 1482 612 1523 179.

489 1537 642 1577 Lectio
662 1537 702 1576 ii.

180 1588 393 1693 Dentur
417 1593 546 1636 nobis
574 1594 663 1636 duo
689 1594 845 1646 boves,
881 1602 924 1638 et
948 1596 1011 1636 illi

275 1650 435 1701 eligant
455 1650 538 1691 sibi
555 1650 717 1692 bovem
735 1665 881 1701 unum,
902 1657 946 1694 et
965 1653 1010 1693 in

178 1706 317 1747 frusta
349 1706 571 1748 caedentes
602 1713 770 1759 ponant
804 1721 938 1761 super
962 1708 1010 1749 li-

177 1774 277 1811 gna,
302 1762 446 1814 ignem
467 1767 615 1804 autem
635 1776 723 1804 non
743 1767 1010 1817 suppenant:

179 1823 222 1859 et
251 1831 331 1869 ego
361 1819 517 1860 faciam
544 1819 706 1861 bovem
735 1820 938 1871 alterum,
967 1826 1011 1863 et

176 1874 399 1926 imponam
415 1889 546 1928 super
562 1876 688 1926 ligna,
702 1876 848 1927 ignem
863 1883 1009 1919 autem

176 1942 266 1970 non
295 1933 553 1983 suppenam.
593 1933 805 1974 Invocate
832 1935 1009 1976 nemina

178 1985 363 2027 deerum
396 1990 664 2038 vestrorum,
699 1993 742 2029 et
774 2001 857 2039 ego
889 1990 1009 2031 invo-

178 2041 290 2083 cabo
313 2055 473 2085 nomen
492 2045 670 2085 Demini
694 2045 798 2086 mei:
824 2050 868 2087 et
887 2046 1009 2088 Deus

179 2098 254 2149 qui
273 2099 517 2141 exaudierit
541 2114 621 2153 per
645 2102 808 2152 ignem,
836 2102 933 2155 ipse
953 2104 1010 2145 sit

176 2154 310 2195 Deus.
340 2155 634 2207 Respondens
650 2159 792 2199 omnis
806 2159 1009 2211 pepuluS„

177 2210 252 2251 ait:
272 2211 451 2263 Optima
470 2214 732 2266 propositio.

232 2268 283 2319 Rz.
307 2267 538 2310 Exaudisti
556 2269 756 2312 Domine.
775 2273 867 2313 180.

478 2326 630 2366 Lectio
651 2327 705 2366 iii.

180 2375 349 2481 Dixit
373 2392 478 2431 ergo
498 2382 618 2423 Elias
637 2384 868 2436 prophetis
887 2384 1009 2425 Baal:

278 2436 440 2486 Eligite
459 2437 584 2479 vobis
603 2438 766 2480 bovem
785 2453 936 2490 unum,
966 2446 1010 2482 et

177 2492 308 2533 facite
327 2492 474 2544 primi,
495 2494 597 2545 quia
616 2507 696 2535 vos
717 2495 867 2548 plures
887 2497 1009 2538 estis:

177 2554 220 2590 et
234 2549 437 2591 invocate
453 2550 628 2591 nemina
644 2550 828 2592 deorum
843 2556 1007 2594 vestro-

175 2617 288 2655 rum,
333 2606 566 2658 ignemque
606 2619 694 2648 non
737 2609 1009 2660 supponetis.

177 2661 262 2710 Qui
294 2674 393 2703 cum
425 2662 629 2704 tulissent
660 2662 838 2713 bovem,
879 2677 1009 2716 quem

177 2716 361 2759 dederat
394 2718 474 2768 eis,
504 2718 716 2760 fecerunt:
757 2724 800 2760 et
833 2720 1007 2761 invoca-

1064 301 1172 343 bant
1203 314 1364 342 nomen
1389 300 1500 342 Baal
1525 300 1581 342 de
1605 313 1734 343 mane
1758 313 1899 354 usque

1066 357 1123 398 ad
1154 355 1399 407 meridiem,
1434 356 1648 399 dieentes:
1685 357 1796 398 Baal
1828 370 1899 398 ex-

1067 413 1170 454 andi
1189 426 1283 454 nos.
1311 413 1368 454 Et
1385 425 1476 454 non
1495 418 1591 454 erat
1605 426 1703 465 vox,
1722 426 1805 455 nec
1825 413 1900 465 qui

1066 469 1372 522 responderet:
1414 468 1808 522 transiliebantque
1842 469 1899 510 al-

1065 528 1160 567 tare
1181 525 1301 578 quod
1320 526 1527 566 fecerant.
1562 525 1762 577 Cumque
1782 530 1900 567 esset

1065 583 1149 633 jam
1172 581 1395 631 meridies,
1423 580 1637 623 illudebat
1660 581 1746 623 illis
1769 581 1900 631 Elias,

1067 637 1232 680 dicens:
1253 639 1451 680 Clamate
1470 651 1582 680 voce
1601 638 1777 690 majore.

1118 697 1170 748 R.
1196 694 1315 736 Audi
1335 694 1536 736 Demine.
1555 695 1650 735 180.

1119 761 1191 802 Ad
1218 761 1391 810 Magnis.
1432 761 1532 801 Ant.
1574 761 1693 801 Dum
1723 758 1902 801 telleret

1065 817 1283 858 Deminus
1305 818 1329 843 *
1348 816 1491 857 Eliam
1514 828 1595 869 per
1617 815 1838 857 turbinem
1856 815 1901 856 in

1066 873 1247 923 eoelum,
1283 872 1458 913 Eliseus
1497 871 1731 914 clamabat:
1767 871 1901 913 Pater

1065 929 1135 980 mi,
1156 942 1310 971 currus
1329 927 1478 978 Israel,
1499 934 1542 970 et
1561 930 1714 979 auriga
1732 929 1836 980 ejus.

1119 988 1171 1040 V.
1207 991 1476 1043 Vespertina
1513 989 1656 1031 oratio
1689 987 1901 1030 ascendat

1066 1046 1122 1088 ad
1155 1052 1200 1088 te
1227 1046 1429 1088 Demine.
1482 1049 1534 1099 R.
1569 1046 1626 1087 Et
1659 1044 1902 1087 descendat

1066 1116 1200 1156 super
1218 1116 1300 1145 nos
1318 1102 1624 1144 misericordia
1641 1107 1729 1144 tua.

1338 1182 1627 1203 ψ

1284 1257 1562 1307 Dominica
1589 1256 1681 1306 IX.

1176 1340 1319 1386 post
1360 1334 1796 1375 Pentecosten.

1309 1409 1358 1448 In
1379 1409 1409 1447 I.
1432 1408 1656 1448 Nocturno.

1138 1466 1299 1519 Incipit
1316 1465 1430 1507 liber
1449 1470 1631 1517 quartus
1650 1465 1836 1516 Regum.

1183 1533 1337 1575 Lectio
1360 1533 1385 1573 i.
1635 1532 1738 1584 Cap.
1757 1533 1787 1572 1.

1073 1593 1464 1634 fmvraevarieatus
1494 1596 1562 1633 est
1589 1595 1737 1634 autem
1764 1589 1898 1632 Moab

1107 1676 1173 1715 eg
1193 1649 1237 1689 in
1255 1648 1410 1699 Israel,
1434 1652 1675 1701 postquam
1697 1649 1899 1689 mertuus

1074 1707 1075 1711 ’
1116 1722 1173 1727 r
1196 1710 1264 1747 est
1280 1704 1447 1747 Achab.
1467 1703 1735 1757 ,Ceciditque
1755 1703 1900 1746 Ocho-

1065 1764 1156 1803 zias
1192 1774 1272 1814 per
1309 1760 1530 1803 cancellos
1567 1760 1784 1802 coenaculi
1815 1759 1900 1810 sui,

1066 1817 1187 1871 quod
1206 1818 1398 1860 habebat
1417 1818 1461 1858 in
1475 1817 1682 1866 Samaria,
1703 1821 1747 1858 et
1762 1827 1899 1867 aegro-

1063 1875 1188 1916 tavit:
1213 1875 1421 1927 misitque
1446 1873 1639 1922 nuntios,
1665 1872 1817 1915 dicens
1842 1869 1900 1914 ad

1064 1944 1156 1973 eos:
1172 1931 1249 1982 lte,
1266 1931 1483 1973 consulite
1498 1929 1750 1972 Beelzebub
1767 1928 1900 1970 deum

1064 1988 1285 2038 Accaron,
1313 1992 1460 2029 utrum
1485 1989 1632 2028 vivere
1658 1997 1816 2038 queam
1843 1983 1899 2026 de

1062 2044 1317 2086 infirmitate
1344 2056 1443 2085 mea
1470 2042 1564 2084 hac.
1602 2041 1799 2093 Angelus
1826 2054 1898 2082 au·

1062 2105 1154 2142 tem
1177 2100 1356 2142 Demini
1381 2100 1556 2141 locutus
1583 2103 1650 2140 est
1674 2097 1732 2139 ad
1754 2097 1899 2138 Eliam

1063 2156 1317 2205 Thesbiten,
1336 2155 1503 2198 dicens:
1521 2155 1671 2206 Surge,
1692 2159 1736 2196 et
1750 2154 1898 2195 ascen-

1063 2212 1119 2255 de
1148 2213 1193 2254 in
1225 2216 1460 2255 occursum
1496 2211 1751 2252 nuntierum
1781 2210 1898 2261 regis

1062 2270 1287 2319 Samariae,
1321 2274 1365 2311 et
1397 2268 1518 2310 dices
1552 2267 1609 2309 ad
1636 2280 1728 2309 eos:
1762 2266 1897 2308 Num-

1064 2325 1170 2378 quid
1200 2330 1390 2370 nonest
1421 2325 1544 2366 Deus
1576 2325 1621 2365 in
1651 2323 1806 2372 Israel,
1850 2327 1899 2364 ut

1063 2382 1174 2423 eatis
1207 2381 1264 2423 ad
1297 2380 1614 2423 consulendum
1644 2378 1897 2421 Beelzebub

1063 2437 1194 2478 deum
1230 2437 1463 2479 Accaron?
1513 2437 1656 2487 Quam
1701 2435 1759 2477 ob
1805 2447 1899 2476 rem

1062 2493 1159 2535 haee
1196 2493 1304 2535 dicit
1337 2494 1568 2535 Deminus:
1615 2493 1683 2533 De
1716 2490 1897 2540 lectulo,

1063 2562 1196 2602 super
1216 2562 1347 2602 quem
1360 2548 1598 2591 ascendisti
1611 2559 1701 2589 non
1716 2546 1896 2588 descen-

1063 2605 1153 2655 des,
1173 2605 1253 2647 sed
1271 2611 1415 2647 morte
1434 2604 1646 2647 morieris.

1120 2668 1170 2718 R.
1196 2667 1452 2719 Praeparate
1477 2664 1613 2707 corda
1638 2668 1785 2705 vestra
1808 2663 1896 2704 De-

1061 2722 1196 2772 mino,
1223 2729 1267 2765 et
1286 2724 1448 2764 servite
1466 2722 1529 2763 illi
1549 2720 1649 2762 soli:
1673 2722 1695 2745 *
1711 2721 1768 2762 Et
1790 2719 1895 2761 libe-
