2040 2976
195 203 294 248 [302]

196 305 390 342 vestrum
415 304 642 352 tamquam
661 299 824 340 malum
843 304 1026 352 propter

195 357 353 399 Filium
371 356 571 398 heminis.
600 355 813 398 Gaudete.

500 426 653 467 Lectio
675 427 726 466 vi.

278 486 506 530 enedictus
535 487 751 529 Dominus
780 486 917 538 Deus,
953 488 1026 540 qui

290 546 515 586 tantorum
542 544 809 586 Pontificum
836 544 1026 586 ministe-

194 604 259 644 rio
281 601 475 643 visitavit
494 600 671 654 plebem
692 614 829 642 suam:
850 606 893 643 et
912 613 1027 643 nunc

195 658 432 711 assumptis
449 658 501 698 iis
519 658 563 698 in
578 663 775 700 sanctam
791 658 1026 707 civitatem,

193 721 328 759 tantae
357 714 667 756 recordatione
695 715 923 757 suavitatis
951 728 1025 756 no-

195 779 331 815 stram
359 785 448 813 non
477 771 681 813 desinunt
710 772 933 814 consolari
959 785 1025 814 ca-

194 830 455 883 ptivitatem.
499 829 734 870 Exsultent
763 829 807 869 in
835 829 1026 870 DOmino

196 890 349 929 eorum
378 886 578 938 spiritus,
610 885 731 938 quod
760 886 895 928 levati
919 888 1026 939 pen-

196 944 300 986 dere
343 945 572 995 corporeae
605 942 750 992 molis,
791 943 911 985 nulla
942 944 1027 996 jam

195 1000 426 1042 faeculenta
445 999 515 1041 vel
530 1001 704 1040 terrena
718 1000 901 1042 materia
916 1014 1026 1053 prae-

195 1059 448 1109 gravantur,
477 1069 564 1109 quo
591 1056 733 1104 minus
758 1062 853 1099 tota
877 1057 1026 1099 alacri-

195 1116 286 1156 tate
326 1126 377 1155 ac
411 1113 648 1155 vivacitate
684 1116 946 1167 corpoream
984 1127 1027 1156 o-

195 1183 341 1212 mnem
360 1175 404 1212 et
424 1170 731 1222 incorpoream
747 1175 1028 1214 transeuntes

196 1230 444 1270 creaturam
471 1232 658 1280 pergant
683 1228 768 1270 toti
794 1228 838 1269 in
866 1229 1028 1280 Deum,

196 1290 239 1327 et
271 1283 548 1326 adhaerentes
572 1284 655 1334 illi,
683 1299 795 1327 unus
821 1286 907 1328 sint
929 1299 1028 1328 cum

196 1355 249 1384 eo
280 1341 459 1394 spiritus
484 1341 529 1381 in
558 1343 780 1383 aeternum.
835 1343 1028 1385 Domum

195 1399 324 1440 istam
366 1396 495 1439 decet
542 1398 810 1450 sanctitudo,
855 1401 900 1441 in
943 1413 1029 1452 qua

195 1460 329 1497 tantae
344 1452 662 1507 ‘frequentatur
691 1457 903 1498 memoria
933 1470 1027 1498 san-

198 1512 373 1554 ctitatis.

251 1574 301 1623 R.
326 1570 405 1612 Isti
425 1575 536 1612 sunt.
557 1570 640 1623 [10]

428 1646 477 1684 In
496 1645 566 1684 ΙΙΙ.
586 1644 808 1683 Nocturno.

200 1708 353 1749 Lectio
378 1707 517 1749 sancti
534 1705 763 1757 Evangelii
787 1706 1029 1748 secundum

482 1763 752 1805 Matthaeum.

278 1826 431 1867 Lectio
453 1826 523 1865 vii.
719 1823 822 1876 Cap.
840 1825 898 1863 16.
914 1822 952 1863 b.

197 1881 273 1987 In
302 1886 378 1927 illo
407 1887 624 1939 tempore:
664 1885 799 1928 Venit
827 1885 851 1926 J
855 1898 954 1927 esus
986 1886 1030 1927 in

263 1948 413 1996 partes
435 1942 651 1984 Caesareae
669 1942 878 1995 Philippi,
906 1947 949 1984 et
970 1943 1030 1984 in-

199 2000 455 2051 terrogabat
471 2000 712 2053 discipulos
729 2012 844 2050 suOS,
865 1999 1030 2042 dicens:

201 2058 341 2107 Quem
362 2056 512 2099 dicunt
536 2057 734 2099 hemines
756 2070 854 2099 esse
872 2057 1030 2099 Filium

200 2113 410 2155 hominis?
439 2115 495 2156 Et
515 2115 693 2167 reliqua.

273 2183 463 2225 Homilia
483 2185 621 2226 sancti
639 2184 801 2226 Leonis
820 2185 966 2237 Papae.

241 2246 423 2277 Sermone
441 2244 469 2276 2.
490 2243 526 2275 in
546 2242 672 2275 anniv.
693 2247 877 2285 assumpt.
898 2251 989 2277 suae.

474 2296 560 2324 ante
580 2290 758 2324 medium.

205 2344 549 2407 v1›⁷'44,.2.„3'¹11111,sicut
570 2345 823 2396 evangelica
842 2346 1030 2388 lectione

206 2434 208 2441 .
238 2420 312 2437 ι
335 2403 579 2443 reseratum
608 2407 689 2452 est,
717 2403 1032 2455 interrogasset

208 2452 236 2478 Q
335 2458 554 2500 D6minus
597 2457 855 2512 discipulos,
902 2473 1031 2512 quem

202 2516 348 2569 ipsum
366 2515 529 2567 (multis
545 2514 718 2556 diversa
734 2516 1030 2568 opinantibus)

203 2571 449 2622 crederent;
467 2570 859 2625 respondissetque
874 2573 1031 2614 beatus

203 2630 370 2679 Petrus,
395 2628 563 2671 dicens:
588 2628 659 2670 Tu
678 2642 725 2670 es
746 2629 945 2671 Christus
965 2631 1031 2671 Fi-

203 2686 285 2727 lius
304 2686 389 2728 Dei
408 2687 509 2734 vivi;
532 2687 749 2728 Deminus
769 2687 842 2728 ait:
868 2687 1032 2729 Beatus

204 2756 251 2784 es
277 2743 426 2785 Simon
451 2743 698 2793 Bar-Jona,
733 2743 834 2796 quia
859 2756 962 2786 caro
990 2750 1033 2786 et

511 205 835 240 Commemoratio
862 204 1040 237 Omnium
1066 205 1121 237 Ss.
1147 205 1334 237 Summor.
1359 203 1598 238 Pontificum.

1079 299 1255 350 sanguis
1274 311 1364 341 non
1383 300 1596 342 revelavit
1613 299 1709 350 tibi,
1731 301 1811 343 sed
1829 301 1907 343 Pa-

1078 361 1146 397 ter
1164 369 1305 406 meuS,
1335 357 1410 408 qui
1433 357 1477 397 in
1501 357 1626 398 coelis
1647 362 1730 399 est:
1759 362 1804 399 et
1824 369 1907 409 ego

1080 412 1180 454 dico
1201 412 1296 462 tibi,
1324 413 1427 465 quia
1445 418 1495 455 tu
1514 426 1563 455 es
1580 414 1751 464 Petrus,
1778 418 1823 455 et
1842 426 1908 455 su-

1078 482 1158 521 per
1177 468 1291 511 hanc
1316 474 1489 522 petram
1508 469 1741 512 aedificabo
1761 470 1910 512 Eccle-

1079 525 1188 566 siam
1217 538 1377 576 meam,
1411 531 1454 568 et
1486 532 1632 579 portae
1663 526 1790 568 inferi
1820 539 1910 568 non

1078 582 1383 635 praevalebunt
1403 581 1614 624 adversus
1635 596 1745 634 eam,
1769 588 1813 626 et
1830 583 1911 626 tibi

1080 638 1196 680 dabo
1240 639 1388 681 claves
1430 640 1554 691 regni
1593 639 1822 682 coelorum:
1866 645 1910 682 et

1081 695 1394 748 quodcumque
1426 696 1632 747 ligaveris
1666 709 1800 749 super
1826 702 1910 739 ter-

1079 765 1190 801 ram,
1224 752 1306 794 erit
1334 752 1516 803 ligatum
1545 757 1589 794 et
1614 753 1659 794 in
1688 753 1826 795 coelis:
1867 758 1911 795 et

1081 808 1394 862 quodcumque
1435 810 1622 852 solveris
1658 823 1792 863 super
1827 815 1910 852 ter-

1079 879 1188 917 ram,
1212 867 1293 908 erit
1313 866 1509 909 solutum
1529 872 1573 908 et
1591 867 1635 908 in
1655 867 1790 909 coelis.
1822 867 1911 909 Ma-

1079 928 1155 965 net
1191 936 1296 975 ergo
1336 923 1571 976 dispositio
1608 924 1822 974 veritatiS‚
1867 929 1912 966 et

1079 979 1237 1022 beatus
1264 981 1422 1022 Petrus
1450 981 1494 1021 in
1530 982 1714 1033 accepta
1742 981 1911 1023 fortitu-

1082 1036 1182 1078 dine
1205 1042 1345 1090 petrae
1369 1039 1677 1090 perseverans,
1706 1039 1914 1090 suscepta

1081 1093 1292 1135 Ecclesiae
1310 1094 1607 1145 gubernacula
1621 1107 1709 1136 non
1725 1094 1912 1146 reliquit.

1138 1166 1188 1217 R.
1213 1164 1394 1206 Amavit
1418 1176 1496 1205 eos
1519 1164 1751 1214 Dominus,
1778 1168 1822 1205 et
1847 1176 1914 1222 or-

1080 1221 1202 1262 navit
1243 1233 1335 1262 eos:
1377 1221 1537 1263 stolam
1579 1221 1731 1273 gloriae
1774 1220 1915 1262 induit

1083 1291 1179 1329 eos,
1212 1280 1235 1304 *
1258 1278 1316 1319 Et
1348 1277 1405 1319 ad
1437 1282 1590 1330 portas
1622 1276 1818 1331 paradisi
1844 1289 1915 1319 co-

1081 1335 1255 1377 ronavit
1286 1347 1374 1377 eos.
1411 1331 1463 1384 V.
1484 1334 1634 1377 Induit
1663 1347 1741 1377 eos
1766 1334 1915 1376 Demi-

1081 1405 1162 1433 nus
1187 1392 1371 1433 loricam
1400 1391 1518 1442 fidei,
1551 1397 1596 1434 et
1624 1391 1797 1434 ornavit
1826 1403 1915 1433 eos.

1083 1449 1139 1490 Et
1158 1447 1216 1490 ad
1234 1454 1398 1501 portas.

1377 1535 1528 1576 Lectio
1548 1534 1632 1574 viii.

1087 1602 1157 1708 In
1175 1606 1379 1647 universa
1397 1617 1588 1657 namque
1605 1605 1820 1656 Ecclesia,
1846 1605 1915 1647 Tu
1943 1608 1946 1612 '

1153 1675 1200 1703 es
1220 1662 1420 1704 Christus
1439 1662 1576 1703 Filius
1591 1662 1676 1704 Dei
1694 1662 1794 1711 vivi,
1811 1674 1916 1715 quo-

1082 1718 1190 1761 tidie
1209 1719 1366 1760 Petrus
1386 1718 1508 1760 dicit:
1532 1724 1576 1761 et
1596 1719 1738 1761 omnis
1756 1719 1914 1770 lingua,

1084 1789 1183 1829 quae
1219 1775 1455 1818 confitetur
1485 1775 1742 1826 Dominum,
1783 1776 1915 1829 magi-

1086 1833 1220 1875 sterio
1250 1832 1376 1885 hujus
1400 1833 1524 1874 vocis
1546 1831 1768 1875 imbuitur.
1805 1834 1917 1876 Haec

1083 1889 1195 1931 fides
1220 1889 1447 1931 diabolum
1473 1889 1623 1940 vincit,
1653 1894 1696 1931 et
1721 1890 1916 1943 captive·

1084 1959 1180 1988 rum
1215 1947 1306 1998 ejus
1338 1945 1511 1987 vincula
1546 1945 1760 1988 dissolvit.
1805 1947 1917 1989 Haec

1085 2005 1235 2045 erutos
1255 2003 1420 2044 mundo
1439 2002 1592 2044 inserit
1611 2002 1739 2053 coelo,
1758 2007 1802 2045 et
1817 2016 1916 2056 por—

1083 2066 1142 2102 tae
1168 2060 1295 2102 inferi
1318 2059 1531 2102 adversus
1556 2071 1654 2101 eam
1673 2059 1916 2112 praevalere

1084 2130 1172 2159 non
1200 2121 1400 2170 possunt.
1442 2117 1586 2158 Tanta
1619 2117 1735 2158 enim
1765 2116 1916 2158 divini-

1084 2179 1155 2215 tus
1182 2173 1406 2216 soliditate
1432 2175 1598 2215 munita
1629 2178 1715 2223 est,
1743 2178 1791 2215 ut
1820 2186 1916 2215 eam

1084 2244 1228 2284 neque
1256 2231 1464 2273 haeretica
1491 2243 1701 2282 umquam
1725 2233 1916 2272 corrum-

1084 2301 1190 2342 pere
1206 2288 1412 2341 pravitas‚
1431 2299 1514 2329 nec
1530 2290 1701 2340 pagana
1723 2287 1918 2340 potuerit

1086 2347 1295 2398 superare
1313 2344 1512 2398 perfidia.
1545 2345 1628 2385 His
1651 2346 1801 2396 itaque
1824 2355 1916 2385 mo-

1087 2402 1169 2451 dis,
1199 2401 1486 2451 dilectissimi,
1515 2400 1762 2443 rationabili
1792 2399 1915 2442 obse-

1088 2460 1192 2512 quio
1228 2458 1476 2501 celebretur
1509 2457 1723 2499 hodierna
1755 2457 1915 2498 festivi-

1084 2522 1168 2566 tas,
1188 2521 1236 2558 ut
1255 2517 1299 2556 in
1319 2518 1510 2569 persona
1529 2514 1786 2556 humilitatis
1804 2526 1915 2555 meae

1085 2573 1157 2615 ille
1176 2573 1459 2623 intelligatur,
1490 2572 1562 2614 ille
1587 2571 1845 2620 honoretur,
1872 2571 1916 2611 in

1087 2643 1175 2682 quo
1208 2635 1252 2672 et
1279 2631 1472 2671 omnium
1498 2630 1732 2670 Past6rum
1759 2627 1916 2669 sollici-

1086 2687 1196 2729 tudo
1239 2700 1338 2729 cum
1383 2685 1792 2728 commendatarum
1831 2683 1915 2725 sibi

1087 2745 1236 2786 evium
1255 2743 1457 2786 custedia
1477 2745 1750 2796 perseverat,
1777 2746 1821 2783 et
1843 2753 1914 2782 cu-
