2040 2976
690 241 901 275 Commune
928 240 1041 274 unius
1066 238 1257 282 Martyris.

218 333 412 377 Homilia
429 334 469 375 S.
490 333 692 385 Gregorii
709 333 855 385 Papae.

320 403 459 437 llomil.
478 404 528 437 32.
549 403 585 437 in
604 404 749 446 Evung.

173 455 319 518 »²
349 455 565 496 Dominus
599 466 651 496 ac
678 454 954 506 Redemptor

123 547 125 563 ὲ
174 511 206 526 “
231 558 237 568 Α,
272 516 423 553 noster
449 523 591 553 novus
615 510 749 552 homo
768 511 889 552 venit
909 510 954 551 in

169 565 172 567 ’
271 567 501 617 mundum,
559 580 676 608 nova
728 569 954 620 praecepta

121 622 244 665 dedit
261 623 438 665 mundo.
469 624 587 666 Vitae
608 623 771 665 etenim
789 628 952 666 nostrae

121 680 260 721 veteri
282 680 327 720 in
350 680 466 722 vitiis
491 681 692 722 enutritae
718 680 953 721 contrarie-

122 738 260 778 tatem
275 737 484 789 opposuit
496 736 704 778 novitatis
719 749 822 777 suae.
837 736 954 787 Quid

121 793 236 834 enim
272 797 414 843 vetus,
455 793 561 845 quid
598 793 783 834 carnalis
819 792 953 834 homo

120 851 322 899 noverat,
357 850 440 890 nisi
468 862 547 891 sua
571 850 780 899 retinere,
814 849 955 891 aliena

121 907 289 958 rapere,
309 905 346 947 si
364 911 533 959 posset;
563 908 889 959 concupiscere,
918 907 954 947 si

120 975 209 1004 non
227 961 404 1015 posset?
438 962 527 1004 Sed
546 962 738 1005 coelestis
757 962 954 1004 medicus

121 1019 301 1070 singulis
323 1018 570 1072 quibusque
589 1019 706 1061 vitiis
729 1018 955 1061 obviantia

121 1074 302 1117 adhibet
328 1075 659 1117 medicamenta.
701 1075 817 1117 Nam
842 1076 954 1118 sieut

121 1137 214 1173 arte
238 1131 468 1173 medicinae
494 1132 637 1174 calida
662 1132 848 1184 frigidis,
884 1133 953 1173 fri-

120 1187 224 1240 gida
240 1188 392 1230 calidis
412 1190 636 1231 curantur:
659 1189 721 1231 ita
739 1189 954 1231 Dominus

120 1249 271 1287 noster
291 1245 511 1287 contraria
530 1246 741 1298 opposuit
765 1246 953 1288 medica-

120 1302 268 1344 menta
294 1302 506 1354 peccatis,
540 1307 589 1344 ut
611 1302 794 1344 lubricis
819 1302 953 1344 conti-

120 1358 322 1410 nentiam,
341 1358 571 1400 tenacibus
589 1358 850 1410 largitatem,
873 1359 953 1400 ira-

121 1414 277 1456 cundis
291 1414 685 1465 mansuetudinem,
702 1415 828 1457 elatis
843 1428 953 1468 prae-

121 1473 288 1524 ciperet
306 1471 607 1513 humilitatem.

176 1541 227 1592 Rz.
265 1541 440 1583 Corona
477 1544 610 1583 aurea
650 1553 784 1594 super
820 1546 954 1594 caput

122 1597 224 1649 ejus,
245 1599 267 1623 *
291 1598 514 1650 Expressa
542 1597 668 1649 signo
697 1598 952 1648 sanctitatis,

120 1653 261 1704 gloria
274 1653 466 1704 honoris,
485 1658 529 1695 et
544 1667 657 1707 opus
673 1654 952 1696 fortitudinis.

124 1705 175 1757 V.
191 1710 408 1761 Quoniam
425 1711 681 1763 praevenisti
697 1724 798 1753 eum
817 1711 861 1751 in
880 1710 951 1752 be-

119 1766 445 1808 nedictiunibus
471 1766 730 1818 dulcedinis,
763 1767 953 1820 posuisti

120 1822 165 1863 in
193 1823 337 1876 capite
366 1824 457 1875 ejus
483 1825 693 1865 coronam
721 1823 776 1866 de
803 1823 952 1877 lapide

119 1879 329 1932 pretioso.
355 1879 591 1932 Expressa.

409 1955 563 1997 Lectio
586 1956 668 1996 viii.

125 2010 290 2118 Certe
321 2039 420 2068 cum
443 2039 491 2069 se
526 2027 811 2080 sequentibus
838 2041 954 2070 nova

233 2083 441 2125 mandata
475 2086 768 2137 proponeret,
825 2084 952 2127 dixit:

121 2139 219 2180 Nisi
254 2140 351 2192 quis
392 2141 709 2182 renuntiaverit
750 2141 953 2183 omnibus

125 2208 222 2248 quae
259 2196 479 2248 possidet,
520 2210 609 2239 non
644 2202 794 2250 potest
829 2211 952 2240 meus

124 2264 221 2293 esse
237 2251 491 2305 discipulus.
518 2254 586 2294 Ac
601 2254 639 2294 si
653 2255 806 2307 aperte
822 2253 953 2296 dicat:

124 2308 209 2357 Qui
227 2321 308 2360 per
325 2309 460 2350 vitam
478 2311 675 2352 veterem
693 2310 834 2351 aliena
853 2323 953 2352 con-

124 2364 365 2416 cupiscitis,
399 2378 479 2417 per
504 2379 634 2407 novae
658 2367 954 2408 conversatio-

123 2420 191 2461 nis
228 2419 424 2462 studium
462 2427 506 2463 et
542 2427 689 2464 vestra
726 2423 954 2474 largimini.

125 2476 241 2526 Quid
272 2489 378 2518 vero
411 2477 456 2518 in
486 2477 569 2519 hac
600 2478 790 2521 lectione
827 2479 954 2530 dicat,

125 2532 368 2574 audiamus:
386 2533 472 2584 Qui
485 2534 580 2576 vult
592 2539 696 2587 post
710 2548 781 2577 me
795 2537 955 2586 venire,

125 2588 314 2641 abneget
341 2592 637 2643 semetipsum.
688 2591 758 2633 Ibi
786 2591 955 2642 dicitur,

125 2649 174 2686 ut
202 2645 468 2697 abnegemus
491 2651 655 2689 nostra:
687 2647 758 2689 hic
785 2647 954 2699 dicitur,

127 2706 176 2742 ut
194 2701 460 2754 abnegemus
480 2716 572 2744 nos.
608 2703 666 2744 Et
689 2704 877 2747 fortasse
896 2705 954 2747 la—

125 2756 353 2800 boriosum
393 2772 482 2801 non
520 2764 587 2801 est
627 2759 793 2801 homini
829 2761 954 2803 relin—

282 2897 346 2921 Pars
363 2897 471 2922 AEstiva.

1772 232 1840 276 [33]

1008 344 1143 384 quere
1171 344 1265 382 sua3
1304 329 1383 372 sed
1410 329 1540 371 valde
1568 329 1842 371 laboriosum

1007 393 1074 430 est
1093 387 1341 440 relinquere
1362 387 1658 439 semetipsum.
1695 386 1840 427 Minus

1008 444 1173 497 quippe
1203 449 1270 485 est
1298 443 1518 493 abnegare
1548 441 1670 494 quod
1689 442 1840 484 habet:

1006 500 1134 543 valde
1158 505 1306 542 autem
1327 499 1515 540 multum
1535 503 1602 540 est
1622 498 1841 550 abnegare

1008 557 1127 610 quod
1146 562 1223 599 est.

1060 623 1107 673 Rg.
1137 622 1224 663 Hic
1244 625 1311 663 est
1331 633 1435 662 vere
1454 620 1632 673 Martyr,
1662 621 1737 673 qui
1758 633 1840 674 pro
1885 639 1887 641 ·

1008 678 1171 720 Christi
1206 677 1382 719 nemine
1420 678 1679 728 sanguinem
1715 691 1842 719 suum

1006 734 1136 776 fudit:
1171 737 1193 761 *
1233 735 1317 785 Qui
1350 733 1491 774 minas
1524 734 1717 785 judicum
1753 747 1841 775 non

1006 792 1162 842 timuit,
1189 804 1271 833 nec
1293 791 1480 832 terrenae
1505 789 1731 842 dignitatis
1751 791 1840 842 glo-

1007 848 1116 889 riam
1138 848 1352 900 quaesivit,
1381 846 1461 888 sed
1481 846 1538 888 ad
1559 847 1758 888 coelestia
1777 860 1840 889 re-

1007 918 1093 956 gna
1119 905 1331 958 pervenit.
1373 900 1422 950 V.
1455 903 1629 945 Justum
1658 903 1842 945 deduxit

1006 962 1225 1003 Dominus
1244 975 1325 1014 per
1343 962 1436 1003 vias
1456 965 1612 1011 rectas,
1634 965 1677 1002 et
1697 963 1840 1002 osten-

1008 1018 1072 1060 dit
1103 1018 1166 1059 illi
1198 1031 1380 1070 regnum
1413 1018 1507 1067 Dei.
1551 1018 1646 1068 Qui.
1689 1017 1843 1058 (ileria

1007 1075 1137 1116 Patri.
1175 1076 1270 1126 Qui.

1315 1149 1464 1189 Lectio
1486 1149 1539 1188 ix.

1077 1214 1106 1256 d
1143 1228 1191 1256 se
1225 1219 1373 1257 autem
1404 1214 1532 1256 nobis
1565 1214 1841 1256 venientibus

1118 1272 1336 1313 Deminus
1359 1272 1590 1324 praecepit,
1616 1276 1664 1312 ut
1686 1284 1841 1313 renun-

1007 1329 1164 1370 tiemus
1184 1329 1361 1370 nostris:
1383 1328 1485 1381 quia
1501 1328 1765 1380 quicumque
1786 1327 1842 1369 ad

1006 1384 1111 1434 fidei
1143 1387 1331 1437 agonem
1364 1387 1582 1435 venimus,
1620 1384 1842 1426 luctamen

1007 1446 1161 1483 contra
1179 1442 1395 1493 malignos
1419 1442 1599 1494 spiritus
1620 1441 1842 1482 sumimus.

1005 1498 1126 1540 Nihil
1143 1503 1289 1540 autem
1306 1498 1486 1550 maligni
1500 1498 1679 1551 spiritus
1696 1498 1741 1538 in
1755 1497 1842 1539 hoc

1005 1554 1170 1597 mundo
1200 1556 1430 1608 proprium
1457 1554 1703 1608 possident:
1735 1554 1843 1596 nudi

1008 1624 1113 1663 ergo
1142 1625 1243 1653 cum
1270 1612 1399 1654 nudis
1430 1611 1587 1653 luctari
1619 1611 1842 1654 debemus.

1005 1668 1120 1709 Nam
1140 1669 1177 1709 si
1195 1670 1382 1710 vestitus
1401 1669 1587 1721 quisque
1603 1681 1702 1710 cum
1721 1668 1840 1710 nudo

1005 1724 1207 1776 luctatur,
1229 1726 1358 1767 citius
1374 1725 1431 1767 ad
1449 1730 1615 1767 terram
1631 1725 1841 1775 dejicitur,

1008 1782 1110 1834 quia
1145 1781 1280 1824 habet
1314 1782 1430 1824 unde
1467 1784 1680 1824 teneatur.
1726 1781 1842 1832 Quid

1007 1838 1122 1880 enim
1137 1843 1238 1880 sunt
1252 1841 1427 1880 terrena
1443 1839 1599 1888 omnia,
1619 1838 1704 1879 nisi
1725 1851 1840 1890 quae-

1007 1894 1109 1936 dam
1123 1896 1324 1948 corporis
1338 1893 1616 1937 indumenta?
1635 1894 1720 1945 Qui
1735 1907 1839 1945 ergo
1891 1936 1893 1938 ,

1006 1955 1159 1993 contra
1179 1951 1404 1993 diabolum
1424 1951 1481 1993 ad
1500 1953 1723 1993 certamen
1741 1953 1840 2003 pro-

1005 2012 1143 2105 pera&
1171 2008 1435 2050 vestimenta
1457 2008 1643 2060 abjiciat,
1672 2020 1727 2049 ne
1747 2020 1840 2048 suc-

1007 2067 1107 2105 cum
1141 2069 1196 2106 at.

1063 2130 1124 2171 Te
1142 2130 1288 2171 Deum
1306 2129 1550 2171 laudamus.
1581 2130 1640 2170 13.

1161 2225 1477 2252 ———0-<1:›-0

1171 2325 1259 2365 111.
1296 2324 1413 2366 Alia
1441 2324 1677 2366 Homilia.

1010 2397 1162 2439 Lectio
1187 2397 1329 2439 sancti
1347 2398 1575 2451 Evangelii
1598 2399 1841 2441 secundum

1292 2454 1562 2497 Matthaeum.

1114 2522 1268 2563 Lectio
1289 2522 1358 2561 vii.
1505 2522 1607 2573 Cap.
1626 2523 1687 2561 10.
1703 2534 1736 2562 c.

1006 2588 1084 2695 In
1110 2593 1187 2662 illo
1215 2595 1450 2661 temp-ore:-
1467 2595 1592 2661 Dixit
1619 2595 1644 2636 J
1647 2608 1748 2637 esus
1778 2594 1839 2637 di-

1072 2651 1253 2703 scipulis
1270 2664 1377 2693 suis:
1394 2652 1517 2693 N1hil
1538 2657 1605 2693 est
1627 2653 1839 2704 opertum,

1009 2706 1130 2758 quod
1167 2720 1256 2749 non
1287 2708 1575 2759 revelabitur,
1621 2712 1665 2749 et
1697 2708 1839 2749 occul-

1007 2767 1112 2814 tum,
1132 2764 1254 2816 quod
1271 2777 1360 2806 non
1380 2764 1552 2807 scietur.
1585 2765 1642 2806 Et
1659 2763 1840 2816 reliqua.
