2040 2976
184 215 256 251 220

392 310 553 347 Feria
587 309 804 357 Quarta.

311 367 374 405 De
395 362 508 404 libro
535 368 691 415 quarto
711 363 893 414 Regum.

266 426 417 467 Lectio
438 427 461 466 i.
779 428 880 478 Cap.
900 428 937 466 4.

206 522 211 536 ἶ
226 495 267 533 ..εἰ
286 492 289 574 ι
304 479 414 521 ulier
429 484 574 521 autem
590 479 795 532 quaedam
809 479 864 520 de
879 478 1015 520 uxori-

194 561 196 573 1
217 562 219 564 -
239 538 269 575 '.'=
324 535 406 577 bus
442 536 758 588 prophetarum
796 534 1014 577 clamabat

186 592 243 634 ad
275 592 483 642 Eliseum,
517 592 683 634 dicens:
721 592 882 633 Servus
913 596 1013 632 tuus

186 650 252 691 vir
277 662 400 691 meus
424 651 625 691 mortuus
652 654 734 698 est,
762 654 805 690 et
828 654 875 689 tu
898 647 1014 688 nosti

187 706 289 758 quia
317 718 470 747 servus
504 710 606 747 tuus
633 706 714 747 fuit
741 706 898 747 timens
926 704 1013 745 Do-

187 762 366 802 minum:
396 767 440 803 et
467 774 570 804 ecce
600 761 791 803 creditor
819 760 939 802 venit
966 765 1014 801 ut

186 818 313 860 tollat
333 818 444 860 duos
467 818 582 860 filios
605 831 728 859 meos
749 817 805 858 ad
825 817 1012 858 servien-

190 873 293 916 dum
320 874 414 916 sibi.
452 875 531 916 Cui
555 874 665 916 dixit
684 873 870 914 Eliseus:
899 873 1014 922 Quid

188 932 253 972 vis
273 936 320 972 ut
340 931 497 972 faciam
515 931 615 972 tibi?
650 931 733 971 Dic
758 929 878 979 mihi,
908 929 1015 981 quid

187 987 324 1029 habes
356 988 400 1028 in
433 987 565 1029 domo
600 986 700 1029 tua?
755 988 815 1028 At
846 986 920 1028 illa
950 999 1015 1028 re-

188 1045 382 1097 spondit:
429 1045 530 1086 Non
567 1044 710 1086 habeo
748 1043 905 1086 ancilla
940 1048 1016 1085 tua

189 1102 428 1154 quidquam
455 1102 499 1142 in
525 1101 659 1143 domo
683 1114 798 1150 mea,
832 1100 915 1141 nisi
940 1113 1014 1153 pa-

192 1171 288 1199 rum
308 1158 407 1207 olei,
434 1171 520 1210 quo
539 1171 688 1209 ungar.
726 1158 804 1199 Cui
828 1157 901 1198 ait:
928 1157 1013 1199 Va-

187 1214 253 1262 de,
274 1221 376 1267 pete
393 1218 546 1256 mutuo
568 1214 622 1256 ab
643 1214 846 1256 Omnibus
862 1214 1015 1255 vicinis

185 1271 271 1312 tuis
292 1284 397 1312 vasa
416 1274 555 1312 vacua
580 1284 669 1312 non
688 1284 840 1323 pauca.
874 1272 931 1312 Et
955 1270 1015 1311 in-

186 1327 385 1378 gredere,
422 1333 465 1369 et
498 1327 654 1369 claude
688 1328 850 1369 ostium
880 1332 1015 1377 tuum,

188 1397 286 1425 cum
311 1384 570 1426 intrinsecus
600 1385 733 1426 fueris
763 1390 828 1434 tu,
868 1390 910 1427 et
938 1383 1017 1424 filii

187 1441 267 1490 tui;
300 1446 343 1482 et
375 1441 499 1482 mitte
533 1441 635 1483 inde
663 1442 708 1482 in
738 1441 883 1482 omnia
911 1454 1016 1482 vasa

186 1496 295 1538 haec:
316 1503 359 1539 et
379 1510 477 1538 cum
496 1497 627 1550 plena
646 1498 815 1546 fuerint,
834 1498 976 1540 tolles.

240 1556 292 1606 R.
315 1554 512 1596 Peccavi.
533 1555 617 1595 179.

496 1611 647 1652 Lectio
668 1612 707 1651 ii.

189 1663 297 1769 Ivit
346 1669 494 1719 itaque
542 1668 713 1718 mulier,
768 1673 811 1710 et
861 1669 1017 1711 clausit

250 1723 410 1765 ostium
434 1736 565 1776 super
589 1737 653 1774 se,
682 1730 726 1766 et
750 1738 883 1778 super
902 1726 1016 1767 filios

187 1792 306 1821 suos:
348 1780 410 1821 illi
443 1780 685 1823 offerebant
712 1795 832 1831 vasa,
871 1787 914 1824 et
941 1783 1016 1824 illa

187 1835 454 1879 infundebat.
507 1838 704 1890 Cumque
745 1838 875 1892 plena
915 1839 1015 1880 fuis-

189 1898 286 1934 sent
318 1906 438 1943 vasa,
477 1893 585 1936 dixit
618 1893 674 1936 ad
705 1895 841 1936 filiurn
873 1909 1016 1937 suum:

189 1948 312 1990 Affer
339 1949 444 1991 mihi
472 1950 615 1992 adhuc
643 1964 731 1992 vas.
785 1952 842 1994 Et
860 1952 933 1994 ille
953 1965 1016 1994 re-

190 2005 389 2057 spondit:
441 2007 543 2048 Non
588 2007 744 2050 habeo.
798 2009 1015 2062 Stetitque

191 2061 346 2103 eleum.
391 2063 524 2105 Venit
551 2070 697 2106 autem
725 2065 814 2115 illa,
843 2071 886 2107 et
906 2064 1014 2107 indi-

191 2118 306 2160 cavit
330 2118 494 2160 homini
521 2120 615 2162 Dei.
674 2122 731 2163 Et
758 2121 845 2171 ille,
874 2121 1015 2172 Vade,

190 2174 344 2226 inquit,
364 2175 504 2217 vende
525 2177 686 2227 oleum,
708 2183 751 2220 et
770 2177 906 2219 redde
926 2191 1015 2220 cre-

191 2229 322 2272 ditori
341 2237 432 2274 tuo:
457 2237 505 2273 tu
525 2238 685 2282 autem,
713 2240 756 2276 et
779 2234 858 2275 filii
875 2235 939 2276 tui
957 2237 1015 2275 vi-

190 2286 278 2328 vite
307 2286 362 2329 de
391 2288 570 2341 reliquo.
613 2290 747 2331 Facta
775 2296 842 2332 est
871 2296 1017 2332 autem

192 2343 396 2396 quaedam
415 2344 525 2395 dies,
550 2351 593 2387 et
614 2346 826 2388 transibat
845 2346 1016 2388 Eliseus

190 2412 270 2452 per
289 2400 465 2442 Sunam:
491 2408 584 2444 erat
610 2408 756 2444 autem
783 2402 842 2445 ibi
862 2403 1017 2444 mulier

190 2469 365 2507 magna,
402 2470 500 2509 quae
533 2459 672 2500 tenuit
701 2471 799 2500 eum
826 2464 874 2501 ut
902 2472 1017 2500 com-

190 2512 341 2555 ederet
361 2527 535 2566 panem:
559 2527 746 2567 cumque
766 2515 1017 2567 frequenter

190 2568 291 2611 inde
317 2572 538 2620 transiret,
567 2570 813 2612 divertebat
838 2570 895 2612 ad
922 2584 1017 2612 eam

190 2632 238 2669 ut
268 2626 519 2669 comederet
549 2640 718 2680 panem.
767 2628 875 2677 Quae
909 2626 1017 2669 dixit

191 2682 247 2725 ad
258 2683 398 2724 virum
409 2696 549 2724 suum:
563 2682 879 2725 Animadverto
897 2683 1018 2736 quod

190 2741 255 2782 vir
269 2740 353 2782 Dei
372 2746 548 2783 sanctus
569 2746 635 2783 est
654 2741 746 2790 iste,
768 2741 842 2793 qui
861 2740 1017 2782 transit

542 215 643 248 Infra
670 215 964 248 Hebdomadnm
988 215 1037 247 ix.
1063 220 1152 257 post
1178 213 1257 247 Oct.
1283 213 1541 247 Pentecostes.

1066 319 1147 360 per
1171 318 1254 347 nos
1278 305 1540 358 frequenter.
1576 307 1808 350 Faciamus
1833 321 1896 350 er-

1067 376 1123 415 go
1149 363 1189 405 ei
1218 362 1494 403 coenaculum
1518 376 1718 416 parvum,
1747 369 1791 406 et
1817 377 1895 418 po-

1065 422 1220 461 namus
1247 419 1286 460 ei
1310 419 1354 459 in
1379 431 1432 460 eo
1457 419 1684 471 lectulum,
1712 426 1756 463 et
1778 433 1895 463 men-

1067 489 1170 525 sam,
1191 481 1234 517 et
1254 475 1416 524 sellam,
1441 481 1484 517 et
1503 475 1825 527 candelabrum,
1847 482 1896 519 ut

1067 545 1166 574 cum
1185 532 1354 573 venerit
1372 531 1429 573 ad
1448 545 1541 582 nos,
1559 535 1736 576 maneat
1753 533 1823 576 ibi.

1123 593 1172 643 R.
1196 587 1426 630 Exaudisti
1445 589 1644 632 Demine.
1664 591 1758 632 180.

1372 648 1525 690 Lectio
1546 650 1601 690 iii.

1069 699 1251 805 Facta
1273 706 1340 743 est
1363 714 1468 753 ergo
1494 701 1588 744 dies
1609 702 1828 755 quaedam,
1856 709 1900 747 et

1160 759 1339 801 veniens
1359 758 1537 801 divertit
1552 759 1597 800 in
1613 760 1899 811 coenaculum,

1068 824 1112 861 et
1131 815 1349 869 requievit
1365 814 1435 857 ibi.
1467 815 1679 868 Dixitque
1699 815 1755 858 ad
1775 816 1900 859 Giezi

1066 879 1253 928 puerum
1272 885 1413 913 suum:
1436 872 1564 914 Voca
1582 873 1900 916 Sunamitidem

1067 933 1206 974 istam.
1244 929 1329 980 Qui
1357 941 1457 970 eum
1484 930 1690 971 vocasset
1715 942 1826 981 eam,
1854 935 1898 973 et

1066 989 1141 1030 illa
1173 989 1368 1029 stetisset
1402 997 1550 1026 coram
1583 997 1653 1035 eo,
1699 985 1809 1029 dixit
1841 986 1898 1038 ad

1067 1048 1254 1098 puerum
1285 1055 1429 1083 suum:
1460 1041 1664 1093 Loquere
1698 1041 1755 1084 ad
1787 1056 1898 1085 eam:

1067 1102 1199 1151 Ecce,
1223 1098 1374 1141 sedule
1398 1099 1442 1139 in
1462 1098 1664 1140 omnibus
1683 1100 1898 1142 ministra-

1069 1159 1124 1200 sti
1149 1157 1294 1206 nobis,
1323 1155 1429 1208 quid
1454 1156 1520 1196 vis
1544 1161 1593 1197 ut
1617 1155 1773 1197 faciam
1795 1156 1899 1199 tibi?

1067 1212 1282 1267 numquid
1301 1212 1437 1254 habes
1455 1212 1691 1263 negotium,
1711 1217 1755 1254 et
1769 1213 1835 1254 vis
1851 1218 1900 1256 ut

1067 1271 1224 1323 loquar
1247 1270 1356 1321 regi,
1382 1269 1474 1310 sive
1498 1269 1689 1322 principi
1708 1269 1898 1312 militiae?

1069 1328 1178 1378 Quae
1206 1325 1451 1379 respondit:
1491 1326 1543 1366 In
1569 1325 1716 1367 medio
1745 1327 1901 1380 populi

1067 1385 1154 1426 mei
1172 1383 1338 1425 habito.
1370 1383 1427 1424 Et
1446 1382 1522 1423 ait:
1545 1381 1661 1433 Quid
1679 1395 1786 1434 ergo
1805 1384 1900 1426 vult

1068 1446 1116 1483 ut
1143 1441 1301 1482 faciam
1329 1437 1389 1481 ei?
1427 1439 1637 1491 Dixitque
1663 1439 1802 1481 Giezi:
1830 1440 1900 1482 Ne

1070 1510 1258 1550 quaeras:
1283 1496 1422 1537 filium
1442 1496 1558 1538 enim
1576 1509 1665 1537 non
1684 1495 1827 1547 habet,
1855 1502 1900 1539 et

1068 1555 1134 1596 vir
1154 1555 1244 1606 ejus
1265 1565 1399 1595 senex
1419 1558 1497 1594 est.
1518 1553 1736 1606 Praeeepit
1749 1555 1899 1606 itaque

1067 1616 1116 1652 ut
1140 1612 1322 1652 vocaret
1346 1622 1457 1651 eam:
1493 1622 1592 1662 quae
1617 1622 1717 1651 cum
1740 1612 1900 1652 vocata

1068 1668 1239 1717 fuisset,
1281 1671 1325 1708 et
1362 1667 1558 1708 stetisset
1593 1671 1693 1708 ante
1727 1666 1899 1718 ostium,

1069 1724 1180 1766 dixit
1205 1722 1262 1765 ad
1288 1736 1399 1765 eam:
1427 1723 1478 1763 In
1502 1724 1704 1776 tempore
1723 1723 1828 1773 isto,
1856 1728 1900 1765 et
1953 1774 1956 1778 ¹
1995 1720 1999 1724 ’

1068 1781 1113 1822 in
1137 1780 1220 1822 hac
1245 1780 1401 1822 eadem
1425 1779 1552 1830 hora,
1581 1780 1618 1821 si
1636 1779 1727 1822 vita
1749 1792 1899 1822 comes

1070 1838 1215 1887 fuerit,
1243 1836 1428 1879 habebis
1446 1837 1490 1877 in
1509 1840 1635 1878 utero
1655 1836 1802 1878 filium.
1839 1837 1900 1879 At

1067 1896 1142 1938 illa
1160 1894 1404 1948 respendit:
1426 1893 1531 1935 Noli
1550 1906 1702 1946 quaeso
1723 1893 1899 1936 domine

1070 1954 1144 2003 mi,
1175 1952 1242 1994 vir
1264 1951 1365 2000 Dei,
1399 1950 1491 1992 noli
1521 1950 1696 1992 mentiri
1728 1950 1898 1992 ancillae

1070 2015 1170 2052 tuae.
1204 2009 1261 2050 Et
1286 2008 1490 2061 concepit
1508 2007 1678 2057 mulier,
1703 2011 1747 2048 et
1765 2009 1898 2060 pepe-

1068 2067 1124 2108 rit
1151 2065 1289 2107 filium
1317 2064 1362 2105 in
1389 2066 1608 2116 tempore,
1645 2068 1690 2105 et
1716 2063 1761 2104 in
1787 2063 1899 2105 hora

1069 2122 1236 2172 eadem,
1256 2135 1343 2174 qua
1362 2121 1534 2163 dixerat
1552 2119 1735 2161 Eliseus.

1122 2182 1172 2235 R.
1198 2178 1318 2221 Audi
1337 2178 1539 2219 Demine.
1563 2177 1657 2217 180.

1250 2283 1436 2320 Feria
1472 2281 1715 2329 Quinta.

1187 2337 1254 2378 De
1277 2335 1390 2378 libro
1416 2340 1574 2387 quarto
1596 2335 1779 2384 Regum.

1123 2398 1273 2439 Lectio
1294 2398 1317 2438 i.
1534 2398 1636 2448 Cap.
1652 2398 1689 2437 6.
1705 2410 1738 2437 e.
1754 2401 1798 2437 et
1812 2395 1847 2436 7.

1088 2457 1413 2551 (iongregavit
1427 2454 1640 2498 Benadad
1664 2468 1741 2497 rex
1759 2454 1897 2508 syriae

1108 2531 1150 2559 A
1175 2515 1425 2556 universum
1444 2513 1684 2554 exercitum
1702 2525 1839 2562 suum,
1855 2516 1898 2554 et

1094 2555 1135 2563 »a

1070 2571 1282 2620 ascendit,
1315 2575 1359 2612 et
1387 2569 1621 2612 obsidebat
1646 2568 1897 2609 Samariam.

1070 2628 1292 2679 Factaque
1318 2632 1385 2669 est
1409 2627 1546 2668 fames
1571 2638 1730 2676 magna
1753 2625 1798 2665 in
1824 2625 1896 2666 Sa-

1068 2687 1221 2725 maria:
1250 2689 1294 2726 et
1313 2683 1482 2726 tamdiu
1506 2682 1688 2724 obsessa
1708 2686 1793 2730 est,
1822 2680 1896 2722 do-

1069 2753 1149 2782 nec
1160 2740 1498 2782 venumdaretur
1511 2743 1644 2792 caput
1655 2737 1766 2779 asini
1776 2742 1895 2779 octo-
