2040 2976
161 185 231 220 338

162 283 299 331 mare,
332 294 432 322 cum
458 281 558 334 ipsa
582 281 761 323 Domini
789 283 926 325 verba
953 284 997 324 in

162 337 355 379 medium
372 337 504 379 liceat
524 338 694 389 afferre,
722 339 864 391 iisque
887 340 996 392 ipsis

162 393 413 444 religiosam
432 407 484 436 ac
498 395 643 437 Deum
660 396 888 437 timentem
908 397 995 437 ani-

161 463 277 490 mam
297 453 594 501 commovere,
622 451 780 504 quibus
803 452 875 493 ille
899 465 995 504 per-

161 508 314 558 spicue
338 512 382 548 et
406 507 500 548 81110
524 508 827 550 001111ον01813
850 514 995 561 prote-

161 564 319 612 statur,
348 562 514 604 dicens:
548 564 620 606 Sic
645 564 777 616 igitur
803 565 995 617 quicum-

162 631 248 669 que
290 631 344 660 ex
381 620 509 662 vobis
552 633 640 662 non
681 621 996 663 renuntiaverit

162 675 366 717 omnibus
385 689 485 728 quae
504 677 718 730 possidet,
736 691 826 719 non
845 682 996 730 potest

160 744 285 772 meus
319 745 418 774 esse
446 733 700 786 discipulus.
754 734 811 775 Et
839 733 925 775 alio
951 734 995 774 in

160 787 278 838 1000,
321 801 420 830 011111
451 790 575 842 prius
610 789 810 831 dixisset:
852 790 897 831 Si
929 790 995 830 vis

160 844 382 896 perfectus
416 857 530 896 esse,
562 845 677 888 vade
710 852 753 888 01
780 845 922 888 vende
951 848 995 888 o-

161 901 279 942 mnia
297 915 395 954 quae
411 902 560 953 habes,
580 908 624 945 et
639 903 696 944 da
711 902 996 956 pauperibus:

161 960 320 1010 postea
331 958 568 1011 subjunxit:
578 960 704 1009 Veni,
717 962 903 1012 sequere
914 972 995 1001 me.

211 1031 261 1082 Re.
283 1028 334 1068 In
352 1028 499 1070 medio
519 1029 731 1070 Ecclesiae
752 1029 925 1082 aperuit
944 1042 995 1071 os

161 1085 268 1136 ejus,
288 1087 310 1111 *
335 1085 394 1126 Et
421 1085 621 1138 implevit
650 1099 749 1127 eum
775 1086 994 1128 Dominus

160 1141 318 1193 spiritu
367 1142 597 1194 sapientiae
649 1147 694 1184 et
735 1142 995 1184 intellectus.

159 1196 209 1245 V.
234 1197 563 1241 Jucunditatem
588 1203 632 1241 et
656 1198 995 1241 exsultationem

159 1253 475 1296 thesaurizavit
496 1267 629 1307 super
649 1267 760 1297 eum.
787 1256 855 1297 Et.
891 1255 992 1296 Glo-

161 1310 223 1351 ria
243 1311 374 1352 Patri.
402 1311 470 1354 Et.

464 1396 615 1437 Lectio
637 1397 691 1437 ix.

240 1479 281 1517 st
307 1476 438 1526 igitur
466 1476 749 1527 renuntiatio,
785 1477 993 1528 quemad-

253 1531 435 1573 modum
456 1532 695 1583 docuimus,
715 1534 994 1576 vinculorum
1060 1527 1089 1561 ²²³

157 1591 346 1630 terrenae
374 1589 499 1641 hujus
529 1603 580 1631 ac
604 1590 863 1643 temporalis
890 1591 994 1634 vitae

157 1645 331 1695 solutio,
354 1651 486 1697 atque
507 1646 563 1688 ab
583 1646 785 1688 humanis
804 1648 994 1699 negotiis

157 1701 379 1752 liberatio,
407 1715 488 1755 per
517 1716 648 1755 quam
677 1703 734 1745 ad
757 1704 994 1750 ineundam

153 1758 293 1807 .viam,
335 1772 422 1812 qua
455 1759 512 1802 ad
544 1761 689 1802 Deum
721 1764 993 1814 pervenitur,

160 1815 355 1868 aptiores
381 1821 424 1858 et
444 1817 746 1870 promptiores
766 1817 994 1860 efficimur:

159 1876 203 1913 et
223 1872 430 1924 expedita
450 1874 561 1915 ratio
581 1874 638 1916 ad
657 1875 994 1928 acquisitionem

158 1931 374 1981 usumque
394 1942 551 1979 rerum,
572 1944 672 1983 quae
692 1945 825 1984 super
840 1945 994 1974 aurum

160 1990 203 2026 et
221 1984 414 2037 lapidem
434 1987 679 2038 pretiosum
698 1988 884 2030 multum
903 1989 994 2030 lon—

158 2053 213 2091 ge
230 2046 334 2099 'sunt
353 2043 656 2094 pretiosiores:
683 2050 727 2086 et
750 2045 794 2085 in
813 2058 993 2095 summa,

160 2097 307 2140 cordis
336 2098 516 2140 humani
549 2100 607 2142 ad
635 2101 864 2143 coelestem
893 2114 993 2143 con-

159 2155 453 2196 versationem
484 2157 733 2208 translatio,
766 2158 828 2199 ita
855 2163 903 2204 ut
932 2158 992 2201 di-

160 2223 260 2253 cere
283 2211 427 2254 liceat:
455 2213 621 2255 Nostra
645 2215 924 2257 conversatio
948 2216 993 2256 in

160 2268 284 2310 coelis
305 2274 386 2310 est:
418 2275 461 2311 et
485 2270 622 2322 (quod
645 2272 886 2314 maximum
911 2275 992 2324 est)

158 2324 329 2367 initium
352 2325 469 2367 unde
489 2326 546 2368 ad
566 2327 729 2369 Christi
748 2329 992 2372 similitudi-

158 2394 260 2422 nem
281 2382 526 2432 0113111111118,
557 2384 631 2436 qui
656 2396 755 2425 cum
780 2385 903 2427 dives
928 2399 992 2428 es-

160 2443 244 2489 801,
283 2444 468 2491 propter
505 2452 586 2480 nos
622 2453 792 2493 pauper
830 2447 898 2484 est
934 2443 992 2483 fa-

159 2500 265 2537 ctus.

211 2565 274 2606 Te
296 2565 441 2606 Deum
459 2564 701 2606 laudamus.
720 2567 778 2607 13.

210 2639 254 2672 In
277 2638 323 2673 11.
348 2638 463 2681 Vesp.
490 2648 686 2694 commem.
712 2649 818 2682 sequ.

391 190 460 223 Dic
480 190 528 223 15.
546 189 663 223 Junii.
690 191 746 223 ὃς.
764 190 855 227 Viti,
875 190 1040 224 Modesti
1059 197 1173 233 atquc
1192 191 1427 225 Crescentiae
1448 192 1669 235 Martyrum.

1314 284 1399 326 Die
1417 285 1477 326 15.
1496 286 1522 327 J
1523 286 1623 327 unii.

1050 344 1119 384 Ss.
1136 343 1253 393 Viti,
1272 344 1488 386 Modesti
1508 352 1640 398 atque
1655 346 1883 388 Crescen-

1287 400 1374 443 tiae
1394 402 1647 455 Martyrum.

1104 451 1173 491 Ad
1189 451 1323 504 Vesp.
1348 454 1447 494 Ant.
1470 455 1663 496 Istorum
1681 460 1749 497 est
1769 457 1884 497 enim

1050 521 1233 559 regnum
1254 509 1485 560 coelorum,
1510 511 1586 562 qui
1606 514 1882 565 contempse-

1049 571 1150 607 runt
1169 566 1306 607 vitam
1323 566 1492 617 mundi,
1520 572 1564 609 01
1589 570 1884 620 pervenerunt

1050 621 1106 663 ad
1130 623 1315 675 praemia
1337 624 1477 675 regni,
1507 629 1550 666 et
1572 624 1773 667 laverunt
1796 630 1883 667 sto-

1049 678 1114 719 las
1134 692 1235 720 suas
1255 679 1298 719 in
1319 681 1530 731 sanguine
1550 681 1675 732 Agni.

1102 730 1152 782 V.
1180 735 1414 776 Laetamini
1439 736 1482 776 in
1501 737 1713 787 Domino,
1741 742 1786 779 et
1811 750 1882 778 ex-

1051 790 1211 832 sultate
1240 792 1351 842 justi.
1400 794 1450 844 K.
1479 793 1535 835 Et
1562 793 1810 844 gloriamini
1838 806 1882 835 0-

1049 859 1172 888 1111108
1192 849 1301 889 10011
1318 848 1465 890 corde.

1384 906 1548 948 Oratio.

1136 973 1162 1000 a
1176 960 1388 1002 Ecclesiae
1404 966 1504 1011 tuae,
1527 963 1779 1014 quaesumus
1794 961 1882 1003 Do-

1149 1017 1283 1067 mine,
1311 1018 1473 1059 sanctis
1500 1017 1768 1070 Martyribus
1796 1018 1883 1060 tuis

1049 1072 1171 1122 vito,
1208 1073 1431 1124 Modesto,
1467 1080 1600 1126 atque
1630 1074 1884 1116 Crescentia

1047 1128 1439 1181 intercedentibus,
1471 1131 1662 1183 superbe
1695 1144 1783 1172 non
1818 1133 1882 1172 sa·

1047 1198 1170 1237 pere,
1212 1185 1293 1228 sed
1331 1186 1411 1228 tibi
1443 1187 1608 1240 placita
1639 1187 1883 1229 humilitate

1048 1241 1282 1294 proficere:
1297 1248 1345 1286 ut
1355 1256 1493 1296 prava
1503 1243 1763 1296 despiciens,
1776 1255 1885 1295 quae-

1051 1300 1240 1350 cumque
1259 1304 1380 1341 recta
1395 1305 1508 1350 sunt,
1527 1299 1666 1341 libera
1682 1301 1886 1341 exerceat

1053 1355 1244 1397 caritate.
1270 1356 1355 1398 Per
1372 1356 1622 1398 Dominum.

1359 1411 1512 1451 Lectio
1532 1411 1571 1451 ii.

1058 1473 1253 1529 Α-ςςζῇμγ11118
1274 1468 1515 1511 admodum
1531 1482 1641 1522 puer
1655 1469 1793 1511 inscio
1809 1482 1883 1522 pa-

1064 1523 1087 1556 i*
1100 1498 1151 1566 sp?
1182 1530 1249 1566 tre
1268 1525 1521 1578 baptizatus
1542 1531 1622 1567 est:
1644 1525 1765 1578 quod
1784 1538 1885 1567 cum

1047 1581 1120 1622 1110
1150 1582 1418 1633 rescivisset,
1450 1582 1557 1623 nihil
1585 1582 1884 1635 praetermisit,

1049 1650 1137 1691 quo
1170 1638 1309 1679 filium
1344 1651 1369 1679 a
1402 1638 1639 1680 christiana
1670 1638 1884 1689 religione

1046 1696 1308 1736 removeret.
1347 1695 1444 1745 Qua
1467 1695 1511 1735 in
1536 1694 1764 1737 voluntate
1788 1707 1884 1747 per—

1046 1753 1316 1800 manentem,
1354 1751 1594 1793 Valeriimo
1628 1751 1762 1804 jodici
1789 1763 1883 1792 ver-

1046 1807 1226 1850 beribus
1246 1808 1551 1859 castigandum
1569 1807 1763 1850 tradidit.
1795 1807 1883 1849 Sed

1045 1864 1328 1906 nihilominus
1343 1865 1387 1905 in
1400 1865 1618 1906 sententia
1627 1866 1882 1917 persistens,

1046 1922 1162 1974 patri
1190 1920 1389 1963 redditus
1419 1926 1497 1962 est.
1533 1920 1622 1962 Sed
1651 1920 1757 1962 dum
1782 1932 1882 1961 eum

1046 1982 1174 2031 pater
1192 1978 1368 2029 gravius
1382 1979 1540 2031 punire
1555 1977 1732 2028 cogitat,
1750 1976 1889 2018 Vitus'

1047 2034 1206 2085 Angeli
1220 2035 1401 2084 monitu,
1421 2032 1655 2076 comitibus
1674 2032 1880 2075 Modesto

1048 2096 1091 2132 01
1123 2090 1391 2141 Crescentia,
1431 2091 1522 2143 ejus
1555 2089 1881 2139 educatoribus,

1046 2147 1206 2198 migrat
1246 2148 1290 2188 in
1327 2147 1492 2188 alienas
1528 2152 1686 2188 terras:
1730 2145 1881 2198 ibique

1046 2216 1144 2246 eam
1158 2203 1404 2245 sanctitatis
1414 2202 1591 2245 laudem
1601 2202 1790 2256 adeptus
1801 2207 1880 2253 081,

1044 2265 1093 2303 111
1113 2261 1204 2312 ejus
1224 2260 1339 2301 fama
1361 2259 1419 2301 ad
1437 2259 1764 2301 Diocletianum
1781 2271 1879 2312 per-

1045 2317 1150 2366 lata,
1183 2317 1330 2369 ipsum
1353 2316 1595 2369 imperator
1621 2317 1879 2365 accerseret,

1045 2378 1093 2414 ut
1112 2373 1250 2414 filium
1269 2386 1396 2414 suum
1413 2385 1438 2414 3
1453 2372 1657 2414 daemone
1671 2374 1879 2413 vexatum

1045 2429 1266 2472 liberaret:
1287 2441 1374 2481 quo
1394 2429 1592 2478 liberato,
1613 2441 1714 2470 cum
1733 2428 1773 2470 ei
1791 2440 1878 2469 am—

1044 2486 1254 2539 plissimis
1285 2486 1480 2538 praemiis
1511 2486 1709 2536 ingratus
1741 2484 1876 2537 impe-

1044 2544 1183 2593 rator,
1206 2547 1255 2584 ut
1274 2541 1384 2584 deos
1403 2542 1584 2591 coleret,
1607 2539 1877 2594 persuadere

1044 2611 1132 2640 non
1160 2601 1394 2652 potuisset,
1429 2611 1515 2640 una
1542 2611 1643 2640 cum
1669 2595 1876 2639 Modesto

1045 2660 1089 2696 et
1110 2655 1362 2697 Crescentia
1380 2654 1566 2696 vinculis
1589 2655 1877 2696 constrictum

1043 2711 1178 2753 mittit
1195 2712 1240 2753 in
1259 2713 1494 2755 carcerem.
