2040 2976
178 215 274 259 [282]

229 312 318 352 Fac
344 323 518 352 mecum
551 310 722 360 signum
755 309 799 349 in
831 309 1006 358 bonum,

178 373 227 408 ut
246 366 425 408 videant
445 367 519 418 qui
538 365 726 407 oderunt
744 378 825 414 me,
845 369 889 406 et
908 377 1007 406 con-

178 423 432 464 fundantur:
458 423 481 448 *
512 422 719 474 quoniam
745 427 794 463 tu
820 421 1008 462 Domine

179 479 382 531 adjuvisti
402 491 483 528 me,
503 483 547 519 et
567 477 820 519 consolatus
844 490 892 518 es
910 489 991 517 me.

237 539 331 578 Ant.
360 538 515 579 Suavis
540 542 584 579 et
601 537 719 578 mitis
745 549 791 578 es
810 536 1009 584 Domine,

180 601 223 637 et
241 595 390 636 multae
406 592 720 635 misericordiae
736 592 937 634 omnibus
951 592 1010 632 in-

179 650 438 693 vocantibus
457 655 513 691 te.

234 706 283 755 Y.
309 709 614 752 Misericordia
649 709 827 749 Domini
864 708 919 749 ab
956 720 1011 748 36-

179 770 316 809 terno.
348 768 397 818 Rg.
424 767 481 808 Et
525 778 666 817 usque
710 765 754 805 in
799 766 1011 806 aeternum

181 836 313 876 super
331 823 535 865 timentes
555 835 665 863 eum.

184 896 336 937 Lectio
357 895 497 936 sancti
518 893 745 944 Evangelii
770 891 1011 933 secundum

485 951 509 991 J
512 953 710 991 oannem.

278 1008 430 1047 Lcctio
452 1008 519 1046 vii.
681 1007 785 1057 Cap.
802 1007 859 1045 15.
875 1005 914 1045 b.

181 1063 257 1169 In
275 1068 351 1108 illo
366 1069 582 1119 tempore:
606 1065 729 1107 Dixit
743 1065 767 1105 J
769 1077 870 1106 esus
886 1063 1012 1104 disci-

255 1123 369 1176 pulis
390 1123 494 1163 suis:
531 1122 652 1163 Sicut
672 1120 824 1162 dilexit
844 1132 914 1160 me
933 1120 1012 1160 Pa-

180 1185 258 1228 ter,
291 1184 335 1221 et
367 1191 450 1229 ego
480 1177 613 1219 dilexi
639 1190 732 1219 vos.
768 1176 943 1217 Manete
970 1176 1013 1216 in

183 1235 416 1277 dilectione
435 1247 543 1275 mea.
571 1235 629 1276 Et
648 1233 826 1285 reliqua.

300 1308 487 1349 llomilia
514 1307 654 1348 sancti
682 1305 898 1347 Bernardi

496 1363 698 1405 Abbatis.

316 1430 432 1462 Scrm.
452 1428 500 1460 13.
523 1427 559 1459 in
577 1427 698 1461 Coena
715 1426 882 1459 Domini.

218 1489 338 1538 agite
383 1484 620 1525 dilectione
656 1484 740 1524 Dei
783 1495 871 1534 quo
915 1482 1014 1534 plus

190 1547 197 1585 ¹
220 1529 308 1615 »γ’
338 1540 455 1590 bibo,
483 1540 583 1592 plus
613 1540 725 1589 sitio,
754 1545 798 1581 et
822 1551 874 1580 ea
900 1544 1013 1580 satu-

194 1600 309 1621 j—ss'
340 1597 428 1637 rari
459 1608 547 1637 non
578 1609 779 1648 possum:
810 1608 891 1636 nec
921 1607 1015 1646 ego,

184 1664 266 1692 nec
286 1652 442 1703 aliquis
458 1651 643 1702 diligens
660 1651 892 1692 Christum.
910 1651 1016 1703 Ipsa

186 1720 273 1759 quo
293 1707 392 1759 plus
413 1706 566 1756 editur,
589 1707 689 1759 plus
708 1707 869 1748 famem
888 1709 1015 1748 exau-

184 1770 273 1813 get:
305 1768 349 1804 et
379 1768 545 1815 quanto
579 1762 679 1815 plus
710 1763 809 1814 ipsa
840 1762 1016 1811 bibitur,

184 1819 283 1870 plus
304 1819 419 1860 sitim
438 1819 615 1860 inacuit:
638 1819 781 1871 ipsam
802 1831 934 1870 quam
955 1818 1015 1858 in-

184 1874 354 1916 habitat
372 1881 575 1924 mentem,
595 1875 658 1916 sic
672 1875 869 1924 inebriat,
887 1879 936 1916 ut
955 1875 1015 1915 ni-

183 1930 246 1972 hil
264 1932 348 1982 jam
369 1937 548 1982 quaerat,
575 1931 645 1972 vel
670 1931 834 1982 diligat,
854 1943 936 1972 nec
955 1930 1016 1972 di-

185 1987 321 2037 ligere
351 1987 511 2039 possit,
542 2000 624 2028 nec
659 1987 820 2036 valeat,
853 1991 1016 2039 praeter

187 2055 301 2091 eum,
335 2043 409 2094 qui
441 2043 504 2084 sic
531 2043 742 2084 mundum
771 2043 941 2093 dilexit,
969 2048 1018 2083 ut

186 2098 344 2138 Filium
368 2112 494 2139 suum
513 2099 783 2149 unigenitum
803 2099 945 2148 daret3
968 2103 1018 2139 ut

188 2154 328 2194 omnis
359 2155 432 2205 qui
460 2155 615 2205 eredit,
644 2160 688 2196 et
716 2154 858 2205 diligit
885 2154 1017 2205 illum,

187 2222 276 2251 non
303 2210 531 2260 moriatur,
565 2210 645 2252 sed
676 2212 796 2253 vivat
824 2224 923 2252 cum
952 2223 1017 2252 eo.

188 2265 261 2307 Ad
291 2265 403 2307 hanc
435 2279 516 2307 nos
550 2267 832 2309 dilectionem
864 2272 1018 2308 auctor

187 2322 283 2374 ipse
300 2321 617 2363 inaestimabilis
637 2324 831 2365 caritatis
849 2323 1018 2364 invitat:

188 2378 232 2418 in
257 2390 308 2419 ea
333 2390 416 2418 nos
441 2380 614 2419 manere
641 2382 857 2430 precatur,
883 2384 926 2420 et
951 2392 1017 2420 ro-

187 2439 271 2484 gat.
300 2433 375 2474 Ait
391 2433 518 2474 enim:
537 2434 709 2476 Manete
724 2436 767 2475 in
783 2435 1018 2476 dilectione

187 2502 300 2539 mea3
326 2502 377 2531 ac
403 2489 439 2530 si
465 2491 616 2541 aperte
640 2489 770 2531 dicat:
804 2491 915 2541 Quia
935 2503 1017 2541 ego

189 2558 241 2587 ea
260 2545 507 2595 dilectione,
521 2558 607 2597 qua
626 2559 696 2587 me
715 2547 848 2587 Pater
867 2546 1018 2597 diligit,

188 2614 269 2642 vos
301 2601 455 2651 diligo,
488 2601 644 2643 eadem
677 2601 910 2643 dilectione
948 2615 1018 2643 me

188 2670 269 2698 vos
289 2657 470 2709 diligere
494 2670 615 2709 rogo.
646 2658 703 2698 Et
726 2658 933 2709 quoniam
958 2658 1018 2699 di-

188 2713 319 2755 lectio
339 2719 487 2755 vestra
504 2726 574 2755 me
597 2726 737 2766 usque
757 2713 814 2754 ad
831 2719 1019 2756 mortem

856 216 912 249 SS.
939 215 1079 249 Cordis
1103 214 1207 247 Jcsu

1059 307 1277 360 perduxit,
1297 305 1378 348 sed
1391 318 1536 358 neque
1549 317 1670 346 mors
1685 304 1892 346 crudelis-

1061 364 1170 405 sima
1192 363 1290 415 ipsa
1313 375 1338 403 a
1361 366 1509 403 vestra
1535 361 1719 403 caritate
1737 372 1808 401 me
1828 372 1892 402 se·

1061 419 1208 472 junxit,
1228 431 1298 460 me
1326 417 1503 469 diligite,
1529 422 1572 459 et
1596 417 1641 457 in
1663 429 1762 458 mea
1789 414 1892 457 dile-

1062 476 1208 517 ctione
1226 476 1410 516 manete.

1118 533 1169 584 R.
1192 531 1313 572 Sicut
1332 530 1486 571 dilexit
1504 541 1575 570 me
1588 528 1731 578 Pater,
1749 532 1793 570 et
1810 540 1893 578 ego

1063 587 1196 629 dilexi
1222 599 1318 627 vos:
1342 588 1365 612 *
1391 586 1565 627 Manete
1589 585 1634 626 in
1660 583 1894 626 dilectione

1062 656 1170 685 mea.
1202 639 1251 690 V.
1271 643 1315 683 Si
1333 643 1559 694 praecepta
1577 653 1676 682 mea
1695 642 1894 682 servave-

1063 700 1169 749 ritis,
1196 698 1429 739 manebitis
1454 698 1498 738 in
1527 697 1761 738 dilectione
1785 708 1895 745 mea,

1064 755 1177 796 sicut
1205 760 1248 796 et
1276 767 1359 804 ego
1387 754 1532 795 Patris
1557 753 1644 794 mei
1669 754 1896 805 praecepta

1056 811 1248 866 servavi,
1260 815 1304 852 et
1314 812 1472 852 maneo
1483 810 1527 850 in
1542 810 1634 861 ejus
1649 808 1897 850 dilectione.

1064 867 1252 909 Manete.

1352 919 1504 959 Lectio
1526 919 1611 958 viii.

1069 976 1194 1083 Sed
1229 978 1416 1030 qualiter
1453 978 1498 1018 in
1534 978 1624 1028 ejus
1661 975 1896 1017 dilectione

1159 1036 1335 1076 manere
1355 1033 1606 1081 debeamus,
1626 1031 1834 1083 sequitur,
1853 1035 1898 1072 et

1066 1091 1185 1134 dicit:
1218 1091 1263 1132 Si
1285 1091 1514 1142 praecepta
1536 1101 1634 1129 mea
1659 1086 1896 1129 servaveri-

1064 1148 1142 1196 tis,
1177 1146 1410 1188 manebitis
1445 1146 1490 1186 in
1521 1157 1619 1186 mea
1652 1143 1897 1192 dilectione,

1066 1204 1179 1244 sicut
1208 1208 1252 1244 et
1277 1214 1360 1253 ego
1387 1202 1533 1243 Patris
1556 1201 1643 1242 mei
1672 1201 1899 1252 praecepta

1066 1259 1250 1308 servavi,
1279 1262 1323 1299 et
1353 1260 1512 1299 maneo
1540 1257 1585 1297 in
1613 1257 1705 1308 ejus
1731 1255 1898 1297 dilecti·

1066 1318 1161 1357 one.
1189 1315 1301 1356 Haec
1321 1316 1468 1366 opera,
1492 1314 1651 1354 fratres
1676 1312 1773 1362 mei,
1798 1315 1899 1352 sunt

1066 1384 1199 1413 causa
1215 1370 1464 1412 dilectionis
1477 1369 1652 1410 Christi:
1670 1369 1899 1420 unusquis-

1068 1440 1152 1479 que
1180 1431 1377 1468 vestrum
1403 1425 1569 1474 videat,
1598 1425 1635 1465 si
1661 1423 1900 1465 Dominum

1066 1483 1215 1524 Jesum
1249 1482 1431 1532 diligere
1465 1481 1636 1522 debeat.
1673 1479 1790 1530 Quid
1815 1491 1899 1532 pro

1066 1538 1194 1580 nobis
1221 1538 1366 1580 facere
1395 1537 1556 1586 debuit,
1585 1541 1629 1578 et
1655 1548 1744 1577 non
1772 1533 1899 1576 fecit?

1068 1594 1302 1645 Quomodo
1331 1607 1412 1635 nos
1440 1594 1540 1646 plus
1569 1595 1715 1634 amare
1742 1591 1900 1644 potuit,

1068 1655 1112 1691 et
1135 1663 1222 1691 non
1247 1649 1432 1691 amavit?
1467 1650 1679 1702 Maiorem
1701 1648 1745 1689 in
1771 1647 1899 1689 nobis

1068 1706 1348 1748 dilectionem
1399 1718 1488 1747 non
1535 1705 1682 1758 potuit
1725 1703 1900 1752 habere,

1069 1775 1200 1814 quam
1227 1762 1396 1811 habuit,
1428 1762 1529 1813 quia
1557 1761 1746 1802 animam
1777 1772 1900 1800 suam

1067 1818 1110 1858 in
1142 1823 1286 1859 morte
1316 1830 1398 1869 pro
1430 1817 1558 1858 nobis
1588 1816 1748 1869 posuit.
1795 1815 1901 1868 Ipsa

1066 1874 1198 1915 beata
1216 1873 1394 1915 Veritas
1418 1873 1544 1914 testis
1569 1877 1646 1922 est,
1671 1871 1794 1923 quod
1812 1884 1900 1912 ma-

1067 1931 1204 1982 jorem
1219 1930 1447 1971 caritatem
1460 1941 1591 1970 nemo
1605 1928 1751 1978 habet,
1769 1939 1900 1980 quam

1068 1991 1116 2028 ut
1149 1986 1337 2026 animam
1368 1998 1492 2026 suam
1523 1989 1661 2037 ponat
1688 1984 1786 2036 quis
1816 1995 1899 2035 pro

1069 2042 1221 2083 amicis
1249 2042 1349 2082 suis.
1384 2041 1488 2082 Non
1516 2053 1622 2091 ergo
1649 2039 1778 2081 nobis
1797 2038 1899 2080 vile-

1069 2103 1173 2147 scat,
1188 2098 1346 2139 fratres
1360 2100 1458 2147 mei,
1471 2097 1569 2150 ipsa
1585 2095 1763 2138 dilectio
1780 2094 1899 2136 Chri-

1069 2154 1134 2203 sti,
1163 2154 1237 2206 qui
1267 2153 1420 2194 dilexit
1443 2165 1535 2203 nos,
1565 2157 1608 2194 et
1635 2152 1743 2193 lavit
1765 2164 1847 2192 nos
1875 2163 1901 2192 a

1069 2210 1265 2263 peccatis
1299 2209 1464 2251 nostris
1491 2210 1535 2250 in
1563 2208 1774 2259 sanguine
1802 2219 1900 2248 suo:

1068 2279 1156 2307 non
1170 2265 1298 2307 vobis
1314 2265 1506 2314 vilescat,
1522 2265 1678 2306 fratres
1696 2264 1793 2313 mei,
1811 2275 1901 2304 non

1069 2323 1197 2364 vobis
1217 2323 1460 2363 amarescat
1478 2322 1574 2373 ipse
1589 2333 1712 2361 amor
1728 2319 1900 2369 Christi,

1068 2379 1166 2431 ipsa
1186 2378 1346 2419 caritas
1366 2377 1539 2418 Christi.

1126 2436 1175 2485 R.
1200 2433 1399 2474 Christus
1434 2445 1517 2485 pro
1550 2432 1678 2473 nobis
1711 2431 1901 2472 animam

1069 2503 1194 2530 suam
1235 2489 1402 2541 posuit,
1443 2489 1465 2512 *
1505 2488 1562 2529 Et
1602 2488 1709 2529 lavit
1749 2499 1831 2528 nos
1874 2499 1900 2527 a

1069 2546 1264 2598 peccatis
1298 2545 1461 2586 nostris
1489 2545 1533 2585 in
1564 2543 1774 2594 sanguine
1807 2555 1900 2594 suo.

1075 2598 1123 2648 Y.
1138 2602 1349 2652 Majorem
1364 2601 1593 2642 caritatem
1607 2612 1736 2641 nemo
1757 2598 1899 2648 habet,

1069 2663 1116 2698 ut
1145 2657 1332 2698 animam
1361 2669 1484 2698 suam
1512 2661 1650 2708 ponat
1685 2655 1782 2707 quis
1816 2667 1898 2707 pro

1070 2713 1221 2754 amicis
1240 2713 1342 2754 suis.
1368 2713 1437 2754 Et.
1468 2711 1617 2753 Gloria
1634 2711 1766 2753 Patri.
1792 2710 1860 2751 Et.
