2040 2976
570 214 640 247 Dic
665 214 715 247 23.
741 214 857 248 Junii.
909 215 1049 257 Vigilia
1076 216 1109 248 S.
1135 214 1299 248 „Ioannis
1326 215 1524 258 Baptistae.

517 312 680 352 Oratio.

187 366 313 470 Da,
330 373 583 423 quaesumus
595 373 874 424 omnipotens
886 372 1021 413 Deus:

283 433 331 469 ut
346 427 463 469 beati
479 428 648 469 Paulini
665 428 942 470 Confesseris
957 429 1020 470 tui

190 491 322 538 atque
357 485 583 527 Pontificis
618 484 869 527 veneranda
910 486 1020 527 sole—

188 542 364 591 mnitaS‚
397 546 441 583 et
473 541 756 584 devotionem
788 542 915 584 nobis
948 545 1020 583 au-

187 604 306 650 geat,
325 603 370 640 et
389 598 589 640 salutem.
616 599 701 640 Per
719 599 968 640 Deminum.

495 673 646 714 Lectio
667 673 705 713 ii.

196 750 251 832 is>
272 738 442 780 aulinus
459 738 588 780 Nolae
609 740 858 792 episcopus,
880 738 1021 781 erudi-

212 795 259 832 l-‚v'
289 801 360 838 tus
375 795 533 838 studiis
548 795 842 844 humanitatis,
862 794 1020 837 doctus

188 852 320 894 etiam
353 852 510 894 divinis
548 852 722 901 litteris,
766 851 904 893 multa
936 851 1020 894 ele-

187 910 342 959 ganter
368 914 412 951 et
436 911 589 950 ornate
614 908 791 960 scripsit
810 908 1021 958 versibus,

188 970 232 1007 et
256 965 402 1007 soluta
428 965 637 1007 oratiene.
675 965 816 1017 Hujus
841 965 923 1006 viri
952 967 1021 1007 ca-

187 1022 294 1064 ritas
326 1025 551 1075 praecipue
591 1021 856 1071 celebratur,
901 1021 1021 1074 quod

187 1081 359 1121 vastata
373 1092 398 1120 a
410 1078 569 1120 Gothis
580 1078 830 1131 Campania,
846 1091 1021 1120 omnem

186 1135 451 1185 facultatem,
478 1148 532 1177 ne
551 1135 716 1177 relictis
738 1135 917 1187 quidem
938 1135 1022 1177 sibi

186 1192 318 1234 rebus
365 1192 422 1234 ad
468 1192 603 1233 vitam
647 1192 926 1242 necessariis,
977 1193 1021 1233 in

187 1249 369 1291 alendos
395 1252 616 1302 pauperes
639 1254 683 1291 et
698 1251 904 1301 captivos
924 1248 1019 1292 red-

186 1306 388 1348 imendos
407 1305 656 1348 contulerit.
688 1306 785 1356 Quo
806 1307 1020 1358 tempore,

186 1368 234 1405 ut
262 1362 415 1404 scribit
444 1367 621 1404 sanctus
647 1363 936 1414 Augustinus,
968 1375 1021 1404 ex

187 1419 522 1472 opulentissimo
538 1419 673 1461 divite
684 1420 913 1461 voluntate
923 1433 1022 1472 pau-

186 1476 419 1529 perrimus,
440 1481 484 1518 et
504 1475 810 1528 copiosissime
831 1481 1020 1526 sanctus,

187 1538 342 1586 captus
368 1546 394 1574 a
419 1532 636 1582 barbaris,
665 1533 728 1574 sie
751 1533 896 1574 Deum
921 1546 1017 1586 pre-

187 1589 386 1631 cabatur:
437 1589 643 1639 Domine,
691 1602 745 1631 ne
791 1590 1019 1631 excrucier

186 1651 371 1700 propter
404 1660 558 1688 aurum
591 1652 635 1688 et
667 1648 912 1698 argentum:
945 1646 1020 1688 ubi

187 1703 303 1745 enim
323 1703 408 1745 sint
429 1704 573 1745 emnia
592 1716 701 1752 mea,
721 1708 769 1745 tu
784 1703 881 1744 scis.
902 1704 1021 1745 Pest-

188 1773 239 1802 ea
267 1773 373 1802 vero
402 1759 633 1802 Wandalis
669 1760 849 1802 easdem
878 1761 1019 1812 regie-

187 1830 264 1858 nes
276 1816 595 1867 infestantibus,
611 1829 710 1858 cum
726 1816 780 1858 ab
798 1829 851 1858 eo
864 1818 1018 1869 pesce-

187 1879 254 1915 ret
273 1873 420 1923 vidua,
444 1879 492 1915 ut
511 1873 649 1914 filium
674 1873 756 1915 sibi
774 1872 1019 1923 redimeret,

187 1931 462 1983 consumptis
485 1930 618 1972 rebus
643 1929 845 1972 Omnibus
864 1930 908 1971 in
927 1929 1019 1972 offi-

188 1987 256 2028 cio
289 1987 482 2039 pietatiS,
524 1989 719 2039 seipsum
751 2000 834 2040 pro
867 1987 943 2028 illo
977 1987 1020 2028 in

187 2044 444 2085 servitutem
462 2043 656 2086 tradidit.

488 2112 638 2153 Lectio
660 2113 713 2153 iii.

235 2183 351 2234 gitur
377 2183 420 2224 in
446 2183 642 2225 Africam
666 2183 909 2237 profectus,
945 2183 1019 2225 de-

253 2240 358 2280 mini
386 2240 470 2290 sui,
506 2240 580 2292 qui
608 2240 725 2292 regis
755 2244 848 2281 erat
876 2252 1020 2290 gener,

188 2295 365 2337 hortum
381 2296 616 2338 colendum
630 2296 835 2349 suscepit.
855 2296 1021 2337 Verum

190 2366 289 2394 cum
320 2352 569 2406 prophetiae
607 2351 725 2394 dono
758 2353 875 2404 regis
907 2365 1020 2394 mor-

189 2414 279 2452 tem
308 2409 393 2463 ipsi
427 2409 606 2451 demino
639 2408 936 2462 praedixisset,
979 2414 1021 2450 et

191 2480 269 2510 rex
292 2467 337 2508 in
362 2466 526 2508 somnis
545 2466 774 2507 Paulinum
794 2466 1022 2508 sedentem

190 2523 382 2566 medium
412 2524 525 2565 inter
557 2522 669 2565 duos
701 2523 885 2574 judices,
923 2522 1021 2565 sibi-

192 2593 278 2633 que
298 2579 353 2622 de
372 2579 575 2621 manibus
597 2579 855 2631 eripientem
875 2579 1020 2630 flagel-

191 2637 282 2678 lum
312 2635 510 2678 vidisset:
543 2641 690 2678 tantus
723 2636 789 2677 vir
820 2636 1021 2686 cegnitus

191 2692 631 2735 honorificentissime
687 2691 892 2734 dimissus
938 2697 1021 2742 est,

193 2749 455 2792 condonatis
489 2749 529 2790 ei
564 2748 766 2790 omnibus
799 2749 888 2790 suis
921 2748 1021 2790 civi-

1074 309 1175 359 bus,
1208 309 1282 362 qui
1314 310 1479 362 captivi
1509 310 1693 353 fuerant.
1746 311 1907 353 Nolam

1077 368 1280 407 reversus
1318 366 1375 408 ad
1408 366 1664 420 episcopale
1697 367 1905 418 officium,

1076 435 1174 463 cum
1203 422 1342 464 verbo
1371 427 1415 464 et
1441 423 1645 476 exemplo
1672 437 1825 466 omnes
1850 423 1907 466 ad

1075 479 1286 531 pietatem
1305 479 1588 521 christianam
1606 480 1906 531 inflammaret,

1075 536 1262 578 laterum
1282 535 1438 578 dolere
1455 538 1685 590 correptus
1700 542 1784 588 est3
1802 550 1907 580 mox

1076 592 1325 634 cubiculum
1355 593 1399 633 in
1428 605 1516 645 quo
1545 593 1733 646 jacebat,
1759 598 1906 636 terrae-

1074 652 1198 691 metu
1233 650 1512 700 contremuit,
1553 663 1606 692 ac
1636 650 1770 704 paulo
1804 656 1907 703 post

1075 706 1263 748 animam
1281 707 1380 749 Deo
1399 706 1604 749 reddidit.

1127 770 1191 811 Te
1210 768 1353 810 Deum
1374 768 1616 810 laudamus.
1635 770 1694 811 13.

1129 835 1196 876 Ad
1222 835 1358 877 Laud.
1397 836 1495 875 Ant.
1531 835 1654 886 Euge
1681 847 1806 876 serve
1829 835 1904 876 bo-

1074 904 1128 932 ne
1155 896 1199 933 et
1225 891 1385 940 fideliS,
1420 891 1523 943 quia
1552 891 1597 932 in
1622 903 1764 944 pauca
1788 891 1907 933 fuisti

1074 947 1232 997 fidelis,
1257 960 1392 1001 supra
1411 947 1549 989 multa
1568 953 1612 990 te
1632 950 1907 998 constituam,

1075 1004 1182 1047 dicit
1201 1005 1428 1046 Dominus.

1126 1055 1176 1108 V.
1194 1062 1219 1102 J
1221 1067 1368 1104 ustum
1389 1060 1573 1104 deduxit
1592 1062 1807 1104 Deminus
1827 1075 1907 1115 per

1074 1118 1167 1170 vias
1193 1123 1349 1160 rectas
1394 1119 1444 1170 Ην.
1476 1118 1535 1160 Et
1560 1119 1731 1161 otendit
1755 1119 1817 1160 illi
1843 1132 1906 1161 re-

1074 1187 1208 1226 gnum
1226 1175 1321 1217 Dei.

1334 1276 1417 1318 Die
1435 1276 1500 1317 23.
1519 1276 1544 1317 J
1546 1276 1646 1317 unii.

1375 1342 1422 1380 In
1443 1339 1605 1389 vigilia

1144 1401 1314 1442 Sancti
1339 1402 1369 1442 J
1372 1401 1551 1443 oannis
1575 1401 1834 1453 Baptistae.

1072 1462 1230 1505 Lectio
1255 1464 1393 1506 sancti
1413 1463 1639 1515 Evangelii
1664 1463 1905 1507 seeundum

1402 1520 1579 1562 Lucam.

1175 1581 1327 1622 Lectio
1348 1581 1371 1620 i.
1647 1580 1750 1631 Cap.
1771 1580 1800 1618 1.

1153 1643 1216 1684 uit
1235 1643 1278 1684 in
1299 1642 1455 1685 diebus
1474 1642 1678 1693 Heredis,
1698 1644 1813 1695 regis
1833 1644 1858 1684 J
1860 1657 1904 1685 u-

1166 1699 1287 1750 daeae,
1308 1698 1518 1741 sacerdos
1533 1699 1714 1752 quidam
1728 1700 1904 1742 nomine

1074 1756 1311 1798 Zacharias
1345 1756 1400 1798 de
1434 1757 1530 1798 vice
1556 1756 1685 1806 Abia3
1720 1761 1764 1799 et
1793 1769 1905 1798 uxor

1073 1812 1188 1854 illius
1211 1812 1266 1854 de
1287 1813 1462 1855 filiabus
1482 1813 1651 1864 Aaron,
1676 1818 1721 1855 et
1744 1826 1905 1855 nomen

1074 1870 1164 1922 ejus
1183 1869 1423 1912 Elisabeth.
1450 1870 1507 1912 Et
1526 1870 1707 1922 reliqua.

1182 1943 1375 1986 Homilia
1403 1944 1544 1986 sancti
1572 1943 1798 1986 Ambrosii

1380 2002 1603 2054 Episcopi.

1286 2068 1399 2102 Liber
1427 2068 1451 2102 l.
1476 2068 1514 2102 in
1539 2068 1691 2102 Lucam.

1083 2139 1112 2213 Ν-
1138 2123 1905 2234 ⁰s2521¹22⁰235ssss¹012³332231112ss231⁹

1076 2238 1239 2280 cabiles
1271 2243 1389 2287 sunt,
1421 2237 1501 2279 sed
1534 2238 1665 2280 etiam
1699 2239 1905 2290 parentes

1075 2296 1283 2348 oportere
1311 2293 1497 2336 laudari:
1529 2299 1578 2336 ut
1605 2294 1741 2336 veluti
1767 2299 1904 2336 trans-

1073 2355 1207 2394 missa
1231 2351 1523 2394 immaculatae
1546 2351 1750 2404 puritatis
1768 2350 1904 2392 haere-

1074 2409 1203 2459 ditas,
1223 2409 1267 2450 in
1284 2408 1337 2449 iis
1358 2421 1470 2461 quos
1490 2408 1694 2450 velumus
1712 2407 1902 2457 laudare,

1073 2465 1309 2518 praecellat.
1345 2466 1455 2515 Quae
1479 2465 1594 2506 enim
1617 2464 1703 2505 alia
1719 2463 1902 2505 intentio

1073 2522 1159 2564 hoc
1185 2521 1285 2564 loco
1311 2522 1452 2563 saneti
1477 2520 1787 2573 Evangelistae,
1819 2519 1903 2561 nisi

1073 2584 1121 2620 ut
1145 2584 1322 2620 sanctus
1341 2579 1365 2619 J
1368 2581 1532 2620 oannes
1557 2578 1759 2630 Baptista
1782 2575 1902 2618 nobi-

1073 2635 1221 2678 litetur
1239 2635 1506 2688 parentibus,
1524 2633 1755 2683 miraculis,
1775 2633 1902 2674 mori-

1073 2692 1171 2742 bus,
1195 2695 1393 2741 munere,
1418 2688 1645 2744 passiene?
1674 2689 1745 2731 Sic
1770 2689 1902 2730 etiam

1074 2749 1213 2790 sancti
1235 2747 1412 2790 Samuel
1437 2752 1577 2790 mater
1601 2747 1729 2788 Anna
1753 2745 1901 2788 lauda-
