2040 2976
651 194 855 228 Dominica
878 195 945 228 XI.
971 200 1060 238 post
1083 196 1347 233 Pentecosten.

452 287 604 328 Lectio
625 287 679 328 iii.

152 338 315 444 Amo
342 347 498 395 quarto
522 345 637 395 regis
657 345 876 397 Ezechiae,
904 347 979 399 qui

255 404 350 441 erat
375 412 512 440 annus
532 401 744 453 septimus
765 402 880 444 Osee
899 403 978 444 filii

147 456 230 497 Ela
256 456 373 507 regis
400 456 555 506 Israel,
589 459 787 501 ascendit
814 459 975 501 Salma-

148 525 277 554 nasar
314 525 392 554 rex
428 513 713 566 Assyriorum
750 516 795 556 in
832 516 976 558 Sama-

148 571 267 620 riam,
294 574 338 611 et
356 570 628 623 oppugnavit
647 583 754 622 eam,
781 577 824 614 et
849 573 976 625 cepit.

147 626 263 667 Nam
287 631 392 679 post
417 639 555 668 annos
580 631 687 678 tres,
715 641 828 670 anno
850 635 975 671 sexto

148 682 367 733 Ezechiae,
392 682 439 725 id
462 688 544 734 est,
577 697 694 726 nono
721 698 834 727 anno
861 686 976 728 Osee

147 739 262 790 regis
282 739 435 790 Israel,
463 745 594 793 capta
613 746 680 783 est
698 742 907 784 Samaria:
933 750 976 785 et

146 795 367 838 transtulit
404 809 482 838 rex
519 797 803 850 Assyriorum
838 800 976 841 Israel

146 852 190 893 in
218 852 444 905 Assyrios,
477 854 799 907 collocavitque
828 868 904 898 eos
932 857 976 898 in

145 909 274 958 Hala,
294 914 338 951 et
355 909 400 950 in
418 910 574 952 Habor
594 911 738 953 fluviis
759 913 912 954 Gozan
930 914 974 954 in

146 965 396 1008 civitatibus
411 966 656 1009 Medorum:
677 969 779 1020 quia
796 982 883 1011 non
902 983 974 1012 au-

145 1022 319 1065 dierunt
337 1036 493 1066 vocem
506 1025 684 1067 Domini
697 1026 781 1068 Dei
797 1028 874 1077 sui,
895 1028 974 1070 sed

143 1081 446 1132 praetergressi
496 1086 597 1123 sunt
642 1088 820 1135 pactum
869 1086 973 1136 ejus:

144 1137 306 1187 omnia,
349 1150 447 1190 quae
487 1141 764 1192 praeceperat
795 1141 972 1193 Moyses

143 1205 296 1239 servus
315 1193 510 1244 Domini,
528 1208 615 1237 non
635 1195 882 1248 audierunt,
901 1211 972 1239 ne-

145 1262 229 1301 que
246 1250 456 1292 fecerunt.

195 1306 247 1357 Ra
273 1306 392 1349 Audi
412 1308 611 1349 Domine
629 1309 722 1349 180.

197 1365 269 1407 Ad
296 1366 469 1417 Magnis.
514 1367 613 1407 Ant.
657 1368 855 1412 Obsecro
884 1371 971 1412 Do-

143 1422 267 1472 mine,
282 1425 305 1449 *
320 1426 540 1466 memento
562 1437 726 1491 quaeso,
747 1427 971 1479 quomodo

142 1478 457 1521 ambulaverim
477 1493 626 1522 coram
648 1487 693 1524 te
712 1483 755 1523 in
775 1484 972 1534 veritate,

141 1540 186 1577 et
201 1535 247 1576 in
267 1535 401 1578 corde
423 1537 641 1590 perfecto,
666 1544 710 1580 et
735 1540 855 1592 quod
878 1540 970 1593 pla-

143 1591 278 1633 citum
294 1597 362 1634 est
381 1606 531 1635 coram
549 1599 609 1644 te,
629 1595 816 1637 fecerim.

192 1643 244 1696 ΥΤ.
283 1649 550 1702 Vespertina
583 1652 724 1693 oratio
759 1653 970 1695 ascendat

141 1703 199 1746 ad
230 1709 274 1746 te
306 1705 507 1748 Domine.
554 1708 604 1759 R.
638 1708 695 1750 Et
727 1707 968 1752 descendat

141 1773 274 1813 super
292 1774 373 1804 nos
391 1763 692 1806 misericordia
710 1770 796 1807 tua.

396 1840 710 1870 *DQ-

357 1900 752 1953 DominicaXI.

246 1969 388 2015 post
428 1964 858 2008 Pentecosten.

372 2033 421 2072 In
448 2034 478 2073 I.
506 2035 728 2075 Nocturno.

259 2092 326 2135 De
350 2094 462 2136 libro
488 2100 644 2147 quarto
668 2096 851 2148 Regum.

148 2214 169 2215 i
216 2151 401 2242 Lectio
390 2167 414 2193 1.

156 2266 186 2324 S}
210 2263 247 2322 3¹⁸2.-
273 2266 394 2309 chias
427 2282 567 2321 usque
599 2269 657 2311 ad
688 2275 889 2312 mortem:
924 2276 967 2313 et

151 2321 182 2338 ‘''
273 2324 393 2366 venit
436 2323 493 2367 ad
535 2338 635 2367 eum
670 2327 809 2368 Isaias
851 2327 965 2368 filius

137 2379 288 2428 Amos,
306 2381 536 2433 propheta,
561 2381 758 2435 dixitque
779 2383 831 2425 ei:
854 2384 966 2425 Haec

137 2434 242 2477 dicit
264 2411 480 2478 Dominus
499 2438 638 2480 Deus:
666 2440 865 2492 Praecipe
890 2440 965 2481 do-

135 2492 224 2533 111111
242 2497 345 2534 tuae:
372 2494 571 2535 morieris
591 2496 707 2536 enim
725 2500 788 2546 tu,
817 2501 859 2537 et
877 2508 966 2537 non

134 2548 268 2590 vives.
306 2549 391 2599 Qui
417 2551 635 2593 convertit
659 2552 816 2593 faciem
842 2565 965 2593 suam

135 2603 192 2646 ad
216 2607 446 2657 parietem,
475 2612 518 2648 et
544 2608 686 2649 oravit
709 2608 964 2658 Deminum,

135 2659 298 2703 dicens:
314 2662 514 2705 Obsecro
529 2663 728 2714 Domine,
743 2666 963 2707 memento

132 2729 298 2770 quaeso,
319 2719 543 2771 quomodo
560 2719 875 2762 ambulaverim
889 2734 959 2763 00-

1030 303 1123 331 13111
1142 295 1186 331 te
1205 290 1249 331 in
1268 291 1464 342 veritate,
1485 298 1528 334 et
1546 294 1590 334 in
1609 294 1743 336 corde
1762 308 1858 347 per-

1030 346 1161 396 fecto,
1189 351 1232 388 et
1252 346 1373 399 quod
1391 348 1602 400 placitum
1622 355 1689 392 est
1709 363 1859 392 coram

1029 408 1084 450 te,
1104 403 1292 444 fecerim.
1319 404 1462 446 Flevit
1481 407 1628 458 itaque
1646 407 1859 449 Ezechias

1031 459 1136 501 fletu
1154 472 1325 510 magno.

1083 517 1133 567 R.
1158 517 1425 569 Praeparate.
1443 518 1535 559 223.

1338 574 1489 615 Lectio
1510 575 1550 614 ii.

1114 635 1133 671 t
1153 632 1387 682 antequam
1414 631 1695 682 egrederetur
1720 635 1857 676 Isaias

1118 685 1308 728 mediam
1322 692 1494 739 partem
1509 689 1618 738 atrii,
1639 690 1780 731 factus
1792 696 1859 733 est

1029 756 1174 785 sermo
1189 743 1367 784 Domini
1387 743 1443 786 ad
1463 757 1572 794 eum,
1593 745 1755 787 dicens:
1775 748 1857 789 Re-

1028 802 1217 850 vertere‚
1250 805 1294 841 et
1322 800 1392 842 dic
1420 801 1623 843 Ezechiae
1653 803 1753 844 duci
1780 807 1856 856 po-

1028 856 1120 908 puli
1139 857 1237 898 mei:
1256 858 1366 898 Haec
1387 857 1493 899 dicit
1509 858 1722 900 Dominus
1737 860 1856 901 Deus

1027 913 1174 955 David
1188 914 1326 966 patris
1342 914 1420 955 tui:
1439 914 1601 956 Audivi
1616 916 1856 958 orationem

1027 975 1159 1020 tuam,
1180 975 1223 1011 et
1238 970 1329 1012 vidi
1345 970 1547 1012 lacrimas
1563 977 1676 1013 tuas:
1696 977 1740 1014 et
1755 986 1857 1015 ecce

1029 1027 1179 1068 sanavi
1198 1032 1258 1076 te,
1278 1027 1349 1068 die
1368 1027 1498 1068 tertio
1518 1028 1731 1070 ascendes
1751 1034 1855 1071 tem-

1026 1083 1148 1136 plum
1180 1083 1369 1125 Domini.
1419 1084 1475 1125 Et
1509 1084 1669 1126 addam
1703 1085 1858 1127 diebus

1028 1140 1114 1181 tuis
1144 1140 1393 1191 quindecim
1421 1153 1576 1182 annos:
1611 1141 1691 1183 sed
1724 1147 1767 1184 et
1802 1142 1856 1184 de

1026 1210 1157 1237 manu
1191 1196 1307 1247 regis
1339 1196 1625 1249 Assyriorum
1654 1197 1854 1240 liberabo

1025 1258 1084 1301 te,
1106 1258 1149 1304 et
1169 1253 1390 1294 civitatem
1410 1253 1537 1303 hanc,
1562 1259 1606 1295 et
1624 1257 1857 1306 protegam

1024 1285 1179 1351 urbem
1207 1310 1336 1350 istam
1364 1315 1548 1362 propter
1572 1323 1660 1360 me,
1689 1316 1734 1352 et
1756 1324 1855 1363 pro-

1024 1371 1124 1419 pter
1151 1365 1297 1407 David
1323 1379 1498 1408 servum
1522 1379 1679 1408 meum.
1717 1368 1854 1410 Dixit-

1026 1435 1111 1475 que
1142 1423 1296 1463 Isaias:
1330 1422 1497 1464 Afferte
1530 1436 1722 1464 massam
1752 1424 1854 1466 fico-

1024 1492 1131 1520 rum.
1160 1480 1301 1529 Quam
1321 1491 1419 1520 cum
1439 1479 1698 1530 attulissent,
1719 1486 1762 1522 et
1776 1494 1852 1533 po-

1025 1538 1215 1577 suissent
1244 1548 1376 1588 super
1404 1535 1559 1577 hulcus
1589 1538 1696 1589 ejus,
1732 1539 1852 1579 cura-

1022 1597 1094 1634 tus
1115 1597 1193 1634 est.

1076 1646 1128 1698 R.
1151 1649 1273 1690 Deus
1293 1649 1496 1691 omnium.
1514 1650 1607 1690 223.

1330 1703 1482 1744 Lectio
1503 1704 1557 1743 iii.

1022 1753 1248 1859 Dixerat
1272 1766 1418 1803 autem
1437 1762 1650 1804 Ezechias
1674 1764 1730 1805 ad
1748 1765 1850 1806 Isai-

1126 1831 1211 1859 am:
1252 1818 1382 1869 Quod
1416 1819 1498 1860 erit
1530 1819 1716 1870 signum,
1750 1821 1851 1873 quia

1022 1874 1238 1916 Dominus
1248 1888 1318 1917 me
1327 1875 1513 1925 sanabit,
1530 1880 1573 1917 et
1589 1876 1691 1927 quia
1702 1890 1849 1919 ascen-

1023 1934 1151 1972 surus
1176 1945 1272 1972 sum
1294 1931 1364 1973 die
1383 1932 1513 1973 tertia
1530 1932 1743 1985 templum
1761 1934 1848 1975 Do-

1021 1987 1147 2029 mini?
1193 1988 1273 2029 Cui
1301 1988 1361 2029 ait
1384 1989 1537 2029 Isaias:
1564 1989 1665 2031 Hoc
1690 1990 1772 2032 erit
1797 1991 1848 2031 si-

1021 2057 1154 2094 gnum
1174 2058 1199 2086 a
1217 2045 1419 2094 Domino,
1441 2044 1561 2096 quod
1579 2045 1775 2088 facturus
1795 2047 1850 2088 sit

1020 2101 1236 2142 Dominus
1251 2103 1509 2151 sermonem,
1530 2114 1660 2154 quem
1675 2102 1849 2144 locatus

1021 2162 1102 2199 est:
1125 2158 1206 2199 Vis
1225 2162 1273 2199 ut
1293 2156 1503 2199 ascendat
1521 2158 1677 2200 umbra
1696 2159 1849 2201 decem

953 2238 966 2244 -
1020 2212 1161 2263 lineis,
1207 2226 1262 2254 an
1299 2217 1347 2254 ut
1383 2216 1630 2256 revertatur
1651 2215 1849 2257 'totidem

1020 2268 1250 2320 gradibus?
1286 2269 1344 2311 Et
1363 2269 1424 2311 ait
1443 2269 1671 2312 Ezechias:
1700 2271 1848 2313 Facile

1021 2330 1087 2367 est
1104 2325 1304 2367 umbram
1323 2327 1522 2379 crescere
1541 2326 1695 2369 decem
1708 2328 1848 2369 lineis:

1019 2395 1100 2423 nec
1119 2381 1205 2423 hoc
1224 2382 1327 2424 volo
1346 2387 1395 2424 ut
1413 2382 1506 2433 fiat,
1534 2383 1614 2425 sed
1638 2389 1686 2426 ut
1704 2397 1847 2426 rever-

1018 2440 1135 2480 tatur
1167 2440 1410 2480 retrorsum
1443 2438 1596 2481 decem
1628 2440 1847 2491 gradibus.

1017 2495 1247 2536 Invocavit
1278 2497 1429 2547 itaque
1456 2495 1594 2538 Isaias
1627 2496 1845 2549 propheta

1016 2551 1269 2601 Dominum,
1295 2556 1338 2593 et
1355 2551 1531 2594 reduxit
1549 2553 1748 2594 umbram
1766 2565 1846 2605 per

1016 2607 1170 2657 lineas,
1200 2607 1358 2660 quibus
1382 2609 1467 2660 jam
1491 2607 1779 2651 descenderat
1801 2608 1845 2649 in

1016 2663 1249 2714 horologio
1282 2663 1451 2715 Achaz,
1494 2667 1736 2707 retrorsum
1773 2663 1843 2705 de-

1016 2733 1112 2762 cem
1129 2719 1350 2772 gradibus.
1403 2718 1453 2758 R.
1479 2722 1705 2763 Dominus.
1723 2721 1816 2761 224.
