2040 2976
633 205 837 239 Dominica
862 205 925 239 ΙΙΙ.
951 206 1056 240 Julii.
1103 206 1159 240 Ss.
1186 204 1467 248 Redemptoris.

192 309 277 345 mo,
295 295 356 337 ita
375 295 558 338 exaltari
575 299 756 350 oportet
770 298 929 339 Filium
947 299 1023 342 ho-

192 352 337 401 minis3
357 357 406 393 ut
425 353 578 402 omnis,
600 354 673 406 qui
694 354 835 397 credit
850 355 894 396 in
913 368 1025 406 eum,

193 422 280 450 non
306 410 476 461 pereat,
507 409 587 452 sed
614 410 777 453 habeat
805 412 941 453 vitam
969 426 1024 454 ae-

192 468 371 507 ternam.
412 466 664 517 Quomodo,
694 467 769 519 qui
797 468 1023 511 intueban-

193 527 263 563 tur
282 521 404 563 illum
428 525 690 576 serpentem,
713 537 802 566 non
821 525 1025 577 peribant

193 578 413 621 morsibus
434 582 701 633 serpentum:
726 582 799 632 sic,
820 582 894 634 qui
914 583 1023 624 intu—

196 637 322 677 entur
345 635 433 678 fide
460 642 649 679 mortem
669 637 845 688 Christi,
872 641 1023 680 sanan-

192 697 263 733 tur
291 705 316 733 a
342 693 564 734 morsibus
591 697 889 746 peccatorum.
937 694 1025 736 Sed

193 748 254 789 illi
287 748 554 791 sanabantur
582 763 608 792 a
635 757 779 793 morte
807 751 863 793 ad
891 751 1025 793 vitam

192 805 500 857 temporalem:
523 806 595 848 hic
618 812 765 849 autem
788 808 860 858 ait,
885 813 934 850 ut
951 807 1024 848 ha-

192 861 325 903 beant
352 862 487 903 vitam
519 865 741 905 aeternam.
782 865 882 906 Hoc
911 864 1025 906 enim

192 920 376 960 interest
398 919 512 960 inter
530 919 763 970 figuratam
782 921 1025 972 imaginem,

193 980 236 1016 et
254 988 347 1017 rem
366 975 523 1028 ipsam:
541 976 683 1028 figura
702 977 946 1030 praestabat
964 977 1023 1019 vi-

191 1037 281 1072 tam
315 1033 622 1085 temporalem3
654 1047 726 1075 res
757 1034 870 1087 ipsa,
904 1035 1025 1086 cujus

192 1088 267 1129 illa
294 1088 435 1139 figura
461 1094 572 1139 erat,
600 1095 785 1143 praestat
809 1091 945 1134 vitam
970 1103 1024 1132 ae-

192 1146 372 1186 te'rnam.

252 1208 312 1248 Te
330 1207 474 1248 Deum
494 1207 736 1249 laudamus,
757 1209 817 1250 13.

457 1300 536 1342 Ad
563 1301 761 1344 Laudes

401 1366 451 1395 et
490 1372 587 1405 per
622 1364 817 1398 Horas.

246 1423 342 1462 Ant.
364 1424 392 1462 1.
423 1422 609 1462 Cantate
634 1421 842 1473 Domino,
868 1423 892 1449 *
917 1425 1022 1475 quo-

189 1478 306 1518 niam
342 1477 575 1528 magnifice
611 1477 732 1519 fecit:
769 1481 1024 1523 annuntiate

188 1533 274 1576 hoc
302 1535 346 1575 in
374 1534 578 1576 universa
607 1539 737 1576 terra.

244 1601 312 1640 Ps.
340 1599 553 1641 Dominus
572 1600 782 1650 regnavit.
801 1602 861 1642 14.

244 1667 278 1705 2.
314 1667 429 1706 Ecce
457 1665 579 1706 Deus
606 1666 629 1691 *
657 1665 861 1708 Salvator
887 1679 1022 1718 meus,

188 1719 452 1763 fiducialiter
478 1734 623 1772 agam:
656 1723 758 1774 quia
786 1722 927 1765 factus
955 1729 1023 1766 est

187 1777 293 1818 mihi
318 1778 362 1819 in
391 1778 589 1827 salutem,
617 1778 800 1831 alleluja.

243 1846 281 1883 53.
315 1843 534 1885 Ilaurietis
565 1856 703 1896 aquas
735 1844 759 1870 *
786 1845 831 1885 in
858 1844 1021 1895 gaudio

191 1899 245 1941 de
270 1899 464 1942 fontibus
490 1900 748 1951 SalvatoriS,
778 1906 822 1943 et
851 1901 1021 1944 dicetis:

191 1956 472 1999 Confitemini
497 1957 707 2008 Domino,
739 1962 783 2000 et
815 1958 1021 2001 invocate

190 2026 350 2055 nomen
379 2014 482 2065 ejus.

249 2078 285 2115 4.
309 2075 440 2116 Facta
459 2080 527 2117 est
545 2075 673 2124 salus
696 2075 720 2101 *
741 2080 785 2117 et
802 2076 953 2127 virtus,
978 2081 1022 2118 et

191 2143 371 2181 regnum
406 2131 490 2173 Dei
530 2132 688 2183 nostri,
734 2137 778 2174 et
820 2135 1021 2186 potestas

192 2186 354 2229 Christi
382 2189 484 2240 ejus.

245 2254 281 2292 5.
317 2253 498 2294 Exsulta
526 2258 569 2295 et
595 2254 727 2296 lauda
754 2256 778 2282 *
804 2254 1020 2296 habitatio

191 2309 311 2359 Sion,
349 2309 451 2362 quia
487 2323 671 2361 magnus
703 2312 746 2352 in
777 2311 924 2353 medio
956 2312 1022 2353 tui

192 2370 370 2408 sanctus
398 2366 547 2408 Israel.

260 2441 519 2491 Capitulum.
728 2442 836 2482 Tob.
857 2444 892 2481 33.
916 2442 952 2481 b.

191 2499 523 2606 Benedictum
554 2517 713 2546 nomen
744 2511 867 2547 tuum
900 2507 1021 2549 Deus

298 2567 474 2614 patrum
509 2563 780 2603 nostrorum:
816 2564 891 2614 qui
921 2577 1021 2606 cum

191 2618 328 2660 iratus
348 2618 492 2667 fueris,
510 2618 857 2660 misericordiam
874 2620 1021 2670 facies,

194 2680 237 2716 et
260 2675 303 2716 in
323 2677 525 2728 tempore
549 2674 843 2716 tribulationis
866 2679 1019 2728 pecca-

193 2735 238 2772 ta
256 2731 438 2773 dimittis
457 2731 536 2781 his,
556 2731 631 2783 qui
648 2733 854 2774 invocant
872 2737 928 2774 te.

1394 302 1604 353 Hymnus.

1108 362 1306 469 Salutis
1324 365 1528 408 humanae
1547 371 1679 417 sator,

1207 422 1232 463 J
1237 435 1314 463 esu
1333 422 1539 475 voluptas
1567 423 1777 474 cordium,

1156 478 1288 520 Orbis
1308 477 1527 532 redempti
1547 480 1761 530 conditor,

1155 535 1211 577 Et
1231 540 1353 577 casta
1371 535 1447 576 lux
1465 537 1717 578 amantium.

1106 608 1198 657 Qua
1217 605 1359 646 victus
1381 617 1428 646 es
1448 604 1690 656 clementia,

1156 662 1214 704 Ut
1233 667 1385 703 nostra
1403 661 1542 703 ferres
1562 661 1768 703 crimina?

1154 718 1345 760 Mortem
1365 717 1536 760 subires
1555 721 1776 769 innocens,

1156 775 1197 816 A
1216 780 1359 817 morte
1376 787 1459 816 nos
1477 779 1527 816 ut
1544 774 1746 817 tolleres?

1112 847 1171 887 Te
1190 848 1321 895 cogat
1339 843 1622 896 indulgentia,

1155 901 1214 943 Ut
1234 900 1394 942 damna
1413 905 1564 942 nostra
1583 901 1760 951 sarcias,

1126 999 1130 1002 .
1154 957 1327 1009 Tuique
1346 957 1493 999 vultus
1513 959 1745 1011 compotes

1157 1015 1284 1056 Dites
1301 1013 1436 1056 beato
1455 1013 1628 1056 lumine.

1106 1086 1218 1134 Jesu,
1237 1083 1318 1125 tibi
1336 1083 1393 1125 sit
1410 1083 1561 1134 gloria,

1155 1141 1240 1191 Qui
1258 1144 1388 1181 natus
1407 1152 1454 1181 es
1474 1139 1530 1182 de
1547 1140 1741 1192 Virgine,

1156 1197 1266 1239 Cum
1284 1197 1427 1246 Patre,
1447 1200 1492 1238 et
1510 1196 1626 1238 almo
1645 1197 1834 1251 Spiritu,

1156 1254 1210 1295 In
1229 1252 1499 1306 sempiterna
1517 1253 1690 1295 saecula.
1717 1254 1871 1297 Amen.

1132 1316 1182 1367 V.
1216 1318 1406 1360 Domine
1437 1318 1654 1370 refugium
1685 1319 1828 1362 factus
1861 1333 1910 1362 es

1077 1375 1217 1417 nobis.
1262 1378 1312 1429 R.
1340 1375 1380 1416 A
1408 1375 1710 1426 generatione,
1739 1381 1784 1418 et
1810 1389 1909 1430 pro-

1075 1444 1215 1483 geme.

1132 1494 1203 1535 Ad
1224 1495 1388 1536 Bened.
1420 1496 1520 1536 Ant.
1549 1495 1666 1536 Ecce
1689 1494 1812 1536 Deus
1836 1507 1910 1537 no·

1077 1555 1167 1592 ster
1199 1550 1298 1601 iste,
1331 1550 1687 1604 exspectavimus
1715 1564 1832 1603 eum,
1866 1557 1911 1595 et

1077 1607 1264 1649 salvabit
1284 1619 1382 1649 nos:
1402 1607 1687 1649 sustinuimus
1705 1621 1819 1660 eum3
1839 1621 1909 1651 ex-

1076 1663 1353 1714 sultabimus,
1383 1669 1427 1705 et
1452 1664 1703 1706 laetabimur
1727 1665 1772 1706 in
1797 1665 1909 1707 salu-

1074 1720 1159 1762 tari
1187 1721 1290 1772 ejuS‚
1318 1720 1502 1773 alleluia.

1415 1792 1578 1832 Oratio.

1164 1862 1254 1899 eus,
1271 1850 1346 1903 qui
1355 1850 1637 1903 Unigenitum
1650 1857 1775 1894 tuum
1784 1865 1905 1895 mun-

1191 1905 1235 1949 di
1255 1906 1606 1960 Redemptorem
1629 1909 1908 1960 constituisti,

1074 1969 1118 2006 et
1148 1977 1230 2017 per
1262 1976 1378 2014 eum,
1416 1963 1591 2007 devicta
1626 1970 1788 2016 morte,
1825 1978 1908 2008 nos

1073 2020 1419 2063 misericorditer
1443 2021 1501 2063 ad
1519 2022 1656 2064 vitam
1677 2023 1909 2075 reparasti:

1074 2076 1282 2128 concede3
1305 2082 1352 2120 ut
1365 2076 1470 2134 haec-
1481 2077 1697 2120 beneficia
1712 2078 1906 2121 recolen-

1073 2139 1158 2183 tes,
1189 2133 1269 2176 tibi
1301 2136 1517 2187 perpetua
1550 2135 1734 2178 caritate
1761 2135 1906 2178 adhae-

1073 2193 1181 2241 rere,
1206 2195 1250 2233 et
1269 2190 1466 2243 ejusdem
1483 2191 1805 2245 redemptionis
1823 2193 1907 2235 fru-

1075 2253 1194 2290 ctum
1238 2250 1470 2301 percipere
1512 2252 1769 2292 mereamur.
1821 2249 1908 2292 Per

1074 2304 1278 2360 eumdem
1305 2304 1554 2347 Dominum.

1132 2375 1177 2408 Et
1202 2374 1241 2408 fit
1266 2383 1463 2407 commem.
1487 2372 1713 2407 Dominicc

1346 2435 1414 2473 Ad
1438 2437 1641 2474 Primam.

1132 2496 1180 2534 In
1202 2496 1251 2546 R.
1270 2494 1332 2536 br.
1358 2494 1516 2536 dicitur
1541 2488 1591 2541 V.
1615 2495 1699 2545 Qui
1721 2494 1904 2585 redemi-

1072 2550 1129 2592 sti
1148 2550 1370 2592 mundum.

1343 2621 1410 2657 Ad
1434 2620 1638 2658 Tertiam.

1129 2674 1229 2713 Ant.
1259 2674 1375 2715 Ecce
1393 2673 1526 2715 Deus.

1126 2734 1263 2785 Capit.
1283 2733 1581 2775 Benedictum.
1604 2739 1651 2774 ut
1671 2745 1813 2785 supra.
