2040 2976
818 212 993 246 Officium
1018 212 1301 246 Defunctorurn.

256 310 395 362 Super
418 310 717 352 misericordia
740 315 830 360 tua,
855 314 898 351 et
920 309 1027 351 veri-

204 368 295 408 tate
326 371 419 407 tua:
449 367 473 391 ¹⁸¹
506 366 710 419 quoniam
740 365 1028 417 magnificasti

205 435 336 475 super
351 435 490 472 omne,
509 435 668 464 nomen
683 427 880 464 sanctum
894 427 1027 463 tuum.

255 484 306 524 In
322 486 597 535 quacumque
608 483 678 525 die
692 483 956 524 invocAvero
972 488 1026 532 te,

205 539 363 582 exaudi
385 553 470 582 me:
494 542 518 566 *
540 538 852 593 multiplicabis
873 539 917 580 in
940 539 1025 579 ani-

203 609 275 637 ma
293 609 390 638 mea
408 596 624 638 virtutem.

257 657 555 699 Confiteantur
574 657 653 699 tibi
670 657 857 698 Domine
876 668 1027 698 omnes

204 726 330 764 reges
358 719 506 755 terrae:
537 715 561 739 *
595 713 696 765 quia
727 712 956 754 audierunt
983 714 1026 754 o-

203 770 319 811 mnia
338 770 472 811 verba
492 770 580 811 oris
598 770 675 811 tui:

255 831 312 871 Et
331 835 506 872 cantent
519 830 563 870 in
576 830 657 870 viis
671 829 862 870 Domini:
880 830 904 856 *
923 830 1026 881 quo-

203 887 320 930 niam
337 899 493 938 magna
513 889 580 928 est
597 886 737 938 gloria
754 885 941 928 Domini.

257 948 471 999 Quoniam
499 947 696 988 excelsus
723 947 954 996 Dominus,
984 950 1028 988 et

154 1035 155 1038 ,
202 1003 381 1046 humilia
403 1004 598 1056 respicit:
622 1004 646 1029 *
672 1008 716 1045 et
739 1003 827 1045 alta
850 1016 875 1044 a
897 1003 1027 1054 longe

203 1061 440 1112 cognoscit.
698 1098 701 1101 .

255 1122 301 1163 Si
324 1121 604 1163 ambulavero
623 1120 666 1161 in
684 1119 829 1162 medio
850 1120 1025 1162 tribula-

203 1178 352 1228 tionis,
384 1176 624 1218 vivificabis
650 1189 739 1218 me:
770 1178 793 1203 *
823 1181 866 1218 et
894 1189 1028 1229 super

203 1235 311 1276 iram
330 1233 602 1275 inimicorum
620 1235 818 1275 meorum
835 1233 1027 1275 extendi-

204 1291 260 1332 sti
277 1303 453 1331 manum
472 1295 602 1339 tuam,
626 1294 670 1331 et
694 1289 863 1331 salvum
882 1302 952 1331 me
970 1289 1027 1331 fe-

204 1348 263 1388 cit
282 1346 463 1388 dextera
481 1351 567 1388 tua.

254 1407 469 1449 Dominus
510 1406 722 1449 retribuet
761 1419 843 1460 pro
878 1419 968 1448 me:
1003 1407 1028 1433 ¹⁸¹

203 1464 391 1506 Domine
426 1463 728 1505 misericordia
763 1469 839 1505 tua
874 1463 918 1504 in
950 1465 1028 1504 sae-

205 1520 364 1562 culum:
393 1522 529 1573 opera
550 1521 756 1561 manuum
778 1522 951 1561 tuarum
974 1532 1029 1562 ne

205 1576 435 1630 despicias.

256 1637 472 1690 Requiem
499 1638 718 1678 aeternam.

260 1702 358 1743 Ant.
376 1703 521 1755 Opera
534 1703 741 1743 mimuum
755 1704 929 1744 tuarum
942 1702 1029 1744 Do-

205 1759 321 1820 mine
338 1771 394 1801 ne
413 1758 640 1812 despicias.

259 1817 307 1862 Y.
326 1819 489 1861 Audivi
507 1831 661 1861 vocem
680 1819 735 1860 de
755 1818 869 1860 coelo
887 1818 1029 1861 dicen-

206 1881 296 1918 tem
319 1875 434 1917 mihi.
472 1874 521 1925 Rv-
551 1875 677 1917 Beati
701 1876 864 1917 mortui
888 1876 963 1928 qui
985 1876 1030 1917 in

206 1933 397 1974 Domino
416 1932 670 1973 moriuntur.

260 1993 328 2034 Ad
358 1994 527 2042 Magnis.
555 1997 653 2036 Ant.
688 1996 830 2038 Omne
857 1997 881 2024 *
910 1997 1030 2049 quod

208 2052 283 2094 dat
309 2053 414 2094 mihi
440 2054 585 2104 Pater,
611 2053 669 2095 ad
695 2065 766 2094 me
793 2053 956 2095 veniet:
987 2058 1031 2095 et

208 2122 308 2150 eum
332 2110 405 2163 qui
429 2110 547 2152 venit
569 2110 626 2152 ad
647 2122 728 2160 me,
752 2121 841 2150 11011
865 2110 1030 2162 ejiciam

207 2166 335 2207 foras.

259 2218 396 2253 Preces
426 2218 681 2262 infrascripta:
711 2220 888 2255 dicuntur
916 2222 1026 2255 flexis

208 2266 383 2307 Ιεο1111)118;
410 2267 583 2300 similiter
609 2272 644 2301 et
669 2268 717 2302 ad
741 2269 902 2303 Laudes.

263 2319 388 2364 Pater
398 2322 565 2363 noster.
586 2326 766 2361 secreto.

260 2377 309 2426 V·
322 2383 379 2424 Et
396 2395 451 2424 ne
467 2395 548 2424 nos
567 2382 748 2424 inducas
767 2384 810 2424 in
827 2383 1029 2425 tentatio-

207 2453 318 2483 nem.
354 2437 403 2488 Rz-
431 2439 519 2481 Sed
536 2438 672 2480 libera
689 2452 770 2481 nos
789 2453 815 2481 a
834 2439 961 2481 malo.

259 2494 431 2539 Sequens
460 2496 520 2530 Ps.
546 2497 679 2534 Lauda
706 2500 833 2535 anima
859 2510 960 2545 mea,
991 2500 1028 2534 in

209 2543 339 2587 Vesp.‚
371 2544 546 2578 similiter
576 2550 611 2578 et
641 2545 700 2578 Ps.
730 2546 787 2582 De
814 2548 1030 2593 profi'mdis,

208 2592 246 2625 in
276 2593 348 2626 fine
374 2592 561 2627 Laudum.
594 2602 669 2626 non
699 2593 875 2627 dicuntur
904 2595 942 2628 in
967 2594 1028 2628 die

210 2641 413 2674 Commem.
434 2641 603 2674 omnium
620 2640 807 2674 Fidelium
825 2641 1029 2676 Defuncto-

209 2699 305 2722 rum.
331 2699 453 2731 neque
479 2688 518 2722 in
544 2688 605 2722 die
631 2689 758 2723 obitus
785 2699 851 2723 8011
877 2689 1028 2732 deposi-

210 2736 325 2770 tionis
339 2736 525 2770 Dcfuncti.
552 2736 660 2770 Alias
677 2747 828 2779 semper
843 2737 1028 2772 dicuntur.

1342 306 1537 347 Psalmus
1559 308 1645 346 145.

1156 364 1270 407 auda
1285 366 1427 407 anima
1441 379 1539 408 mea
1551 366 1900 416 Dominumjlau-

1174 421 1289 463 dabo
1309 423 1545 464 Dominum
1565 422 1611 464 in
1634 423 1723 465 vita
1741 435 1854 465 mea:
1877 425 1901 451 *

1078 477 1263 530 psallam
1281 479 1378 520 Deo
1400 492 1499 521 meo
1521 479 1729 532 quamdiu
1745 479 1889 522 fuero.

1129 534 1277 576 Nolite
1303 535 1525 577 confidere
1548 535 1593 576 in
1615 535 1902 589 principibus:

1078 591 1101 617 *
1125 590 1169 631 in
1191 590 1291 632 filiis
1314 590 1550 641 hominum,
1573 591 1618 632 in
1637 591 1794 644 quibus
1812 604 1901 634 non

1079 651 1146 688 est
1164 647 1292 689 salus.

1129 704 1277 746 Exibit
1293 705 1472 758 spiritus
1488 705 1588 756 ejus,
1604 710 1647 747 et
1660 706 1902 748 revertetur

1079 763 1124 801 in
1150 766 1313 802 terram
1336 773 1476 802 suam:
1503 764 1527 789 *
1549 762 1594 802 in
1617 761 1691 803 illa
1713 761 1784 804 die
1806 774 1902 814 per-

1080 817 1206 858 ibunt
1225 830 1375 859 omnes
1395 819 1684 869 cogitationes
1705 821 1866 860 eorum.

1131 874 1311 924 Beatus,
1338 875 1457 927 cujus
1480 875 1601 916 Deus
1624 875 1649 917 J
1651 874 1902 927 aeobadju-

1077 934 1147 971 tor
1170 931 1272 983 ejus,
1295 944 1397 984 spes
1422 932 1512 983 ejus
1533 932 1576 972 in
1594 931 1785 973 Domino
1804 932 1902 973 Deo

1078 986 1231 1039 ipsius:
1248 989 1272 1014 *
1289 988 1362 1040 qui
1375 987 1480 1030 fecit
1496 987 1657 1029 coelum
1672 993 1716 1030 et
1730 993 1904 1039 terram,

1078 1056 1209 1094 mare,
1228 1049 1272 1086 et
1291 1044 1446 1094 omnia,
1467 1057 1565 1097 quae
1583 1045 1627 1086 111
1646 1045 1708 1087 018
1727 1049 1838 1087 sunt.

1133 1100 1217 1151 Qui
1239 1100 1431 1142 custodit
1454 1101 1683 1144 veritatem
1702 1101 1747 1142 in
1770 1103 1903 1143 saecu-

1079 1156 1179 1207 lum,
1194 1156 1298 1198 facit
1311 1156 1518 1209 judicium
1531 1157 1731 1210 injuriam
1740 1158 1904 1210 patien-

1079 1213 1212 1254 tibus:
1230 1215 1254 1241 *
1276 1213 1352 1255 dat
1371 1226 1517 1255 eseam
1535 1214 1838 1256 esurientibus.

1130 1270 1346 1311 Dominus
1383 1270 1515 1312 solvit
1550 1269 1845 1323 compeditos:
1879 1271 1904 1298 *

1079 1326 1295 1368 Dominus
1321 1326 1534 1368 illuminat
1561 1339 1716 1369 caecos.

1132 1384 1347 1426 Dominus
1375 1383 1502 1434 erigit
1528 1383 1678 1435 elisos,
1706 1385 1731 1412 *
1756 1383 1905 1427 Domi-

1079 1453 1161 1481 nus
1189 1439 1328 1492 diligit
1354 1440 1504 1492 justos.

1131 1497 1345 1539 Dominus
1373 1497 1567 1539 custodit
1594 1495 1803 1548 odvenas‚
1830 1510 1906 1551 pu-

1080 1554 1233 1608 pillum
1262 1558 1307 1595 et
1338 1552 1515 1595 viduam
1546 1554 1775 1607 suscipiet:
1806 1555 1831 1582 *
1862 1558 1908 1596 et

1081 1612 1174 1652 vias
1200 1612 1483 1664 peccatorum
1511 1610 1747 1664 disperdet.

1133 1666 1354 1718 Regnabit
1397 1667 1611 1708 Dominus
1657 1667 1702 1708 in
1746 1666 1908 1709 saecula

1082 1725 1204 1765 Deus
1222 1728 1322 1765 tuus
1341 1722 1457 1772 Sion,
1477 1724 1501 1750 *
1519 1723 1564 1764 111
1581 1723 1908 1775 generationem

1083 1785 1127 1822 et
1153 1779 1491 1832 generationem.

1134 1835 1182 1874 In
1216 1834 1300 1875 fine
1328 1834 1506 1875 Psalmi:
1541 1835 1757 1888 Requiem
1783 1837 1906 1878 30161·-

1081 1905 1183 1935 nam
1200 1893 1224 1919 *
1243 1891 1360 1935 dona
1379 1892 1441 1936 eis
1459 1891 1658 1935 Domine.

1133 1950 1190 1991 Et
1207 1949 1283 1991 lux
1301 1951 1515 2003 perpetua
1531 1949 1555 1975 *
1573 1949 1718 1991 luceat
1736 1948 1810 1991 eis.

1134 2003 1303 2045 Deinde
1340 2000 1390 2050 Y.
1426 2006 1468 2047 A
1504 2010 1634 2059 porta
1669 2005 1804 2047 inferi.
1853 2005 1903 2057 R.

1082 2064 1198 2105 Erue
1216 2062 1404 2104 Domine
1423 2063 1589 2104 animas
1609 2064 1771 2104 eorum.

1124 2112 1174 2164 V.
1194 2119 1489 2172 Requieseant
1498 2120 1542 2161 in
1551 2132 1673 2172 pace.
1690 2118 1740 2170 Rz.
1754 2119 1906 2160 Amen.

1134 2168 1184 2220 V.
1204 2176 1302 2217 Dfie
1321 2175 1480 2218 exaudi
1497 2176 1738 2218 orationem
1753 2187 1906 2217 meam.

1082 2231 1133 2282 R.
1161 2232 1218 2273 Et
1237 2231 1401 2273 clamor
1418 2245 1542 2274 meus
1561 2232 1617 2274 ad
1635 2237 1680 2274 te
1698 2231 1854 2274 veniat.

1134 2282 1184 2333 Y.
1222 2288 1436 2330 Dominus
1472 2289 1712 2332 vobiscum.
1763 2288 1813 2339 R.
1849 2287 1907 2334 Et

1082 2357 1182 2386 cum
1199 2345 1355 2398 spiritu
1374 2349 1463 2388 tuo.

1416 2401 1578 2441 Oratio.

1084 2452 1267 2558 Deus,
1300 2458 1374 2510 qui
1402 2458 1514 2500 inter
1545 2456 1814 2510 apostolicos
1841 2469 1905 2498 sa-

1184 2514 1399 2564 cerdotes,
1418 2514 1605 2556 famulos
1618 2518 1719 2556 tuos
1733 2513 1904 2566 pontifi-

1083 2570 1167 2612 cali
1179 2583 1256 2612 seu
1269 2570 1532 2613 sacerdotali
1543 2569 1684 2612 fecisti
1694 2569 1906 2622 dignitate

1082 2628 1245 2678 vigere:
1271 2633 1436 2679 praesta
1464 2629 1729 2680 quaesumus;
1759 2630 1807 2668 ut
1834 2627 1904 2667 eo-

1083 2696 1178 2724 rum
1194 2696 1369 2736 quoque
1383 2686 1598 2737 perpetuo
1613 2683 1904 2734 aggregentur

1082 2739 1316 2781 consortio.
