2040 2976
766 217 876 250 Fcria
902 216 1033 259 quinta
1060 215 1106 249 ad
1133 215 1368 249 Matutinum.

266 316 334 357 Ne
358 314 560 368 projicias
585 326 655 354 me
682 313 726 353 in
750 315 950 365 tempore
974 324 1036 352 se-

215 371 416 413 nectutis:
455 372 479 397 *
516 383 614 411 cum
652 369 861 411 defecerit
898 368 1036 409 virtus

214 441 320 477 mea,
348 440 402 468 ne
431 426 709 478 derelinquas
737 438 817 466 me.

266 483 375 534 Quia
402 483 606 524 dixerunt
629 482 792 523 inimici
810 481 897 522 mei
915 479 1036 521 mihi:

214 543 237 567 ²⁸¹
256 545 299 581 et
319 540 393 592 qui
413 538 723 581 custodiebant
741 538 929 579 animam
948 549 1034 577 me-

213 610 293 646 am,
313 595 544 638 consilium
572 595 767 636 fecerunt
795 594 838 634 in
866 606 1009 634 unum.

262 653 484 694 Dicentes:
516 652 636 693 Deus
665 650 898 702 dereliquit
925 662 1034 698 eum,

211 708 542 762 persequimini,
584 712 627 749 et
674 705 1034 760 comprehendite

211 779 324 807 eum:
342 767 366 792 *
395 765 496 817 quia
525 777 613 806 non
642 769 709 806 est
739 764 814 816 qui
842 762 1008 815 eripiat,

261 822 382 864 Deus
405 834 460 863 ne
483 821 700 872 elongeris
724 833 750 861 a
766 832 851 861 me:
870 822 894 846 *
913 819 1032 868 Deus

210 892 332 920 meus
352 879 395 919 in
415 877 622 919 auxilium
639 890 783 919 meum
803 875 983 928 respice.

262 934 601 983 Confundantur‚
613 939 656 975 et
671 933 876 975 deficiant
891 932 1031 973 detra-

210 992 363 1033 hentes
392 991 548 1032 animae
573 993 708 1032 meaez'
725 992 749 1017 *
778 989 1032 1042 operiantur

210 1048 475 1098 confusione,
491 1052 534 1089 et
548 1047 718 1100 pud6re
736 1047 810 1099 qui
830 1050 1032 1098 quaerunt

209 1105 324 1146 mala
350 1104 466 1145 mihi.

260 1162 354 1213 Ego
375 1166 520 1202 autem
539 1173 712 1213 semper
732 1158 934 1212 sperabo:
948 1159 971 1185 *
988 1163 1031 1199 et

210 1217 409 1270 adjiciam
457 1230 587 1270 super
636 1229 809 1258 omnem
855 1214 1030 1256 laudem

209 1279 338 1316 tuam.

261 1331 322 1372 Os
349 1343 494 1371 meum
521 1328 794 1371 annuntiabit
821 1329 1029 1381 justitiam

209 1391 344 1428 tuam:
371 1388 394 1414 *
421 1391 515 1428 tota
543 1386 614 1428 die
643 1386 834 1427 salutare
860 1390 994 1427 tuum.

259 1443 474 1493 Qudniam
496 1456 585 1484 non
609 1442 796 1494 cogndvi
816 1442 1028 1484 litterata-

208 1512 310 1549 ram,
332 1498 524 1541 introibo
542 1500 586 1540 in
601 1499 822 1552 potentias
836 1499 1029 1540 Domini:

208 1557 231 1582 *
245 1556 432 1652 Il)'(')mine
450 1555 725 1597 memorabor
744 1556 921 1607 justitiae
940 1560 1028 1597 tuae

209 1624 257 1653 so
277 1625 353 1653 ms.

259 1668 379 1709 Deus
416 1668 606 1710 docuisti
640 1681 710 1710 me
746 1681 771 1710 a
806 1670 1028 1721 juventate

208 1737 320 1775 mea;
340 1726 363 1751 *
382 1730 424 1766 et
442 1738 581 1777 usque
600 1738 714 1767 nune
734 1724 1027 1778 pronuntiabo

208 1780 424 1822 mirabilia
450 1786 536 1823 tua.

258 1838 316 1879 Et
333 1850 471 1890 usque
490 1838 534 1879 in
549 1840 770 1880 senectam
788 1843 831 1880 et
845 1839 1027 1880 senium:

208 1894 231 1920 *
258 1894 378 1935 Deus
403 1907 458 1936 ne
485 1894 761 1947 derelinquas
787 1908 868 1937 me.

259 1950 413 1992 Donec
435 1951 685 1993 anni'mtiem
712 1951 938 1994 brachium
963 1957 1026 1994 tu-

207 2019 281 2047 um
303 2008 328 2033 *
350 2008 619 2058 generatidni
647 2009 776 2059 omni,
803 2021 901 2061 quae
929 2022 1027 2051 ven-

207 2066 304 2104 tt'ira
332 2068 413 2104 est:

258 2119 505 2162 Potentiam
523 2125 653 2171 tuam,
674 2126 717 2163 et
736 2122 944 2174 justitiam
963 2127 1026 2164 tu-

207 2188 278 2216 am
297 2176 417 2218 Deus
443 2190 581 2229 usque
606 2178 650 2218 in
678 2179 900 2230 altissima,
928 2192 1026 2231 quae

207 2232 348 2274 fecisti
367 2233 595 2285 magnalia:
615 2236 638 2261 *
656 2235 776 2277 Deus
797 2236 894 2287 quis
914 2237 1027 2278 simi-

207 2287 260 2329 lis
287 2288 394 2330 tibi?

259 2345 453 2395 Quantas
477 2347 708 2389 ostendisti
726 2348 831 2390 mihi
850 2349 1027 2392 tribula-

206 2401 348 2443 ti6nes
367 2402 526 2444 multas
546 2408 589 2445 et
608 2404 761 2445 malas:
784 2410 827 2447 et
851 2409 1026 2448 conver-

206 2471 280 2499 sus
303 2458 535 2500 vivificasti
555 2473 639 2502 me:
662 2462 686 2487 *
710 2466 753 2502 et
777 2461 832 2503 de
856 2462 1027 2515 ab5⁷ssis

206 2519 334 2556 terrae
363 2517 520 2556 iterum
547 2517 761 2559 reduxisti
787 2531 872 2560 me:

256 2571 560 2624 Multiplicasti
579 2574 945 2625 magnificentiam
962 2580 1026 2617 tu·

205 2640 290 2669 am:
312 2629 336 2654 *
363 2633 406 2670 et
433 2631 671 2671 conversus
700 2631 952 2673 consolatus
981 2646 1027 2674 es

205 2697 285 2726 me.

256 2741 370 2783 Nam
403 2747 446 2784 et
480 2755 562 2795 ego
595 2743 839 2786 confitebor
870 2744 951 2787 tibi
983 2745 1027 2786 in

1090 310 1206 351 vasis
1244 309 1402 362 psalmi
1445 308 1677 350 veritatem
1718 314 1858 351 tuam:
1894 311 1918 338 *

1088 367 1208 407 Deus
1235 365 1421 418 psallam
1447 365 1529 407 tibi
1553 365 1598 406 in
1624 365 1803 416 cithara,
1823 379 1917 408 san-

1089 428 1185 464 ctus
1213 422 1362 463 Israel.

1140 478 1435 520 Exsultabunt
1454 477 1572 519 labia
1590 491 1689 520 mea
1703 492 1803 521 cum
1819 493 1916 522 can-

1087 538 1239 577 tavero
1259 534 1356 576 tibi:
1379 536 1403 562 *
1427 539 1470 576 et
1491 534 1637 577 anima
1655 548 1763 588 mea,
1785 549 1917 589 quam

1087 591 1323 633 redemisti.

1137 648 1224 690 Sed
1253 653 1296 690 et
1320 648 1469 699 lingua
1492 660 1590 690 mea
1613 651 1711 690 tota
1737 647 1810 691 die
1827 661 1914 692 me-

1087 704 1298 747 ditabitur
1338 704 1550 757 justitiam
1585 709 1723 746 tuam:
1755 706 1780 732 *
1815 718 1916 747 cum

1086 762 1257 803 eonfi'isi
1272 766 1316 803 et
1331 761 1510 803 reveriti
1524 761 1696 813 flierint,
1713 762 1788 815 qui
1799 775 1915 815 quae-

1085 823 1187 860 runt
1213 818 1328 860 mala
1354 818 1472 859 mihi.

1359 906 1559 948 Psalmus
1587 907 1643 948 71.

1087 979 1252 1085 Deus
1280 988 1487 1041 judicium
1513 992 1638 1030 tuum
1665 988 1758 1040 regi
1789 987 1862 1030 da:
1890 989 1915 1016 *

1201 1050 1245 1086 et
1272 1045 1484 1098 justitiam
1511 1050 1634 1086 tuam
1660 1045 1754 1087 filio
1781 1045 1914 1098 regis:

1134 1102 1158 1142 J
1160 1101 1339 1143 udicare
1356 1101 1571 1155 populum
1589 1106 1713 1144 tuum
1731 1102 1776 1143 in
1794 1103 1912 1155 justi-

1082 1158 1154 1208 tia,
1174 1160 1198 1186 *
1221 1163 1265 1200 et
1283 1162 1503 1212 paliperes
1521 1164 1623 1201 tuos
1642 1159 1687 1200 in
1704 1158 1878 1212 judicio.

1133 1216 1383 1269 Suscipiant
1400 1220 1575 1258 montes
1598 1229 1755 1270 pacem
1773 1218 1913 1270 pdpu-

1082 1272 1144 1314 lo:
1171 1274 1195 1299 *
1223 1278 1267 1314 et
1296 1272 1430 1314 colles
1458 1273 1678 1325 justitiam.

1132 1329 1355 1371 Judicabit
1395 1333 1615 1383 paliperes
1654 1329 1827 1384 populi,
1869 1334 1913 1372 et

1082 1386 1229 1428 salvos
1253 1387 1383 1428 faciet
1407 1387 1523 1428 filios
1543 1389 1804 1440 paiiperum:
1823 1387 1848 1415 ¹⁴¹
1869 1391 1913 1428 et

1081 1443 1330 1485 humiliabit
1357 1444 1732 1486 calumniatdrem.

1132 1501 1189 1542 Et
1208 1500 1485 1553 permanebit
1503 1514 1603 1542 cum
1623 1500 1730 1551 sole,
1748 1505 1792 1542 et
1811 1505 1913 1542 ante

1080 1556 1245 1607 lunam,
1273 1558 1297 1584 *
1324 1557 1369 1598 in
1397 1557 1682 1609 generatidne
1712 1562 1757 1599 et
1783 1569 1912 1610 gene-

1079 1614 1307 1656 rationem.

1131 1669 1385 1712 Descendet
1403 1670 1517 1712 sicut
1531 1670 1682 1724 pliivia
1695 1670 1741 1712 in
1754 1670 1912 1712 vellus:

1080 1729 1103 1754 *
1119 1732 1163 1769 et
1178 1728 1292 1769 sicut
1307 1727 1532 1770 stillicidia
1546 1727 1758 1770 stillantia
1777 1739 1910 1780 super

1079 1789 1253 1826 terram.

1134 1841 1311 1883 Orietur
1344 1841 1389 1883 in
1424 1841 1580 1884 diebus
1613 1842 1704 1894 ejus
1735 1840 1910 1894 justi‘tia,

1081 1902 1124 1939 et
1144 1897 1414 1940 abundantia
1430 1898 1570 1952 pacis:
1588 1899 1612 1926 *
1633 1898 1775 1940 donec
1793 1898 1909 1940 aufe-

1079 1956 1200 1996 ratur
1227 1955 1340 1996 luna.

1131 2011 1188 2053 Et
1230 2011 1529 2054 dominabitur
1561 2025 1587 2054 a
1622 2011 1734 2053 mari
1768 2023 1910 2064 usque

1080 2068 1137 2110 ad
1158 2082 1294 2111 mare:
1320 2070 1344 2097 *
1362 2074 1407 2111 et
1434 2082 1460 2110 a
1484 2068 1663 2111 flamine
1686 2080 1828 2121 usque
1851 2067 1910 2110 ad

1079 2125 1290 2167 terminos
1322 2125 1443 2168 orbis
1471 2128 1700 2180 terrarum.

1131 2182 1291 2223 Coram
1333 2182 1410 2224 illo
1458 2181 1693 2236 prdcident
1738 2181 1910 2223 AEthio-

1079 2251 1175 2291 pes:
1206 2240 1230 2266 *
1262 2244 1305 2281 et
1332 2239 1497 2281 inimici
1521 2240 1612 2292 ejus
1639 2243 1803 2280 terram
1830 2238 1908 2280 lin-

1079 2300 1193 2346 gent.

1130 2352 1276 2404 Reges
1287 2352 1481 2402 Tharsis,
1499 2356 1542 2393 et
1557 2351 1713 2393 insulae
1727 2354 1910 2393 mnnera

1080 2407 1278 2451 offerent:
1306 2411 1330 2436 *
1357 2421 1485 2461 reges
1505 2408 1703 2450 Arabum
1729 2412 1774 2450 et
1792 2407 1909 2449 Saba

1081 2463 1195 2506 dona
1223 2465 1456 2507 addticent
1814 2494 1821 2501 ·

1131 2522 1186 2563 Et
1208 2521 1456 2564 adorabunt
1482 2535 1582 2564 eum
1606 2534 1760 2563 omnes
1779 2533 1907 2573 reges

1080 2582 1224 2620 terrae:
1244 2581 1267 2606 *
1287 2592 1439 2621 omnes
1455 2579 1622 2621 Gentes
1638 2578 1832 2620 servient
1853 2577 1907 2619 ei:

1133 2636 1244 2685 Quia
1273 2636 1480 2678 liberabit
1506 2639 1748 2689 pafiperem
1780 2647 1806 2676 a
1831 2647 1907 2687 po-

1079 2692 1213 2732 tente:
1230 2694 1253 2719 *
1275 2697 1318 2734 et
1337 2696 1588 2746 pasiperem,
1610 2691 1681 2733 cui
1704 2704 1794 2733 non
1813 2695 1908 2734 erat

1080 2746 1262 2799 adjsitor.
