2040 2976
203 210 268 245 168

701 209 801 242 Infra
828 208 1011 241 Octavam
1037 206 1222 249 Corporis
1246 204 1401 239 Christi.

201 306 293 347 lunt
316 308 461 346 vivere
487 303 542 346 de
565 304 728 356 Spiritu
748 303 916 345 Christi.
956 303 1023 343 De

202 362 363 414 Spiritu
383 360 541 402 Christi
564 373 653 401 non
676 360 798 409 vivit,
826 358 907 399 nisi
931 371 1023 400 cor·

201 431 283 470 pus
304 417 472 459 Christi.
503 417 735 467 Intelligite
755 416 910 457 fratres
929 415 1024 464 mei,

202 473 305 525 quid
330 472 524 515 dixerim.
568 474 716 515 Homo
742 485 803 522 eS‚
836 477 879 513 et
903 471 1023 524 spiri-

200 535 292 571 tum
311 529 457 579 habes,
478 534 521 571 et
540 542 700 582 corpus
719 528 866 570 habes
894 527 1024 580 Spiri-

200 591 291 626 tum
312 585 422 634 dico,
443 599 541 638 quae
563 585 705 627 anima
723 587 915 634 vocatur,
941 596 1026 635 qua

201 647 376 683 constas
414 641 534 694 quod
570 641 702 683 homo
745 654 806 683 es:
851 644 1025 682 constas
1083 661 1093 664 -

201 698 315 739 enim
335 711 389 739 ex
408 698 561 748 anima,
584 703 626 739 01
646 700 843 750 corpore.
875 695 1025 738 Habes

202 754 315 795 enim
338 755 538 807 spiritum
560 753 836 803 invisibilem,
865 765 1026 805 corpus

201 809 382 851 visibile.
414 810 497 851 Dic
515 809 634 860 mihi,
662 808 766 862 quid
786 822 839 851 ex
860 821 947 861 quo
966 808 1025 849 vi-

201 864 296 908 vat?
320 866 504 919 Spiritus
523 871 623 908 tuus
641 866 747 907 vivu't
767 878 821 907 ex
840 867 1026 918 corpore

201 927 290 972 tuo,
306 935 359 963 an
375 935 535 975 corpus
550 928 671 964 tuum
688 935 741 963 ex
757 922 910 974 spiritu
925 919 1026 963 tuo?

202 978 460 1031 Respondet
493 979 649 1028 omnis,
690 978 763 1030 qui
795 978 915 1019 vivit:
956 976 1029 1029 qui

204 1040 348 1076 autem
367 1034 453 1076 hoc
475 1048 562 1076 non
582 1040 730 1088 potest
749 1032 1029 1087 respondere,

203 1091 351 1132 nescio
389 1091 425 1132 si
461 1091 578 1133 vivit.
640 1091 754 1141 Quid
790 1089 1030 1143 respondet

205 1147 358 1197 omnis,
393 1147 466 1198 qui
496 1145 626 1189 vivit?
673 1147 844 1200 Corpus
878 1146 1029 1199 utique

204 1216 348 1244 meum
379 1203 486 1245 vivit
518 1203 573 1245 de
606 1204 761 1257 spiritu
792 1216 903 1245 meo.
948 1203 1030 1245 Vis

205 1272 309 1310 ergo
337 1265 379 1301 01
404 1265 452 1301 111
477 1262 623 1301 vivere
648 1259 703 1302 de
727 1260 889 1313 Spiritu
910 1259 1028 1302 Chri-

204 1314 283 1357 sti?
311 1316 361 1356 In
380 1318 566 1368 corpore
588 1322 683 1358 esto
704 1316 874 1358 Christi.

258 1371 309 1422 R.
331 1372 448 1414 Misit
466 1385 535 1414 me
554 1373 716 1414 vivens.
734 1374 822 1414 154.

505 1431 654 1472 Lectio
675 1431 728 1471 ix.

205 1482 480 1588 Numquid
499 1490 613 1530 enim
633 1503 793 1543 corpus
812 1503 957 1532 meum
972 1490 1030 1531 vi-

306 1545 369 1586 vit
389 1544 443 1586 de
463 1546 618 1598 spiritu
635 1545 734 1588 tuo?
759 1547 906 1588 Meum
925 1547 1031 1589 vivit

206 1599 260 1642 de
280 1601 434 1652 spiritu
452 1615 567 1652 meo,
594 1608 637 1644 et
659 1609 782 1645 tuum
802 1602 856 1645 de
876 1604 1031 1657 spiritu

206 1662 294 1698 tuo.
349 1657 450 1698 Non
494 1663 643 1710 potest
677 1661 823 1702 vivere
870 1673 1030 1713 corpus

207 1712 380 1762 Christi,
403 1714 484 1755 nisi
504 1714 559 1756 de
577 1715 740 1768 Spiritu
761 1717 930 1759 Christi.
964 1718 1030 1757 In-

206 1768 261 1810 de
281 1774 361 1819 est,
382 1770 500 1821 quod
520 1774 743 1824 exponens
763 1773 890 1815 nobis
909 1773 1028 1826 Apo-

206 1824 344 1866 stolus
371 1826 530 1868 Paulus
559 1827 674 1870 hunc
701 1842 872 1881 panem:
909 1830 1030 1872 Unus

206 1881 348 1934 panis,
374 1883 530 1936 inquit,
563 1898 695 1926 unum
721 1899 882 1939 corpus
907 1887 1030 1928 multi

207 1952 365 1979 sumus.
394 1940 431 1981 O
452 1944 770 1985 sacramentum
787 1944 979 1996 pietatis,
1004 1957 1030 1985 0

207 1994 376 2045 signum
403 1998 597 2049 unitatis,
626 2012 652 2041 o
680 2000 900 2042 vinculum
926 2001 1030 2042 cari-

206 2050 324 2114 tatis!
365 2052 449 2102 Qui
476 2054 569 2096 vult
596 2058 759 2107 vivere,
791 2056 924 2099 habet
954 2056 1030 2098 ubi

206 2112 341 2157 vivat,
367 2107 499 2151 habet
522 2110 636 2153 unde
656 2112 783 2154 vivat.
823 2112 1029 2163 Accedat,

207 2161 367 2213 credat,
386 2164 699 2218 incorporetur,
715 2174 762 2210 ut
778 2169 1030 2211 vivificetur.

206 2217 307 2259 Non
340 2219 573 2264 abhorreat
606 2236 631 2264 a
659 2227 872 2278 compage
900 2239 1030 2267 mem-

206 2273 403 2326 brorum,
436 2291 522 2319 non
550 2279 605 2321 sit
632 2287 760 2332 putre
788 2283 1031 2324 membrum

208 2330 327 2394 quod
360 2335 548 2375 resecari
579 2340 815 2387 mereatur,
857 2351 944 2380 non
976 2339 1031 2381 sit

207 2385 452 2438 d1stortum,
472 2389 526 2431 de
544 2404 630 2443 quo
647 2393 942 2436 erubescatur.
966 2395 1031 2436 Sit

206 2442 451 2494 pulchrum,
490 2446 545 2488 sit
579 2454 744 2500 aptum,
777 2450 832 2492 sit
864 2463 1031 2491 sanum:

206 2498 372 2541 haereat
391 2503 577 2554 corpori,
596 2504 714 2546 vivat
734 2505 829 2546 Deo
850 2505 904 2547 de
922 2507 1031 2548 Deo.

206 2554 334 2597 Nunc
364 2556 535 2600 laboret
567 2559 610 2599 in
636 2566 769 2611 terra,
801 2567 848 2603 ut
875 2565 1029 2614 postea

207 2616 359 2662 regnet
378 2613 421 2652 in
441 2614 568 2656 coelo.

266 2665 324 2709 Te
343 2668 485 2710 Deum
503 2670 743 2713 laudamus.
762 2674 820 2713 13.

1271 299 1455 336 Feria
1483 299 1714 337 Tertia.

1318 357 1367 396 In
1393 356 1423 395 Ι.
1452 355 1674 395 Nocturno.

1217 412 1282 453 De
1301 412 1414 454 libro
1432 412 1576 466 primo
1596 413 1778 464 Regum.

1184 469 1338 509 Lectio
1357 468 1382 507 i.
1644 467 1746 519 Cap.
1767 468 1804 507 6.

1196 526 1259 567 uit
1278 538 1383 577 ergo
1403 538 1504 567 arca
1518 525 1696 567 Domini
1708 526 1752 567 in
1768 525 1906 577 regio-

1212 595 1266 624 ne
1320 581 1679 624 Philisthinomm
1736 587 1907 635 septem

1172 655 1175 657 ¹
1211 638 1446 682 mensibus,
1465 640 1521 681 Et
1531 641 1799 681 vocaverunt
1808 638 1905 680 Phi·
1934 637 1945 651 “

1078 694 1258 736 listhiim
1282 695 1536 738 sacerdotes
1561 701 1605 737 et
1629 695 1819 746 divinos,
1845 693 1907 737 di-

1081 753 1245 793 centes:
1264 751 1381 803 Quid
1398 752 1606 794 faciemus
1625 752 1680 794 de
1700 765 1802 794 3103
1819 752 1907 793 Do-

1080 807 1207 849 mini?
1235 809 1427 851 indicate
1449 808 1577 851 nobis
1602 808 1826 861 quomodo
1845 821 1908 850 10-

1080 866 1304 907 mittamus
1324 878 1421 907 eam
1439 866 1481 906 in
1500 865 1647 908 locum
1666 879 1803 907 suum.
1826 865 1910 915 Qui

1081 921 1299 964 dixerunt:
1329 923 1374 964 Si
1405 922 1624 964 remittitis
1656 935 1803 964 arcam
1825 921 1911 963 Dei

1080 978 1236 1029 Israel,
1277 978 1413 1021 nolite
1451 977 1671 1020 dimittere
1710 991 1807 1020 eam
1837 979 1910 1020 va-

1082 1048 1226 1086 cuam,
1259 1035 1339 1077 sed
1368 1034 1489 1088 quod
1517 1035 1705 1085 debetis,
1739 1033 1911 1077 reddite

1083 1092 1123 1133 ei
1140 1105 1223 1145 pro
1242 1094 1441 1145 peccam,
1461 1097 1504 1134 et
1523 1097 1627 1134 tunc
1642 1091 1911 1134 curabimini:

1084 1154 1126 1190 et
1158 1149 1306 1191 scietis
1339 1161 1474 1201 quare
1502 1161 1591 1190 non
1618 1146 1797 1190 recedat
1823 1160 1910 1190 ma-

1082 1219 1164 1247 nus
1184 1207 1275 1259 ejus
1295 1218 1320 1247 a
1338 1205 1475 1248 vobis.
1509 1207 1560 1259 Rz.
1585 1205 1803 1247 Imolabit.
1822 1205 1912 1246 149.

1395 1263 1547 1304 Lectio
1566 1263 1606 1303 ii.
1684 1306 1689 1313 ,Ἰ

1088 1298 1274 1424 Quare
1307 1320 1555 1371 aggravatis
1589 1317 1725 1361 corda
1755 1323 1912 1369 vestra,

1187 1376 1300 1419 sicut
1325 1376 1580 1428 aggravavit
1604 1376 1842 1429 AEgthuffi
1869 1379 1914 1417 et

1082 1433 1256 1475 Pharao
1268 1446 1345 1476 cor
1356 1431 1506 1475 suum?
1522 1445 1666 1475 nonne
1675 1437 1913 1486 postquam

1083 1493 1321 1542 percussus
1341 1495 1423 1541 est,
1447 1495 1552 1532 tunc
1571 1488 1735 1532 dimisit
1754 1501 1846 1540 eos,
1869 1493 1914 1546 01

1084 1545 1307 1588 abierunt?
1355 1546 1484 1587 Nunc
1517 1558 1622 1597 ergo
1655 1545 1837 1599 arripite
1869 1549 1914 1587 et

1083 1601 1214 1644 facite
1239 1602 1486 1656 plaustrum
1509 1614 1673 1644 novum
1694 1615 1843 1643 unum:
1870 1606 1914 1644 et

1084 1658 1194 1702 duas
1213 1671 1371 1701 vaccas
1390 1659 1535 1709 foetaS,
1563 1657 1722 1710 quibus
1739 1670 1830 1700 non
1848 1663 1915 1700 est

1083 1715 1337 1769 impositum
1355 1716 1521 1768 jugum,
1547 1715 1710 1767 jungite
1730 1714 1775 1755 in
1793 1714 1913 1768 plau-

1084 1777 1195 1822 stro,
1237 1776 1281 1813 et
1315 1770 1529 1813 rechidite
1565 1770 1727 1813 vitulos
1763 1773 1914 1813 earum

1085 1828 1216 1871 domi.
1251 1827 1526 1880 Tolletisque
1552 1840 1700 1869 arcam
1725 1827 1912 1878 Domini,

1084 1891 1128 1927 et
1146 1885 1321 1938 ponetis
1345 1885 1388 1925 in
1406 1884 1622 1937 plaustro,
1648 1888 1692 1926 et
1711 1896 1818 1926 vasa
1837 1887 1908 1926 au-

1083 1954 1169 1992 rea,
1189 1954 1288 1994 quae
1307 1940 1557 1982 exsolvistis
1577 1940 1617 1982 ei
1636 1953 1717 1993 pro
1736 1939 1910 1990 delicto,

1083 1998 1258 2051 ponetis
1276 1997 1320 2038 in
1340 1996 1578 2050 capsellam
1595 1995 1652 2038 ad
1670 1996 1784 2038 latus
1803 1997 1910 2049 ejus:

1084 2059 1128 2096 et
1146 2053 1350 2096 dimittite
1369 2066 1467 2095 eam
1484 2058 1533 2094 ut
1551 2051 1694 2095 vadat.
1721 2053 1779 2095 Et
1798 2052 1909 2106 aspi—

1084 2110 1221 2152 cietis:
1253 2114 1297 2151 et
1328 2109 1365 2150 si
1397 2107 1574 2161 quidem
1605 2121 1685 2162 per
1715 2109 1831 2151 viam
1861 2109 1908 2150 fi-

1083 2167 1202 2208 nium
1246 2167 1426 2207 suorum
1467 2163 1715 2207 ascenderit
1757 2170 1911 2208 contra

1083 2222 1358 2272 Bethsames‚
1394 2221 1490 2274 ipse
1527 2220 1629 2263 fecit
1665 2221 1792 2263 nobis
1824 2221 1910 2264 hoc

1082 2279 1245 2321 malum
1262 2276 1443 2330 grande3
1462 2277 1527 2318 sin
1547 2282 1703 2328 autem,
1721 2278 1910 2320 minime:

1084 2336 1271 2377 sciemus
1308 2334 1409 2387 quia
1446 2335 1726 2386 nequaquam
1757 2347 1910 2375 manus

1083 2393 1175 2444 ejus
1199 2390 1342 2442 tetigit
1367 2402 1464 2440 nos,
1502 2389 1581 2431 sed
1609 2403 1713 2431 casu
1739 2389 1909 2432 accidit.

1084 2448 1299 2489 Fecerunt
1317 2459 1422 2497 ergo
1442 2445 1504 2486 illi
1522 2445 1608 2487 hoc
1627 2445 1774 2489 modo.
1819 2488 1823 2492 ,

1142 2504 1192 2555 Rz.
1213 2502 1475 2545 Comedetis.
1494 2503 1583 2543 149.

1390 2557 1543 2598 Lectio
1562 2556 1617 2596 iii.

1134 2615 1240 2657 bant
1271 2621 1416 2658 autem
1447 2615 1491 2656 in
1523 2614 1736 2657 directum
1763 2626 1910 2655 vaccae

1141 2685 1221 2723 per
1240 2672 1366 2721 viam,
1386 2684 1486 2723 quae
1507 2670 1627 2713 ducit
1640 2669 1910 2719 Bethsames‚

1085 2732 1127 2768 et
1153 2728 1305 2770 itinere
1336 2740 1423 2770 uno
1454 2725 1783 2779 gradiebantur,
1814 2738 1910 2778 per-
