2040 2976
199 213 246 258 [4]
790 207 999 242 Commune

229 308 311 358 Qui
328 306 492 360 templa
512 305 612 347 coeli
633 303 846 352 clauditis,

277 365 495 415 Serasque
513 361 649 404 verbo
670 360 850 410 solvitis,

277 421 371 462 Nos
391 433 416 461 a
435 421 561 462 reatu
580 418 736 460 ndxios

277 477 398 519 Solvi
416 476 573 529 jubete,
603 477 864 528 quaesumus.

233 549 458 600 Praecepta
477 558 663 599 quorum
679 544 882 597 pr6tinus

279 606 484 656 Languor
505 602 712 654 salusque
731 600 937 642 sentiunt:

278 662 439 704 SanAte
458 664 628 702 mentes
646 657 893 709 languidas:

280 719 452 770 Augete
471 730 553 758 nos
572 714 817 757 virtutibus.

234 790 297 838 I't,
325 801 424 829 cum
443 786 606 828 redibit
625 784 788 826 arbiter

281 846 331 886 In
351 844 438 886 fine
459 842 659 885 Christus
679 839 838 890 saeculi,

280 901 375 943 Nos
395 898 649 952 sempiterni
668 896 815 948 gaudii

283 956 507 1000 Concedat
527 968 623 997 esse
644 956 885 1006 compotes,

238 1028 361 1077 Patri,
389 1025 603 1078 simulque
621 1023 745 1074 Filio,

283 1083 471 1136 Tibique
491 1086 641 1123 sancte
661 1080 859 1133 Spiritus,

282 1141 403 1182 Sicut
417 1139 507 1189 fuit,
536 1138 591 1179 sit
606 1137 761 1190 jugiter
824 1185 827 1187 ,

283 1196 470 1239 Saeclum
485 1208 564 1249 per
576 1206 703 1236 omne
714 1193 863 1244 gloria.
878 1192 1032 1234 Amen.

256 1253 304 1304 Y.
335 1259 386 1298 In
414 1270 589 1298 omnem
616 1260 779 1297 terram
807 1254 940 1296 exivit
965 1265 1032 1294 so-

206 1328 287 1356 nus
307 1316 469 1356 eorum.
488 1313 538 1365 Rv.
561 1313 619 1354 Et
632 1312 676 1353 in
691 1311 800 1353 fines
816 1310 935 1352 orbis
949 1314 1033 1352 ter-

206 1385 267 1413 rae
286 1370 422 1413 verba
441 1372 604 1411 eorum.

262 1433 328 1473 Ad
358 1430 530 1481 Magnis.
560 1432 658 1471 Ant.
695 1428 892 1471 Tradent
920 1427 1034 1470 enim

207 1501 287 1530 vos
313 1488 337 1514 *
364 1488 409 1528 in
437 1486 643 1537 conciliis,
672 1491 716 1528 et
737 1486 782 1527 in
801 1484 1035 1538 synagogis

209 1546 297 1586 suis
317 1543 601 1595 flagellabunt
619 1556 711 1593 vos,
731 1547 774 1584 et
793 1546 893 1584 ante
909 1553 1035 1592 reges

210 1607 253 1643 et
279 1600 492 1654 praesides
518 1600 734 1642 ducemini
759 1604 942 1653 propter
965 1611 1035 1640 me

210 1659 251 1700 in
272 1658 569 1700 testimonium
588 1657 683 1707 illis,
712 1662 755 1699 et
775 1655 1002 1698 Gentibus.

317 1728 540 1769 Canticum
562 1727 609 1766 B.
629 1726 777 1767 Mariae
799 1727 918 1777 Virg.

510 1788 626 1822 Lucae
645 1788 671 1822 1.
691 1798 718 1822 e.

211 1835 520 1943 Magnificat
542 1839 567 1865 *
593 1839 736 1880 anima
764 1851 862 1881 mea
886 1839 1036 1880 Domi-

341 1910 460 1938 num:

263 1949 318 1991 Et
343 1948 576 1991 exsultavit
603 1948 782 2001 spiritus
808 1961 932 1991 meus
950 1948 1037 1990 *in

212 2006 308 2048 Deo
329 2006 508 2047 salutari
526 2018 637 2048 meo.

265 2063 375 2113 Quia
393 2062 586 2115 respexit
604 2060 894 2104 humilitatem
909 2062 1038 2104 ancil-

213 2119 267 2160 1ae
283 2132 388 2160 suae:
402 2120 425 2145 *
441 2132 544 2161 eece
564 2119 679 2161 enim
694 2132 749 2161 ex
762 2118 847 2161 hoc
862 2119 1038 2161 beatam

213 2188 283 2217 me
303 2175 450 2217 dicent
469 2188 621 2217 omnes
640 2176 958 2227 generationes.

266 2231 377 2282 Quia
387 2232 489 2274 feeit
504 2231 609 2273 mihi
623 2245 781 2283 magna
793 2233 867 2285 qui
881 2237 1039 2286 potens

214 2293 294 2330 est:
313 2288 336 2314 *
356 2293 400 2330 et
419 2293 617 2330 sanctum
635 2301 794 2331 nomen
814 2290 915 2342 ejus.

265 2344 322 2386 Et
344 2344 643 2386 misericordia
667 2346 758 2397 ejus
782 2358 808 2387 a
830 2348 1040 2399 progenie

215 2403 258 2443 in
277 2401 510 2454 progenies
529 2401 553 2427 *
571 2401 827 2444 timentibus
847 2416 958 2445 eum.

266 2457 390 2500 Fecit
405 2457 648 2511 potentiam
662 2458 706 2499 in
715 2458 897 2501 brachio
911 2473 1007 2502 suo:
1018 2462 1041 2489 *

216 2513 423 2566 dispersit
432 2513 801 2567 superbosmente
809 2516 955 2558 cordis
964 2517 1041 2558 sui.

267 2570 485 2624 Deposuit
507 2572 713 2623 potentes
733 2571 788 2613 de
809 2572 928 2623 sede,
947 2575 972 2602 *
999 2579 1043 2616 et

217 2627 426 2670 exaltavit
444 2626 641 2668 humiles.

268 2684 523 2726 Esurientes
549 2683 748 2737 implevit
775 2684 920 2726 bonis:
947 2687 971 2712 *
1000 2692 1043 2728 et

219 2741 376 2785 divites
397 2740 562 2785 dimisit
579 2740 742 2783 inanes.

1027 205 1314 249 Apostolorum,

1130 298 1331 351 Suscepit
1357 295 1494 339 Israel
1518 298 1704 349 puerum
1728 308 1867 344 suum,
1885 294 1909 320 *

1079 355 1338 399 recordatus
1357 351 1675 395 misericordiae
1694 364 1798 393 suae.

1132 413 1253 455 Sicut
1280 411 1454 453 locutus
1483 414 1551 452 est
1578 408 1635 451 ad
1659 413 1810 462 patres
1834 419 1910 449 no-

1081 476 1206 520 stros,
1225 470 1248 495 *
1268 467 1504 517 Abraham,
1523 470 1567 509 et
1584 465 1738 508 semini
1757 466 1848 518 ejus
1866 464 1910 506 in

1082 527 1253 569 saecula.

1134 584 1286 626 Gloria
1304 583 1436 625 Patri.

1138 647 1181 679 Et
1204 643 1390 687 repetitur
1413 642 1652 686 Antiphona.

1134 697 1266 732 Oratio
1284 695 1454 740 propria.

1247 764 1334 807 Ad.
1360 762 1750 804 matutinum.
1812 817 1814 820 y

1139 829 1261 870 Invit.
1290 828 1456 877 Regem
1478 823 1800 878 Apostolorum
1823 823 1912 864 Do-

1082 886 1259 934 minum,
1282 884 1304 907 *
1330 883 1490 925 Venite
1511 881 1759 924 adoremus.

1130 947 1202 1001 Ps.
1240 945 1402 994 Venite,
1432 943 1709 986 exsultemus.
1732 943 1770 984 2.

1394 1020 1603 1071 Hymnus.

1288 1086 1414 1128 terna
1434 1083 1596 1126 Christi
1614 1086 1807 1132 munera,

1315 1141 1636 1195 Apostolorum
1653 1140 1850 1192 gloriam,

1214 1199 1390 1241 Palmas
1409 1203 1453 1240 et
1470 1198 1659 1251 hymnos
1679 1196 1855 1239 debitos

1215 1256 1352 1298 Laetis
1373 1256 1580 1297 canamus
1599 1251 1831 1295 mentibus}

1167 1321 1466 1364 Ecclesiarum
1484 1319 1725 1372 Principes,
1856 1362 1864 1369 ,

1216 1378 1330 1420 Belli
1349 1375 1640 1430 triumphales
1660 1375 1806 1424 duces

1216 1434 1420 1477 Coelestis
1441 1433 1553 1475 aulae
1571 1433 1744 1483 milites,

1219 1493 1276 1534 Et
1295 1504 1401 1534 vera
1418 1489 1573 1532 mundi
1589 1489 1766 1531 lumina.

1167 1558 1341 1599 Dev6ta
1359 1557 1613 1598 sanctorum
1631 1554 1756 1605 fides,

1219 1615 1391 1656 Invicta
1410 1625 1513 1666 spes
1532 1611 1817 1662 credentium,

1221 1670 1424 1712 Perfecta
1443 1668 1606 1711 Christi
1625 1668 1786 1710 caritas

1219 1726 1374 1769 Mundi
1392 1728 1628 1779 tyrannum
1647 1724 1847 1767 conterit.

1170 1796 1221 1835 In
1239 1792 1308 1834 his
1326 1792 1518 1834 Paterna
1535 1791 1686 1843 gloria,

1219 1851 1271 1891 In
1289 1849 1358 1890 his
1375 1847 1619 1902 triumphat
1635 1847 1783 1897 Fssius,

1220 1907 1271 1948 In
1290 1906 1358 1947 his
1376 1905 1581 1947 voluntas
1600 1904 1802 1958 Spiritus,

1222 1963 1394 2006 Coelum
1412 1962 1608 2016 repletur
1626 1961 1801 2013 gaudio.

1175 2029 1305 2079 Patri,
1333 2028 1551 2080 simulque
1569 2027 1694 2078 Filio,

1221 2085 1413 2138 Tibique
1433 2089 1584 2126 sancte
1603 2084 1803 2138 Spiritus,

1219 2143 1341 2185 Sicut
1360 2142 1451 2192 fuit,
1480 2142 1537 2183 sit
1555 2142 1712 2194 jugiter

1222 2199 1410 2242 Saeclum
1429 2212 1509 2252 per
1529 2211 1659 2241 omne
1677 2197 1827 2250 gloria.

1455 2255 1609 2298 Amen.

1330 2333 1379 2371 In
1407 2332 1437 2371 .
1465 2331 1688 2371 Nocturno.

1146 2397 1244 2437 Ant.
1274 2397 1322 2436 In
1347 2408 1522 2437 omnem
1549 2399 1713 2437 terram
1740 2395 1764 2422 *
1793 2393 1926 2436 exivit

1095 2466 1228 2495 sonus
1239 2453 1403 2503 e6rum,
1419 2457 1463 2494 et
1475 2452 1518 2493 in
1535 2452 1646 2494 fines
1661 2451 1781 2494 orbis
1795 2456 1925 2494 terrae

1096 2510 1232 2552 verba
1251 2511 1416 2551 eorum.

1370 2568 1569 2610 Psalmus
1588 2570 1646 2610 18.

1099 2633 1288 2696 yfffoeli
1321 2634 1526 2674 enarrant
1556 2631 1742 2683 glotiam
1768 2630 1871 2680 Dei,
1903 2630 1926 2656 *

1099 2699 1104 2735 1
1123 2686 1194 2743 ,,,-
1204 2687 1207 2728 l
1227 2695 1271 2731 et
1286 2692 1422 2742 (Spera
1435 2690 1643 2730 manuum
1659 2689 1750 2739 ejus
1765 2690 1926 2729 annun-

1100 2734 1202 2775 [-
1227 2746 1306 2789 tiat
1325 2746 1657 2790 firmamentum.
