2040 2976
1732 227 1821 270 [253]

499 237 569 270 Dic
598 237 644 270 1⁴5.
670 236 767 278 Maji.
810 237 844 269 S.
869 235 1031 269 Joannis
1056 235 1316 278 Ncpomuccni
1344 236 1447 269 Mart.

130 342 263 382 supra
292 328 510 370 nascentis
538 327 716 369 domum
746 325 947 367 mirabili-

127 391 194 427 ter
219 383 549 434 collucentibus,
578 387 699 425 ortus
723 387 800 424 est.
841 382 948 423 Cum

127 441 267 483 infans
290 441 334 482 in
358 453 536 492 gravem
558 438 760 481 morbum
778 437 948 479 incidis-

129 502 206 547 set,
223 497 368 539 beatae
386 496 579 547 Virginis
599 507 694 548 ope,
715 494 783 536 cui
801 499 950 536 natum

128 555 333 607 parentes
369 552 614 594 referebant
646 552 891 603 acceptum,
926 563 949 591 e

129 609 232 651 vitae
279 608 476 662 periculo
525 607 664 649 evasit
711 606 950 648 incolumis.

128 665 315 716 Egregia
330 664 487 714 indole,
506 663 667 717 piaque
681 662 949 704 institutione

129 721 380 764 coelestibus
399 719 567 762 indiciis
587 719 866 771 obsequente,
891 719 950 759 in-

129 783 196 820 ter
215 782 387 819 sanctas
409 775 721 827 religiosasque
745 774 949 816 exercita-

128 834 269 876 tiones
296 832 526 886 pueritiam
554 832 657 882 egit;
689 844 790 872 nam
817 831 950 872 eccle-

131 890 238 932 siam
256 889 505 941 frequenter
525 887 660 938 adire,
679 900 730 928 ac
750 887 950 928 sacerdo-

129 945 247 988 tibus
261 944 317 987 ad
332 957 430 986 aras
445 944 728 997 operantibus
739 943 951 984 ministra-

129 1014 176 1043 re
200 1002 244 1042 in
269 1001 434 1043 deliciis
458 999 659 1042 habebat.
692 999 856 1041 Zatecii
875 1012 951 1051 po-

130 1057 347 1099 litioribus
374 1056 530 1098 litteris
558 1054 615 1097 ad
641 1056 951 1097 humanitatem

129 1114 406 1161 informatus,
433 1113 587 1163 Pragae
613 1125 719 1154 vero
747 1111 952 1163 graviori-

128 1169 211 1212 bus
243 1168 483 1221 disciplinis
516 1168 728 1218 excultus,
761 1167 963 1220 philoso-¹

130 1225 263 1279 phiae,
285 1224 534 1276 theologiae,
555 1227 866 1275 sacrorumque
886 1226 952 1265 ca-

131 1295 293 1323 nonum
335 1281 633 1332 magisterium
677 1286 720 1322 et
760 1280 952 1321 lauream

132 1338 325 1380 emeruit.
365 1336 620 1379 Sacerdotio
652 1337 861 1386 initiatuS,
893 1341 952 1378 at-

133 1406 218 1447 que
243 1407 268 1435 a
293 1394 473 1436 scientia
492 1395 741 1435 sanctorum
760 1392 816 1434 ad
834 1392 954 1434 lucra

132 1451 371 1492 animarum
398 1450 481 1492 rite
511 1452 806 1502 comparatus,
833 1448 953 1489 mini-

132 1507 265 1548 sterio
280 1506 403 1548 verbi
417 1506 501 1547 Dei
520 1518 568 1547 se
585 1506 759 1558 penitus
777 1504 953 1547 addixit.

133 1563 242 1604 Cum
267 1563 397 1614 igitur
430 1562 474 1603 in
500 1562 617 1604 vitiis
646 1560 953 1614 exstirpandis,

133 1623 177 1661 et
203 1618 463 1661 revocandis
498 1618 542 1659 in
568 1618 683 1659 viam
711 1617 863 1659 salutis
892 1630 954 1658 er-

132 1674 339 1726 rantibus,
355 1675 603 1727 eloquentia
617 1679 661 1716 et
674 1674 838 1727 pietate
852 1673 953 1715 ube-

133 1744 204 1773 res
224 1731 374 1773 ederet
391 1731 573 1780 fructus,
591 1731 702 1772 inter
722 1730 956 1784 canonicos

133 1787 483 1840 metropolitanae
507 1787 703 1829 ecclesiae
725 1786 955 1837 Pragensis

135 1846 390 1897 cooptatus,
412 1856 517 1885 mox
541 1843 624 1885 sibi
648 1842 956 1885 demandatam

134 1900 360 1952 Evangelii
388 1913 536 1942 coram
561 1913 665 1951 rege
692 1898 955 1942 Wenceslao

136 1961 291 2008 quarto
305 1956 574 2009 praedicandi
583 1956 853 2009 provinciam
867 1968 956 1996 sus-

137 2013 269 2065 cepit,
319 2025 373 2054 eo
418 2015 640 2063 successu,
689 2017 738 2054 ut
777 2013 802 2053 J
805 2011 957 2054 oannis

138 2071 270 2110 suasu
300 2068 436 2111 multa
462 2081 541 2111 rex
567 2069 748 2119 faceret,
782 2070 956 2118 magno-

138 2137 223 2177 que
247 2125 291 2166 in
314 2124 481 2168 honore
507 2126 597 2178 ejus
622 2126 805 2167 virtutes
829 2124 958 2166 habe-

138 2186 216 2223 ret.
261 2182 531 2235 Conspicuas
558 2187 721 2233 tamen,
752 2194 859 2234 quas
886 2181 958 2222 ille

138 2237 297 2280 obtulit
316 2238 558 2290 dignitates,
577 2239 661 2281 Dei
679 2251 842 2288 servus,
860 2250 914 2279 ne
934 2251 959 2278 a

139 2293 274 2336 divini
296 2294 419 2336 verbi
441 2295 665 2348 praeconio
691 2296 958 2344 avocaretur,

140 2351 489 2393 constantissime
508 2351 737 2393 recusavit.

191 2406 240 2457 R.
266 2407 512 2448 Honestum
536 2407 639 2449 fecit
664 2407 785 2448 illum
810 2406 957 2447 Domi-

137 2477 232 2515 nus,
259 2469 302 2505 et
320 2463 554 2506 custodivit
573 2477 671 2506 eum
690 2463 744 2506 ab
764 2462 959 2511 inimicis,

140 2525 184 2561 et
211 2533 237 2561 a
264 2519 568 2562 seductoribus
593 2520 752 2562 tutavit
774 2519 909 2560 illum:
934 2518 955 2541 *

138 2576 195 2617 Et
226 2575 346 2617 dedit
376 2575 438 2616 illi
471 2576 710 2618 claritatem
741 2577 958 2616 aeternam.

139 2623 190 2675 V·
225 2630 551 2684 Descenditque
583 2645 682 2674 cum
712 2631 788 2672 illo
824 2631 867 2671 in
898 2630 958 2670 fo-

139 2700 276 2737 veam,
296 2692 339 2729 et
356 2688 400 2728 in
418 2689 600 2730 vinculis
619 2701 707 2729 non
728 2686 960 2738 dereliquit

142 2757 251 2786 eum.
276 2744 333 2786 Et
352 2744 473 2787 dedit
491 2745 562 2786 illi.

1313 332 1461 372 Lectio
1487 347 1520 371 v.

1087 381 1192 431 egiis
1210 381 1330 422 illum
1351 380 1637 432 eleemosynis
1657 381 1699 421 in
1718 384 1820 433 pau·
1880 392 1889 403 ⁸

1102 450 1230 489 peres
1277 437 1506 488 erogandis
1551 437 1821 489 praefectum,

1001 494 1026 534 J
1029 495 1169 535 oanna
1219 495 1367 544 regina
1417 493 1694 535 conscientiae
1740 493 1823 534 sibi

1001 548 1325 590 moderatorem
1344 549 1508 590 ascivit.
1544 549 1652 590 Cum
1678 555 1823 591 autem

1002 605 1288 647 Wenceslaus
1305 605 1358 647 ab
1375 605 1519 646 officio
1537 605 1823 657 institutoque

1004 661 1276 710 decessisset,
1294 666 1424 713 atque
1443 661 1486 702 in
1501 661 1606 702 vitia
1623 675 1823 714 praeceps

1003 717 1292 770 abriperetur,
1327 717 1412 770 piae
1449 722 1594 758 autem
1630 718 1824 770 conjugis

1004 773 1319 815 obtestationes
1361 779 1403 815 et
1444 774 1609 814 monita
1644 776 1824 824 gravate

1004 831 1150 880 ferret,
1175 829 1439 871 contendere
1458 843 1588 871 ausus
1608 835 1688 880 est,
1714 835 1762 871 ut
1782 830 1825 870 in

1005 886 1305 927 sacramentali
1323 885 1481 938 judicio
1502 886 1721 927 sacerdoti
1738 888 1824 927 cre-

1005 942 1096 984 dita
1120 944 1283 994 reginae
1315 944 1473 983 arcana
1500 941 1582 983 sibi
1607 955 1632 982 a
1657 942 1681 982 J
1685 944 1825 983 oanne

1004 998 1308 1051 panderentur.
1329 999 1388 1039 At
1402 998 1486 1039 Dei
1499 998 1695 1039 minister
1709 997 1826 1039 blan-

1005 1054 1122 1096 ditiis
1141 1055 1339 1107 primum,
1359 1055 1587 1095 tormentis
1607 1052 1766 1095 deinde
1785 1059 1828 1096 et
1873 1062 1875 1064 ’

1006 1111 1193 1152 carceris
1226 1110 1430 1162 squalore
1461 1112 1672 1160 tentatus,
1711 1110 1826 1151 nefa-

1005 1167 1081 1208 riae
1106 1167 1221 1218 regis
1247 1167 1476 1219 cupiditati
1501 1166 1671 1208 fortiter
1696 1166 1826 1207 obsti-

1009 1223 1067 1264 tit.
1120 1224 1355 1264 Furentem
1396 1228 1542 1264 tamen
1577 1221 1828 1263 Wenceslai

1009 1279 1196 1320 animum
1221 1292 1319 1320 cum
1345 1278 1398 1320 ab
1433 1277 1702 1319 exsecrando
1728 1290 1826 1343 pro-

1005 1336 1152 1388 posito
1170 1348 1251 1377 nec
1268 1334 1456 1376 humana
1474 1347 1555 1376 nec
1574 1333 1746 1375 divina
1737 1346 1829 1385 jura

1007 1392 1292 1446 deterrerent,
1337 1393 1588 1444 supremum
1633 1392 1827 1441 agonem,

1008 1461 1138 1500 quem
1169 1448 1330 1490 instare
1362 1447 1445 1489 sibi
1477 1447 1642 1488 athleta
1670 1445 1830 1487 Christi

1006 1506 1204 1554 noverat,
1245 1504 1411 1557 populo
1447 1504 1491 1544 in
1527 1503 1737 1544 concione
1775 1501 1829 1543 de

1006 1560 1359 1614 impendentibus
1379 1560 1508 1601 etiam
1523 1559 1645 1610 regni
1660 1558 1829 1599 calami-

1006 1617 1171 1659 tatibus
1217 1615 1459 1666 admonito,
1510 1628 1598 1657 non
1642 1614 1829 1656 obscure

1006 1673 1325 1726 praenuntiavit.
1383 1673 1488 1713 Mox
1537 1671 1831 1713 Boleslaviam

1007 1730 1247 1783 profectus,
1275 1729 1332 1771 ad
1355 1729 1498 1771 beatae
1516 1728 1740 1779 Virginis
1729 1729 1831 1768 lma-

1007 1787 1151 1838 ginem
1170 1788 1349 1838 antiquo
1369 1786 1487 1827 cultu
1502 1784 1727 1834 celebrem,
1747 1796 1831 1825 coe-

1007 1843 1117 1885 leste
1136 1842 1391 1895 praesidium
1410 1841 1466 1883 ad
1485 1840 1740 1883 certandum
1755 1839 1829 1880 bo-

1009 1913 1113 1941 num
1132 1901 1351 1940 certamen
1371 1897 1518 1940 effusis
1535 1895 1767 1949 precibus
1756 1909 1830 1935 1m-

1008 1955 1210 2009 ploravit.
1256 1953 1365 1995 Inde
1397 1956 1582 2006 vespere
1615 1954 1831 1994 reverten-

1009 2017 1098 2054 tem
1117 2012 1161 2052 in
1175 2010 1405 2063 pervigilio
1420 2009 1663 2051 Dominicae
1678 2009 1834 2050 Ascen-

1010 2068 1143 2109 sionis
1171 2080 1249 2109 rex
1277 2079 1301 2108 e
1333 2067 1525 2108 fenestra
1552 2065 1832 2118 conspicatus

1010 2124 1206 2174 arcessit,
1233 2135 1418 2174 cumque
1443 2122 1740 2164 vehementius
1765 2134 1831 2162 ur-

1010 2183 1141 2232 geret,
1161 2184 1205 2221 et
1222 2179 1466 2232 proximam
1483 2178 1527 2219 in
1545 2178 1681 2230 aquis,
1702 2178 1740 2218 si
1759 2177 1832 2219 ob-

1010 2236 1167 2278 luctari
1183 2237 1395 2288 pergeret,
1415 2234 1759 2276 submersionem
1773 2233 1832 2274 in-

1010 2294 1213 2341 tentaret,
1237 2291 1262 2332 J
1264 2293 1427 2332 oannes
1450 2291 1612 2332 invicta
1635 2291 1832 2331 constan-

1010 2350 1071 2391 tia
1115 2349 1308 2390 terrores
1351 2347 1579 2399 minasque
1618 2346 1832 2388 refutavit.

1011 2406 1166 2457 Itaque
1184 2404 1298 2455 regis
1317 2403 1500 2456 imperio
1521 2403 1565 2444 in
1583 2401 1833 2444 Moldavam

1011 2462 1183 2502 flumen.
1202 2460 1388 2510 Pragam
1417 2459 1669 2501 interfluens
1700 2462 1832 2499 noctu

1013 2517 1222 2569 dejectus,
1250 2515 1465 2558 illustrem
1491 2514 1684 2566 martyrii
1709 2515 1831 2555 coro-

1012 2586 1112 2614 nam
1131 2577 1198 2614 est
1216 2575 1488 2614 consecutus.

1064 2629 1113 2679 R.
1146 2627 1422 2670 Desiderium
1453 2627 1606 2669 animae
1640 2626 1729 2676 eius
1761 2625 1832 2666 tri-

1011 2685 1142 2727 buisti
1174 2685 1213 2727 ei
1239 2685 1444 2734 Domine,
1474 2684 1496 2708 ²¹
1527 2683 1583 2724 Et
1610 2681 1833 2723 voluntate

1011 2741 1225 2783 labiorum
1252 2741 1342 2792 ejus
1371 2753 1458 2781 non
1485 2736 1694 2780 fraudasti
1722 2749 1832 2778 eum.
