2040 2976
599 204 668 237 Dic
696 205 743 238 15.
768 205 864 246 Aug.

179 301 457 354 populorum,
477 304 520 341 et
535 299 795 352 principum:
805 299 828 324 *
839 298 1006 346 horum,

182 358 255 409 qui
275 357 448 398 fuerunt
468 356 511 396 in
531 368 593 397 ea.

230 414 349 455 Sicut
369 412 611 454 laetantium
634 411 828 453 emnium
847 412 870 438 *
889 409 1006 451 habi-

179 470 288 511 tatio
309 474 376 511 est
395 470 438 510 in
457 474 512 510 te.

232 538 329 576 Ant.
370 534 492 575 Sicut
530 533 774 575 laetantium
816 531 1007 573 omnium

179 595 378 631 nostrum
398 590 614 632 habitatio
635 595 701 631 est
720 590 763 630 in
781 594 836 638 te,
856 591 1006 629 sancta

179 647 261 688 Dei
282 646 491 687 Genitrix.

230 698 280 751 Ψ.
318 708 561 760 Assumpta
589 711 656 748 est
683 706 820 747 Maria
848 705 891 745 in
920 717 1005 746 coe-

178 763 282 804 lum:
307 764 500 815 gaudent
526 763 693 814 Angeli.
731 764 780 815 R.
806 760 1005 802 Laudan-

181 825 249 862 tes
268 820 534 872 benedicunt
552 820 799 861 Dominum.

181 901 334 940 Sermo
363 899 501 940 sancti
528 899 553 939 J
556 899 709 940 oannis
732 897 1005 938 Damasceni.

285 964 385 998 Orat.
409 966 439 997 2.
466 964 511 996 de
538 962 695 996 Dormit.
722 961 761 995 Β.
787 961 832 994 M.
859 961 900 994 V.

496 1015 584 1053 post
610 1010 687 1043 init.

240 1118 249 1123 -
480 1066 629 1107 Lectio
650 1066 706 1106 ivv

219 1136 261 1184 23³3
317 1127 417 1169 edie
449 1139 572 1168 sacra
607 1132 650 1169 et
682 1127 871 1169 animata
904 1141 1004 1169 arca

221 1181 269 1238 ἦῆ,
305 1202 306 1207 ’
331 1184 414 1225 Dei
440 1184 642 1232 viventis,
676 1196 774 1236 quae
807 1197 934 1225 suum
960 1184 1005 1225 in

226 1238 263 1259 m
332 1244 458 1282 utero
495 1241 699 1293 concepit
736 1240 1004 1290 Creatorem,

178 1296 412 1348 requiescit
430 1297 473 1337 in
492 1298 658 1350 templo
677 1297 863 1346 Demini,
884 1297 1005 1349 quod

177 1352 306 1394 nullis
330 1358 397 1394 est
422 1356 693 1395 exstructum
717 1353 932 1395 manibus:
962 1360 1005 1396 et

177 1408 321 1450 David
341 1409 531 1451 exsultat
550 1411 640 1462 ejus
655 1423 826 1463 parenS,
847 1416 1004 1453 etcum

178 1478 231 1507 eo
273 1465 432 1508 choros
473 1465 637 1508 ducunt
672 1467 848 1519 Augen,
894 1468 1003 1509 cele-

177 1521 304 1564 brant
324 1522 604 1574 Archangeli,
625 1522 828 1566 Virtutes
843 1524 1003 1575 glorifi-

178 1584 293 1629 cant,
318 1579 596 1632 Principatus
616 1581 851 1630 exsultant,
876 1582 1003 1623 Pote-

179 1637 315 1676 states
335 1635 625 1686 collaetantur,
644 1637 837 1689 gaudent
856 1637 1005 1679 Domi-

179 1691 393 1742 nafi6nes,
453 1692 622 1735 Throni
674 1694 835 1736 festum
890 1694 1005 1736 diem

179 1753 327 1798 agunt,
350 1748 531 1791 laudant
550 1749 802 1800 Cherubim,
821 1751 1005 1802 gleriam

179 1804 269 1855 ejus
303 1804 547 1856 praedicant
575 1807 815 1859 seraphim.
859 1807 1006 1850 Hodie

179 1859 302 1902 Eden
330 1862 432 1903 novi
460 1863 605 1904 Adam
632 1864 886 1916 paradisum
913 1868 1004 1906 sus-

179 1918 284 1970 cipit
303 1918 556 1970 animatum,
583 1920 627 1961 in
653 1934 741 1973 quo
768 1922 913 1963 soluta
939 1928 1006 1964 est

179 1974 506 2025 condemnatio,
550 1977 594 2017 in
636 1990 722 2029 quo
759 1978 1005 2031 plantatum

179 2035 247 2072 est
264 2030 427 2082 lignum
446 2033 560 2083 vitae,
580 2033 623 2074 in
644 2047 731 2086 quo
752 2036 907 2087 operta
926 2035 1006 2077 fuit

179 2091 330 2128 nostra
348 2088 532 2130 nuditas.

233 2149 281 2199 R.
303 2148 512 2191 Ornatam
530 2151 765 2193 monilibus
786 2152 920 2195 filiam
938 2153 962 2194 J
965 2166 1004 2195 e-

179 2204 370 2247 rusalem
388 2205 602 2248 Deminus
621 2210 886 2262 concupivit:
906 2210 928 2233 *
949 2210 1005 2252 Et

179 2260 379 2303 videntes
406 2274 503 2303 eam
528 2263 629 2304 filiae
655 2264 776 2315 Sion,
808 2265 1004 2308 beatissi-

179 2330 295 2358 mam
309 2318 669 2370 praedicaverunt‚
690 2320 899 2364 dicentes:
919 2323 1004 2365 Un-

179 2375 388 2425 guentum
436 2374 622 2416 effusum
666 2390 825 2419 nomen
870 2384 1004 2422 tuum.

182 2424 231 2476 V.
258 2430 411 2472 Astitit
434 2434 583 2482 regina
608 2445 633 2472 a
660 2432 825 2476 dextris
851 2436 937 2477 tuis
962 2437 1004 2478 in

181 2488 340 2528 vestitu
373 2486 605 2538 deaurato,
638 2489 905 2533 circumdata
934 2506 1003 2534 va-

180 2543 348 2584 rietate.
376 2543 442 2584 Et.

488 2607 639 2648 Lectio
661 2622 696 2647 v.

182 2662 375 2768 Hedie
407 2669 547 2720 Virgo
581 2670 872 2721 immaculata,
906 2677 1004 2725 qu‘ae

296 2724 424 2766 nullis
460 2727 645 2768 terrenis
680 2727 904 2780 inquinata
939 2736 1006 2771 est

912 204 954 238 In
979 203 1257 245 Assumptionc
1282 202 1322 236 B.
1348 201 1394 235 M.
1419 201 1462 235 V.

1059 294 1302 343 affectibus,
1327 293 1406 335 sed
1427 293 1681 336 coelestibus
1702 292 1889 336 educata

1059 349 1419 402 cogitatienibus,
1447 363 1535 391 non
1562 350 1607 391 in
1633 355 1797 392 terram
1825 362 1888 392 re-

1059 410 1186 450 versa
1210 411 1294 457 est3
1327 405 1421 456 sed,
1454 419 1554 448 cum
1582 411 1700 448 esset
1726 406 1888 454 anima-

1060 470 1151 506 tum
1181 463 1357 512 coelum,
1390 463 1434 504 in
1462 463 1718 513 coelestibus
1745 463 1888 505 taber-

1058 521 1225 562 naculis
1259 520 1514 562 collocatur.
1559 520 1628 561 Ex
1661 532 1748 572 qua
1775 520 1889 561 enim

1059 577 1260 619 Omnibus
1290 589 1394 619 vera
1421 576 1511 618 vita
1538 576 1747 626 manavit,
1783 579 1887 628 quo-

1058 634 1192 676 modo
1221 634 1294 675 illa
1323 639 1512 675 mortem
1539 632 1764 684 gustaret?
1801 633 1889 676 Sed

1059 690 1176 733 cedit
1195 691 1281 741 legi
1300 691 1402 733 latae
1422 690 1477 732 ab
1500 703 1552 732 eo
1574 703 1705 742 quem
1723 690 1889 741 genuit;

1058 752 1102 789 et
1127 753 1175 789 ut
1199 747 1289 788 filia
1317 747 1478 789 veteris
1506 746 1668 797 Adam,
1693 749 1889 788 veterem

1059 804 1321 846 sententiam
1341 803 1489 845 subiit:
1513 805 1629 854 (nam
1648 809 1692 846 et
1712 805 1804 855 ejus
1823 804 1889 845 Fi-

1058 861 1155 911 lius,
1176 862 1249 913 qui
1270 866 1337 902 est
1356 861 1445 902 vita
1465 861 1576 913 ipsa,
1602 873 1699 902 eam
1716 873 1805 902 non
1825 873 1888 902 re-

1058 918 1242 967 cusavit)
1261 922 1309 959 ut
1328 923 1474 959 autem
1493 917 1577 959 Dei
1595 917 1783 959 viventis
1800 917 1888 959 Ma-

1058 979 1143 1024 ter,
1179 974 1237 1016 ad
1272 974 1394 1015 illum
1430 975 1574 1027 ipsum
1607 973 1738 1025 digne
1769 977 1888 1017 assu-

1057 1032 1199 1074 mitur.

1113 1106 1164 1158 Rg.
1186 1102 1370 1143 Beatam
1388 1114 1458 1143 me
1479 1101 1626 1143 dicent
1646 1114 1798 1143 omnes
1817 1114 1888 1152 ge-

1056 1158 1320 1200 neratic'mes:
1349 1162 1371 1186 *
1397 1158 1509 1208 Quia
1536 1158 1640 1200 fecit
1667 1158 1774 1199 mihi
1802 1159 1889 1200 Do-

1057 1215 1199 1256 minus
1231 1227 1389 1266 magna
1422 1215 1498 1267 qui
1528 1220 1688 1268 potens
1721 1220 1805 1265 est,
1845 1222 1890 1258 et

1058 1277 1257 1314 sanctum
1284 1284 1445 1313 nomen
1470 1272 1573 1324 eius.
1611 1268 1661 1319 Υ).
1685 1272 1743 1313 Et
1762 1272 1889 1313 mise-

1057 1327 1247 1370 ricerdia
1271 1329 1362 1380 ejus
1387 1341 1412 1369 a
1435 1328 1648 1381 progenie
1671 1329 1715 1369 in
1733 1330 1889 1381 proge-

1056 1385 1150 1426 nies
1170 1385 1426 1427 timentibus
1444 1397 1554 1426 eum.
1583 1385 1696 1435 Quia
1714 1385 1850 1427 fecit.·

1362 1474 1514 1514 Lectio
1535 1473 1587 1513 vi.

1059 1535 1244 1642 Heva,
1265 1555 1364 1595 quae
1385 1542 1603 1594 serpentis
1618 1542 1890 1594 suggestioni

1162 1602 1388 1642 assensum
1407 1598 1613 1652 praebuit,
1639 1597 1793 1652 partus
1813 1599 1889 1641 do·

1056 1656 1162 1707 lere,
1182 1662 1226 1698 et
1243 1656 1398 1698 mortis
1414 1656 1630 1698 sententia
1645 1655 1888 1706 damnatur,

1059 1718 1103 1755 et
1138 1714 1182 1754 in
1214 1713 1454 1754 inferorum
1486 1712 1731 1754 collocatur
1758 1725 1890 1766 pene-

1058 1769 1254 1812 tralibus.
1278 1770 1405 1811 Hanc
1424 1775 1571 1812 autem
1585 1782 1688 1825 vere
1701 1769 1890 1819 beatam,

1059 1840 1158 1879 quae
1178 1827 1262 1868 Dei
1281 1826 1419 1868 verbo
1445 1839 1572 1868 aures
1595 1827 1819 1879 praestitit,
1846 1832 1891 1869 et

1057 1883 1246 1936 Spiritus
1271 1883 1412 1925 sancti
1437 1884 1695 1936 operatiene
1718 1883 1889 1937 repleta

1058 1946 1141 1990 est,
1175 1946 1318 1994 atque¹
1340 1940 1398 1982 ad
1422 1940 1691 1992 Archangeli
1718 1937 1888 1993 spirita-

1057 1997 1144 2038 lem
1174 1996 1502 2047 salutationem,
1537 1997 1630 2038 sine
1657 1996 1888 2050 voluptate

1058 2058 1102 2095 et
1120 2053 1234 2094 virili
1253 2053 1489 2103 consortio,
1507 2053 1592 2095 Dei
1610 2053 1769 2095 Fffium
1788 2066 1887 2096 con-

1057 2111 1189 2163 cepit,
1218 2115 1262 2153 et
1285 2111 1379 2152 sine
1403 2111 1559 2153 dolere
1583 2110 1732 2163 aliquo
1755 2112 1888 2164 pepe·
1919 2123 1922 2126 ’
1966 2149 1970 2152 .

1057 2167 1128 2216 rit,
1158 2180 1210 2209 ac
1238 2173 1379 2209 totam
1404 2181 1452 2209 se
1475 2168 1573 2210 Deo
1601 2168 1888 2219 consecravit,

1058 2237 1250 2276 quonam
1289 2223 1424 2266 modo
1465 2238 1586 2267 mors
1630 2224 1888 2267 devoraret?

1059 2280 1283 2332 quomodo
1303 2281 1430 2323 inferi
1454 2280 1752 2334 susciperent?
1783 2283 1888 2335 que·

1056 2336 1192 2379 modo
1221 2338 1447 2390 corruptio
1471 2338 1700 2381 invaderet
1726 2351 1888 2392 corpus

1056 2392 1180 2443 illud,
1221 2394 1265 2434 in
1302 2407 1390 2446 quo
1427 2395 1518 2436 vita
1554 2397 1761 2448 suscepta
1798 2393 1888 2437 est?

1057 2450 1171 2491 Huic
1190 2455 1320 2500 recta,
1340 2450 1482 2503 plana,
1503 2457 1546 2493 et
1565 2451 1707 2493 facilis
1727 2451 1783 2494 ad
1803 2464 1887 2494 coe-

1057 2506 1145 2549 lum
1171 2509 1326 2559 parata
1354 2513 1422 2549 est
1449 2508 1530 2549 via.
1571 2508 1616 2550 Si
1640 2508 1774 2557 enim,
1802 2508 1888 2551 Ubi

1058 2575 1139 2613 ego
1172 2576 1285 2613 sum,
1326 2563 1415 2605 illic
1452 2570 1495 2607 et
1530 2565 1729 2606 minister
1763 2577 1888 2606 meus

1058 2619 1149 2669 erit,
1168 2619 1309 2671 inquit
1328 2620 1418 2662 vita
1433 2627 1477 2663 et
1490 2622 1653 2663 veritas
1671 2620 1887 2671 Christus;

1059 2675 1283 2727 quemodo
1319 2690 1408 2719 non
1439 2679 1590 2730 petius
1619 2683 1760 2719 mater
1787 2690 1887 2719 cum

1058 2732 1156 2784 ipso
1177 2732 1280 2774 erit?
