<?xml version="1.0" encoding="UTF-8"?>
<!DOCTYPE html PUBLIC "-//W3C//DTD XHTML 1.0 Transitional//EN"
    "http://www.w3.org/TR/xhtml1/DTD/xhtml1-transitional.dtd">
<html xmlns="http://www.w3.org/1999/xhtml" xml:lang="en" lang="en">
 <head>
  <title>
</title>
<meta http-equiv="Content-Type" content="text/html;charset=utf-8" />
  <meta name='ocr-system' content='tesseract 3.04.00' />
  <meta name='ocr-capabilities' content='ocr_page ocr_carea ocr_par ocr_line ocrx_word'/>
</head>
<body>
  <div class='ocr_page' id='page_1' title='image "./p3breviariumroma00cathuoft_0111.png"; bbox 0 0 2040 2976; ppageno 0'>
   <div class='ocr_carea' id='block_1_1' title="bbox 712 171 1832 219">
    <p class='ocr_par' dir='ltr' id='par_1_1' title="bbox 712 171 1832 219">
     <span class='ocr_line' id='line_1_1' title="bbox 712 171 1832 219; baseline 0 -9"><span class='ocrx_word' id='word_1_1' title='bbox 712 176 825 210; x_wconf 89' lang='lat' dir='ltr'><strong>Feria</strong></span> <span class='ocrx_word' id='word_1_2' title='bbox 850 176 983 219; x_wconf 91' lang='lat' dir='ltr'><strong>quinta</strong></span> <span class='ocrx_word' id='word_1_3' title='bbox 1007 176 1057 210; x_wconf 88' lang='lat' dir='ltr'><strong>ad</strong></span> <span class='ocrx_word' id='word_1_4' title='bbox 1078 176 1239 210; x_wconf 77' lang='lat' dir='ltr'><strong>Laudes.</strong></span> <span class='ocrx_word' id='word_1_5' title='bbox 1787 171 1832 207; x_wconf 87' lang='grc'><strong>81</strong></span> 
     </span>
    </p>
   </div>
   <div class='ocr_carea' id='block_1_2' title="bbox 127 267 957 2737">
    <p class='ocr_par' dir='ltr' id='par_1_2' title="bbox 134 267 957 604">
     <span class='ocr_line' id='line_1_2' title="bbox 186 267 957 320; baseline 0 -12"><span class='ocrx_word' id='word_1_6' title='bbox 186 267 375 320; x_wconf 87' lang='lat' dir='ltr'><strong>Respice</strong></span> <span class='ocrx_word' id='word_1_7' title='bbox 411 268 455 308; x_wconf 94' lang='lat' dir='ltr'><strong>in</strong></span> <span class='ocrx_word' id='word_1_8' title='bbox 489 280 643 309; x_wconf 89' lang='lat' dir='ltr'><strong>servos</strong></span> <span class='ocrx_word' id='word_1_9' title='bbox 675 273 792 317; x_wconf 90' lang='lat' dir='ltr'><strong>tuos,</strong></span> <span class='ocrx_word' id='word_1_10' title='bbox 833 273 876 309; x_wconf 88' lang='lat' dir='ltr'><strong>et</strong></span> <span class='ocrx_word' id='word_1_11' title='bbox 913 269 957 308; x_wconf 93' lang='lat' dir='ltr'><strong>in</strong></span> 
     </span>
     <span class='ocr_line' id='line_1_3' title="bbox 136 323 956 376; baseline 0.001 -12"><span class='ocrx_word' id='word_1_12' title='bbox 136 326 270 376; x_wconf 91' lang='lat' dir='ltr'><strong>opera</strong></span> <span class='ocrx_word' id='word_1_13' title='bbox 289 329 379 365; x_wconf 87' lang='lat' dir='ltr'><strong>tua:</strong></span> <span class='ocrx_word' id='word_1_14' title='bbox 396 326 419 351; x_wconf 88' lang='lat'>*</span> <span class='ocrx_word' id='word_1_15' title='bbox 441 329 484 365; x_wconf 94' lang='lat' dir='ltr'><strong>et</strong></span> <span class='ocrx_word' id='word_1_16' title='bbox 506 323 644 376; x_wconf 79' lang='lat' dir='ltr'>dirige</span> <span class='ocrx_word' id='word_1_17' title='bbox 662 324 776 365; x_wconf 89' lang='lat' dir='ltr'><strong>filios</strong></span> <span class='ocrx_word' id='word_1_18' title='bbox 795 326 956 365; x_wconf 90' lang='lat' dir='ltr'><strong>eorum.</strong></span> 
     </span>
     <span class='ocr_line' id='line_1_4' title="bbox 186 380 956 433; baseline 0 -12"><span class='ocrx_word' id='word_1_19' title='bbox 186 381 242 422; x_wconf 90' lang='lat' dir='ltr'><strong>Et</strong></span> <span class='ocrx_word' id='word_1_20' title='bbox 267 381 324 422; x_wconf 90' lang='lat' dir='ltr'><strong>sit</strong></span> <span class='ocrx_word' id='word_1_21' title='bbox 344 380 555 433; x_wconf 82' lang='lat' dir='ltr'>splendor</span> <span class='ocrx_word' id='word_1_22' title='bbox 573 381 751 422; x_wconf 91' lang='lat' dir='ltr'><strong>Domini</strong></span> <span class='ocrx_word' id='word_1_23' title='bbox 772 381 856 422; x_wconf 93' lang='lat' dir='ltr'><strong>Dei</strong></span> <span class='ocrx_word' id='word_1_24' title='bbox 882 394 956 422; x_wconf 93' lang='lat' dir='ltr'><strong>no-</strong></span> 
     </span>
     <span class='ocr_line' id='line_1_5' title="bbox 135 438 956 490; baseline -0.001 -11"><span class='ocrx_word' id='word_1_25' title='bbox 135 438 214 479; x_wconf 84' lang='lat' dir='ltr'>stri</span> <span class='ocrx_word' id='word_1_26' title='bbox 241 450 372 490; x_wconf 87' lang='lat' dir='ltr'><strong>super</strong></span> <span class='ocrx_word' id='word_1_27' title='bbox 400 450 491 487; x_wconf 93' lang='lat' dir='ltr'><strong>nos,</strong></span> <span class='ocrx_word' id='word_1_28' title='bbox 521 442 563 478; x_wconf 91' lang='lat' dir='ltr'><strong>et</strong></span> <span class='ocrx_word' id='word_1_29' title='bbox 592 439 727 490; x_wconf 89' lang='lat' dir='ltr'><strong>opera</strong></span> <span class='ocrx_word' id='word_1_30' title='bbox 749 439 956 478; x_wconf 92' lang='lat' dir='ltr'><strong>manuum</strong></span> 
     </span>
     <span class='ocr_line' id='line_1_6' title="bbox 134 494 956 546; baseline 0 -11"><span class='ocrx_word' id='word_1_31' title='bbox 134 496 382 536; x_wconf 89' lang='lat' dir='ltr'><strong>nostrarum</strong></span> <span class='ocrx_word' id='word_1_32' title='bbox 410 494 547 545; x_wconf 82' lang='lat' dir='ltr'>dirige</span> <span class='ocrx_word' id='word_1_33' title='bbox 576 506 708 546; x_wconf 90' lang='lat' dir='ltr'><strong>super</strong></span> <span class='ocrx_word' id='word_1_34' title='bbox 735 506 832 535; x_wconf 91' lang='lat' dir='ltr'><strong>nos:</strong></span> <span class='ocrx_word' id='word_1_35' title='bbox 860 496 883 521; x_wconf 92' lang='lat'>*</span> <span class='ocrx_word' id='word_1_36' title='bbox 913 499 956 535; x_wconf 92' lang='lat' dir='ltr'><strong>et</strong></span> 
     </span>
     <span class='ocr_line' id='line_1_7' title="bbox 135 550 936 604; baseline -0.002 -11"><span class='ocrx_word' id='word_1_37' title='bbox 135 564 247 604; x_wconf 90' lang='lat' dir='ltr'><strong>opus</strong></span> <span class='ocrx_word' id='word_1_38' title='bbox 275 553 481 592; x_wconf 91' lang='lat' dir='ltr'><strong>manuum</strong></span> <span class='ocrx_word' id='word_1_39' title='bbox 508 552 758 591; x_wconf 90' lang='lat' dir='ltr'><strong>nostrarum</strong></span> <span class='ocrx_word' id='word_1_40' title='bbox 787 550 936 602; x_wconf 80' lang='lat' dir='ltr'><strong>dirige.</strong></span> 
     </span>
    </p>

    <p class='ocr_par' dir='ltr' id='par_1_3' title="bbox 136 607 955 706">
     <span class='ocr_line' id='line_1_8' title="bbox 184 607 955 658; baseline 0.001 -11"><span class='ocrx_word' id='word_1_41' title='bbox 184 607 285 648; x_wconf 92' lang='lat' dir='ltr'><strong>Ant.</strong></span> <span class='ocrx_word' id='word_1_42' title='bbox 327 607 531 657; x_wconf 87' lang='lat' dir='ltr'><strong>Domine,</strong></span> <span class='ocrx_word' id='word_1_43' title='bbox 562 607 775 658; x_wconf 70' lang='lat' dir='ltr'><strong>refugium</strong></span> <span class='ocrx_word' id='word_1_44' title='bbox 816 607 955 648; x_wconf 88' lang='lat' dir='ltr'><strong>factus</strong></span> 
     </span>
     <span class='ocr_line' id='line_1_9' title="bbox 136 663 349 706; baseline -0.009 0"><span class='ocrx_word' id='word_1_45' title='bbox 136 678 182 706; x_wconf 93' lang='lat' dir='ltr'><strong>es</strong></span> <span class='ocrx_word' id='word_1_46' title='bbox 211 663 349 705; x_wconf 93' lang='lat' dir='ltr'><strong>nobis.</strong></span> 
     </span>
    </p>

    <p class='ocr_par' dir='ltr' id='par_1_4' title="bbox 134 719 956 818">
     <span class='ocr_line' id='line_1_10' title="bbox 185 719 956 762; baseline 0.001 -2"><span class='ocrx_word' id='word_1_47' title='bbox 185 721 284 761; x_wconf 87' lang='lat' dir='ltr'><strong>Ant.</strong></span> <span class='ocrx_word' id='word_1_48' title='bbox 318 722 371 762; x_wconf 92' lang='lat' dir='ltr'><strong>In</strong></span> <span class='ocrx_word' id='word_1_49' title='bbox 403 719 626 761; x_wconf 79' lang='lat' dir='ltr'><strong>matutinis</strong></span> <span class='ocrx_word' id='word_1_50' title='bbox 659 720 682 747; x_wconf 94' lang='lat'>*</span> <span class='ocrx_word' id='word_1_51' title='bbox 709 719 956 761; x_wconf 90' lang='lat' dir='ltr'><strong>meditabor</strong></span> 
     </span>
     <span class='ocr_line' id='line_1_11' title="bbox 134 777 260 818; baseline 0 0"><span class='ocrx_word' id='word_1_52' title='bbox 134 777 177 818; x_wconf 92' lang='lat' dir='ltr'><strong>in</strong></span> <span class='ocrx_word' id='word_1_53' title='bbox 205 781 260 818; x_wconf 90' lang='lat' dir='ltr'><strong>te.</strong></span> 
     </span>
    </p>

    <p class='ocr_par' dir='ltr' id='par_1_5' title="bbox 182 832 803 876">
     <span class='ocr_line' id='line_1_12' title="bbox 182 832 803 876; baseline -0.006 0"><span class='ocrx_word' id='word_1_54' title='bbox 182 835 251 876; x_wconf 89' lang='lat' dir='ltr'><strong>Ps.</strong></span> <span class='ocrx_word' id='word_1_55' title='bbox 289 835 409 875; x_wconf 91' lang='lat' dir='ltr'><strong>Deus</strong></span> <span class='ocrx_word' id='word_1_56' title='bbox 436 833 556 874; x_wconf 91' lang='lat' dir='ltr'><strong>Deus</strong></span> <span class='ocrx_word' id='word_1_57' title='bbox 584 845 718 873; x_wconf 88' lang='lat' dir='ltr'><strong>meus.</strong></span> <span class='ocrx_word' id='word_1_58' title='bbox 746 832 803 872; x_wconf 88' lang='lat'><strong>15.</strong></span> 
     </span>
    </p>

    <p class='ocr_par' dir='ltr' id='par_1_6' title="bbox 183 890 568 933">
     <span class='ocr_line' id='line_1_13' title="bbox 183 890 568 933; baseline -0.008 -1"><span class='ocrx_word' id='word_1_59' title='bbox 183 892 282 933; x_wconf 85' lang='lat' dir='ltr'><strong>Ant.</strong></span> <span class='ocrx_word' id='word_1_60' title='bbox 320 890 568 933; x_wconf 86' lang='lat' dir='ltr'><strong>Cantemus.</strong></span> 
     </span>
    </p>

    <p class='ocr_par' dir='ltr' id='par_1_7' title="bbox 209 949 875 1001">
     <span class='ocr_line' id='line_1_14' title="bbox 209 949 875 1001; baseline 0.002 -12"><span class='ocrx_word' id='word_1_61' title='bbox 209 949 434 990; x_wconf 81' lang='lat' dir='ltr'><strong>Canticum</strong></span> <span class='ocrx_word' id='word_1_62' title='bbox 454 950 628 1001; x_wconf 83' lang='lat' dir='ltr'>Moysis.</span> <span class='ocrx_word' id='word_1_63' title='bbox 687 955 808 989; x_wconf 85' lang='lat' dir='ltr'><strong>Exod.</strong></span> <span class='ocrx_word' id='word_1_64' title='bbox 828 956 875 990; x_wconf 76' lang='lat'><strong>15.</strong></span> 
     </span>
    </p>

    <p class='ocr_par' dir='ltr' id='par_1_8' title="bbox 206 1002 954 1053">
     <span class='ocr_line' id='line_1_15' title="bbox 206 1002 954 1053; baseline -0.003 -9"><span class='ocrx_word' id='word_1_65' title='bbox 206 1004 405 1044; x_wconf 88' lang='lat' dir='ltr'><strong>antemus</strong></span> <span class='ocrx_word' id='word_1_66' title='bbox 415 1002 623 1044; x_wconf 88' lang='lat' dir='ltr'><strong>Domino:</strong></span> <span class='ocrx_word' id='word_1_67' title='bbox 636 1002 828 1053; x_wconf 89' lang='lat' dir='ltr'><strong>gloriose</strong></span> <span class='ocrx_word' id='word_1_68' title='bbox 840 1003 954 1043; x_wconf 92' lang='lat' dir='ltr'><strong>enim</strong></span> 
     </span>
    </p>

    <p class='ocr_par' dir='ltr' id='par_1_9' title="bbox 132 1059 954 1167">
     <span class='ocr_line' id='line_1_16' title="bbox 221 1059 954 1111; baseline 0 -11"><span class='ocrx_word' id='word_1_69' title='bbox 221 1059 526 1110; x_wconf 90' lang='lat' dir='ltr'><strong>magnificatus</strong></span> <span class='ocrx_word' id='word_1_70' title='bbox 554 1063 636 1108; x_wconf 89' lang='lat' dir='ltr'><strong>est,</strong></span> <span class='ocrx_word' id='word_1_71' title='bbox 664 1060 687 1085; x_wconf 93' lang='lat'>*</span> <span class='ocrx_word' id='word_1_72' title='bbox 716 1072 876 1111; x_wconf 89' lang='lat' dir='ltr'><strong>equum</strong></span> <span class='ocrx_word' id='word_1_73' title='bbox 911 1064 954 1101; x_wconf 92' lang='lat' dir='ltr'><strong>et</strong></span> 
     </span>
     <span class='ocr_line' id='line_1_17' title="bbox 132 1115 824 1167; baseline -0.003 -9"><span class='ocrx_word' id='word_1_74' title='bbox 132 1117 411 1158; x_wconf 87' lang='lat' dir='ltr'><strong>ascensorem</strong></span> <span class='ocrx_word' id='word_1_75' title='bbox 439 1115 595 1167; x_wconf 89' lang='lat' dir='ltr'><strong>dejecit</strong></span> <span class='ocrx_word' id='word_1_76' title='bbox 622 1115 666 1156; x_wconf 92' lang='lat' dir='ltr'><strong>in</strong></span> <span class='ocrx_word' id='word_1_77' title='bbox 694 1128 824 1157; x_wconf 89' lang='lat' dir='ltr'><strong>mare.</strong></span> 
     </span>
    </p>

    <p class='ocr_par' dir='ltr' id='par_1_10' title="bbox 131 1171 953 1271">
     <span class='ocr_line' id='line_1_18' title="bbox 182 1171 953 1222; baseline -0.001 -9"><span class='ocrx_word' id='word_1_78' title='bbox 182 1171 413 1214; x_wconf 79' lang='lat' dir='ltr'><strong>Fortitudo</strong></span> <span class='ocrx_word' id='word_1_79' title='bbox 433 1185 541 1222; x_wconf 87' lang='lat' dir='ltr'><strong>mea,</strong></span> <span class='ocrx_word' id='word_1_80' title='bbox 562 1177 605 1213; x_wconf 88' lang='lat' dir='ltr'><strong>et</strong></span> <span class='ocrx_word' id='word_1_81' title='bbox 626 1172 722 1213; x_wconf 89' lang='lat' dir='ltr'><strong>laus</strong></span> <span class='ocrx_word' id='word_1_82' title='bbox 739 1185 836 1213; x_wconf 89' lang='lat' dir='ltr'><strong>mea</strong></span> <span class='ocrx_word' id='word_1_83' title='bbox 849 1173 953 1222; x_wconf 78' lang='lat' dir='ltr'><strong>Dfis,</strong></span> 
     </span>
     <span class='ocr_line' id='line_1_19' title="bbox 131 1228 914 1271; baseline -0.001 0"><span class='ocrx_word' id='word_1_84' title='bbox 131 1231 155 1257; x_wconf 87' lang='grc'>*</span> <span class='ocrx_word' id='word_1_85' title='bbox 175 1234 217 1271; x_wconf 92' lang='lat' dir='ltr'><strong>et</strong></span> <span class='ocrx_word' id='word_1_86' title='bbox 243 1229 384 1270; x_wconf 90' lang='lat' dir='ltr'><strong>factus</strong></span> <span class='ocrx_word' id='word_1_87' title='bbox 414 1233 481 1270; x_wconf 91' lang='lat' dir='ltr'><strong>est</strong></span> <span class='ocrx_word' id='word_1_88' title='bbox 508 1228 614 1269; x_wconf 91' lang='lat' dir='ltr'><strong>mihi</strong></span> <span class='ocrx_word' id='word_1_89' title='bbox 640 1229 684 1269; x_wconf 91' lang='lat' dir='ltr'><strong>in</strong></span> <span class='ocrx_word' id='word_1_90' title='bbox 713 1229 914 1270; x_wconf 80' lang='lat' dir='ltr'><strong>salatem:</strong></span> 
     </span>
    </p>

    <p class='ocr_par' dir='ltr' id='par_1_11' title="bbox 132 1285 953 1439">
     <span class='ocr_line' id='line_1_20' title="bbox 184 1285 953 1336; baseline -0.001 -10"><span class='ocrx_word' id='word_1_91' title='bbox 184 1286 275 1326; x_wconf 88' lang='lat' dir='ltr'><strong>Iste</strong></span> <span class='ocrx_word' id='word_1_92' title='bbox 302 1285 423 1326; x_wconf 90' lang='lat' dir='ltr'><strong>Deus</strong></span> <span class='ocrx_word' id='word_1_93' title='bbox 450 1298 590 1335; x_wconf 90' lang='lat' dir='ltr'><strong>meus,</strong></span> <span class='ocrx_word' id='word_1_94' title='bbox 625 1290 667 1326; x_wconf 90' lang='lat' dir='ltr'><strong>et</strong></span> <span class='ocrx_word' id='word_1_95' title='bbox 699 1285 953 1336; x_wconf 89' lang='lat' dir='ltr'><strong>glorificabo</strong></span> 
     </span>
     <span class='ocr_line' id='line_1_21' title="bbox 133 1341 953 1393; baseline 0 -11"><span class='ocrx_word' id='word_1_96' title='bbox 133 1355 247 1383; x_wconf 90' lang='lat' dir='ltr'><strong>eum:</strong></span> <span class='ocrx_word' id='word_1_97' title='bbox 275 1343 298 1368; x_wconf 87' lang='lat'>*</span> <span class='ocrx_word' id='word_1_98' title='bbox 325 1341 446 1382; x_wconf 93' lang='lat' dir='ltr'><strong>Deus</strong></span> <span class='ocrx_word' id='word_1_99' title='bbox 478 1342 617 1393; x_wconf 91' lang='lat' dir='ltr'><strong>patris</strong></span> <span class='ocrx_word' id='word_1_100' title='bbox 643 1341 739 1392; x_wconf 91' lang='lat' dir='ltr'><strong>mei,</strong></span> <span class='ocrx_word' id='word_1_101' title='bbox 769 1346 812 1382; x_wconf 92' lang='lat' dir='ltr'><strong>et</strong></span> <span class='ocrx_word' id='word_1_102' title='bbox 840 1341 953 1382; x_wconf 85' lang='lat' dir='ltr'><strong>exal-</strong></span> 
     </span>
     <span class='ocr_line' id='line_1_22' title="bbox 132 1397 376 1439; baseline -0.004 0"><span class='ocrx_word' id='word_1_103' title='bbox 132 1397 237 1439; x_wconf 86' lang='lat' dir='ltr'><strong>tabo</strong></span> <span class='ocrx_word' id='word_1_104' title='bbox 266 1410 376 1439; x_wconf 91' lang='lat' dir='ltr'><strong>eum.</strong></span> 
     </span>
    </p>

    <p class='ocr_par' dir='ltr' id='par_1_12' title="bbox 130 1454 953 1676">
     <span class='ocr_line' id='line_1_23' title="bbox 183 1454 953 1506; baseline -0.003 -10"><span class='ocrx_word' id='word_1_105' title='bbox 183 1454 398 1496; x_wconf 92' lang='lat' dir='ltr'><strong>Dominus</strong></span> <span class='ocrx_word' id='word_1_106' title='bbox 442 1454 567 1505; x_wconf 85' lang='lat' dir='ltr'>quasi</span> <span class='ocrx_word' id='word_1_107' title='bbox 611 1454 677 1494; x_wconf 87' lang='lat' dir='ltr'><strong>vir</strong></span> <span class='ocrx_word' id='word_1_108' title='bbox 722 1456 953 1506; x_wconf 90' lang='lat' dir='ltr'><strong>pugnator,</strong></span> 
     </span>
     <span class='ocr_line' id='line_1_24' title="bbox 133 1510 953 1563; baseline -0.001 -11"><span class='ocrx_word' id='word_1_109' title='bbox 133 1511 423 1563; x_wconf 84' lang='lat' dir='ltr'><strong>Omnipotens</strong></span> <span class='ocrx_word' id='word_1_110' title='bbox 451 1523 611 1551; x_wconf 92' lang='lat' dir='ltr'><strong>nomen</strong></span> <span class='ocrx_word' id='word_1_111' title='bbox 640 1511 774 1562; x_wconf 74' lang='lat' dir='ltr'><strong>ejus*</strong></span> <span class='ocrx_word' id='word_1_112' title='bbox 791 1510 953 1551; x_wconf 90' lang='lat' dir='ltr'><strong>Currus</strong></span> 
     </span>
     <span class='ocr_line' id='line_1_25' title="bbox 130 1567 951 1619; baseline 0 -11"><span class='ocrx_word' id='word_1_113' title='bbox 130 1567 370 1608; x_wconf 88' lang='lat' dir='ltr'><strong>Pharaonis</strong></span> <span class='ocrx_word' id='word_1_114' title='bbox 399 1571 442 1608; x_wconf 86' lang='lat' dir='ltr'><strong>et</strong></span> <span class='ocrx_word' id='word_1_115' title='bbox 470 1567 710 1608; x_wconf 84' lang='lat' dir='ltr'><strong>exercitum</strong></span> <span class='ocrx_word' id='word_1_116' title='bbox 736 1568 827 1619; x_wconf 86' lang='lat' dir='ltr'><strong>ejus</strong></span> <span class='ocrx_word' id='word_1_117' title='bbox 853 1579 951 1619; x_wconf 92' lang='lat' dir='ltr'><strong>pro-</strong></span> 
     </span>
     <span class='ocr_line' id='line_1_26' title="bbox 131 1623 459 1676; baseline 0 -12"><span class='ocrx_word' id='word_1_118' title='bbox 131 1624 230 1676; x_wconf 90' lang='lat' dir='ltr'><strong>jecit</strong></span> <span class='ocrx_word' id='word_1_119' title='bbox 257 1623 302 1664; x_wconf 92' lang='lat' dir='ltr'><strong>in</strong></span> <span class='ocrx_word' id='word_1_120' title='bbox 329 1636 459 1665; x_wconf 88' lang='lat' dir='ltr'><strong>mare.</strong></span> 
     </span>
    </p>

    <p class='ocr_par' dir='ltr' id='par_1_13' title="bbox 131 1679 954 1902">
     <span class='ocr_line' id='line_1_27' title="bbox 181 1679 954 1732; baseline 0 -12"><span class='ocrx_word' id='word_1_121' title='bbox 181 1679 323 1721; x_wconf 89' lang='lat' dir='ltr'><strong>Electi</strong></span> <span class='ocrx_word' id='word_1_122' title='bbox 355 1680 575 1732; x_wconf 85' lang='lat' dir='ltr'><strong>principes</strong></span> <span class='ocrx_word' id='word_1_123' title='bbox 612 1681 703 1732; x_wconf 89' lang='lat' dir='ltr'><strong>ejus</strong></span> <span class='ocrx_word' id='word_1_124' title='bbox 739 1679 954 1721; x_wconf 90' lang='lat' dir='ltr'><strong>submersi</strong></span> 
     </span>
     <span class='ocr_line' id='line_1_28' title="bbox 132 1736 952 1789; baseline 0 -12"><span class='ocrx_word' id='word_1_125' title='bbox 132 1740 234 1777; x_wconf 91' lang='lat' dir='ltr'><strong>sunt</strong></span> <span class='ocrx_word' id='word_1_126' title='bbox 260 1736 304 1777; x_wconf 93' lang='lat' dir='ltr'><strong>in</strong></span> <span class='ocrx_word' id='word_1_127' title='bbox 330 1736 439 1777; x_wconf 91' lang='lat' dir='ltr'><strong>Mari</strong></span> <span class='ocrx_word' id='word_1_128' title='bbox 467 1736 616 1778; x_wconf 88' lang='lat' dir='ltr'><strong>rubro:</strong></span> <span class='ocrx_word' id='word_1_129' title='bbox 632 1737 656 1763; x_wconf 89' lang='lat'>*</span> <span class='ocrx_word' id='word_1_130' title='bbox 677 1736 823 1789; x_wconf 72' lang='lat' dir='ltr'><strong>abyssi</strong></span> <span class='ocrx_word' id='word_1_131' title='bbox 852 1748 952 1789; x_wconf 92' lang='lat' dir='ltr'><strong>ope-</strong></span> 
     </span>
     <span class='ocr_line' id='line_1_29' title="bbox 131 1792 952 1846; baseline 0.001 -13"><span class='ocrx_word' id='word_1_132' title='bbox 131 1794 313 1834; x_wconf 90' lang='lat' dir='ltr'><strong>ruerunt</strong></span> <span class='ocrx_word' id='word_1_133' title='bbox 339 1805 425 1843; x_wconf 57' lang='lat' dir='ltr'><strong>eos</strong></span> <span class='ocrx_word' id='word_1_134' title='bbox 450 1792 772 1834; x_wconf 89' lang='lat' dir='ltr'><strong>descenderunt</strong></span> <span class='ocrx_word' id='word_1_135' title='bbox 791 1793 835 1833; x_wconf 94' lang='lat' dir='ltr'><strong>in</strong></span> <span class='ocrx_word' id='word_1_136' title='bbox 854 1806 952 1846; x_wconf 91' lang='lat' dir='ltr'><strong>pro-</strong></span> 
     </span>
     <span class='ocr_line' id='line_1_30' title="bbox 131 1848 615 1902; baseline 0.002 -13"><span class='ocrx_word' id='word_1_137' title='bbox 131 1848 313 1891; x_wconf 77' lang='lat' dir='ltr'><strong>fandum</strong></span> <span class='ocrx_word' id='word_1_138' title='bbox 342 1849 467 1902; x_wconf 83' lang='lat' dir='ltr'><strong>quasi</strong></span> <span class='ocrx_word' id='word_1_139' title='bbox 493 1849 615 1902; x_wconf 88' lang='lat' dir='ltr'><strong>lapis.</strong></span> 
     </span>
    </p>

    <p class='ocr_par' dir='ltr' id='par_1_14' title="bbox 129 1905 954 2174">
     <span class='ocr_line' id='line_1_31' title="bbox 182 1905 954 1956; baseline -0.001 -9"><span class='ocrx_word' id='word_1_140' title='bbox 182 1905 376 1947; x_wconf 87' lang='lat' dir='ltr'><strong>Dextera</strong></span> <span class='ocrx_word' id='word_1_141' title='bbox 386 1911 462 1947; x_wconf 92' lang='lat' dir='ltr'><strong>tua</strong></span> <span class='ocrx_word' id='word_1_142' title='bbox 470 1906 659 1947; x_wconf 91' lang='lat' dir='ltr'><strong>Domine</strong></span> <span class='ocrx_word' id='word_1_143' title='bbox 674 1905 954 1956; x_wconf 89' lang='lat' dir='ltr'><strong>magnificata</strong></span> 
     </span>
     <span class='ocr_line' id='line_1_32' title="bbox 131 1962 952 2014; baseline -0.001 -10"><span class='ocrx_word' id='word_1_144' title='bbox 131 1966 199 2004; x_wconf 84' lang='lat' dir='ltr'><strong>est</strong></span> <span class='ocrx_word' id='word_1_145' title='bbox 217 1962 261 2003; x_wconf 91' lang='lat' dir='ltr'><strong>in</strong></span> <span class='ocrx_word' id='word_1_146' title='bbox 279 1962 550 2004; x_wconf 80' lang='lat' dir='ltr'><strong>fortitudine:</strong></span> <span class='ocrx_word' id='word_1_147' title='bbox 574 1962 756 2014; x_wconf 79' lang='lat' dir='ltr'><strong>dextera</strong></span> <span class='ocrx_word' id='word_1_148' title='bbox 771 1966 847 2003; x_wconf 89' lang='lat' dir='ltr'><strong>tua</strong></span> <span class='ocrx_word' id='word_1_149' title='bbox 865 1962 952 2003; x_wconf 93' lang='lat' dir='ltr'><strong>Do-</strong></span> 
     </span>
     <span class='ocr_line' id='line_1_33' title="bbox 129 2019 952 2071; baseline 0 -12"><span class='ocrx_word' id='word_1_150' title='bbox 129 2019 245 2060; x_wconf 93' lang='lat' dir='ltr'><strong>mine</strong></span> <span class='ocrx_word' id='word_1_151' title='bbox 272 2019 491 2071; x_wconf 78' lang='lat' dir='ltr'><strong>percussit</strong></span> <span class='ocrx_word' id='word_1_152' title='bbox 516 2019 748 2060; x_wconf 90' lang='lat' dir='ltr'><strong>inimicum.</strong></span> <span class='ocrx_word' id='word_1_153' title='bbox 775 2020 799 2046; x_wconf 85' lang='lat'>*</span> <span class='ocrx_word' id='word_1_154' title='bbox 826 2019 883 2060; x_wconf 93' lang='lat' dir='ltr'><strong>Et</strong></span> <span class='ocrx_word' id='word_1_155' title='bbox 909 2019 952 2059; x_wconf 94' lang='lat' dir='ltr'><strong>in</strong></span> 
     </span>
     <span class='ocr_line' id='line_1_34' title="bbox 129 2075 953 2128; baseline -0.001 -11"><span class='ocrx_word' id='word_1_156' title='bbox 129 2075 408 2117; x_wconf 82' lang='lat' dir='ltr'><strong>multitudine</strong></span> <span class='ocrx_word' id='word_1_157' title='bbox 427 2075 578 2127; x_wconf 90' lang='lat' dir='ltr'><strong>gloriae</strong></span> <span class='ocrx_word' id='word_1_158' title='bbox 596 2079 686 2116; x_wconf 86' lang='lat' dir='ltr'><strong>tuae</strong></span> <span class='ocrx_word' id='word_1_159' title='bbox 708 2075 953 2128; x_wconf 88' lang='lat' dir='ltr'><strong>deposuisti</strong></span> 
     </span>
     <span class='ocr_line' id='line_1_35' title="bbox 131 2131 552 2174; baseline 0 -1"><span class='ocrx_word' id='word_1_160' title='bbox 131 2131 405 2173; x_wconf 87' lang='lat' dir='ltr'><strong>adversarios</strong></span> <span class='ocrx_word' id='word_1_161' title='bbox 433 2137 552 2174; x_wconf 88' lang='lat' dir='ltr'><strong>tuos:</strong></span> 
     </span>
    </p>

    <p class='ocr_par' dir='ltr' id='par_1_15' title="bbox 130 2187 951 2353">
     <span class='ocr_line' id='line_1_36' title="bbox 181 2187 951 2240; baseline 0.003 -12"><span class='ocrx_word' id='word_1_162' title='bbox 181 2188 338 2230; x_wconf 89' lang='lat' dir='ltr'><strong>Misisti</strong></span> <span class='ocrx_word' id='word_1_163' title='bbox 351 2189 460 2230; x_wconf 92' lang='lat' dir='ltr'><strong>iram</strong></span> <span class='ocrx_word' id='word_1_164' title='bbox 469 2193 601 2238; x_wconf 90' lang='lat' dir='ltr'><strong>tuam,</strong></span> <span class='ocrx_word' id='word_1_165' title='bbox 613 2201 712 2240; x_wconf 81' lang='lat' dir='ltr'><strong>quae</strong></span> <span class='ocrx_word' id='word_1_166' title='bbox 724 2187 951 2230; x_wconf 88' lang='lat' dir='ltr'><strong>devoravit</strong></span> 
     </span>
     <span class='ocr_line' id='line_1_37' title="bbox 131 2244 951 2298; baseline 0.001 -13"><span class='ocrx_word' id='word_1_167' title='bbox 131 2256 207 2285; x_wconf 92' lang='lat' dir='ltr'><strong>eos</strong></span> <span class='ocrx_word' id='word_1_168' title='bbox 230 2244 343 2286; x_wconf 88' lang='lat' dir='ltr'><strong>sicut</strong></span> <span class='ocrx_word' id='word_1_169' title='bbox 366 2245 583 2298; x_wconf 90' lang='lat' dir='ltr'><strong>stipulam.</strong></span> <span class='ocrx_word' id='word_1_170' title='bbox 602 2246 626 2272; x_wconf 89' lang='lat'>*</span> <span class='ocrx_word' id='word_1_171' title='bbox 644 2245 700 2286; x_wconf 88' lang='lat' dir='ltr'><strong>Et</strong></span> <span class='ocrx_word' id='word_1_172' title='bbox 723 2244 768 2284; x_wconf 91' lang='lat' dir='ltr'><strong>in</strong></span> <span class='ocrx_word' id='word_1_173' title='bbox 794 2244 951 2296; x_wconf 89' lang='lat' dir='ltr'><strong>spiritu</strong></span> 
     </span>
     <span class='ocr_line' id='line_1_38' title="bbox 130 2300 950 2353; baseline 0.001 -13"><span class='ocrx_word' id='word_1_174' title='bbox 130 2300 287 2341; x_wconf 86' lang='lat' dir='ltr'><strong>furoris</strong></span> <span class='ocrx_word' id='word_1_175' title='bbox 306 2301 370 2342; x_wconf 90' lang='lat' dir='ltr'><strong>tui</strong></span> <span class='ocrx_word' id='word_1_176' title='bbox 389 2303 665 2353; x_wconf 85' lang='lat' dir='ltr'><strong>congregatae</strong></span> <span class='ocrx_word' id='word_1_177' title='bbox 686 2305 787 2341; x_wconf 84' lang='lat' dir='ltr'><strong>sunt</strong></span> <span class='ocrx_word' id='word_1_178' title='bbox 808 2313 950 2352; x_wconf 88' lang='lat' dir='ltr'><strong>aquae:</strong></span> 
     </span>
    </p>

    <p class='ocr_par' dir='ltr' id='par_1_16' title="bbox 128 2356 950 2634">
     <span class='ocr_line' id='line_1_39' title="bbox 181 2356 950 2408; baseline 0 -10"><span class='ocrx_word' id='word_1_179' title='bbox 181 2356 310 2398; x_wconf 89' lang='lat' dir='ltr'><strong>Stetit</strong></span> <span class='ocrx_word' id='word_1_180' title='bbox 331 2357 448 2398; x_wconf 87' lang='lat' dir='ltr'><strong>unda</strong></span> <span class='ocrx_word' id='word_1_181' title='bbox 466 2358 617 2408; x_wconf 90' lang='lat' dir='ltr'><strong>fluens,</strong></span> <span class='ocrx_word' id='word_1_182' title='bbox 633 2358 656 2384; x_wconf 89' lang='lat'><strong><em>*</em></strong></span> <span class='ocrx_word' id='word_1_183' title='bbox 672 2359 950 2408; x_wconf 80' lang='lat' dir='ltr'><strong>congregatae</strong></span> 
     </span>
     <span class='ocr_line' id='line_1_40' title="bbox 130 2413 796 2465; baseline -0.002 -11"><span class='ocrx_word' id='word_1_184' title='bbox 130 2418 231 2454; x_wconf 91' lang='lat' dir='ltr'><strong>sunt</strong></span> <span class='ocrx_word' id='word_1_185' title='bbox 259 2413 406 2465; x_wconf 70' lang='lat' dir='ltr'><strong>abyssi</strong></span> <span class='ocrx_word' id='word_1_186' title='bbox 433 2413 477 2454; x_wconf 93' lang='lat' dir='ltr'><strong>in</strong></span> <span class='ocrx_word' id='word_1_187' title='bbox 503 2414 648 2456; x_wconf 92' lang='lat' dir='ltr'><strong>medio</strong></span> <span class='ocrx_word' id='word_1_188' title='bbox 676 2413 796 2454; x_wconf 89' lang='lat' dir='ltr'><strong>mari.</strong></span> 
     </span>
     <span class='ocr_line' id='line_1_41' title="bbox 128 2525 947 2578; baseline 0.001 -12"><span class='ocrx_word' id='word_1_189' title='bbox 128 2525 408 2578; x_wconf 82' lang='lat' dir='ltr'><strong>prehendam,</strong></span> <span class='ocrx_word' id='word_1_190' title='bbox 429 2527 452 2553; x_wconf 87' lang='lat'>*</span> <span class='ocrx_word' id='word_1_191' title='bbox 476 2525 668 2567; x_wconf 89' lang='lat' dir='ltr'><strong>dividam</strong></span> <span class='ocrx_word' id='word_1_192' title='bbox 693 2525 845 2578; x_wconf 88' lang='lat' dir='ltr'><strong>spolia,</strong></span> <span class='ocrx_word' id='word_1_193' title='bbox 873 2527 947 2567; x_wconf 91' lang='lat' dir='ltr'><strong>im-</strong></span> 
     </span>
     <span class='ocr_line' id='line_1_42' title="bbox 129 2581 631 2634; baseline 0 -11"><span class='ocrx_word' id='word_1_194' title='bbox 129 2581 320 2634; x_wconf 92' lang='lat' dir='ltr'><strong>plebitur</strong></span> <span class='ocrx_word' id='word_1_195' title='bbox 348 2582 490 2623; x_wconf 90' lang='lat' dir='ltr'><strong>anima</strong></span> <span class='ocrx_word' id='word_1_196' title='bbox 516 2595 631 2624; x_wconf 89' lang='lat' dir='ltr'><strong>mea:</strong></span> 
     </span>
    </p>

    <p class='ocr_par' dir='ltr' id='par_1_17' title="bbox 127 2638 946 2737">
     <span class='ocr_line' id='line_1_43' title="bbox 179 2638 946 2690; baseline 0.001 -11"><span class='ocrx_word' id='word_1_197' title='bbox 179 2638 434 2689; x_wconf 90' lang='lat' dir='ltr'><strong>Evaginabo</strong></span> <span class='ocrx_word' id='word_1_198' title='bbox 455 2638 649 2690; x_wconf 77' lang='lat' dir='ltr'><strong>gladium</strong></span> <span class='ocrx_word' id='word_1_199' title='bbox 669 2651 824 2688; x_wconf 91' lang='lat' dir='ltr'><strong>meum,</strong></span> <span class='ocrx_word' id='word_1_200' title='bbox 843 2640 867 2666; x_wconf 86' lang='lat'>*</span> <span class='ocrx_word' id='word_1_201' title='bbox 887 2639 946 2680; x_wconf 94' lang='lat' dir='ltr'><strong>in-</strong></span> 
     </span>
     <span class='ocr_line' id='line_1_44' title="bbox 127 2694 732 2737; baseline 0 -2"><span class='ocrx_word' id='word_1_202' title='bbox 127 2694 312 2737; x_wconf 91' lang='lat' dir='ltr'><strong>terficiet</strong></span> <span class='ocrx_word' id='word_1_203' title='bbox 341 2708 418 2737; x_wconf 94' lang='lat' dir='ltr'><strong>eos</strong></span> <span class='ocrx_word' id='word_1_204' title='bbox 445 2708 597 2736; x_wconf 90' lang='lat' dir='ltr'><strong>manus</strong></span> <span class='ocrx_word' id='word_1_205' title='bbox 625 2707 732 2737; x_wconf 90' lang='lat' dir='ltr'><strong>mea.</strong></span> 
     </span>
    </p>
   </div>
   <div class='ocr_carea' id='block_1_3' title="bbox 1002 269 1832 2739">
    <p class='ocr_par' dir='ltr' id='par_1_18' title="bbox 1008 269 1831 435">
     <span class='ocr_line' id='line_1_45' title="bbox 1060 269 1831 324; baseline 0.004 -14"><span class='ocrx_word' id='word_1_206' title='bbox 1060 269 1202 311; x_wconf 86' lang='lat' dir='ltr'><strong>Flavit</strong></span> <span class='ocrx_word' id='word_1_207' title='bbox 1230 271 1407 322; x_wconf 88' lang='lat' dir='ltr'><strong>spiritus</strong></span> <span class='ocrx_word' id='word_1_208' title='bbox 1436 275 1556 320; x_wconf 91' lang='lat' dir='ltr'><strong>tuus,</strong></span> <span class='ocrx_word' id='word_1_209' title='bbox 1586 276 1628 313; x_wconf 94' lang='lat' dir='ltr'><strong>et</strong></span> <span class='ocrx_word' id='word_1_210' title='bbox 1657 272 1831 324; x_wconf 87' lang='lat' dir='ltr'><strong>operuit</strong></span> 
     </span>
     <span class='ocr_line' id='line_1_46' title="bbox 1009 326 1830 379; baseline 0.002 -13"><span class='ocrx_word' id='word_1_211' title='bbox 1009 339 1086 367; x_wconf 90' lang='lat' dir='ltr'><strong>eos</strong></span> <span class='ocrx_word' id='word_1_212' title='bbox 1114 339 1250 367; x_wconf 85' lang='lat' dir='ltr'><strong>mare:</strong></span> <span class='ocrx_word' id='word_1_213' title='bbox 1278 328 1300 353; x_wconf 87' lang='grc'>*</span> <span class='ocrx_word' id='word_1_214' title='bbox 1330 326 1543 368; x_wconf 80' lang='lat' dir='ltr'><strong>submersi</strong></span> <span class='ocrx_word' id='word_1_215' title='bbox 1572 333 1673 369; x_wconf 92' lang='lat' dir='ltr'><strong>sunt</strong></span> <span class='ocrx_word' id='word_1_216' title='bbox 1707 328 1830 379; x_wconf 85' lang='lat' dir='ltr'><strong>quasi</strong></span> 
     </span>
     <span class='ocr_line' id='line_1_47' title="bbox 1008 382 1829 435; baseline 0.002 -12"><span class='ocrx_word' id='word_1_217' title='bbox 1008 382 1236 435; x_wconf 91' lang='lat' dir='ltr'><strong>plumbum</strong></span> <span class='ocrx_word' id='word_1_218' title='bbox 1265 383 1308 423; x_wconf 93' lang='lat' dir='ltr'><strong>in</strong></span> <span class='ocrx_word' id='word_1_219' title='bbox 1337 384 1460 434; x_wconf 90' lang='lat' dir='ltr'><strong>aquis</strong></span> <span class='ocrx_word' id='word_1_220' title='bbox 1488 384 1829 426; x_wconf 89' lang='lat' dir='ltr'><strong>vehementibus.</strong></span> 
     </span>
    </p>

    <p class='ocr_par' dir='ltr' id='par_1_19' title="bbox 1007 439 1829 658">
     <span class='ocr_line' id='line_1_48' title="bbox 1061 439 1829 488; baseline 0.004 -9"><span class='ocrx_word' id='word_1_221' title='bbox 1061 439 1167 488; x_wconf 90' lang='lat' dir='ltr'><strong>Quis</strong></span> <span class='ocrx_word' id='word_1_222' title='bbox 1196 439 1347 479; x_wconf 89' lang='lat' dir='ltr'><strong>similis</strong></span> <span class='ocrx_word' id='word_1_223' title='bbox 1371 440 1435 480; x_wconf 90' lang='lat' dir='ltr'><strong>tui</strong></span> <span class='ocrx_word' id='word_1_224' title='bbox 1463 440 1506 479; x_wconf 94' lang='lat' dir='ltr'><strong>in</strong></span> <span class='ocrx_word' id='word_1_225' title='bbox 1534 441 1720 481; x_wconf 88' lang='lat' dir='ltr'><strong>fortibus</strong></span> <span class='ocrx_word' id='word_1_226' title='bbox 1743 442 1829 482; x_wconf 90' lang='lat' dir='ltr'><strong>Do—</strong></span> 
     </span>
     <span class='ocr_line' id='line_1_49' title="bbox 1007 494 1829 548; baseline 0.002 -12"><span class='ocrx_word' id='word_1_227' title='bbox 1007 494 1146 537; x_wconf 88' lang='lat' dir='ltr'><strong>mine?</strong></span> <span class='ocrx_word' id='word_1_228' title='bbox 1175 498 1199 523; x_wconf 90' lang='lat'>*</span> <span class='ocrx_word' id='word_1_229' title='bbox 1229 496 1325 548; x_wconf 93' lang='lat' dir='ltr'><strong>quis</strong></span> <span class='ocrx_word' id='word_1_230' title='bbox 1354 495 1504 536; x_wconf 90' lang='lat' dir='ltr'><strong>similis</strong></span> <span class='ocrx_word' id='word_1_231' title='bbox 1532 497 1609 545; x_wconf 93' lang='lat' dir='ltr'><strong>tui,</strong></span> <span class='ocrx_word' id='word_1_232' title='bbox 1639 498 1829 548; x_wconf 89' lang='lat' dir='ltr'><strong>magnifi-</strong></span> 
     </span>
     <span class='ocr_line' id='line_1_50' title="bbox 1009 552 1829 606; baseline 0.005 -14"><span class='ocrx_word' id='word_1_233' title='bbox 1009 565 1085 593; x_wconf 91' lang='lat' dir='ltr'><strong>cus</strong></span> <span class='ocrx_word' id='word_1_234' title='bbox 1114 552 1156 592; x_wconf 93' lang='lat' dir='ltr'><strong>in</strong></span> <span class='ocrx_word' id='word_1_235' title='bbox 1185 553 1435 602; x_wconf 77' lang='lat' dir='ltr'><strong>sanctitate,</strong></span> <span class='ocrx_word' id='word_1_236' title='bbox 1463 553 1668 594; x_wconf 89' lang='lat' dir='ltr'><strong>terribilis</strong></span> <span class='ocrx_word' id='word_1_237' title='bbox 1697 560 1829 606; x_wconf 88' lang='lat' dir='ltr'><strong>atque</strong></span> 
     </span>
     <span class='ocr_line' id='line_1_51' title="bbox 1008 608 1708 658; baseline 0.003 -9"><span class='ocrx_word' id='word_1_238' title='bbox 1008 608 1250 658; x_wconf 84' lang='lat' dir='ltr'><strong>laudabilis,</strong></span> <span class='ocrx_word' id='word_1_239' title='bbox 1279 609 1442 650; x_wconf 90' lang='lat' dir='ltr'><strong>faciens</strong></span> <span class='ocrx_word' id='word_1_240' title='bbox 1469 609 1708 651; x_wconf 87' lang='lat' dir='ltr'><strong>mirabilia?</strong></span> 
     </span>
    </p>

    <p class='ocr_par' dir='ltr' id='par_1_20' title="bbox 1006 665 1829 876">
     <span class='ocr_line' id='line_1_52' title="bbox 1059 665 1828 715; baseline 0.003 -9"><span class='ocrx_word' id='word_1_241' title='bbox 1059 665 1307 707; x_wconf 83' lang='lat' dir='ltr'><strong>Extendisti</strong></span> <span class='ocrx_word' id='word_1_242' title='bbox 1332 679 1509 706; x_wconf 90' lang='lat' dir='ltr'><strong>manum</strong></span> <span class='ocrx_word' id='word_1_243' title='bbox 1535 671 1664 715; x_wconf 89' lang='lat' dir='ltr'><strong>tuam,</strong></span> <span class='ocrx_word' id='word_1_244' title='bbox 1693 672 1735 708; x_wconf 93' lang='lat' dir='ltr'><strong>et</strong></span> <span class='ocrx_word' id='word_1_245' title='bbox 1758 667 1828 708; x_wconf 93' lang='lat' dir='ltr'><strong>de-</strong></span> 
     </span>
     <span class='ocr_line' id='line_1_53' title="bbox 1008 722 1828 764; baseline 0.001 -1"><span class='ocrx_word' id='word_1_246' title='bbox 1008 722 1179 763; x_wconf 90' lang='lat' dir='ltr'><strong>voravit</strong></span> <span class='ocrx_word' id='word_1_247' title='bbox 1210 735 1286 763; x_wconf 91' lang='lat' dir='ltr'><strong>eos</strong></span> <span class='ocrx_word' id='word_1_248' title='bbox 1313 727 1440 764; x_wconf 90' lang='lat' dir='ltr'><strong>terra.</strong></span> <span class='ocrx_word' id='word_1_249' title='bbox 1466 723 1490 749; x_wconf 91' lang='lat'>*</span> <span class='ocrx_word' id='word_1_250' title='bbox 1511 722 1612 763; x_wconf 82' lang='lat' dir='ltr'><strong>Dux</strong></span> <span class='ocrx_word' id='word_1_251' title='bbox 1640 723 1758 764; x_wconf 89' lang='lat' dir='ltr'><strong>fuisti</strong></span> <span class='ocrx_word' id='word_1_252' title='bbox 1786 724 1828 764; x_wconf 93' lang='lat' dir='ltr'><strong>in</strong></span> 
     </span>
     <span class='ocr_line' id='line_1_54' title="bbox 1006 778 1829 831; baseline 0.001 -12"><span class='ocrx_word' id='word_1_253' title='bbox 1006 778 1307 820; x_wconf 63' lang='lat' dir='ltr'><strong>misericordia</strong></span> <span class='ocrx_word' id='word_1_254' title='bbox 1354 783 1429 820; x_wconf 89' lang='lat' dir='ltr'><strong>tua</strong></span> <span class='ocrx_word' id='word_1_255' title='bbox 1482 779 1647 831; x_wconf 91' lang='lat' dir='ltr'><strong>populo</strong></span> <span class='ocrx_word' id='word_1_256' title='bbox 1700 793 1829 831; x_wconf 91' lang='lat' dir='ltr'><strong>quem</strong></span> 
     </span>
     <span class='ocr_line' id='line_1_55' title="bbox 1007 835 1246 876; baseline -0.004 0"><span class='ocrx_word' id='word_1_257' title='bbox 1007 835 1246 876; x_wconf 89' lang='lat' dir='ltr'><strong>redemisti:</strong></span> 
     </span>
    </p>

    <p class='ocr_par' dir='ltr' id='par_1_21' title="bbox 1006 892 1829 1045">
     <span class='ocr_line' id='line_1_56' title="bbox 1059 892 1829 944; baseline 0.003 -12"><span class='ocrx_word' id='word_1_258' title='bbox 1059 892 1115 933; x_wconf 89' lang='lat' dir='ltr'><strong>Et</strong></span> <span class='ocrx_word' id='word_1_259' title='bbox 1147 892 1332 944; x_wconf 90' lang='lat' dir='ltr'><strong>portasti</strong></span> <span class='ocrx_word' id='word_1_260' title='bbox 1368 905 1466 933; x_wconf 89' lang='lat' dir='ltr'><strong>eum</strong></span> <span class='ocrx_word' id='word_1_261' title='bbox 1500 892 1543 932; x_wconf 93' lang='lat' dir='ltr'><strong>in</strong></span> <span class='ocrx_word' id='word_1_262' title='bbox 1577 892 1829 934; x_wconf 80' lang='lat' dir='ltr'><strong>fortitudine</strong></span> 
     </span>
     <span class='ocr_line' id='line_1_57' title="bbox 1006 947 1829 997; baseline 0.002 -9"><span class='ocrx_word' id='word_1_263' title='bbox 1006 952 1099 997; x_wconf 85' lang='lat' dir='ltr'><strong>tua,</strong></span> <span class='ocrx_word' id='word_1_264' title='bbox 1135 950 1158 975; x_wconf 87' lang='lat'>*</span> <span class='ocrx_word' id='word_1_265' title='bbox 1193 947 1248 989; x_wconf 91' lang='lat' dir='ltr'><strong>ad</strong></span> <span class='ocrx_word' id='word_1_266' title='bbox 1292 948 1587 989; x_wconf 90' lang='lat' dir='ltr'><strong>habitaculum</strong></span> <span class='ocrx_word' id='word_1_267' title='bbox 1632 954 1829 990; x_wconf 89' lang='lat' dir='ltr'><strong>sanctum</strong></span> 
     </span>
     <span class='ocr_line' id='line_1_58' title="bbox 1006 1009 1142 1045; baseline 0 0"><span class='ocrx_word' id='word_1_268' title='bbox 1006 1009 1142 1045; x_wconf 90' lang='lat' dir='ltr'><strong>tuum.</strong></span> 
     </span>
    </p>

    <p class='ocr_par' dir='ltr' id='par_1_22' title="bbox 1006 1061 1829 1213">
     <span class='ocr_line' id='line_1_59' title="bbox 1058 1061 1829 1114; baseline 0 -12"><span class='ocrx_word' id='word_1_269' title='bbox 1058 1061 1364 1103; x_wconf 87' lang='lat' dir='ltr'><strong>Ascenderunt</strong></span> <span class='ocrx_word' id='word_1_270' title='bbox 1375 1061 1538 1114; x_wconf 88' lang='lat' dir='ltr'><strong>populi,</strong></span> <span class='ocrx_word' id='word_1_271' title='bbox 1551 1066 1593 1102; x_wconf 93' lang='lat' dir='ltr'><strong>et</strong></span> <span class='ocrx_word' id='word_1_272' title='bbox 1605 1062 1701 1103; x_wconf 91' lang='lat' dir='ltr'><strong>irati</strong></span> <span class='ocrx_word' id='word_1_273' title='bbox 1714 1067 1829 1102; x_wconf 92' lang='lat' dir='ltr'><strong>sunt:</strong></span> 
     </span>
     <span class='ocr_line' id='line_1_60' title="bbox 1007 1118 1829 1160; baseline -0.001 -1"><span class='ocrx_word' id='word_1_274' title='bbox 1007 1120 1030 1145; x_wconf 89' lang='lat'>*</span> <span class='ocrx_word' id='word_1_275' title='bbox 1058 1118 1234 1159; x_wconf 89' lang='lat' dir='ltr'><strong>dolores</strong></span> <span class='ocrx_word' id='word_1_276' title='bbox 1262 1118 1543 1160; x_wconf 88' lang='lat' dir='ltr'><strong>obtinuerunt</strong></span> <span class='ocrx_word' id='word_1_277' title='bbox 1560 1118 1829 1160; x_wconf 90' lang='lat' dir='ltr'><strong>habitatores</strong></span> 
     </span>
     <span class='ocr_line' id='line_1_61' title="bbox 1006 1172 1280 1213; baseline 0 0"><span class='ocrx_word' id='word_1_278' title='bbox 1006 1172 1280 1213; x_wconf 89' lang='lat' dir='ltr'><strong>Philisthiim.</strong></span> 
     </span>
    </p>

    <p class='ocr_par' dir='ltr' id='par_1_23' title="bbox 1006 1230 1832 1440">
     <span class='ocr_line' id='line_1_62' title="bbox 1058 1230 1829 1284; baseline 0.001 -14"><span class='ocrx_word' id='word_1_279' title='bbox 1058 1230 1183 1270; x_wconf 89' lang='lat' dir='ltr'><strong>Tunc</strong></span> <span class='ocrx_word' id='word_1_280' title='bbox 1211 1230 1460 1272; x_wconf 91' lang='lat' dir='ltr'><strong>conturbati</strong></span> <span class='ocrx_word' id='word_1_281' title='bbox 1484 1236 1585 1272; x_wconf 92' lang='lat' dir='ltr'><strong>sunt</strong></span> <span class='ocrx_word' id='word_1_282' title='bbox 1608 1232 1829 1284; x_wconf 90' lang='lat' dir='ltr'><strong>principes</strong></span> 
     </span>
     <span class='ocr_line' id='line_1_63' title="bbox 1006 1286 1832 1335; baseline 0.004 -9"><span class='ocrx_word' id='word_1_283' title='bbox 1006 1286 1160 1335; x_wconf 89' lang='lat' dir='ltr'><strong>Edom,</strong></span> <span class='ocrx_word' id='word_1_284' title='bbox 1178 1286 1383 1327; x_wconf 84' lang='lat' dir='ltr'><strong>robustos</strong></span> <span class='ocrx_word' id='word_1_285' title='bbox 1394 1287 1526 1328; x_wconf 87' lang='lat' dir='ltr'><strong>Moab</strong></span> <span class='ocrx_word' id='word_1_286' title='bbox 1543 1287 1730 1328; x_wconf 90' lang='lat' dir='ltr'><strong>obtinuit</strong></span> <span class='ocrx_word' id='word_1_287' title='bbox 1751 1294 1832 1329; x_wconf 90' lang='lat' dir='ltr'><strong>tre-</strong></span> 
     </span>
     <span class='ocr_line' id='line_1_64' title="bbox 1006 1342 1827 1393; baseline 0.004 -11"><span class='ocrx_word' id='word_1_288' title='bbox 1006 1355 1118 1383; x_wconf 94' lang='lat' dir='ltr'><strong>mor:</strong></span> <span class='ocrx_word' id='word_1_289' title='bbox 1151 1344 1174 1369; x_wconf 85' lang='grc'><em>*</em></span> <span class='ocrx_word' id='word_1_290' title='bbox 1203 1342 1487 1393; x_wconf 90' lang='lat' dir='ltr'><strong>obriguerunt</strong></span> <span class='ocrx_word' id='word_1_291' title='bbox 1523 1356 1673 1385; x_wconf 91' lang='lat' dir='ltr'><strong>omnes</strong></span> <span class='ocrx_word' id='word_1_292' title='bbox 1709 1344 1827 1385; x_wconf 88' lang='lat' dir='ltr'><strong>habi-</strong></span> 
     </span>
     <span class='ocr_line' id='line_1_65' title="bbox 1006 1399 1417 1440; baseline 0 0"><span class='ocrx_word' id='word_1_293' title='bbox 1006 1401 1173 1440; x_wconf 89' lang='lat' dir='ltr'><strong>tatores</strong></span> <span class='ocrx_word' id='word_1_294' title='bbox 1201 1399 1417 1440; x_wconf 88' lang='lat' dir='ltr'><strong>Chanaan.</strong></span> 
     </span>
    </p>

    <p class='ocr_par' dir='ltr' id='par_1_24' title="bbox 1006 1456 1830 1563">
     <span class='ocr_line' id='line_1_66' title="bbox 1058 1456 1828 1509; baseline 0.001 -13"><span class='ocrx_word' id='word_1_295' title='bbox 1058 1456 1201 1496; x_wconf 87' lang='lat' dir='ltr'><strong>Irruat</strong></span> <span class='ocrx_word' id='word_1_296' title='bbox 1223 1469 1355 1508; x_wconf 91' lang='lat' dir='ltr'><strong>super</strong></span> <span class='ocrx_word' id='word_1_297' title='bbox 1381 1469 1458 1497; x_wconf 91' lang='lat' dir='ltr'><strong>eos</strong></span> <span class='ocrx_word' id='word_1_298' title='bbox 1485 1456 1672 1501; x_wconf 88' lang='lat' dir='ltr'><strong>formido</strong></span> <span class='ocrx_word' id='word_1_299' title='bbox 1694 1462 1737 1497; x_wconf 89' lang='lat' dir='ltr'><strong>et</strong></span> <span class='ocrx_word' id='word_1_300' title='bbox 1756 1470 1828 1509; x_wconf 93' lang='lat' dir='ltr'><strong>pa-</strong></span> 
     </span>
     <span class='ocr_line' id='line_1_67' title="bbox 1006 1512 1830 1563; baseline 0.001 -11"><span class='ocrx_word' id='word_1_301' title='bbox 1006 1525 1097 1562; x_wconf 89' lang='lat' dir='ltr'><strong>vor,</strong></span> <span class='ocrx_word' id='word_1_302' title='bbox 1115 1514 1138 1539; x_wconf 89' lang='lat'>*</span> <span class='ocrx_word' id='word_1_303' title='bbox 1161 1512 1204 1552; x_wconf 92' lang='lat' dir='ltr'><strong>in</strong></span> <span class='ocrx_word' id='word_1_304' title='bbox 1232 1512 1529 1563; x_wconf 78' lang='lat' dir='ltr'><strong>magnitudine</strong></span> <span class='ocrx_word' id='word_1_305' title='bbox 1556 1513 1723 1554; x_wconf 89' lang='lat' dir='ltr'><strong>brachii</strong></span> <span class='ocrx_word' id='word_1_306' title='bbox 1750 1514 1830 1554; x_wconf 90' lang='lat' dir='ltr'><strong>tui:</strong></span> 
     </span>
    </p>

    <p class='ocr_par' dir='ltr' id='par_1_25' title="bbox 1006 1568 1829 1791">
     <span class='ocr_line' id='line_1_68' title="bbox 1058 1568 1828 1621; baseline 0.003 -13"><span class='ocrx_word' id='word_1_307' title='bbox 1058 1568 1185 1610; x_wconf 86' lang='lat' dir='ltr'><strong>Fiant</strong></span> <span class='ocrx_word' id='word_1_308' title='bbox 1202 1569 1447 1610; x_wconf 87' lang='lat' dir='ltr'><strong>immobiles</strong></span> <span class='ocrx_word' id='word_1_309' title='bbox 1470 1570 1593 1621; x_wconf 90' lang='lat' dir='ltr'><strong>quasi</strong></span> <span class='ocrx_word' id='word_1_310' title='bbox 1613 1569 1734 1621; x_wconf 87' lang='lat' dir='ltr'><strong>lapis,</strong></span> <span class='ocrx_word' id='word_1_311' title='bbox 1754 1569 1828 1610; x_wconf 95' lang='lat' dir='ltr'><strong>do-</strong></span> 
     </span>
     <span class='ocr_line' id='line_1_69' title="bbox 1007 1626 1829 1678; baseline 0.001 -12"><span class='ocrx_word' id='word_1_312' title='bbox 1007 1638 1087 1666; x_wconf 94' lang='lat' dir='ltr'><strong>nec</strong></span> <span class='ocrx_word' id='word_1_313' title='bbox 1105 1627 1382 1677; x_wconf 77' lang='lat' dir='ltr'><strong>pertranseat</strong></span> <span class='ocrx_word' id='word_1_314' title='bbox 1405 1626 1596 1678; x_wconf 91' lang='lat' dir='ltr'><strong>populus</strong></span> <span class='ocrx_word' id='word_1_315' title='bbox 1620 1631 1721 1667; x_wconf 90' lang='lat' dir='ltr'><strong>tuus</strong></span> <span class='ocrx_word' id='word_1_316' title='bbox 1744 1627 1829 1667; x_wconf 90' lang='lat' dir='ltr'><strong>Do-</strong></span> 
     </span>
     <span class='ocr_line' id='line_1_70' title="bbox 1006 1681 1829 1735; baseline 0.001 -14"><span class='ocrx_word' id='word_1_317' title='bbox 1006 1682 1132 1731; x_wconf 89' lang='lat' dir='ltr'><strong>mine,</strong></span> <span class='ocrx_word' id='word_1_318' title='bbox 1149 1683 1173 1708; x_wconf 85' lang='lat'>*</span> <span class='ocrx_word' id='word_1_319' title='bbox 1190 1681 1331 1723; x_wconf 91' lang='lat' dir='ltr'><strong>donec</strong></span> <span class='ocrx_word' id='word_1_320' title='bbox 1349 1685 1623 1734; x_wconf 90' lang='lat' dir='ltr'><strong>pertranseat</strong></span> <span class='ocrx_word' id='word_1_321' title='bbox 1639 1682 1829 1735; x_wconf 91' lang='lat' dir='ltr'><strong>populus</strong></span> 
     </span>
     <span class='ocr_line' id='line_1_71' title="bbox 1006 1738 1661 1791; baseline 0 -13"><span class='ocrx_word' id='word_1_322' title='bbox 1006 1743 1107 1779; x_wconf 88' lang='lat' dir='ltr'><strong>tuus</strong></span> <span class='ocrx_word' id='word_1_323' title='bbox 1134 1738 1227 1787; x_wconf 90' lang='lat' dir='ltr'><strong>iste,</strong></span> <span class='ocrx_word' id='word_1_324' title='bbox 1258 1751 1388 1790; x_wconf 92' lang='lat' dir='ltr'><strong>quem</strong></span> <span class='ocrx_word' id='word_1_325' title='bbox 1415 1738 1661 1791; x_wconf 90' lang='lat' dir='ltr'><strong>possedisti.</strong></span> 
     </span>
    </p>

    <p class='ocr_par' dir='ltr' id='par_1_26' title="bbox 1005 1793 1828 2005">
     <span class='ocr_line' id='line_1_72' title="bbox 1057 1793 1828 1847; baseline 0 -12"><span class='ocrx_word' id='word_1_326' title='bbox 1057 1793 1316 1835; x_wconf 82' lang='lat' dir='ltr'><strong>Introduces</strong></span> <span class='ocrx_word' id='word_1_327' title='bbox 1345 1807 1435 1845; x_wconf 90' lang='lat' dir='ltr'><strong>eos,</strong></span> <span class='ocrx_word' id='word_1_328' title='bbox 1469 1799 1512 1836; x_wconf 91' lang='lat' dir='ltr'><strong>et</strong></span> <span class='ocrx_word' id='word_1_329' title='bbox 1539 1794 1758 1847; x_wconf 89' lang='lat' dir='ltr'><strong>plantabis</strong></span> <span class='ocrx_word' id='word_1_330' title='bbox 1786 1795 1828 1835; x_wconf 93' lang='lat' dir='ltr'><strong>in</strong></span> 
     </span>
     <span class='ocr_line' id='line_1_73' title="bbox 1006 1850 1828 1901; baseline 0.001 -10"><span class='ocrx_word' id='word_1_331' title='bbox 1006 1855 1155 1892; x_wconf 89' lang='lat' dir='ltr'><strong>monte</strong></span> <span class='ocrx_word' id='word_1_332' title='bbox 1166 1850 1434 1893; x_wconf 85' lang='lat' dir='ltr'><strong>haereditatis</strong></span> <span class='ocrx_word' id='word_1_333' title='bbox 1443 1856 1542 1901; x_wconf 87' lang='lat' dir='ltr'><strong>tuae,</strong></span> <span class='ocrx_word' id='word_1_334' title='bbox 1549 1853 1572 1878; x_wconf 88' lang='lat'>*</span> <span class='ocrx_word' id='word_1_335' title='bbox 1581 1852 1828 1892; x_wconf 88' lang='lat' dir='ltr'><strong>firmissimo</strong></span> 
     </span>
     <span class='ocr_line' id='line_1_74' title="bbox 1005 1906 1828 1960; baseline 0 -12"><span class='ocrx_word' id='word_1_336' title='bbox 1005 1906 1255 1948; x_wconf 91' lang='lat' dir='ltr'><strong>habitaculo</strong></span> <span class='ocrx_word' id='word_1_337' title='bbox 1283 1913 1360 1949; x_wconf 92' lang='lat' dir='ltr'><strong>tuo</strong></span> <span class='ocrx_word' id='word_1_338' title='bbox 1395 1907 1516 1959; x_wconf 94' lang='lat' dir='ltr'><strong>quod</strong></span> <span class='ocrx_word' id='word_1_339' title='bbox 1544 1910 1752 1960; x_wconf 91' lang='lat' dir='ltr'><strong>operatus</strong></span> <span class='ocrx_word' id='word_1_340' title='bbox 1782 1921 1828 1949; x_wconf 92' lang='lat' dir='ltr'><strong>es</strong></span> 
     </span>
     <span class='ocr_line' id='line_1_75' title="bbox 1005 1963 1211 2005; baseline 0 -1"><span class='ocrx_word' id='word_1_341' title='bbox 1005 1963 1211 2005; x_wconf 86' lang='lat' dir='ltr'><strong>Domine:</strong></span> 
     </span>
    </p>

    <p class='ocr_par' dir='ltr' id='par_1_27' title="bbox 1005 2021 1828 2183">
     <span class='ocr_line' id='line_1_76' title="bbox 1057 2021 1828 2073; baseline 0 -11"><span class='ocrx_word' id='word_1_342' title='bbox 1057 2021 1360 2062; x_wconf 90' lang='lat' dir='ltr'><strong>Sanctuarium</strong></span> <span class='ocrx_word' id='word_1_343' title='bbox 1367 2025 1492 2062; x_wconf 91' lang='lat' dir='ltr'><strong>tuum</strong></span> <span class='ocrx_word' id='word_1_344' title='bbox 1500 2021 1697 2070; x_wconf 88' lang='lat' dir='ltr'><strong>Domine,</strong></span> <span class='ocrx_word' id='word_1_345' title='bbox 1709 2021 1828 2073; x_wconf 92' lang='lat' dir='ltr'><strong>quod</strong></span> 
     </span>
     <span class='ocr_line' id='line_1_77' title="bbox 1005 2077 1827 2118; baseline 0.001 -1"><span class='ocrx_word' id='word_1_346' title='bbox 1005 2077 1288 2118; x_wconf 88' lang='lat' dir='ltr'><strong>firmaverunt</strong></span> <span class='ocrx_word' id='word_1_347' title='bbox 1315 2090 1468 2118; x_wconf 89' lang='lat' dir='ltr'><strong>manus</strong></span> <span class='ocrx_word' id='word_1_348' title='bbox 1502 2083 1602 2118; x_wconf 85' lang='lat' dir='ltr'><strong>tuae.</strong></span> <span class='ocrx_word' id='word_1_349' title='bbox 1630 2079 1653 2104; x_wconf 86' lang='lat'>*</span> <span class='ocrx_word' id='word_1_350' title='bbox 1680 2078 1827 2118; x_wconf 91' lang='lat' dir='ltr'><strong>Domi-</strong></span> 
     </span>
     <span class='ocr_line' id='line_1_78' title="bbox 1005 2132 1828 2183; baseline 0.001 -10"><span class='ocrx_word' id='word_1_351' title='bbox 1005 2146 1087 2173; x_wconf 93' lang='lat' dir='ltr'><strong>nus</strong></span> <span class='ocrx_word' id='word_1_352' title='bbox 1112 2132 1312 2183; x_wconf 86' lang='lat' dir='ltr'><strong>regnabit</strong></span> <span class='ocrx_word' id='word_1_353' title='bbox 1336 2133 1380 2174; x_wconf 92' lang='lat' dir='ltr'><strong>in</strong></span> <span class='ocrx_word' id='word_1_354' title='bbox 1401 2135 1613 2175; x_wconf 86' lang='lat' dir='ltr'><strong>aeternum</strong></span> <span class='ocrx_word' id='word_1_355' title='bbox 1635 2138 1679 2175; x_wconf 94' lang='lat' dir='ltr'><strong>et</strong></span> <span class='ocrx_word' id='word_1_356' title='bbox 1704 2134 1828 2175; x_wconf 90' lang='lat' dir='ltr'><strong>ultra.</strong></span> 
     </span>
    </p>

    <p class='ocr_par' dir='ltr' id='par_1_28' title="bbox 1003 2190 1826 2412">
     <span class='ocr_line' id='line_1_79' title="bbox 1057 2190 1825 2242; baseline 0 -12"><span class='ocrx_word' id='word_1_357' title='bbox 1057 2190 1284 2241; x_wconf 81' lang='lat' dir='ltr'><strong>Ingressus</strong></span> <span class='ocrx_word' id='word_1_358' title='bbox 1297 2195 1364 2232; x_wconf 90' lang='lat' dir='ltr'><strong>est</strong></span> <span class='ocrx_word' id='word_1_359' title='bbox 1375 2190 1490 2231; x_wconf 90' lang='lat' dir='ltr'><strong>enim</strong></span> <span class='ocrx_word' id='word_1_360' title='bbox 1506 2203 1640 2242; x_wconf 89' lang='lat' dir='ltr'><strong>eques</strong></span> <span class='ocrx_word' id='word_1_361' title='bbox 1654 2190 1825 2231; x_wconf 87' lang='lat' dir='ltr'><strong>Pharao</strong></span> 
     </span>
     <span class='ocr_line' id='line_1_80' title="bbox 1006 2245 1826 2298; baseline -0.001 -11"><span class='ocrx_word' id='word_1_362' title='bbox 1006 2259 1106 2287; x_wconf 92' lang='lat' dir='ltr'><strong>cum</strong></span> <span class='ocrx_word' id='word_1_363' title='bbox 1125 2245 1322 2287; x_wconf 81' lang='lat' dir='ltr'><strong>curribus</strong></span> <span class='ocrx_word' id='word_1_364' title='bbox 1352 2251 1395 2288; x_wconf 91' lang='lat' dir='ltr'><strong>et</strong></span> <span class='ocrx_word' id='word_1_365' title='bbox 1424 2246 1645 2298; x_wconf 92' lang='lat' dir='ltr'><strong>equitibus</strong></span> <span class='ocrx_word' id='word_1_366' title='bbox 1666 2247 1755 2298; x_wconf 89' lang='lat' dir='ltr'><strong>ejus</strong></span> <span class='ocrx_word' id='word_1_367' title='bbox 1783 2247 1826 2286; x_wconf 92' lang='lat' dir='ltr'><strong>in</strong></span> 
     </span>
     <span class='ocr_line' id='line_1_81' title="bbox 1003 2302 1826 2355; baseline 0.001 -12"><span class='ocrx_word' id='word_1_368' title='bbox 1003 2315 1139 2344; x_wconf 90' lang='lat' dir='ltr'><strong>mare:</strong></span> <span class='ocrx_word' id='word_1_369' title='bbox 1158 2303 1182 2329; x_wconf 89' lang='lat'>*</span> <span class='ocrx_word' id='word_1_370' title='bbox 1204 2307 1247 2344; x_wconf 91' lang='lat' dir='ltr'><strong>et</strong></span> <span class='ocrx_word' id='word_1_371' title='bbox 1275 2302 1449 2344; x_wconf 79' lang='lat' dir='ltr'><strong>redaxit</strong></span> <span class='ocrx_word' id='word_1_372' title='bbox 1476 2316 1608 2355; x_wconf 92' lang='lat' dir='ltr'><strong>super</strong></span> <span class='ocrx_word' id='word_1_373' title='bbox 1637 2315 1712 2344; x_wconf 90' lang='lat' dir='ltr'><strong>eos</strong></span> <span class='ocrx_word' id='word_1_374' title='bbox 1740 2303 1826 2343; x_wconf 92' lang='lat' dir='ltr'><strong>Do-</strong></span> 
     </span>
     <span class='ocr_line' id='line_1_82' title="bbox 1004 2359 1488 2412; baseline 0.002 -13"><span class='ocrx_word' id='word_1_375' title='bbox 1004 2359 1148 2400; x_wconf 90' lang='lat' dir='ltr'><strong>minus</strong></span> <span class='ocrx_word' id='word_1_376' title='bbox 1177 2372 1313 2412; x_wconf 88' lang='lat' dir='ltr'><strong>aquas</strong></span> <span class='ocrx_word' id='word_1_377' title='bbox 1339 2360 1488 2400; x_wconf 87' lang='lat' dir='ltr'><strong>maris:</strong></span> 
     </span>
    </p>

    <p class='ocr_par' dir='ltr' id='par_1_29' title="bbox 1003 2414 1825 2524">
     <span class='ocr_line' id='line_1_83' title="bbox 1056 2414 1825 2457; baseline -0.001 -1"><span class='ocrx_word' id='word_1_378' title='bbox 1056 2415 1153 2456; x_wconf 90' lang='lat' dir='ltr'><strong>Filii</strong></span> <span class='ocrx_word' id='word_1_379' title='bbox 1173 2421 1320 2457; x_wconf 91' lang='lat' dir='ltr'><strong>autem</strong></span> <span class='ocrx_word' id='word_1_380' title='bbox 1339 2415 1475 2456; x_wconf 79' lang='lat' dir='ltr'><strong>Israel</strong></span> <span class='ocrx_word' id='word_1_381' title='bbox 1495 2414 1825 2456; x_wconf 89' lang='lat' dir='ltr'><strong>ambulaverunt</strong></span> 
     </span>
     <span class='ocr_line' id='line_1_84' title="bbox 1003 2471 1700 2524; baseline -0.003 -11"><span class='ocrx_word' id='word_1_382' title='bbox 1003 2485 1083 2524; x_wconf 92' lang='lat' dir='ltr'><strong>per</strong></span> <span class='ocrx_word' id='word_1_383' title='bbox 1111 2472 1274 2513; x_wconf 91' lang='lat' dir='ltr'><strong>siccum</strong></span> <span class='ocrx_word' id='word_1_384' title='bbox 1302 2474 1325 2499; x_wconf 88' lang='grc'><em>*</em></span> <span class='ocrx_word' id='word_1_385' title='bbox 1352 2473 1396 2512; x_wconf 91' lang='lat' dir='ltr'><strong>in</strong></span> <span class='ocrx_word' id='word_1_386' title='bbox 1423 2471 1568 2512; x_wconf 91' lang='lat' dir='ltr'><strong>medio</strong></span> <span class='ocrx_word' id='word_1_387' title='bbox 1600 2472 1700 2523; x_wconf 94' lang='lat' dir='ltr'><strong>ejus.</strong></span> 
     </span>
    </p>

    <p class='ocr_par' dir='ltr' id='par_1_30' title="bbox 1054 2527 1823 2578">
     <span class='ocr_line' id='line_1_85' title="bbox 1054 2527 1823 2578; baseline -0.004 -9"><span class='ocrx_word' id='word_1_388' title='bbox 1054 2530 1152 2569; x_wconf 87' lang='lat' dir='ltr'><strong>Ant.</strong></span> <span class='ocrx_word' id='word_1_389' title='bbox 1171 2529 1407 2570; x_wconf 88' lang='lat' dir='ltr'><strong>Cantemus</strong></span> <span class='ocrx_word' id='word_1_390' title='bbox 1418 2528 1608 2568; x_wconf 91' lang='lat' dir='ltr'><strong>Domino</strong></span> <span class='ocrx_word' id='word_1_391' title='bbox 1624 2527 1823 2578; x_wconf 88' lang='lat' dir='ltr'><strong>gloriose.</strong></span> 
     </span>
    </p>

    <p class='ocr_par' dir='ltr' id='par_1_31' title="bbox 1002 2581 1823 2681">
     <span class='ocr_line' id='line_1_86' title="bbox 1052 2581 1823 2635; baseline -0.005 -9"><span class='ocrx_word' id='word_1_392' title='bbox 1052 2586 1151 2627; x_wconf 91' lang='lat' dir='ltr'><strong>Ant.</strong></span> <span class='ocrx_word' id='word_1_393' title='bbox 1199 2586 1250 2625; x_wconf 87' lang='lat' dir='ltr'><strong>In</strong></span> <span class='ocrx_word' id='word_1_394' title='bbox 1285 2584 1446 2626; x_wconf 90' lang='lat' dir='ltr'><strong>sanctis</strong></span> <span class='ocrx_word' id='word_1_395' title='bbox 1481 2585 1570 2635; x_wconf 90' lang='lat' dir='ltr'><strong>ejus</strong></span> <span class='ocrx_word' id='word_1_396' title='bbox 1598 2581 1823 2623; x_wconf 89' lang='lat' dir='ltr'><strong>*laudate</strong></span> 
     </span>
     <span class='ocr_line' id='line_1_87' title="bbox 1002 2640 1155 2681; baseline -0.007 0"><span class='ocrx_word' id='word_1_397' title='bbox 1002 2640 1155 2681; x_wconf 91' lang='lat' dir='ltr'><strong>Deum.</strong></span> 
     </span>
    </p>

    <p class='ocr_par' dir='ltr' id='par_1_32' title="bbox 1052 2695 1702 2739">
     <span class='ocr_line' id='line_1_88' title="bbox 1052 2695 1702 2739; baseline -0.003 -3"><span class='ocrx_word' id='word_1_398' title='bbox 1052 2698 1118 2737; x_wconf 89' lang='lat' dir='ltr'><strong>Ps.</strong></span> <span class='ocrx_word' id='word_1_399' title='bbox 1146 2696 1345 2739; x_wconf 89' lang='lat' dir='ltr'><strong>Laudate</strong></span> <span class='ocrx_word' id='word_1_400' title='bbox 1371 2696 1616 2737; x_wconf 91' lang='lat' dir='ltr'><strong>Dominum.</strong></span> <span class='ocrx_word' id='word_1_401' title='bbox 1644 2695 1702 2734; x_wconf 89' lang='lat'><strong>16.</strong></span> 
     </span>
    </p>
   </div>
  </div>
 </body>
</html>
