2040 2976
182 420 224 456 ¹³

182 458 194 470 <-

181 471 224 518 ,Εῆ

182 520 195 566 ἔ
219 573 224 578 .

182 568 225 625 !vu

181 618 227 674 Εἶτ’

181 666 226 713 Ε

182 715 195 762 Ε

182 764 222 815 ΞΥ

174 819 223 850 fflo

936 944 1001 1053 S

779 1103 1201 1133 -ρεᾣΘὲΘο-ψο-ῌ

206 1211 268 1253 In
292 1209 494 1261 Vigiliis
520 1208 894 1260 Apostolorum.

182 1277 359 1312 Officium
375 1279 417 1313 fit
433 1279 479 1313 de
493 1279 606 1313 Feria
624 1280 797 1323 exceptis
812 1279 913 1313 Leet.
932 1284 968 1313 et

138 1324 251 1369 Orat,
277 1337 364 1371 quae
382 1327 421 1360 in
438 1328 609 1371 propriis
626 1328 725 1362 locis
742 1332 934 1363 notantur.

180 1378 361 1414 Ubivero
374 1390 453 1413 non
467 1384 555 1414 sunt
568 1381 739 1424 propriae
748 1381 861 1425 Lect,
875 1381 967 1423 legi-

137 1430 200 1461 tur
214 1427 470 1472 Evangelium
487 1440 573 1463 cum
590 1429 763 1464 Homilia
782 1429 968 1473 sequenti.

140 1487 296 1530 Lectio
316 1488 459 1530 sancti
480 1484 708 1537 Evangelii
728 1482 971 1526 secundum

445 1545 470 1586 J
472 1546 671 1586 oannem.

216 1604 369 1646 Lectio
390 1605 414 1645 i.
656 1607 759 1658 Cap.
775 1608 833 1647 15.
852 1607 891 1647 b.

140 1667 218 1774 In
245 1667 321 1710 illo
350 1670 566 1722 tempore:
603 1666 726 1707 Dixit
752 1665 880 1706 Jesus
910 1662 970 1704 di-

216 1725 398 1778 scipulis
432 1725 538 1766 suis:
573 1724 675 1765 Hoc
710 1726 777 1764 est
808 1721 972 1774 praece-

140 1785 267 1834 ptum
287 1794 449 1832 meum,
475 1786 524 1823 ut
553 1780 745 1831 diligatis
773 1778 971 1826 invicem,

142 1838 255 1880 sicut
275 1838 408 1880 dilexi
427 1851 518 1880 vos.
546 1838 603 1879 Et
622 1836 804 1888 reliqua.

237 1912 431 1954 Homilia
449 1912 488 1954 S.
509 1910 714 1962 Gregorii
731 1910 877 1962 Papae.

285 1978 457 2014 Homilia
472 1980 525 2014 27.
543 1981 582 2014 in
598 1980 823 2023 Evangelia.

392 2042 466 2070 um
481 2033 640 2070 cuncta
655 2040 781 2069 sacra
798 2026 974 2079 eloquia

186 2116 191 2127 s
231 2103 336 2147 ⁶,2‘ss⁷'s›÷³³
422 2085 667 2126 Dominicis
710 2084 843 2137 plena
888 2083 974 2124 sint

173 2187 175 2199 k
223 2136 348 2205 ³4:¹33}ss
422 2142 679 2195 praeceptis,
743 2140 849 2194 quid
908 2144 975 2181 est

181 2220 219 2258 {Q
240 2200 263 2221 “·
279 2195 343 2212 ‘²
426 2198 546 2251 quod
608 2198 664 2240 de
727 2197 974 2246 dilectione,

426 2255 551 2307 quasi
566 2254 620 2296 de
636 2254 845 2306 singulari
857 2266 974 2294 man-

147 2311 264 2362 dato,
282 2311 498 2353 Dominus
518 2310 634 2361 dicit,
659 2311 759 2353 Hoc
780 2315 847 2352 est
864 2322 975 2363 prae-

147 2370 324 2421 ceptum
337 2381 493 2419 meum,
507 2372 556 2409 ut
571 2367 760 2419 diligatis
774 2367 976 2408 invicem:

146 2426 230 2466 nisi
250 2425 352 2478 quia
371 2437 502 2466 omne
520 2423 775 2466 mandatum
797 2423 852 2465 de
881 2422 977 2464 sola

148 2481 382 2524 dilectione
398 2486 479 2523 est:
498 2485 542 2522 et
557 2481 702 2522 omnia
716 2493 852 2522 unum
865 2492 976 2532 prae-

148 2541 325 2591 ceptum
344 2535 466 2579 sunt?
495 2537 597 2590 quia
625 2536 839 2590 quidquid
864 2549 976 2589 prae-

149 2596 317 2648 cipitur,
346 2595 391 2635 in
419 2594 513 2636 sola
541 2594 724 2635 caritate
753 2592 977 2634 solidatur.

147 2651 208 2694 Ut
223 2652 339 2694 enim
357 2651 483 2692 multi
502 2650 672 2692 arboris
691 2650 801 2691 rami
820 2662 875 2691 ex
891 2662 977 2690 una

149 2708 297 2750 radice
321 2707 558 2762 prodeunt:
586 2707 650 2748 sic
672 2706 822 2748 multae
845 2706 976 2747 virtu-

149 2769 216 2807 tes
232 2778 286 2807 ex
300 2778 387 2807 una
401 2764 583 2806 caritate
598 2765 873 2815 generantur.
882 2763 978 2805 Nec

304 2909 368 2933 Pars
384 2908 492 2934 AEstiva.

1023 1201 1158 1243 habet
1168 1197 1334 1251 aliquid
1346 1195 1580 1238 viriditatis
1591 1207 1739 1236 ramus
1750 1191 1858 1235 boni

1025 1258 1189 1311 operis,
1218 1256 1255 1297 si
1281 1267 1371 1297 non
1389 1258 1539 1295 manet
1556 1253 1601 1294 in
1620 1251 1769 1293 radice
1789 1263 1856 1291 ca-

1025 1314 1178 1356 ritatis.

1072 1378 1151 1422 RgRg.
1170 1378 1217 1412 de
1236 1378 1347 1411 Fcria
1364 1388 1435 1421 pro
1453 1382 1637 1420 ternpore.

1336 1440 1488 1481 Lectio
1518 1440 1556 1479 ii.

1028 1498 1309 1605 Praecepta
1324 1510 1429 1550 ergo
1444 1496 1678 1539 Dominica
1693 1500 1737 1538 et
1751 1493 1858 1537 mul-

1129 1562 1175 1599 ta
1202 1561 1320 1607 sunt,
1356 1560 1400 1598 et
1427 1568 1578 1596 unum:
1614 1553 1753 1595 multa
1780 1566 1860 1606 per

1026 1615 1330 1657 diversitatem
1359 1612 1523 1666 operis,
1559 1624 1695 1652 unum
1722 1611 1768 1651 in
1795 1623 1860 1651 ra·
1912 1620 1914 1624 ’

1027 1671 1124 1713 dice
1162 1670 1419 1713 dilectionis.
1474 1668 1672 1719 Qualiter
1714 1672 1861 1709 autem

1025 1729 1110 1770 ista
1129 1727 1307 1770 dilectio
1330 1725 1521 1768 tenenda
1541 1725 1612 1777 sit,
1641 1725 1737 1778 ipse
1761 1725 1860 1765 insi-

1025 1790 1153 1836 nuat,
1191 1785 1265 1837 qui
1291 1784 1335 1825 in
1368 1783 1592 1836 plerisque
1620 1782 1861 1834 Scripti'irae

1026 1856 1119 1884 suae
1136 1841 1377 1890 sententiiS,
1409 1845 1452 1881 et
1474 1842 1640 1881 amicos
1660 1838 1781 1890 jubet
1801 1838 1861 1880 di-

1026 1899 1102 1951 ligi
1126 1899 1171 1940 in
1198 1911 1261 1948 se,
1297 1902 1341 1939 et
1364 1897 1565 1938 inimicos
1591 1900 1774 1948 propter
1803 1908 1861 1937 se.

1026 1956 1107 1998 Ille
1136 1955 1251 1997 enim
1279 1953 1496 1996 veraciter
1527 1953 1756 1994 caritatem
1788 1952 1860 1993 ha-

1027 2012 1118 2063 bet,
1149 2013 1224 2065 qui
1249 2016 1292 2053 et
1315 2013 1505 2052 amicum
1530 2009 1670 2060 diligit
1688 2009 1733 2050 in
1751 2009 1861 2059 DeO,

1028 2074 1073 2111 et
1091 2069 1315 2110 inimicum
1341 2067 1482 2118 diligit
1503 2071 1688 2121 propter
1706 2066 1861 2108 Deum.
1914 2086 1916 2090 v

1027 2127 1143 2167 Nam
1175 2130 1276 2167 sunt
1308 2122 1523 2173 nonnulli,
1570 2123 1645 2176 qui
1676 2123 1863 2174 diligunt

1027 2183 1266 2236 proximos,
1286 2180 1366 2223 sed
1384 2194 1465 2234 per
1482 2180 1688 2222 affectum
1704 2193 1861 2232 cogna-
1914 2192 1915 2195 ¹

1027 2239 1158 2281 tionis
1188 2243 1231 2280 et
1260 2238 1420 2280 carnis:
1455 2237 1614 2290 quibus
1642 2241 1790 2279 tamen
1818 2238 1862 2278 in
1913 2254 1915 2283 1

1027 2295 1111 2337 hac
1144 2295 1380 2337 dilectione
1413 2307 1538 2336 sacra
1568 2294 1745 2348 eloquia
1774 2307 1863 2336 non

1030 2352 1352 2394 contradicunt:
1389 2350 1469 2393 sed
1497 2350 1616 2393 aliud
1640 2347 1712 2394 'est
1742 2351 1863 2404 quod

1030 2413 1189 2462 sponte
1217 2407 1485 2461 impenditur
1516 2411 1706 2459 naturae,
1743 2407 1862 2449 aliud

1032 2465 1152 2518 quod
1171 2465 1407 2519 praeceptis
1422 2465 1666 2507 Dominicis
1682 2478 1736 2507 ex
1756 2465 1861 2506 cari-

1029 2525 1121 2564 tate
1142 2522 1327 2564 debetur
1346 2521 1620 2564 obedientiae.

1326 2588 1478 2630 Lectio
1506 2589 1561 2629 iii.

1029 2639 1141 2745 Hi
1172 2650 1376 2691 nimirum
1408 2654 1466 2691 et.
1486 2648 1738 2701 proximum
1770 2645 1862 2688 dili·
1911 2681 1914 2688 .

1151 2711 1274 2757 gunt,
1312 2712 1356 2748 et
1383 2711 1531 2748 tamen
1557 2704 1631 2745 illa
1660 2702 1863 2745 sublimia

1032 2762 1279 2811 dilectionis
1304 2763 1490 2816 praemia
1509 2774 1599 2803 non
1625 2762 1862 2812 assequun-

1623 2892 1654 2925 A
