2040 2976
455 177 525 210 Dic
551 177 583 210 8.
608 176 709 217 Maii.
746 176 788 208 In
811 175 1069 218 Apparitione
1096 174 1130 208 S.
1156 175 1357 208 Michaelis
1382 176 1575 215 Archang.

212 281 262 332 R.
285 278 337 319 In
352 279 594 331 conspectu
606 276 878 328 Angelorum
890 275 996 328 psal·

164 335 251 376 lam
274 334 372 384 tibi,
402 339 445 376 et
473 333 671 376 adorabo
702 332 758 374 ad
785 331 998 385 templum

165 396 365 432 sanctum
383 395 522 432 tuum:
534 393 556 417 *
582 390 640 432 Et
659 389 902 431 confitebor
921 390 996 430 no-

164 447 270 488 mini
291 452 368 489 tuo
392 448 594 488 Demine.
625 444 676 496 V.
707 446 849 498 Super
870 445 996 487 mise-

165 503 356 545 ricordia
382 508 458 544 tua
484 508 528 545 et
556 503 741 544 veritate
770 507 861 543 tua:
891 503 995 553 quo-

164 560 281 600 niam
315 559 607 610 magnificasti
640 571 772 610 super
804 570 886 599 nos
919 569 995 598 no-

165 628 266 657 men
306 621 504 658 sanctum
544 620 678 657 tuum.
731 614 798 656 Et.
844 613 996 655 Gloria

164 672 297 714 Patri.
336 672 403 714 Et.

394 748 442 787 In
462 749 512 788 II.
532 748 755 788 Nocturno.

216 811 315 851 Ant.
350 809 539 852 Michael
569 808 862 860 Archangele,
895 809 995 851 veni

163 867 208 908 in
227 866 491 919 adiuterium
508 866 676 919 pepulo
697 866 791 907 Dei.

217 929 316 968 Ant.
358 927 543 969 Michael
572 927 840 980 praepositus
869 939 993 978 para-

165 983 260 1035 disi,
273 997 403 1037 quem
416 983 710 1025 honorificant
721 983 993 1034 Angelorum

163 1053 295 1082 cives.

219 1101 316 1142 Ant.
337 1100 568 1142 Gloriesus
584 1100 828 1153 apparuisti
841 1100 885 1141 in
901 1113 995 1141 con-

163 1157 318 1208 spectu
328 1156 523 1198 Demini:
538 1157 776 1209 propterea
788 1155 995 1198 decorem

162 1210 303 1253 induit
321 1217 366 1253 te
385 1213 612 1254 Deminus.

211 1271 262 1323 ΥΤ.
290 1272 504 1315 Ascendit
522 1273 666 1314 fumus
685 1275 931 1314 aromatum
950 1273 994 1313 in

163 1330 404 1380 conspectu
443 1329 632 1370 Domini.
670 1330 720 1381 Ru
754 1330 821 1370 De
862 1342 994 1370 manu

163 1383 331 1435 Angeli.

464 1449 616 1490 Lectio
637 1450 690 1490 iv.

167 1514 255 1561 5³1⁵<
267 1511 424 1551 eatum
454 1510 715 1552 Michaelem
743 1509 992 1561 Archange-

202 1579 242 1622 ²21}
260 1561 269 1602 ³?
292 1566 382 1608 lum
405 1566 568 1619 saepius
586 1566 836 1608 hominibus
859 1579 992 1619 appa-

171 1617 269 1646 ὲὲ-ἺᾸ
292 1625 447 1672 ruisse,
472 1627 516 1664 et
534 1625 761 1664 sacrorum
780 1622 991 1664 librorum

163 1679 442 1730 auctoritate,
484 1684 528 1721 et
564 1680 703 1721 veteri
739 1681 993 1720 sanctarum

162 1735 400 1777 traditiene
445 1735 774 1788 comprobatur.
835 1736 992 1786 Quam-

162 1790 316 1833 obrem
338 1791 486 1834 multis
509 1792 554 1832 in
575 1792 686 1833 locis
709 1792 813 1834 facti
831 1794 993 1833 memo-

162 1847 226 1888 ria
253 1847 511 1890 celebratur.
551 1848 666 1889 Eum
690 1853 739 1890 ut
767 1847 872 1889 olim
896 1861 992 1900 syn-

119 1919 125 1923 *
162 1905 303 1955 agoga
322 1902 594 1955 Judaeorum,
623 1905 686 1946 sic
709 1917 824 1945 nunc
849 1906 992 1945 custo-

162 1959 264 2000 dem
288 1964 333 2001 et
358 1962 611 2012 patronum,
648 1961 732 2002 Dei
758 1962 992 2002 veneratur

161 2015 371 2057 Ecclesia.
431 2016 610 2058 Gelasio
656 2021 803 2058 autem
847 2017 991 2069 primo

162 2071 377 2114 Pontifice
413 2073 624 2123 Maximo,
668 2073 713 2113 in
750 2072 913 2125 Apulia
948 2073 992 2113 in

162 2128 327 2169 vertice
354 2129 549 2179 Gargani
574 2129 755 2179 montis,
788 2128 845 2171 ad
873 2129 994 2180 cujus

163 2182 336 2225 radices
367 2185 564 2226 incolunt
591 2186 826 2238 Sipontini,
858 2184 994 2226 Arch-

163 2239 307 2291 angeli
335 2240 561 2282 Michaelis
593 2241 674 2283 fuit
707 2241 888 2283 illustris
920 2253 994 2294 ap-

162 2296 334 2348 paritio.

213 2359 267 2410 R.
284 2357 370 2398 Hic
389 2362 456 2399 est
475 2358 662 2399 Michael
680 2358 994 2409 Archangelus,

162 2414 369 2466 princeps
387 2414 553 2455 militiae
569 2415 851 2465 Angelorum,
870 2417 891 2439 *
915 2415 994 2456 Cu-

162 2470 228 2521 jus
252 2470 394 2511 honor
418 2475 602 2522 praestat
619 2471 836 2512 beneficia
858 2483 994 2523 popu-

163 2525 317 2575 lorum,
338 2531 382 2567 et
402 2526 544 2568 oratio
565 2525 770 2579 perducit
789 2526 846 2567 ad
862 2539 996 2577 regna

164 2581 387 2622 coelerum.
409 2580 460 2632 ΥΤ,
484 2582 790 2633 Archangelus
808 2582 996 2624 Michael

163 2639 431 2690 praepositus
450 2638 654 2691 paradisi,
672 2651 802 2690 quem
821 2639 994 2680 honori-

162 2695 295 2735 ficant
314 2694 586 2746 Ange16rum
606 2695 736 2736 cives.
784 2696 925 2748 Cujus.

1357 274 1508 313 Lectio
1530 288 1566 313 v.

1046 334 1280 440 Factum
1300 343 1367 380 est
1386 338 1512 387 enim,
1535 342 1584 379 ut
1604 351 1658 379 ex
1677 323 1883 389 gregibus

1134 397 1432 437 armenterum
1449 394 1640 444 Gargani
1657 395 1883 447 cujusdam

1048 459 1201 496 taurus
1220 451 1351 502 longe
1372 449 1635 492 discederet:
1656 463 1787 503 quem
1807 451 1883 493 diu

1049 509 1361 561 conquisitum,
1406 507 1451 547 in
1496 505 1618 548 aditu
1658 508 1882 559 speluncae

1047 567 1289 608 haerentem
1320 564 1590 605 invenerunt.
1634 564 1743 604 Cum
1775 577 1881 606 vero

1050 621 1229 676 quidam
1250 633 1305 662 ex
1322 620 1418 668 illis,
1436 624 1484 660 ut
1503 623 1677 660 taurum
1692 621 1881 672 confige—

1047 684 1129 729 ret,
1150 679 1356 728 sagittam
1376 676 1607 725 emisisset,
1630 679 1796 718 retorta
1816 690 1880 718 sa-

1048 738 1157 787 gitta
1181 734 1225 774 in
1250 734 1397 786 ipsum
1420 731 1578 773 recidit
1596 733 1881 782 sagittarium.

1049 793 1158 842 Quae
1184 803 1254 832 res
1279 802 1379 831 cum
1402 789 1662 841 praesentes,
1691 801 1742 830 ac
1763 789 1879 830 dein-

1048 861 1153 901 ceps
1180 848 1353 889 ceteros
1382 849 1504 886 tanto
1531 844 1689 886 timere
1715 844 1880 886 affecis-

1047 910 1131 954 set,
1156 908 1206 945 ut
1228 902 1286 944 ad
1306 915 1404 944 eam
1422 901 1679 953 speluncam
1696 902 1880 954 propius

1047 959 1260 1002 accedere
1283 971 1413 1000 nemo
1438 956 1636 1006 auderet,
1663 957 1881 1009 Sipontini

1047 1018 1308 1069 episcopum
1327 1014 1576 1056 consulunt:
1603 1013 1693 1065 qui,
1714 1013 1879 1056 indicto

1045 1074 1179 1115 trium
1210 1071 1379 1113 dierum
1410 1070 1568 1122 jejl'mio
1599 1074 1643 1111 et
1669 1070 1880 1119 oratione,

1046 1142 1140 1171 rem
1165 1142 1191 1170 a
1209 1129 1307 1169 Deo
1332 1125 1563 1179 respondit
1587 1126 1725 1178 quaeri
1750 1139 1879 1179 opor-

1046 1187 1151 1227 tere.

1100 1253 1150 1303 R'·
1188 1249 1323 1291 Venit
1354 1247 1543 1289 Michael
1576 1247 1880 1298 Archangelus
1927 1246 1929 1248 ’

1047 1319 1147 1347 cum
1178 1305 1458 1347 multitudine
1489 1302 1777 1354 Angelorum,
1811 1306 1881 1345 cui

1047 1361 1229 1403 tradidit
1248 1362 1368 1402 Deus
1389 1361 1555 1401 animas
1575 1362 1837 1410 sanctorum,
1856 1366 1877 1389 *

1047 1419 1106 1460 Ut
1130 1417 1345 1470 perducat
1369 1430 1443 1459 eas
1468 1418 1511 1457 in
1534 1415 1789 1469 paradisum
1809 1430 1879 1459 ex-

1047 1475 1306 1516 sultationis.
1333 1471 1372 1522 V
1379 1509 1386 1515 .
1403 1474 1568 1514 Emitte
1582 1473 1772 1514 Domine
1787 1473 1879 1526 Spi-

1046 1531 1177 1572 ritum
1196 1535 1396 1571 sanctum
1414 1535 1538 1571 tuum
1558 1528 1613 1571 de
1636 1528 1770 1578 coelis,
1795 1532 1879 1581 spi-

1046 1587 1178 1628 ritum
1198 1587 1426 1639 sapientiae
1447 1591 1490 1627 et
1508 1585 1768 1627 intellectus.
1796 1586 1866 1627 Ut.

1350 1671 1501 1711 Lectio
1523 1671 1574 1710 vi.

1047 1735 1202 1840 Post
1237 1739 1431 1782 triduum
1463 1738 1652 1780 Micha'el
1684 1738 1879 1779 Archan-

1143 1796 1267 1848 gelus
1287 1798 1546 1848 episcopum
1560 1799 1722 1844 monet,
1742 1794 1785 1835 in
1801 1808 1879 1835 sua

1045 1853 1183 1895 tutela
1208 1865 1305 1894 esse
1320 1853 1431 1893 'eum
1454 1851 1617 1900 locum,
1651 1853 1794 1903 eeque
1819 1851 1879 1891 in-

1047 1910 1163 1951 dicio
1189 1908 1535 1957 demonstrasse,
1564 1907 1677 1949 velle
1705 1907 1765 1948 ibi
1794 1907 1879 1948 cul-

1045 1971 1138 2008 tum
1158 1966 1256 2007 Deo
1282 1966 1325 2006 in
1351 1965 1418 2006 sui
1439 1969 1482 2005 et
1501 1963 1772 2015 Angelorum
1792 1977 1878 2005 me-

1045 2022 1230 2064 moriam
1245 2021 1454 2063 adhiberi.
1483 2021 1627 2071 Quare
1643 2022 1880 2073 episcopus

1046 2092 1131 2120 una
1164 2091 1263 2120 cum
1296 2077 1465 2119 civibus
1499 2076 1555 2118 ad
1584 2089 1681 2117 eam
1707 2076 1879 2129 spelun-

1048 2148 1145 2176 cam
1162 2135 1226 2175 ire
1244 2134 1400 2187 pergit.
1429 2134 1571 2183 Quam
1593 2145 1691 2174 cum
1710 2133 1754 2173 in
1773 2138 1879 2174 tem-

1047 2191 1110 2244 pli
1146 2189 1374 2242 cujusdam
1415 2189 1742 2231 similitudinem
1780 2202 1879 2231 con—

1046 2248 1280 2288 formatam
1312 2245 1542 2295 vidissent,
1580 2245 1727 2287 locum
1759 2246 1880 2286 illum

1049 2303 1206 2345 divinis
1224 2303 1379 2344 officiis
1396 2302 1621 2343 celebrare
1637 2303 1880 2354 coeperunt:

1049 2360 1123 2412 qui
1157 2359 1305 2400 multis
1342 2361 1501 2411 postea
1533 2358 1755 2399 miraculis
1788 2357 1879 2398 illu-

1048 2418 1211 2458 stratus
1227 2421 1305 2456 est.
1332 2414 1428 2456 Nec
1446 2415 1506 2456 ita
1521 2414 1660 2455 multo
1678 2419 1780 2466 post
1794 2414 1878 2454 Bo-

1046 2471 1230 2512 nifacius
1267 2471 1389 2523 Papa
1426 2471 1582 2512 Romae
1622 2471 1667 2511 in
1709 2482 1878 2510 summo

1048 2528 1164 2569 circo
1205 2527 1345 2569 sancti
1381 2527 1607 2568 Michaelis
1650 2526 1879 2568 ecclesiam

1048 2583 1270 2626 dedicavit
1311 2584 1443 2624 tertio
1484 2582 1710 2624 Kalendas
1749 2582 1878 2622 Octo-

1047 2640 1152 2682 bris:
1173 2653 1261 2693 quo
1281 2640 1351 2682 die
1372 2640 1505 2681 etiam
1524 2639 1717 2680 emnium
1736 2639 1878 2688 Ange-

1047 2697 1191 2738 lerum
1231 2696 1488 2738 memoriam
1527 2694 1726 2736 Ecclesia
1769 2693 1877 2734 cele-
