2040 2976
191 213 290 256 [170]

191 308 308 349 nulla
327 312 394 349 est
411 307 670 360 redemptio,
697 308 903 350 miserere
929 309 1015 350 mei

192 365 322 414 Deus,
344 369 387 405 et
406 364 525 405 salva
543 377 623 406 me.
660 363 709 414 V.
732 364 853 406 Deus
877 365 921 406 in
940 367 1015 406 no-

191 421 307 462 mine
326 425 403 461 tuo
423 420 590 462 salvum
608 434 678 462 me
697 421 780 471 fac,
807 426 850 463 et
871 422 916 462 in
933 422 1014 463 vir-

193 480 285 518 tute
305 482 380 518 tua
398 476 537 519 libera
555 490 636 519 me.
664 477 785 528 Quia.

303 555 449 596 Lectio
470 557 550 595 viii.
698 556 780 596 Job
803 557 859 595 19.
880 570 912 595 c.

197 614 350 721 Pelli
369 628 494 666 meae,
514 617 785 669 consumptis
804 615 1016 665 carnibus,

288 671 473 714 adhaesit
493 685 543 714 os
561 686 722 723 meum,
747 677 790 714 et
809 671 1017 714 derelicta

194 735 294 771 sunt
316 729 620 770 tantummodo
644 729 760 770 labia
779 729 893 770 circa
916 728 1016 769 den-

193 791 260 828 tes
279 798 413 827 meos.
442 785 707 827 Miseremini
726 785 823 834 mei,
844 785 1017 826 misere-

193 842 298 883 mini
327 842 430 891 mei,
464 841 620 883 saltem
651 855 732 884 vos
764 841 891 882 amici
921 840 1017 890 mei,

196 899 296 951 quia
341 911 495 939 manus
531 898 709 939 Domini
752 897 896 947 tetigit
937 909 1019 938 me.

195 956 339 1005 Quare
355 954 666 1007 persequimini
680 967 749 995 me
765 954 877 994 sicut
887 953 1019 1003 Deus

196 1016 239 1053 et
258 1010 459 1052 carnibus
479 1011 587 1052 meis
606 1008 883 1052 saturamini?
914 1009 1020 1059 Quis

195 1067 301 1108 mihi
325 1066 491 1108 tribuat
513 1071 561 1108 ut
587 1066 835 1108 scribantur
860 1067 1020 1107 sermo-

195 1137 272 1165 nes
291 1122 399 1165 mei?
429 1123 525 1175 quis
549 1123 654 1164 mihi
679 1123 753 1165 det
771 1128 820 1164 ut
844 1124 1020 1164 exaren-

195 1185 266 1222 tur
286 1180 330 1220 in
348 1179 462 1221 libro
481 1179 595 1232 stylo
615 1180 773 1230 ferreo,
793 1184 837 1221 et
854 1178 1022 1232 plumbi

195 1237 370 1286 lamina,
393 1235 464 1278 vel
488 1236 600 1277 celte
623 1236 879 1288 sculpantur
901 1236 946 1276 in
969 1237 1020 1276 si-

195 1292 299 1334 lice?
334 1293 434 1334 Scio
465 1293 579 1334 enim
605 1292 725 1344 quod
749 1292 1022 1344 Redemptor

196 1362 319 1391 meus
338 1349 460 1399 vivit,
489 1354 532 1391 et
555 1349 599 1389 in
617 1349 855 1390 novissimo
876 1348 946 1390 die
967 1347 1021 1390 de

195 1412 313 1448 terra
340 1409 615 1447 surrecturus
640 1419 751 1447 sum:
781 1410 823 1447 et
851 1418 1022 1446 rursum

198 1461 505 1504 circumdabor
519 1462 634 1514 pelle
648 1475 756 1513 mea,
776 1466 819 1504 et
833 1462 877 1503 in
892 1474 1023 1503 carne

196 1532 295 1561 mea
326 1518 486 1561 videbo
513 1519 656 1560 Deum
682 1531 839 1560 meum.
883 1519 1023 1583 Quem

197 1576 369 1617 visurus
390 1588 486 1617 sum
505 1588 585 1627 ego
604 1576 716 1628 ipse,
742 1580 784 1617 et
804 1575 921 1616 oculi
938 1575 1024 1616 mei

199 1632 478 1684 conspecturi
497 1636 614 1682 sunt,
641 1636 684 1673 et
702 1644 791 1673 non
810 1631 935 1672 alius:
959 1644 1022 1672 re-

198 1689 343 1741 posita
375 1693 443 1730 est
473 1688 569 1730 haee
601 1700 703 1740 spes
730 1700 829 1729 mea
855 1688 899 1728 in
927 1688 1024 1729 sinu

199 1757 309 1787 meo.

254 1810 302 1860 R.
353 1806 540 1848 Demine
589 1805 830 1848 secundum
878 1810 1025 1847 actum

200 1875 345 1904 meum
376 1862 466 1904 noli
496 1875 566 1905 me
594 1862 799 1914 judicare:
831 1862 937 1903 nihil
965 1862 1024 1904 di-

200 1932 332 1970 gnum
358 1919 402 1960 in
435 1921 676 1972 conspectu
701 1923 778 1961 tuo
807 1918 889 1970 egi:
919 1918 1021 1960 ideo

202 1975 416 2028 deprecor
447 1976 718 2027 majestatem
747 1981 883 2026 tuam,
911 1982 932 2003 *
964 1975 1024 2017 Ut

201 2037 251 2073 tu
268 2032 389 2073 Deus
411 2031 558 2074 deleas
579 2032 855 2085 iniquitatem
873 2044 1025 2073 meam.

203 2084 253 2135 V
283 2088 485 2141 Amplius
515 2089 614 2131 lava
645 2102 715 2131 me
747 2089 936 2130 Domine
968 2087 1023 2130 ab

202 2145 408 2196 injustitia
440 2158 553 2196 mea,
591 2150 635 2188 et
670 2158 696 2187 a
732 2145 893 2188 delicto
926 2157 1024 2187 meo

202 2200 364 2243 munda
381 2214 461 2243 me.
492 2202 562 2244 Ut.

307 2275 457 2316 Lectio
478 2276 530 2315 ix.
694 2277 714 2316 J
722 2276 779 2318 ob
800 2278 862 2317 10.
882 2277 920 2318 d.

207 2328 390 2453 Quare
410 2339 465 2381 de
484 2340 614 2382 vulva
633 2340 821 2383 eduxisti
838 2340 932 2383 me?
953 2342 1026 2394 qui
1082 2331 1089 2405 ᾖ
1106 2332 1196 2399 {ff

297 2395 461 2437 utinam
488 2400 773 2450 consumptus
802 2411 944 2440 essem
971 2411 1026 2440 ne
1224 2405 1227 2407 ’

203 2451 355 2494 oculus
380 2465 450 2494 me
469 2452 646 2494 videret.
679 2454 877 2496 Fuissem
902 2455 1026 2507 quasi

204 2521 292 2550 non
312 2521 470 2559 essem,
495 2508 549 2550 de
567 2512 694 2551 utero
714 2510 951 2552 translatus
971 2511 1027 2553 ad

203 2564 428 2607 tumulum.
462 2565 688 2617 Numquid
714 2579 802 2607 non
829 2568 1027 2618 paucitas

205 2621 373 2664 dierum
390 2624 590 2664 mearum
606 2622 780 2663 finietur
798 2622 942 2664 brevi?
968 2623 1027 2665 di-

204 2680 328 2720 mitte
347 2690 451 2729 ergo
471 2691 556 2728 me,
582 2683 631 2720 ut
654 2678 859 2731 plangam
877 2679 1027 2731 paulu-

205 2735 296 2777 lum
315 2734 514 2777 dolorem
529 2748 689 2777 meum:
709 2737 944 2788 antequam
959 2749 1028 2777 va-

803 218 979 252 Officium
1004 218 1287 252 Defunctorum.

1068 308 1185 357 dam,
1217 312 1260 349 et
1286 319 1374 348 non
1402 309 1611 356 revertar,
1642 305 1699 348 ad
1728 311 1890 348 terram

1067 364 1347 406 tenebrosam
1371 368 1414 404 et
1433 365 1633 415 opertam
1650 363 1803 404 mortis
1823 375 1890 404 ca-

1068 421 1213 472 ligine:
1237 425 1400 461 terram
1422 419 1608 460 miseriae
1628 424 1672 461 et
1694 419 1890 461 tenebra-

1069 490 1178 526 rum,
1206 476 1281 517 ubi
1307 475 1462 517 umbra
1484 475 1654 526 mortis,
1681 479 1725 517 et
1749 474 1892 516 nullus

1070 532 1197 582 ordo,
1226 532 1305 574 sed
1332 532 1628 584 sempiternus„
1648 531 1806 574 horror
1831 531 1891 573 in-

1069 589 1245 631 habitat.

1124 656 1174 707 Ru
1189 654 1348 696 Libera
1366 665 1436 695 me
1454 653 1640 695 Damine
1660 652 1715 695 de
1733 653 1814 695 viis
1832 653 1894 694 in-

1072 711 1190 759 ferni,
1212 711 1285 763 qui
1303 715 1456 763 portas
1473 711 1611 751 aereas
1628 709 1894 761 confregisti:

1074 773 1117 809 et
1135 767 1320 809 visitasti
1339 766 1568 816 infernum,
1592 771 1636 808 et
1654 765 1814 808 dedisti
1833 766 1894 808 eis

1073 824 1234 874 lumen,
1258 829 1306 865 ut
1324 823 1524 865 viderent
1546 827 1605 864 te:
1623 826 1645 848 *
1667 823 1751 874 Qui
1773 827 1896 864 erant

1071 880 1114 920 in
1133 880 1278 933 poenis
1301 879 1590 922 tenebrarum.
1625 874 1676 926 V.
1699 878 1895 920 Claman-

1072 941 1139 978 tes
1159 941 1203 978 et
1226 936 1437 978 dicentes:
1462 935 1693 978 Advenisti
1711 934 1896 977 Redem-

1072 998 1175 1046 ptor
1193 997 1352 1034 noster.
1393 992 1486 1042 Qui.
1523 989 1573 1041 V.
1601 991 1817 1044 Requiem
1843 1004 1896 1033 ae-

1075 1051 1254 1091 ternam.
1283 1049 1376 1100 Qui.

1126 1113 1299 1156 Sequens
1331 1113 1375 1159 R.
1409 1113 1549 1148 dicitur
1581 1109 1825 1147 solummodo
1856 1109 1895 1142 in

1075 1162 1136 1195 die
1170 1161 1376 1196 Commem.
1409 1161 1579 1196 omnium
1608 1159 1895 1199 Defunctorum‚

1074 1214 1111 1244 et
1143 1209 1464 1253 quandocumque
1500 1219 1571 1253 pro
1603 1206 1806 1245 Defunctis
1841 1205 1896 1239 di-

1074 1263 1210 1292 cuntur
1232 1258 1272 1291 ix
1295 1257 1507 1292 Lectiones.

1126 1314 1177 1365 R.
1199 1314 1359 1356 Libera
1381 1326 1451 1355 me
1470 1313 1660 1355 Demine
1681 1311 1736 1354 de
1756 1316 1898 1355 morte

1076 1373 1241 1412 aeterna
1250 1371 1294 1411 in
1306 1370 1377 1412 die
1388 1370 1462 1411 illa
1470 1368 1710 1411 tremenda:
1719 1370 1742 1395 *
1756 1370 1898 1420 Quan-

1076 1427 1134 1469 do
1163 1427 1264 1469 coeli
1290 1426 1495 1469 movendi
1523 1430 1624 1468 sunt
1652 1430 1695 1468 et
1721 1431 1852 1468 tetra:
1873 1425 1896 1450 *

1076 1484 1193 1525 Dum
1207 1483 1378 1526 veneris
1392 1482 1585 1534 judicare
1600 1482 1809 1524 saeculum
1821 1495 1902 1535 per

1076 1541 1230 1592 ignem.
1248 1534 1298 1587 V
1314 1540 1526 1581 Tremens
1541 1539 1682 1581 factus
1697 1552 1794 1581 sum
1809 1552 1901 1591 ego,

1077 1602 1120 1639 et
1151 1599 1304 1647 timeo,
1338 1595 1443 1638 dum
1474 1594 1690 1638 discussio
1722 1596 1900 1645 venerit,

1078 1659 1209 1705 atque
1223 1657 1408 1695 ventura
1421 1666 1495 1694 1ra
1515 1652 1711 1703 Quando.
1730 1644 1781 1697 V.
1795 1652 1901 1694 Dies

1077 1710 1168 1759 illa,
1193 1709 1315 1751 dies
1304 1722 1397 1760 1rae‚
1423 1709 1683 1750 calamitatis
1707 1714 1752 1751 et
1775 1709 1901 1750 mise-

1077 1766 1170 1816 riae,
1203 1766 1297 1808 dies
1329 1778 1488 1817 magna
1517 1771 1561 1808 et
1588 1767 1735 1806 amara
1762 1764 1903 1807 valde.

1078 1823 1205 1864 Dum.
1245 1818 1295 1870 V.
1331 1823 1547 1875 Requiem
1578 1823 1796 1864 aetemam.
1834 1821 1903 1862 Li-

1080 1879 1186 1921 bera
1203 1892 1284 1921 me.
1303 1889 1443 1928 usque
1461 1876 1518 1917 ad
1537 1876 1724 1928 primum
1744 1874 1794 1923 V.

1335 1969 1413 2010 Ad
1438 1968 1646 2011 Laudes.

1291 2036 1478 2071 Absolute
1503 2035 1694 2079 incipitur.

1130 2099 1230 2139 Ant.
1254 2096 1550 2139 Exsultabunt
1570 2098 1594 2125 *
1616 2096 1808 2138 Damino
1832 2108 1900 2137 os-

1079 2166 1127 2195 sa
1145 2153 1382 2196 humiliata.

1347 2222 1546 2264 Psalmus
1564 2223 1635 2263 50.

1223 2284 1397 2326 ‘serere
1423 2283 1511 2325 mei
1536 2283 1674 2333 Deus,
1701 2282 1725 2309 *
1753 2284 1902 2324 secun-

1258 2339 1366 2382 dum
1415 2352 1619 2392 magnam
1661 2339 1901 2381 misericor-

1223 2396 1227 2402 '
1261 2397 1378 2439 diam
1404 2402 1535 2439 tuam.

1130 2455 1186 2496 Et
1212 2453 1452 2496 secundum
1479 2453 1802 2496 multitudinem
1827 2451 1902 2492 mi-

1080 2511 1346 2553 serationum
1371 2513 1560 2561 tuarum,
1579 2511 1603 2536 *
1627 2509 1724 2552 dele
1751 2507 1903 2561 iniqui-

1079 2570 1215 2609 tatem
1233 2579 1386 2608 meam.

1131 2623 1334 2676 Amplius
1361 2623 1460 2664 lava
1486 2635 1556 2664 me
1589 2622 1643 2664 ab
1675 2599 1902 2674 iniquitate

1080 2693 1192 2722 mea:
1202 2682 1282 2722 *et
1296 2693 1322 2722 a
1335 2682 1520 2733 peccato
1534 2691 1634 2720 meo
1648 2677 1810 2720 munda
1823 2688 1904 2718 me.

1133 2737 1349 2787 Quoniam
1366 2737 1643 2789 iniquitatem
1659 2747 1802 2778 meam
1821 2745 1903 2786 ego
