2040 2976
515 170 586 204 Die
610 170 662 204 23.
685 170 802 204 Junii.
849 169 993 212 vigilia
1020 170 1055 204 S.
1080 169 1245 203 Joannis
1270 169 1469 212 Baptistae.

142 269 227 306 tur:
251 264 315 306 sic
333 264 459 306 Isaac
485 277 511 306 a
535 264 792 318 parentibus
817 265 969 307 nobili-

141 323 279 362 tatem
304 320 483 373 pietatis
515 322 702 374 accepit,
736 335 867 375 quam
893 323 970 375 po-

142 377 270 418 steris
296 375 540 429 dereliquit.
578 376 794 420 Sacerdos
822 380 970 430 itaque

142 433 394 484 Zacharias,
438 446 520 476 nec
566 434 710 476 solum
751 434 970 486 sacerdos,

142 488 222 531 sed
241 490 373 532 etiam
394 489 449 532 de
468 490 564 533 vice
585 490 710 541 Abia,
733 490 779 533 id
799 496 876 542 est,
895 493 969 533 no-

141 545 242 587 bilis
261 546 374 588 inter
394 547 645 600 superiores
663 547 858 589 familias.

196 608 277 653 RR.
302 608 349 643 de
373 606 487 642 Feria
511 610 744 641 occurrente.

455 669 607 710 Lectio
627 668 666 709 ii.

228 738 247 776 t
269 746 395 784 uxor,
425 733 581 786 inquit,
614 733 677 774 illi
708 732 764 775 de
795 732 970 775 filiabus

245 792 407 832 Aaron.
459 790 562 832 Non
598 790 743 832 solum
776 790 908 841 igitur
945 803 969 831 a

139 846 411 900 parentibus,
436 846 517 889 sed
536 847 667 889 etiam
687 860 713 888 a
730 846 969 899 majoribus

140 904 279 946 sancti
306 903 486 945 Joannis
515 903 724 946 nobilitas
752 906 968 956 propaga-

139 965 228 1010 tur,
254 973 344 1002 non
369 959 571 1001 saeculari
594 962 818 1013 potestate
838 960 968 1002 subli-

139 1017 236 1067 mis,
257 1015 337 1058 sed
355 1016 578 1067 religionis
599 1017 878 1058 successione
898 1030 968 1059 ve—

138 1073 356 1116 nerabilis.
388 1073 521 1115 Tales
546 1073 663 1115 enim
686 1074 875 1126 majores
894 1073 967 1115 ha-

138 1130 243 1172 bere
263 1129 415 1172 debuit
431 1130 704 1183 praenuntius
724 1130 901 1172 Christi:
919 1135 968 1172 ut

137 1199 226 1228 non
243 1188 426 1240 repente
446 1188 718 1240 conceptam,
738 1187 819 1229 sed
837 1200 862 1228 a
879 1200 967 1228 ma-

138 1243 301 1295 joribus
321 1245 565 1296 acceptam,
591 1248 635 1284 et
656 1243 755 1296 ipso
779 1244 968 1285 infusam

138 1300 228 1351 jure
246 1303 432 1349 naturae,
460 1298 705 1352 praedicare
725 1298 858 1342 fidem
877 1301 966 1342 Do-

138 1356 286 1398 minici
309 1356 531 1398 videretur
555 1354 782 1398 adventus.
818 1358 966 1407 Erant,

138 1413 295 1465 inquit,
323 1412 454 1454 ambo
480 1413 580 1464 justi
599 1417 700 1454 ante
719 1414 880 1464 Deum,
907 1414 966 1454 in-

140 1469 347 1511 cedentes
373 1470 418 1510 in
447 1471 648 1513 omnibus
676 1470 894 1513 mandatis
923 1475 967 1512 et

138 1526 523 1578 iustificationibus
542 1528 721 1570 Domini
746 1527 839 1569 sine
866 1540 966 1580 que-

139 1582 239 1624 rela.
293 1583 409 1634 Quid
440 1584 497 1625 ad
528 1584 613 1626 hoc
646 1584 858 1634 referunt,
892 1585 967 1637 qui

138 1639 333 1692 peccatis
361 1640 450 1681 suis
478 1641 636 1683 solatia
663 1641 966 1694 praeferentes,

139 1696 233 1738 sine
267 1697 463 1749 peccatis
495 1697 798 1750 frequentibus
830 1697 966 1739 homi-

138 1765 240 1794 nem
278 1757 436 1806 putant
474 1766 570 1796 esse
606 1767 695 1796 non
730 1767 877 1807 posse:
923 1759 968 1796 et

138 1811 318 1851 utuntur
346 1810 581 1861 versiculo,
625 1811 726 1863 quia
755 1811 967 1863 scriptum

140 1870 207 1908 est
223 1865 268 1906 in
286 1866 311 1907 J
313 1866 386 1909 ob:
409 1867 552 1909 Nemo
571 1866 760 1909 mundus
780 1880 805 1909 a
825 1867 967 1918 sorde,

139 1934 221 1964 nec
252 1922 290 2009 spi
319 1925 447 1965 unius
480 1923 567 1966 diei
594 1924 685 1966 vita
717 1925 807 1976 ejus
839 1924 895 1966 sit
924 1925 967 1964 in

138 1982 273 2020 terra.

444 2038 596 2079 Lectio
617 2038 670 2077 iii.

144 2088 355 2213 Quibus
373 2105 733 2171 respondendum
751 2111 828 2171 est,
847 2106 970 2159 prius

239 2166 287 2204 ut
312 2161 420 2214 qu1d
439 2163 496 2205 sit
514 2163 738 2205 hominem
757 2175 850 2204 sme
868 2175 968 2216 pec-

140 2219 242 2260 cato
271 2230 385 2268 esse,
417 2218 641 2261 definiant:
674 2224 822 2261 utrum
848 2232 969 2260 num-

141 2286 272 2326 quam
304 2277 480 2317 omnino
512 2278 740 2328 peccasse,
774 2288 828 2317 an
859 2274 969 2317 desi-

138 2332 226 2372 isse
254 2328 452 2383 peccare'.
488 2331 534 2373 Si
560 2332 676 2374 enim
704 2332 790 2374 hoc
814 2336 970 2384 putant

1023 265 1116 307 sine
1132 267 1320 318 peccato
1340 279 1448 317 esse,
1467 281 1704 320 numquam
1719 271 1851 310 omni-

1022 335 1080 364 no
1117 324 1344 374 peccasse;
1391 328 1436 365 et
1477 325 1573 377 ipse
1615 326 1853 368 consentio.

1023 378 1188 420 Omnes
1206 379 1321 420 enim
1338 383 1645 432 peccaverunt,
1665 387 1709 424 et
1724 387 1855 433 egent

1022 434 1163 486 gloria
1196 435 1292 477 Dei.
1346 436 1421 477 Sin
1458 442 1605 479 autem
1642 451 1742 480 eum
1780 439 1854 491 qui

1022 493 1216 534 veterem
1240 494 1436 534 errorem
1460 495 1715 544 correxerit,
1745 500 1788 537 et
1810 495 1853 536 in

1023 561 1120 590 eam
1146 561 1194 590 se
1219 548 1321 590 vitae
1346 549 1726 593 transformaverit
1752 564 1854 604 qua-

1022 605 1210 655 litatem,
1251 610 1299 648 ut
1335 607 1554 659 temperet
1591 620 1616 648 a
1648 610 1853 661 peccate,

1022 667 1183 714 negant
1219 662 1442 704 abstinere
1479 676 1505 704 a
1537 663 1726 706 delictis:
1765 678 1854 706 non

1022 732 1206 772 possum
1237 719 1281 760 in
1315 721 1468 761 eorum
1495 723 1729 762 convenire
1758 734 1853 763 sen-

1022 776 1221 826 tentiam,
1262 789 1361 818 cum
1392 776 1606 827 legamus:
1648 778 1759 828 Quia
1792 779 1855 820 sic

1022 833 1237 875 Dominus
1258 832 1411 875 dilexit
1429 833 1692 884 Ecclesiam,
1717 839 1765 876 ut
1785 848 1854 876 ex—

1021 889 1171 932 hibeat
1211 890 1352 942 ipsam
1394 889 1477 932 sibi
1513 890 1766 942 gloriosam,
1812 897 1855 932 et

1021 958 1109 987 non
1141 946 1376 988 habentem
1402 947 1638 995 maculam,
1678 953 1753 989 aut
1786 961 1853 989 ru-

1021 1015 1138 1053 gam,
1163 1008 1239 1045 aut
1259 1003 1427 1056 aliquid
1450 1003 1682 1055 ejusmodi,
1709 1004 1788 1046 sed
1807 1010 1855 1045 ut

1021 1060 1078 1101 sit
1096 1065 1247 1102 sancta
1267 1066 1311 1102 et
1330 1061 1619 1102 immaculata.

1079 1129 1141 1162 Ad
1158 1129 1301 1163 Bened.
1326 1130 1413 1164 Ant.
1440 1134 1479 1164 ut
1506 1131 1543 1164 in
1562 1131 1679 1166 Psalt.
1706 1136 1742 1166 et
1767 1138 1856 1175 post

1027 1177 1113 1211 Ant.
1152 1177 1333 1211 dicuntur
1369 1178 1508 1213 Preces
1552 1179 1706 1214 feriales
1744 1182 1854 1215 flexis

1026 1226 1200 1268 genibus.
1219 1227 1279 1262 50.

1364 1275 1527 1316 Oratio.

1106 1346 1254 1391 raesta,
1295 1342 1546 1393 quaesumus
1574 1341 1853 1391 omnipotens

1122 1397 1258 1438 Deus:
1285 1401 1334 1438 ut
1358 1396 1521 1438 familia
1543 1400 1619 1436 tua
1637 1408 1718 1447 per
1737 1395 1854 1436 viam

1020 1454 1175 1496 salutis
1208 1453 1397 1504 incedat;
1440 1457 1483 1494 et
1519 1452 1639 1494 beati
1671 1451 1852 1493 Joannis

1019 1510 1312 1557 Praecursoris
1331 1510 1608 1552 hortamenta
1628 1507 1852 1559 sectando,

1020 1567 1077 1609 ad
1117 1580 1217 1609 eum
1256 1579 1387 1619 quem
1424 1565 1649 1619 praedixit,
1699 1568 1854 1606 secura

1019 1624 1264 1677 perveniat,
1298 1624 1537 1665 Dominum
1561 1627 1762 1664 nostrum
1786 1621 1810 1662 J
1813 1634 1852 1685 e:

1019 1694 1118 1723 sum
1152 1681 1375 1723 Christum
1406 1680 1564 1721 Filium
1594 1683 1736 1720 tuum:
1770 1678 1854 1728 Qu1

1020 1743 1168 1780 tecum
1187 1737 1305 1779 vivit.

1075 1799 1113 1833 Si
1141 1799 1319 1841 sequenti
1347 1799 1409 1833 die
1436 1800 1539 1834 xxiv.
1565 1801 1774 1835 occurrerit
1795 1812 1854 1835 so—

1022 1847 1202 1881 lemnitas
1236 1847 1291 1881 Ss.
1323 1848 1510 1891 Corporis
1543 1848 1706 1891 Christi,
1741 1859 1854 1891 agen-

1024 1895 1114 1929 dum
1138 1896 1209 1929 erit
1232 1896 1278 1929 de
1297 1896 1484 1938 praedicta
1502 1896 1761 1931 solemnitate:
1788 1898 1855 1931 Fe—

1023 1947 1123 1977 stum
1156 1955 1249 1978 vero
1283 1944 1512 1978 S..J0a1mis
1544 1945 1733 1987 Baptista:
1766 1950 1854 1980 tunc

1022 1997 1233 2034 reponatur
1266 1993 1301 2025 in
1336 1993 1437 2026 diem
1468 2004 1558 2027 xxv.
1588 1998 1785 2036 tamquam
1816 1995 1852 2027 in

1023 2040 1155 2074 sedern
1178 2041 1393 2084 propriam,
1419 2042 1606 2075 translato
1635 2042 1712 2075 alio
1738 2042 1854 2076 Festo

1022 2088 1190 2132 Duplici,
1213 2089 1246 2122 si
1266 2089 1408 2123 alicubi
1428 2094 1613 2131 occurrat,
1637 2095 1726 2133 post
1744 2090 1854 2124 Octa-

1023 2147 1127 2177 vam,
1154 2142 1218 2171 aut
1244 2148 1289 2171 eo
1314 2138 1470 2180 penitus
1492 2138 1637 2172 omisso
1658 2139 1762 2179 iuxta
1782 2139 1853 2172 Ru-

1022 2185 1166 2221 bricas:
1191 2185 1261 2219 sed
1286 2186 1319 2219 si
1345 2185 1457 2220 fuerit
1482 2186 1618 2229 primae
1638 2187 1701 2221 vel
1721 2197 1853 2221 sccun-

1024 2233 1084 2267 dae
1102 2234 1251 2276 classis,
1270 2234 1497 2268 transfertur
1514 2234 1552 2268 in
1570 2235 1733 2278 primam
1752 2235 1853 2269 diem

1024 2281 1162 2315 Officio
1195 2281 1351 2325 Duplici
1384 2292 1461 2316 non
1499 2283 1722 2326 impeditam
1755 2282 1850 2316 infra

1025 2330 1198 2364 eamdem
1221 2330 1417 2365 Octavam.
