2040 2976
510 188 613 222 Infra
638 189 937 223 Hebdomadam
959 189 1024 223 vii.
1049 194 1139 232 post
1164 189 1243 224 Oct.
1269 191 1529 225 l'entccostcs.

1799 192 1873 228 207

155 284 199 324 111
220 282 374 325 Gihon.
409 283 466 325 Et
484 287 620 333 ungat
643 295 743 324 eum
760 283 822 325 ibi
841 282 987 325 Sadoc

155 339 380 390 sacerdos,
419 343 463 380 et
489 338 666 380 Nathan
697 338 917 391 propheta
943 339 988 380 in

154 409 304 446 regem
323 408 456 448 super
470 395 622 436 Israel:
642 399 686 436 et
703 396 869 436 canetis
883 395 986 437 buc-

156 452 262 502 cina,
282 457 414 503 atque
434 451 604 493 dicetis:
623 451 758 492 Vivat
775 464 853 493 rex
868 451 987 492 Salo-

153 521 268 549 mon.
308 508 366 549 Et
394 507 641 549 ascendetis
668 512 772 559 post
799 520 915 556 eum,
944 512 988 549 et

154 564 318 614 veniet,
365 569 409 606 et
449 563 622 605 sedebit
657 576 791 616 super
820 563 987 617 ‘solium

154 633 312 670 meum,
333 625 377 662 et
396 620 492 672 ipse
511 619 713 670 regnabit
731 632 813 672 pro
834 633 916 662 me.

206 679 256 729 R.
284 675 516 718 Exaudisti
533 675 734 717 Domine.
753 677 847 716 180.

454 733 606 775 Lectio
627 735 681 775 iii.

153 784 441 890 Descendit
465 800 570 838 ergo
594 786 739 829 Sadoc
762 788 985 840 sacerdos,

254 849 298 886 61
315 844 494 885 Nathan
517 844 754 896 propheta,
782 850 825 886 et
848 845 985 887 Bana-

154 903 215 953 jas
230 901 345 942 filius
359 901 384 941 J
387 900 538 952 ojadae,
559 904 602 941 61
618 900 803 950 Cere‘thi,
821 906 864 943 et
877 902 985 944 Phe-

153 957 274 999 lethi:
302 962 346 998 et
372 957 678 1009 imposuerunt
703 957 985 999 Salomonem

153 1026 287 1067 super
312 1013 476 1054 mulam
500 1012 616 1063 regis
641 1012 804 1063 David,
841 1020 884 1056 et
911 1015 984 1066 ad-

153 1070 372 1112 duxerunt
394 1081 494 1110 eum
516 1068 560 1109 in
581 1068 739 1109 Gihon.
772 1070 984 1123 Sumpsit-

154 1139 238 1178 que
257 1125 402 1167 Sadoc
426 1123 635 1166 sacerdos
662 1138 799 1166 cornu
819 1126 906 1168 olei
930 1126 985 1168 de

151 1181 455 1232 tabernaculo,
480 1186 524 1222 et
547 1181 671 1222 unxit
689 1181 984 1224 Salomonem:

153 1243 196 1280 et
224 1238 474 1280 cecinerunt
499 1236 704 1288 baccina,
734 1243 778 1279 61
805 1238 915 1280 dixit
940 1252 983 1280 o-

150 1295 264 1336 mnis
282 1293 489 1347 populus:
513 1293 648 1335 Vivat
667 1306 745 1335 rex
764 1295 984 1336 Salomon.

151 1350 209 1392 Et
254 1349 451 1392 ascendit
500 1350 704 1391 universa
748 1351 984 1393 multitudo

151 1412 256 1459 post
284 1419 400 1456 eum,
434 1410 478 1447 et
509 1405 703 1458 populus
736 1408 985 1449 canentium

151 1462 286 1513 tibiis,
306 1467 350 1504 61
367 1462 612 1503 laetantium
629 1462 791 1513 gaudio
811 1476 984 1514 magno,

152 1523 200 1573 et
214 1519 406 1560 insonuit
423 1523 540 1560 terra
562 1531 588 1559 a
608 1518 800 1561 clamore
820 1522 983 1561 eorum.

201 1576 253 1628 R.
281 1575 401 1617 Audi
417 1575 619 1615 Domine.
638 1576 732 1616 180.

357 1678 530 1715 Feria
559 1678 776 1715 Tertia.

280 1732 351 1772 De
373 1730 486 1773 libro
511 1731 644 1773 tertio
669 1731 852 1782 Regum.

226 1792 380 1834 Lectio
401 1793 425 1832 i.
741 1793 846 1845 Cap.
865 1794 902 1833 2.

158 1860 242 1944 f*
262 1851 702 1904 ppropinquavorunt
720 1857 869 1894 autem
888 1853 982 1895 dies

193 1877 252 1945 -Χ
278 1907 423 1949 David
451 1912 500 1949 ut
524 1910 786 1959 moreretur,
818 1922 982 1962 praece-

149 1967 303 2017 pitque
326 1963 551 2006 Salomoni
573 1964 666 2006 filio
693 1978 789 2017 suo,
817 1965 982 2008 dicens:

149 2021 246 2072 Ego
273 2019 495 2071 ingredior
518 2020 634 2061 viam
656 2022 873 2063 universae
898 2027 982 2063 ter-

150 2090 225 2118 rae:
249 2077 513 2126 confortare,
535 2082 579 2118 et
598 2082 694 2119 esto
715 2078 792 2119 vir.
828 2078 886 2119 Et
906 2077 980 2119 ob-

151 2134 278 2174 serva
297 2132 521 2174 custodias
539 2133 718 2174 Domini
735 2134 821 2175 Dei
839 2134 912 2183 tui,
933 2139 982 2176 ut

150 2188 347 2230 ambules
370 2189 415 2229 in
438 2188 520 2229 viis
548 2190 655 2241 ejus,
683 2195 732 2231 ut
757 2188 981 2231 custodias

151 2245 436 2286 caeremonias
456 2246 558 2297 ejus,
579 2251 622 2287 et
637 2247 864 2298 praecepta
879 2247 980 2297 ejus,

151 2306 195 2343 et
213 2300 382 2352 judicia,
403 2306 447 2343 61
465 2302 726 2352 testimonia,
747 2303 860 2343 sicut
879 2302 980 2343 scri-

150 2362 276 2409 ptum
302 2362 369 2398 est
391 2357 435 2398 in
457 2357 555 2408 lege
574 2358 732 2411 Moysi:
760 2358 979 2399 1111016111-

150 2426 228 2464 gas
244 2413 447 2454 univorsa
462 2426 561 2465 quae
575 2414 693 2464 facis,
714 2419 757 2455 et
774 2417 980 2466 quocum·

152 2481 236 2520 que
262 2473 306 2510 te
331 2470 530 2510 verteris:
561 2475 610 2512 ut
636 2471 867 2511 confirmet
891 2471 979 2512 Do-

150 2525 292 2565 minus
319 2528 544 2567 sermones
571 2539 692 2575 suos,
722 2539 834 2578 quos
861 2526 978 2567 locu-

150 2586 221 2621 tus
243 2587 310 2623 est
330 2581 385 2623 de
404 2594 489 2632 me,
510 2581 674 2624 dicens:
698 2582 743 2623 Si
762 2582 979 2624 custodie-

150 2636 236 2677 rint
256 2637 334 2678 filii
351 2638 416 2679 tui
433 2638 525 2680 vias
541 2651 653 2687 suaS,
674 2643 718 2679 et
732 2638 979 2680 ambulave-

150 2692 237 2735 rint
256 2705 406 2735 coram
423 2707 494 2736 me
512 2694 556 2735 in
574 2694 774 2744 veritate,
798 2694 843 2735 in
862 2696 980 2736 omni

1041 283 1175 325 corde
1202 296 1298 333 suo,
1328 289 1371 326 61
1398 284 1441 325 111
1471 286 1589 326 omni
1613 286 1756 327 anima
1782 299 1871 337 sua,

1039 352 1129 380 non
1176 340 1396 382 auferetur
1441 341 1520 383 tibi
1563 342 1629 383 vir
1666 341 1721 384 de
1759 342 1870 384 solio

1040 396 1188 437 Israel.

1094 453 1145 504 R.
1170 452 1370 493 Domine.
1389 454 1483 493 180.

1350 509 1501 550 Lectio
1524 510 1562 549 ii.

1122 578 1151 605 u
1198 577 1375 616 quoque
1420 565 1537 606 nosti
1583 578 1681 616 quae
1720 567 1873 608 fecerit

1140 620 1246 661 mihi
1273 620 1385 662 Joab
1415 621 1530 661 filius
1558 622 1738 671 Sarviae,
1773 635 1871 674 quae

1039 677 1192 718 fecerit
1230 677 1405 719 duobus
1443 678 1714 729 principibus
1750 680 1870 720 exer-

1040 733 1152 774 citus
1184 733 1338 783 Israel,
1374 733 1527 774 Abner
1562 734 1653 774 filio
1682 734 1789 783 Ner,
1828 739 1872 776 et

1041 789 1218 830 Amasae
1245 789 1337 830 filio
1360 789 1529 838 Jether',
1559 802 1670 841 quos
1700 789 1871 839 occidit,

1041 850 1085 886 et
1113 845 1267 887 effudit
1288 846 1546 896 sanguinem
1565 845 1670 887 belli
1688 846 1732 886 in
1750 859 1870 898 pace,

1041 906 1085 942 et
1102 902 1252 955 posuit
1272 904 1474 943 cruorem
1493 902 1635 954 pra'elii
1659 902 1703 942 in
1722 902 1870 943 balteo

1040 971 1136 1008 suo,
1165 958 1239 1010 qui
1259 963 1353 1000 erat
1372 958 1489 1000 circa
1507 958 1682 1007 lumbos
1701 959 1808 1009 ejus,
1829 963 1872 999 et

1038 1014 1083 1054 in
1107 1015 1403 1056 calceamento
1430 1027 1528 1064 suo,
1563 1014 1684 1067 quod
1711 1018 1803 1055 erat
1827 1014 1871 1054 in

1038 1069 1229 1122 podibus
1263 1071 1364 1122 ejus.
1418 1070 1573 1112 Facies
1611 1082 1715 1121 ergo
1753 1070 1872 1121 juxta

1041 1127 1302 1179 sapientiam
1326 1132 1463 1177 tuam,
1493 1132 1536 1168 61
1563 1139 1652 1168 11011
1678 1125 1871 1167 deduces

1041 1183 1244 1224 canitiem
1264 1185 1355 1235 ejus
1372 1183 1556 1235 pacifice
1577 1183 1634 1224 ad
1652 1182 1827 1223 inferos.

1088 1238 1141 1290 R.
1169 1240 1353 1281 Factum
1373 1245 1450 1281 est.
1469 1241 1550 1279 181.

1104 1296 1110 1299 ’
1339 1294 1491 1334 Lectio
1512 1295 1565 1333 iii.

1038 1344 1164 1451 Sed
1190 1356 1234 1393 61
1256 1351 1357 1392 filiis
1382 1351 1598 1392 Berzellai
1624 1350 1870 1392 Galaaditis

1116 1407 1276 1450 reddes
1295 1408 1497 1459 gratiam,
1518 1410 1732 1459 eruntque
1754 1419 1869 1448 com-

1039 1463 1219 1506 edentes
1238 1465 1282 1504 in
1299 1477 1452 1505 mensa
1470 1469 1559 1505 tua:
1585 1465 1870 1505 occurrerunt

1038 1522 1154 1562 enim
1171 1520 1291 1570 mihi,
1323 1520 1500 1573 quando
1526 1520 1746 1571 fugiebam
1766 1532 1791 1560 a
1809 1519 1868 1560 fa-

1039 1578 1104 1619 cie
1144 1577 1361 1618 Absalom
1402 1577 1547 1618 fratris
1582 1576 1656 1618 tui.
1718 1575 1869 1616 Habes

1039 1646 1216 1685 quoque
1236 1633 1355 1685 apud
1374 1638 1418 1674 te
1437 1633 1580 1674 Semei
1599 1632 1737 1673 filium
1753 1631 1870 1672 Gera

1037 1690 1116 1730 filii
1134 1691 1159 1730 J
1162 1690 1292 1731 omini
1312 1689 1366 1731 de
1386 1689 1612 1739 Bahurim,
1642 1689 1716 1741 qui
1738 1688 1868 1730 male-

1038 1746 1148 1788 dixit
1179 1746 1284 1787 mihi
1315 1746 1626 1787 maledictione
1660 1745 1869 1798 pessima,

1039 1802 1216 1854 quando
1242 1802 1362 1845 ibam
1387 1803 1444 1843 ad
1470 1807 1627 1843 castra:
1660 1800 1739 1842 sed
1768 1801 1870 1852 quia

1038 1857 1268 1900 descendit
1298 1858 1403 1899 mihi
1434 1858 1478 1898 in
1510 1860 1742 1899 occursum
1770 1869 1869 1897 cum

1035 1917 1267 1956 transirem
1299 1915 1324 1955 J
1327 1913 1554 1963 ordanem‚
1587 1917 1631 1955 et
1663 1913 1802 1965 juravi
1829 1912 1870 1953 ei

1035 1984 1116 2024 per
1135 1971 1391 2019 Dominum,
1418 1969 1584 2011 dicens:
1612 1970 1715 2010 Non
1738 1974 1782 2010 te
1806 1969 1865 2009 111-

1035 2027 1251 2069 terficiam
1273 2026 1436 2077 gladio:
1466 2031 1515 2067 tu
1536 2025 1628 2067 noli
1650 2025 1744 2077 pati
1768 2037 1867 2066 eum

1037 2096 1134 2125 esse
1152 2083 1389 2124 innoxium.

1086 2139 1138 2189 R.
1164 2139 1260 2190 Ego
1279 2144 1324 2180 te
1341 2138 1432 2180 tuli.
1450 2139 1531 2179 181.

1217 2242 1402 2278 Feria
1438 2241 1683 2289 Quarta.

1169 2296 1238 2336 De
1261 2293 1373 2336 libro
1397 2295 1527 2336 tortio
1551 2294 1734 2344 Regum.

1110 2356 1262 2397 Lectio
1282 2357 1305 2395 i.
1622 2357 1724 2407 Cap.
1745 2358 1782 2395 3

1072 2465 1091 2470 Δ,
1144 2416 1321 2467 pparuit
1345 2421 1491 2458 autem
1510 2415 1724 2457 Dominus
1744 2413 1862 2454 Salo-

1041 2476 1042 2481 ’
1062 2479 1114 2508 J
1159 2472 1280 2512 moni
1298 2485 1378 2524 per
1398 2472 1614 2513 somnium
1634 2475 1777 2519 nocte,
1802 2468 1861 2510 di-

1033 2540 1150 2569 cens:
1169 2528 1350 2569 Postula
1369 2527 1490 2580 quod
1505 2529 1571 2569 vis
1591 2532 1639 2568 ut
1658 2526 1759 2567 dem
1772 2524 1861 2566 tibi.

1031 2584 1089 2625 Et
1122 2584 1182 2625 ait
1212 2585 1437 2626 salomon:
1483 2584 1552 2625 Tu
1588 2583 1730 2624 fecisti
1762 2594 1861 2622 cum

1033 2653 1162 2681 servo
1187 2645 1263 2682 tuo
1288 2641 1434 2683 David
1458 2645 1584 2693 patre
1607 2651 1707 2680 meo
1733 2637 1858 2678 mise-

1032 2696 1267 2738 ricordiam
1288 2710 1506 2748 magnam,
1533 2697 1645 2738 sicut
1669 2693 1858 2736 ambula-
