2040 2976
775 236 983 269 Commune
1009 234 1220 275 Virginum.

155 332 274 385 quod
292 332 536 374 imitaretur
555 332 599 372 in
617 331 755 372 terris.
786 330 881 371 Nec
899 329 975 370 im-

152 389 309 430 merito
329 388 504 430 vivendi
525 388 609 429 sibi
627 401 755 428 usum
774 386 975 439 quaesivit

153 458 177 487 e
196 445 326 496 coelo,
354 458 452 497 quae
475 457 685 497 sponsum
710 443 793 485 sibi
810 443 975 484 invenit

151 502 196 542 in
215 502 339 543 coelo.

205 572 253 623 R.
290 567 477 618 Propter
504 566 752 615 veritatem,
787 569 831 606 et
857 577 974 604 man-

152 622 442 672 suetudinem,
472 627 515 664 et
538 621 760 674 justitiam:
778 627 800 651 *
822 621 878 662 Et
902 620 972 662 de-

153 679 283 721 ducet
318 684 362 721 te
395 678 651 720 mirabiliter
681 677 862 719 dextera
888 681 973 718 tua.

152 735 202 786 V.
225 736 379 788 Specie
398 740 473 777 tua
496 740 539 776 et
555 733 880 787 pulchritudine
898 738 974 775 tua

150 791 344 841 intende,
370 794 583 844 prospere
607 790 818 844 procede,
846 795 890 831 et
909 803 972 831 re-

150 861 244 900 gna.
279 849 346 890 Et.

202 912 361 953 Bened.
391 909 589 952 Christus
608 910 845 961 perpetuae.

458 982 609 1024 Lectio
632 995 666 1020 v.

245 1053 310 1082 aec
330 1040 483 1091 nubes,
504 1043 619 1091 aera,
639 1040 842 1092 Angelos,
863 1040 972 1082 side-

257 1110 392 1149 raque
411 1097 753 1148 transgrediens,
775 1097 974 1139 Verbum

149 1153 233 1195 Dei
256 1154 301 1194 in
323 1153 420 1206 ipso
445 1154 542 1195 sinu
560 1155 702 1195 Patris
721 1154 901 1203 invenit,
930 1158 973 1195 et

149 1213 247 1251 toto
262 1209 407 1251 hausit
422 1212 613 1264 pectore.
637 1211 752 1252 Nam
768 1211 865 1262 quis
880 1215 972 1251 tan-

150 1270 253 1316 tum,
269 1279 367 1307 cum
378 1267 603 1317 invenerit,
618 1267 837 1318 relinquat
846 1266 972 1308 boni?

150 1322 429 1374 Unguentum
463 1323 577 1364 enim
611 1324 878 1365 exinanitum
907 1328 973 1364 est

151 1391 311 1420 nomen
325 1383 461 1420 tuum:
474 1381 712 1432 propterea
724 1379 973 1421 adolescen-

150 1434 255 1475 tulae
275 1435 520 1477 dilexerunt
545 1441 607 1486 te,
633 1441 676 1478 et
701 1438 973 1478 attraxerunt

150 1495 204 1532 te.
237 1491 483 1542 Postremo,
497 1505 585 1534 non
604 1505 750 1534 meum
771 1498 837 1534 est
854 1493 974 1543 illud,

153 1548 359 1599 quoniam
383 1561 481 1601 quae
506 1561 594 1590 non
619 1548 804 1599 nubunt,
831 1562 973 1601 neque

151 1603 387 1655 nubentur,
416 1610 543 1646 erunt
571 1606 683 1647 sicut
708 1605 867 1657 Angeli
890 1607 974 1647 Dei

151 1659 195 1700 in
226 1660 350 1702 coelo.
398 1661 539 1702 Nemo
572 1674 677 1713 ergo
707 1662 905 1713 miretur,
937 1663 974 1703 si

151 1716 331 1768 Angelis
356 1719 681 1770 comparentur,
711 1731 808 1770 quae
832 1719 972 1770 Ange-

150 1772 292 1814 lorum
310 1773 501 1816 Demino
521 1774 792 1827 copulantur.

204 1840 254 1892 R.
279 1839 485 1882 Dilexisti
511 1842 737 1893 justitiam,
770 1847 814 1884 et
839 1842 973 1884 odisti

151 1894 439 1948 iniquitatem:
462 1897 484 1921 *
507 1898 750 1950 Propterea
776 1899 901 1940 unxit
928 1904 973 1940 te

151 1952 289 2002 Deus,
339 1953 460 1995 Deus
505 1959 605 1995 tuus
651 1955 749 1996 oleo
793 1955 972 1997 laetitiae.

151 2003 200 2055 V.
234 2009 422 2062 Propter
441 2010 686 2061 veritatem,
715 2016 759 2053 et
777 2025 973 2053 mansue-

151 2064 358 2116 tudinem,
377 2071 421 2108 et
439 2067 656 2118 justitiam.
683 2068 934 2120 Propterea.

202 2127 362 2168 Bened.
390 2127 542 2178 Ignem
561 2128 628 2169 sui
647 2130 819 2170 amoris.

396 2193 404 2199 ⁴
449 2191 602 2233 Lectio
622 2192 676 2231 vi.

154 2234 304 2358 Quis
325 2253 458 2304 igitur
476 2259 606 2305 neget
620 2254 732 2296 hanc
747 2255 883 2296 vitam
898 2256 973 2297 flu-

155 2364 164 2372 .
245 2311 362 2351 xisse
383 2309 437 2351 de
457 2311 582 2361 coelo,
603 2323 734 2363 quam
748 2325 835 2354 non
849 2313 974 2354 facile

153 2367 393 2407 1nvenimus
413 2367 457 2407 in
475 2368 614 2418 terris,
635 2368 719 2408 nisi
737 2373 974 2421 postquam

152 2421 273 2462 Deus
285 2421 329 2462 in
343 2421 439 2463 haec
452 2424 614 2464 terreni
630 2425 829 2477 cerporis
843 2438 974 2466 mem-

153 2476 233 2518 bra
244 2477 493 2520 descendit?
509 2480 633 2521 Tunc
644 2481 687 2521 in
697 2484 824 2522 utero
835 2482 974 2532 Virgo

154 2534 370 2586 concepit,
397 2539 440 2575 et
463 2535 660 2577 Verbum
684 2549 787 2578 caro
812 2538 975 2578 factum

154 2594 234 2640 est,
255 2595 302 2631 ut
323 2603 425 2632 caro
447 2591 573 2633 fieret
591 2593 722 2634 Deus.
752 2594 883 2635 Dicet
902 2594 974 2635 ali-

156 2647 266 2698 quis:
293 2646 380 2688 Sed
406 2648 537 2688 etiam
555 2648 674 2689 Elias
698 2649 857 2691 nullius
883 2663 974 2691 cor-

153 2703 278 2754 porei
307 2703 449 2744 ceitus
476 2704 608 2745 fuisse
635 2708 878 2757 permixtus
905 2719 974 2747 cu-

153 2758 410 2810 piditatibus
447 2760 674 2802 invenitur.
725 2761 832 2803 Ideo
870 2775 974 2814 ergo

1028 340 1160 368 curru
1178 331 1331 379 raptus
1351 326 1407 368 ad
1432 327 1606 368 coelum:
1631 326 1732 368 ideo
1755 339 1855 367 cum

1026 384 1216 424 Demino
1254 386 1439 436 apparet
1479 384 1524 424 in
1556 383 1714 435 gloria,
1751 382 1852 424 ideo

1026 440 1248 481 Dominici
1275 443 1485 481 venturus
1512 445 1579 481 est
1603 443 1853 492 praecursor

1026 496 1251 538 adventus.

1079 565 1129 616 R.
1146 562 1396 603 Afferentur
1411 562 1524 613 Regi
1543 561 1732 612 virgines
1749 565 1853 613 post

1027 632 1141 669 eam,
1175 619 1389 671 proximae
1422 620 1512 670 ejus
1548 622 1569 644 *
1601 617 1853 658 Afferentur

1025 675 1107 717 tibi
1156 676 1200 716 in
1249 675 1404 716 laetitia
1455 679 1497 715 et
1549 674 1852 715 exsultatione.

1027 730 1077 781 V.
1097 731 1252 785 Specie
1271 736 1347 772 tua
1367 735 1411 772 et
1429 730 1757 783 pulchritudine
1776 735 1853 770 tua

1025 788 1218 838 intende,
1243 790 1457 841 prospere
1485 787 1697 840 procede,
1726 791 1770 828 et
1789 799 1851 827 re-

1025 858 1120 895 gna.
1147 845 1409 886 Afferentur.
1447 844 1597 885 Gloria
1616 844 1746 884 Patri.
1779 843 1852 883 Af·
1902 864 1903 868 =

1024 902 1228 944 ferentur.

1247 983 1295 1023 In
1317 983 1388 1022 ΙΙΙ.
1411 983 1632 1022 Nocturno.

1079 1048 1178 1087 Ant.
1206 1044 1343 1095 Nigra
1367 1057 1481 1094 sum,
1501 1045 1524 1071 *
1543 1043 1623 1085 sed
1647 1044 1852 1093 formesa,

1025 1102 1127 1143 fssiae
1161 1101 1417 1143 Jerusalem:
1455 1100 1556 1142 ideo
1597 1100 1751 1142 dilexit
1783 1113 1853 1141 me

1026 1160 1139 1209 Rex,
1167 1163 1210 1200 et
1238 1157 1483 1198 introduxit
1510 1170 1580 1199 me
1607 1157 1653 1198 in
1680 1156 1852 1198 cubicu-

1025 1216 1115 1256 lum
1134 1228 1271 1256 suum.

1293 1285 1488 1326 Psalmus
1518 1286 1583 1324 95.

1030 1357 1289 1419 &damete
1316 1354 1506 1395 Domino
1535 1353 1753 1395 canticum
1780 1366 1852 1394 no-

1030 1446 1035 1466 „
1052 1383 1137 1471 KQ!
1155 1425 1270 1453 vum:
1280 1412 1304 1437 *
1316 1412 1490 1452 cantate
1504 1410 1695 1451 Domino
1712 1410 1853 1451 omnis

1033 1461 1137 1494 322:ss
1154 1472 1282 1509 terra.

1079 1525 1262 1566 Cantate
1293 1524 1499 1573 Domino,
1532 1527 1576 1564 et
1606 1522 1853 1564 benedicite

1026 1581 1190 1622 nomini
1219 1582 1326 1633 ejus:
1354 1582 1378 1607 *
1406 1579 1660 1621 annuntiate
1693 1579 1747 1620 de
1782 1579 1853 1621 die

1026 1638 1070 1678 in
1098 1637 1215 1679 diem
1242 1637 1432 1678 salutare
1461 1637 1562 1688 ejus.

1078 1694 1346 1735 Annuntiate
1360 1694 1474 1734 inter
1488 1692 1653 1733 Gentes
1668 1693 1854 1743 gloriam

1027 1751 1133 1803 ejus,
1165 1752 1188 1777 *
1220 1750 1264 1791 in
1292 1749 1495 1791 emnibus
1522 1749 1699 1801 populis
1727 1750 1852 1790 mira-

1025 1806 1130 1848 bilia
1158 1808 1259 1859 ejus.

1078 1863 1295 1914 Quoniam
1326 1875 1510 1913 magnus
1541 1862 1773 1913 Deminus,
1810 1867 1854 1903 et

1026 1919 1258 1961 laudabilis
1293 1919 1438 1960 nimis:
1477 1920 1500 1945 *
1538 1917 1746 1959 terribilis
1786 1923 1853 1960 est

1026 1989 1158 2029 super
1186 1989 1337 2017 omnes
1365 1975 1484 2016 deos.

1035 2053 1044 2082 χ
1078 2032 1295 2083 Quoniam
1310 2044 1461 2073 omnes
1477 2030 1536 2072 dii
1547 2031 1755 2072 Gentium
1766 2031 1850 2073 dae-

1026 2089 1188 2130 monia:
1222 2090 1245 2115 *
1281 2088 1496 2129 Dominus
1533 2091 1679 2129 autem
1714 2087 1851 2129 coelos

1026 2145 1140 2187 fecit.

1081 2202 1317 2252 Confessio,
1333 2206 1376 2243 et
1395 2201 1677 2254 pulchritudo
1692 2201 1736 2242 in
1752 2214 1851 2243 con-

1028 2260 1181 2310 spectu
1207 2259 1314 2310 ejus:
1338 2259 1363 2284 ¹⁸¹
1388 2257 1674 2299 sanctimonia
1699 2262 1742 2299 et
1764 2271 1850 2299 ma-

1027 2315 1276 2365 gnificentia
1302 2315 1347 2355 in
1379 2315 1722 2361 sanctificatione
1750 2316 1851 2366 ejus.

1074 2371 1242 2413 Afferte
1256 2371 1447 2412 Demino
1463 2371 1619 2424 patriae
1635 2371 1851 2421 Gentium,
1867 2400 1869 2403 -

1028 2426 1180 2468 afferte
1207 2428 1397 2469 Demino
1425 2427 1612 2478 gloriam
1644 2431 1688 2468 et
1716 2426 1851 2468 hono-

1027 2496 1133 2524 rem:
1153 2485 1176 2510 *
1195 2483 1346 2525 afferte
1365 2484 1555 2525 Demino
1575 2483 1759 2535 glotiam
1776 2486 1850 2525 no-

1027 2540 1132 2580 mini
1161 2541 1261 2592 ejus.

1080 2596 1241 2638 Tellite
1281 2596 1466 2648 hestias,
1504 2603 1548 2639 et
1589 2597 1767 2639 introite
1807 2597 1850 2637 in

1027 2653 1138 2693 atria
1162 2655 1266 2705 ejus:
1290 2655 1313 2681 *
1338 2655 1521 2696 adorate
1542 2654 1779 2694 Deminum
1807 2653 1850 2693 in

1027 2709 1138 2751 atrio
1166 2714 1318 2752 sancto
1347 2712 1447 2763 ejus.

1080 2766 1417 2808 Commoveatur
1448 2779 1474 2807 a
1504 2766 1615 2807 facie
1644 2767 1734 2817 ejus
1762 2765 1849 2807 uni-
