2040 2976
555 213 627 247 Die
654 213 681 247 1.
705 212 810 246 Julii.
859 211 1005 246 Octava
1030 211 1065 246 S.
1089 211 1254 245 Joannis
1279 212 1478 255 Baptistae.

1809 217 1876 251 393

162 309 264 360 quia
293 309 590 361 magnificavit
615 309 832 351 Dominus
863 310 989 352 mise-

160 365 398 407 ricordiam
423 379 547 408 suam
578 379 676 408 cum
700 365 789 416 illa,
819 370 862 408 et
888 379 987 409 con-

160 421 491 473 gratulabantur
511 423 560 464 ei.
588 423 646 464 Et
664 422 843 476 reliqua.

231 518 297 559 De
321 518 514 560 Homilia
538 517 677 560 sancti
697 517 921 561 Ambrosii

464 575 687 628 Episcopi.

205 644 287 679 Lib.
304 645 334 679 2.
351 645 390 679 in
406 644 522 680 Lucae
539 655 621 688 cap.
640 645 678 686 1.,
701 645 802 679 circa
818 644 941 678 finem.

165 724 195 756 12}
226 713 260 757 ’δέ
274 706 439 747 oannes
455 710 531 756 est,
545 705 697 757 inquit,
712 718 872 747 nomen
888 706 988 757 ejus.

165 762 201 798 <
231 754 267 822 ἓ-’ᾒἸ
289 761 391 803 Non
427 763 604 815 poterat
640 762 868 805 Elisabeth
900 763 987 804 Do-

166 825 173 830 ”
252 831 261 838 ⁴
289 818 395 859 mini
436 819 640 870 ignorare
677 819 988 872 praenuntium,

162 887 262 926 quae
280 874 626 928 prophetaverat
646 875 875 918 Christum.
908 877 988 918 Be-

159 943 214 972 ne
238 930 429 973 additur:
462 932 573 983 Quia
600 945 730 975 nemo
759 933 803 973 in
832 945 988 984 cogna-

159 988 280 1029 tione
306 989 397 1040 ejus
422 989 666 1031 vocabatur
688 989 775 1031 hoc
797 990 989 1040 nomine,

160 1049 209 1085 ut
245 1044 462 1096 intelligas
499 1059 659 1088 nomen
696 1059 784 1088 non
817 1047 989 1098 generis

161 1113 273 1151 esse,
297 1101 378 1143 sed
395 1102 520 1144 vatis.
552 1103 789 1144 Zacharias
811 1116 988 1156 quoque

159 1163 267 1200 nutu
286 1158 596 1210 interrogatur:
623 1158 702 1201 sed
727 1160 830 1211 quia
853 1160 988 1202 incre-

161 1214 320 1256 dulitas
345 1215 385 1256 ei
409 1215 590 1258 affatum
614 1217 835 1270 eripuerat
855 1222 898 1258 et
917 1230 987 1258 au-

160 1270 313 1322 ditum3
355 1271 476 1324 quod
517 1286 627 1315 voce
667 1285 755 1315 non
796 1275 989 1325 poterat,

159 1340 290 1369 manu
309 1332 353 1369 et
371 1328 529 1371 litteris
549 1335 616 1372 est
635 1330 820 1371 locutus.

209 1399 260 1451 R.
288 1397 543 1441 Praecursor
566 1399 744 1440 Domini
770 1400 905 1449 venit,
935 1399 989 1441 de

161 1466 249 1506 quo
277 1453 373 1507 ipse
399 1457 639 1498 testaturz*
664 1455 822 1497 Nullus
850 1457 988 1508 major

159 1511 272 1553 inter
298 1515 426 1553 natos
453 1512 684 1554 mulierum
711 1513 735 1554 J
739 1515 880 1554 oanne
907 1513 988 1554 Ba-

160 1569 306 1620 ptista.
333 1564 384 1615 V.
413 1569 498 1611 Hic
523 1574 591 1611 est
616 1569 730 1612 enim
753 1569 988 1622 Propheta,

161 1628 205 1665 et
235 1623 336 1677 plus
369 1637 501 1677 quam
530 1626 770 1679 Propheta,
810 1625 865 1668 de
900 1638 988 1677 quo

159 1680 361 1723 Salvator
380 1682 451 1724 ait.
478 1682 647 1724 Nullus.

442 1756 594 1798 Lecfio
614 1757 698 1798 viii.

159 1814 383 1924 Scripsit
402 1826 518 1868 enim
533 1826 697 1868 dicens:
716 1827 740 1867 J
744 1829 909 1868 oannes
925 1832 991 1869 est

240 1895 401 1925 nomen
421 1883 523 1935 ejus.
555 1883 612 1925 Et
630 1882 702 1924 hic
724 1895 885 1925 nomen
903 1896 992 1925 non

158 1938 416 1992 imponitur,
450 1939 529 1981 sed
556 1939 784 1981 astruitur:
815 1940 989 1982 merito-

161 2008 245 2047 que
278 1998 487 2038 continuo
520 1995 717 2038 resolata
751 2002 818 2038 est
844 1996 991 2048 lingua

161 2053 266 2104 ejus:
295 2053 396 2105 quia
422 2065 553 2105 quam
572 2055 773 2094 vinxerat
791 2052 989 2095 increda-

159 2107 270 2158 litas,
288 2108 399 2150 fides
415 2109 556 2151 solvit.
586 2108 830 2150 Credamus
850 2115 894 2151 et
908 2122 990 2151 nos

159 2164 308 2215 igitur,
333 2170 382 2206 ut
400 2165 650 2217 loquamur3
675 2170 725 2206 ut
750 2165 897 2217 lingua
916 2179 989 2207 no-

161 2226 266 2271 stra,
311 2234 410 2273 quae
447 2221 768 2264 incredulitatis
805 2222 989 2264 vinculis

161 2282 228 2319 est
245 2277 390 2329 ligata,
409 2278 589 2320 rationis
609 2291 718 2320 voce
739 2278 945 2321 solvatur.

1094 311 1145 362 R.
1163 311 1342 354 Gabriel
1363 312 1558 363 Angelus
1579 314 1783 367 apparuit
1803 316 1876 356 Za-

1044 367 1205 409 chariae
1225 367 1390 410 dicens:
1413 369 1631 412 Nascetur
1651 370 1730 412 tibi
1749 371 1875 421 filius,

1043 437 1203 466 nomen
1235 426 1326 477 ejus
1354 425 1379 466 J
1382 428 1547 468 oannes
1581 427 1825 470 vocabitur:
1849 424 1870 448 *

1043 481 1100 522 Et
1124 481 1250 523 multi
1273 482 1317 522 in
1342 483 1571 525 nativitate
1597 485 1687 536 eius
1715 484 1874 536 gaude-

1043 537 1162 579 bunt.
1198 531 1248 583 V.
1272 539 1368 581 Erit
1388 540 1503 582 enim
1522 553 1705 591 magnus
1725 554 1875 583 coram

1042 595 1251 645 Domino,
1271 596 1421 637 vinum
1441 601 1485 638 et
1503 599 1687 639 siceram
1706 611 1795 640 non
1813 598 1873 640 bi-

1042 651 1130 693 bet.
1158 652 1225 693 Et.
1252 650 1406 694 Gloria
1426 653 1556 695 Patri.
1585 654 1650 696 Et.

1345 711 1498 751 Lectio
1519 712 1572 751 ix.

1042 762 1333 870 Scribamus
1377 772 1533 824 spiritu
1569 774 1793 825 mysteria,
1838 775 1875 815 si

1120 827 1321 868 volumus
1340 827 1477 881 loqui:
1503 829 1746 871 scribamus
1764 843 1874 883 prae-
1919 839 1922 842 ’

1042 883 1242 925 mintium
1262 884 1437 935 Christi,
1461 898 1549 927 non
1573 886 1617 926 in
1635 886 1796 928 tabulis
1816 887 1873 928 la-

1043 939 1196 992 pideis,
1217 941 1297 983 sed
1314 941 1358 981 in
1377 941 1539 983 tabulis
1559 942 1706 984 cordis
1727 946 1873 984 carna-

1043 996 1167 1038 libus.
1203 997 1377 1039 Etenim
1403 999 1477 1051 qui
1495 999 1519 1039 J
1523 1002 1710 1041 oannem
1735 1000 1873 1052 loqui-

1043 1058 1130 1103 tur,
1160 1053 1381 1095 Christum
1408 1056 1659 1108 prophetat.
1701 1056 1874 1108 Loqua-
1920 1063 1922 1068 ’

1043 1123 1140 1150 mur
1165 1111 1190 1151 J
1193 1113 1398 1162 oannem,
1424 1112 1659 1165 loquamur
1685 1118 1729 1154 et
1755 1113 1873 1154 Chri·
1920 1118 1922 1122 “

1043 1171 1174 1208 stum:
1195 1172 1243 1209 ut
1258 1173 1458 1209 nostrum
1475 1182 1650 1221 quoque
1667 1182 1717 1211 os
1733 1170 1875 1222 possit

1043 1224 1220 1275 aperiri,
1254 1225 1374 1276 quod
1402 1226 1445 1265 in
1473 1226 1705 1267 sacerdote
1734 1231 1873 1276 tanto,

1042 1279 1351 1323 irrationabilis
1370 1282 1504 1324 modo
1525 1282 1718 1335 pecudis,
1738 1283 1874 1324 fraena

1042 1338 1235 1379 nutantis
1255 1337 1359 1380 fidei
1379 1339 1655 1381 coercebant.

1090 1396 1156 1436 ,Te
1176 1394 1319 1436 Deum
1339 1395 1579 1438 laudamus.
1599 1397 1656 1437 13.

1092 1457 1137 1490 In
1161 1456 1280 1491 Laud.
1305 1456 1346 1490 fit
1371 1466 1566 1490 commem.
1590 1455 1727 1497 Apost.

1092 1509 1191 1549 Ant.
1235 1508 1431 1550 Gloriosi
1466 1510 1690 1563 principes
1727 1515 1872 1560 terrae,

1043 1564 1268 1616 quomodo
1283 1566 1326 1606 in
1341 1566 1432 1607 vita
1451 1579 1531 1607 sua
1551 1566 1799 1609 dilexerunt
1815 1581 1873 1618 se,

1040 1621 1101 1663 ita
1121 1627 1165 1664 et
1183 1622 1227 1662 in
1246 1628 1388 1664 morte
1407 1636 1495 1664 non
1516 1628 1617 1665 sunt
1636 1624 1840 1677 separati.

1092 1674 1142 1726 V.
1159 1679 1210 1719 In
1223 1691 1398 1721 omnem
1412 1685 1574 1721 terram
1590 1681 1724 1722 exivit
1739 1693 1872 1722 sonus

1042 1736 1205 1776 eorum.
1240 1736 1290 1787 Rt·
1314 1736 1371 1778 Et
1395 1736 1438 1777 in
1462 1736 1572 1779 fines
1597 1737 1717 1779 orbis
1741 1742 1871 1779 terrae

1040 1791 1177 1833 verba
1197 1794 1358 1834 eorum.

1378 1843 1541 1883 Oratio.

1039 1894 1220 2001 DeUS‚
1242 1902 1317 1953 qui
1337 1901 1594 1943 hodiernam
1615 1902 1731 1943 diem
1751 1902 1871 1955 Apo-

1137 1957 1353 1999 stolorum
1368 1960 1544 2000 tuorum
1558 1959 1678 2000 Petri
1694 1964 1737 2000 et
1747 1959 1871 2000 Pauli

1039 2013 1250 2065 martvrio
1272 2016 1557 2057 consecrasti:
1584 2014 1641 2057 da
1658 2015 1870 2057 Ecclesiae

1040 2073 1139 2119 tuae,
1161 2072 1314 2112 eorum
1332 2072 1376 2112 in
1396 2071 1597 2114 omnibus
1617 2071 1743 2124 sequi
1760 2085 1870 2125 prae-

1042 2126 1234 2178 ceptum,
1261 2140 1342 2179 per
1371 2140 1482 2180 quos
1510 2127 1733 2178 religionis
1758 2142 1870 2170 sum-

1040 2182 1128 2233 psit
1148 2183 1387 2225 exordium.
1414 2184 1500 2227 Per
1519 2184 1770 2226 Dominum.

1092 2235 1209 2279 Vesp.
1235 2236 1281 2269 de
1311 2247 1416 2280 sequ.
1443 2247 1527 2270 cum
1552 2246 1748 2270 commem.
1773 2246 1869 2279 prae-

1042 2283 1122 2317 ced.
1146 2287 1303 2318 tantum.

317 2877 381 2901 Pars
396 2877 506 2901 AEstiva.

1597 2873 1639 2904 26
