2040 2976
730 231 772 264 In
797 231 1048 265 Dedicatione
1073 231 1267 264 Ecclesiae.

177 326 347 380 Scalpri
364 326 550 368 salubris
569 326 738 377 ictibus,

228 383 285 424 Et
302 383 504 425 tunsione
521 383 738 436 plurima,-

229 439 362 482 Fabri
379 440 519 493 polita
536 439 696 481 malleo

228 496 355 538 Hanc
375 509 481 538 saxa
498 496 660 538 molem
679 497 946 544 construunt,

230 553 448 605 Aptisque
466 554 611 606 juncta
629 551 812 593 nexibus

228 609 451 651 Locantur
468 609 512 650 in
531 609 715 661 fastigio.

179 687 325 729 Decus
342 686 518 741 Parenti
537 685 732 728 debitum

230 743 294 784 Sit
312 745 627 796 usquequaque
645 742 884 791 Afflssimo,

227 799 433 852 Natoque
451 800 593 841 Patris
612 800 752 850 unico,

227 856 285 898 Et
303 856 466 909 inclyto
486 856 715 907 Paraclito‚

229 912 309 954 Cui
326 913 432 963 laus,
449 915 659 967 potestas,
677 911 817 964 gloria

227 969 412 1011 AEterna
435 970 491 1012 sit
511 983 592 1023 per
610 969 782 1011 saecula.
823 967 976 1009 Amen.

202 1032 252 1085 V.
282 1039 393 1081 Haec
422 1044 489 1081 est
518 1039 674 1081 domus
701 1037 879 1080 Demini
905 1038 974 1079 fir-

150 1093 278 1136 miter
303 1095 530 1138 aedificata.
568 1097 619 1149 R«.
646 1096 766 1137 Bene
795 1094 975 1137 fundata

151 1155 218 1193 est
237 1164 370 1205 supra
387 1152 559 1194 firmam
577 1157 760 1206 petram.

202 1223 272 1264 Ad
308 1224 479 1275 Magnis.
530 1226 628 1265 Ant.
680 1225 975 1267 Sanctificavit

149 1281 364 1323 Deminus
399 1282 424 1307 *
459 1281 789 1323 tabernaculum
833 1295 975 1323 suum:

152 1338 253 1390 quia
269 1338 365 1380 haec
385 1342 451 1380 est
470 1338 626 1380 domus
641 1339 735 1389 Dei,
752 1339 796 1379 in
816 1351 902 1391 qua
915 1339 974 1379 in-

150 1394 381 1436 vocabitur
399 1407 559 1436 nomen
578 1396 679 1447 ejus,
698 1394 753 1436 de
770 1408 856 1448 quo
873 1395 974 1436 scri-

149 1455 274 1503 ptum
289 1456 369 1493 est:
388 1452 445 1492 Et
464 1452 545 1493 erit
562 1464 722 1493 nomen
740 1465 885 1494 meum
903 1451 974 1501 ibi,

151 1506 256 1549 dicit
273 1508 499 1549 Dominus·

202 1568 247 1602 In
275 1569 362 1612 ipso
395 1569 456 1603 dic
485 1569 755 1604 Dedicationis
777 1570 974 1610 Ecclesiae,

151 1619 188 1650 et
214 1627 283 1660 per
308 1616 506 1659 Octavam,
541 1622 577 1651 ct
607 1619 762 1661 quando
787 1618 974 1652 varianda

151 1668 208 1698 est
233 1663 364 1699 Oratio
390 1666 438 1699 ob
464 1675 691 1700 concursum
708 1665 975 1700 Dedicationis

151 1712 307 1747 alterius
330 1713 525 1748 Ecclesiae.

482 1774 645 1816 Oratio.

235 1854 323 1893 eus,
339 1842 413 1895 qui
426 1841 698 1884 invisibiliter
714 1842 858 1884 omnia
873 1844 973 1884 con-

253 1899 381 1950 tines,
407 1904 451 1941 et
472 1903 619 1941 tamen
641 1912 723 1952 pro
743 1899 884 1941 salute
903 1901 972 1951 ge-

150 1955 266 1997 neris
292 1955 471 1996 humani
497 1955 620 2007 signa
647 1960 735 1997 tuae
763 1956 973 2008 potentiae

150 2011 377 2053 visibiliter
409 2011 619 2054 ostendis:
649 2012 862 2065 templum
888 2012 974 2055 hoc

149 2068 346 2120 potentia
359 2073 447 2109 tuae
457 2068 785 2110 inhabitationis
793 2069 973 2120 illustra,

151 2128 195 2165 et
214 2124 422 2175 concede;
446 2129 494 2166 ut
513 2137 680 2175 omnes,
707 2125 780 2178 qui
798 2124 883 2167 huc
902 2125 972 2167 de-

150 2181 370 2232 precaturi
388 2182 667 2232 conveniunt‚
691 2194 746 2223 ex
770 2185 973 2234 quacum-

152 2249 235 2288 que
252 2237 531 2280 tribulatione
550 2238 606 2280 ad
621 2242 666 2280 te
681 2238 973 2289 clamaverint,

151 2293 460 2336 consolationis
482 2299 570 2336 tuae
593 2294 806 2337 beneficia
825 2308 973 2337 conse-

152 2351 348 2401 quantur.
375 2351 459 2392 Per
476 2351 726 2393 Dominum.

206 2408 249 2442 In
269 2408 547 2445 Anniversario
564 2410 831 2445 Dedicationis
850 2411 977 2444 Eccle-

155 2456 224 2490 siae
250 2461 286 2491 et
308 2467 377 2500 per
397 2457 590 2493 Octavam.

482 2520 644 2560 Oratio.
688 2538 689 2541 ¹

149 2578 330 2686 Deus,
353 2584 427 2636 qui
445 2583 572 2627 nobis
590 2598 670 2638 per
689 2585 883 2637 singulos
902 2599 972 2627 an-

250 2654 330 2683 nos
345 2641 470 2693 hujus
485 2641 622 2683 sancti
633 2642 786 2694 templi
796 2642 860 2684 tui
874 2655 973 2684 con-

150 2697 405 2739 secrationis
424 2699 602 2750 reparas
622 2697 751 2748 diem,
776 2703 820 2740 et
839 2699 973 2740 sacris

151 2766 323 2807 semper
353 2755 570 2806 mysteriis
597 2757 886 2808 repraesentas
913 2755 973 2797 in-

303 2895 368 2920 Pars
384 2896 491 2921 AEstiva.

1761 227 1852 273 [113]

1028 324 1237 367 columes:
1261 325 1419 367 exaudi
1436 338 1591 378 preces
1609 325 1762 378 populi
1779 324 1853 374 tui,

1029 386 1073 423 et
1103 386 1281 434 praesta3
1315 387 1363 423 ut
1395 382 1592 434 quisquis
1625 381 1710 423 hoc
1747 386 1852 422 tem-

1027 437 1148 490 plum
1178 438 1393 480 beneficia
1419 439 1636 492 petiturus
1668 436 1852 490 ingredi-

1028 499 1110 544 tur⁷
1130 499 1286 536 cuncta
1313 508 1361 537 se
1386 496 1645 548 impetrasse
1668 494 1853 536 laetetur.

1028 551 1113 592 Per
1127 551 1365 593 Dominum
1383 556 1593 594 nostrum.

1189 632 1277 673 Ad
1308 632 1698 673 Matutinum.

1080 691 1204 731 Invit.
1233 691 1424 731 Domum
1441 690 1525 731 Dei
1548 689 1675 731 decet
1699 689 1853 731 sancti-

1029 746 1156 788 tudo:
1186 748 1208 772 *
1246 747 1465 799 Sponsum
1507 747 1598 798 ejus
1635 745 1854 787 Christum

1029 803 1262 845 adoremus
1282 803 1326 843 in
1345 815 1406 844 ea.
1672 829 1679 834 -

1080 859 1147 899 Ps.
1184 860 1345 910 Venite,
1366 859 1644 901 exsultemus.
1662 860 1699 900 2.

1080 917 1288 956 vanus.
1328 916 1530 957 Coelestis
1558 915 1685 958 Urbs.
1712 923 1757 955 ut
1788 929 1851 953 su-

1028 985 1117 1023 pra.
1141 973 1236 1025 [112]

1260 1051 1309 1088 In
1336 1050 1365 1088 1.
1394 1050 1615 1089 Nocturno.
1900 1101 1902 1104 v

1080 1115 1179 1155 Ant.
1223 1115 1374 1158 Tollite
1402 1116 1426 1142 *
1453 1120 1606 1169 portas
1634 1117 1854 1169 principes

1028 1177 1212 1222 vestras,
1240 1177 1284 1214 et
1312 1172 1541 1214 elevamini
1563 1178 1706 1226 portae
1731 1179 1854 1215 aeter-

1027 1228 1159 1271 nales.

1300 1280 1498 1319 psalmus
1518 1281 1581 1319 23

1031 1352 1087 1403 '³
1054 1342 1852 1452 ἢΟὲῗᾙῒὲἒξιῖἑῗέηΞξέὲθὲῗὲἓῗ

1038 1442 1042 1469 ‘²
1063 1430 1147 1483 (225
1174 1456 1301 1521 versi,
1322 1456 1395 1509 qui
1412 1456 1610 1498 habitant
1628 1431 1756 1498 in'eo

1079 1513 1189 1563 Quia
1215 1513 1312 1566 ipse
1338 1526 1469 1566 super
1492 1513 1630 1554 maria
1654 1512 1853 1554 fundavit

1027 1582 1140 1611 eum:
1158 1570 1182 1596 *
1202 1573 1246 1611 et
1273 1582 1405 1623 super
1432 1570 1610 1612 flumina
1633 1572 1853 1623 praepara-

1026 1626 1088 1668 vit
1107 1639 1216 1668 eum.
1906 1664 1907 1667 ,

1078 1683 1184 1734 Quis
1222 1683 1431 1726 ascendet
1465 1683 1510 1725 in
1541 1689 1735 1726 montem
1764 1685 1851 1726 Do·
1905 1682 1907 1730 ἓ

1025 1738 1151 1780 mini?
1170 1740 1194 1765 *
1213 1744 1288 1782 aut
1307 1740 1403 1792 quis
1423 1740 1556 1783 stabit
1574 1741 1619 1782 in
1636 1741 1737 1783 loco
1757 1755 1850 1783 san-

1026 1800 1098 1837 cto
1118 1795 1231 1849 ejus?

1076 1853 1292 1895 Innocens
1307 1854 1506 1896 manibus
1525 1859 1568 1896 et
1582 1854 1746 1896 mundo
1759 1867 1851 1896 cor-

1026 1907 1097 1959 de,
1115 1909 1139 1935 *
1161 1910 1234 1962 qui
1258 1923 1347 1952 non
1371 1912 1541 1966 accepit
1563 1911 1608 1952 in
1627 1924 1740 1952 vano
1765 1912 1851 1952 ani·
1904 1919 1907 1922 ’

1025 1978 1141 2030 mam
1159 1979 1293 2018 suam,
1311 1980 1392 2009 nec
1405 1968 1561 2019 juravit
1574 1968 1619 2008 in
1634 1967 1737 2009 dolo
1753 1969 1851 2020 pro·
1906 1991 1907 1995 =

1024 2035 1143 2064 xlmo
1166 2036 1258 2064 suo.

1078 2079 1163 2121 Hic
1207 2080 1392 2133 accipiet
1435 2080 1787 2123 benedictionem
1827 2095 1853 2123 a
1906 2125 1907 2128 ,

1025 2135 1231 2177 Domino:
1247 2137 1270 2163 *
1287 2141 1329 2178 et
1346 2137 1694 2179 misericerdiam
1713 2151 1738 2180 a
1753 2139 1851 2181 Deo

1025 2192 1203 2234 salutari
1223 2205 1313 2234 suo.

1076 2249 1187 2290 Haec
1215 2254 1282 2290 est
1307 2250 1531 2301 generatio
1565 2253 1852 2304 quaerentium

1024 2317 1172 2403 ἓιιιιιι)
1181 2305 1205 2331 *
1246 2307 1532 2358 quaerentium
1571 2308 1728 2351 faciem
1767 2309 1852 2351 Dei

1051 2374 1130 2403 aco

1076 2418 1280 2460 Attollite
1324 2424 1476 2472 portas
1518 2421 1739 2474 principes
1781 2434 1850 2463 ve·
1906 2416 1907 2420 ’

1026 2478 1155 2525 stras‚
1184 2478 1227 2517 et
1251 2475 1479 2518 elevamini
1503 2482 1646 2531 portae
1672 2480 1850 2520 aeterna-

1025 2530 1145 2572 lesz*
1164 2536 1208 2573 et
1224 2532 1420 2575 introibit
1438 2535 1537 2576 Rex
1555 2534 1717 2586 gloriae.

1078 2588 1184 2638 Quis
1210 2593 1278 2630 est
1299 2589 1382 2632 iste
1401 2590 1499 2632 Rex
1521 2590 1695 2642 gleriae?
1719 2590 1743 2617 *
1761 2591 1849 2631 Do·

1025 2644 1165 2686 minus
1196 2645 1321 2687 fortis
1354 2651 1397 2688 et
1427 2651 1599 2700 potens:
1635 2646 1850 2688 Dominus
1906 2659 1908 2662 ’

1024 2706 1183 2753 potens
1202 2702 1246 2742 in
1264 2703 1430 2755 praelio.
1906 2739 1908 2741 .

1077 2758 1278 2800 Attollite
1317 2764 1470 2812 portas
1515 2759 1738 2812 principes
1778 2771 1848 2801 ve-

1611 2890 1643 2921 H
