2040 2976
849 1278 932 1319 Die
962 1279 999 1318 6.
1027 1278 1228 1329 Augusti.

573 1358 634 1399 In
661 1358 1129 1409 Transfiguratione
1159 1360 1214 1401 D.
1243 1360 1296 1401 N.
1325 1361 1368 1402 J.
1398 1361 1510 1403 Chr.

875 1426 1034 1469 Duplex
1057 1427 1192 1469 majus.

400 1496 462 1537 In
478 1497 516 1538 Ι.
534 1497 786 1548 vesperis.

224 1557 312 1592 Ant.
336 1558 383 1593 de
400 1558 520 1595 Laud.
543 1562 629 1602 4822
645 1562 706 1596 Ps.
728 1563 826 1597 utin
843 1563 870 1597 I.
887 1563 1005 1606 Vesp.

173 1604 220 1639 de
241 1605 387 1642 Comm.
409 1609 548 1652 Apost.
578 1610 625 1654 [2]
993 1641 997 1642 γ

656 1665 845 1718 Philipp.
861 1666 896 1705 3.
914 1664 953 1706 d.

187 1714 193 1717 ‚
283 1714 285 1716 ι
381 1662 523 1715 Capit.

208 1722 553 1808 Qalvatorem
581 1730 893 1780 exspectamus
921 1728 1010 1769 Do-

184 1814 218 1854 χ
259 1836 262 1837 ⁷
325 1783 491 1825 minum
505 1789 708 1826 nostrum
722 1785 747 1825 J
749 1797 874 1825 esum
889 1783 1008 1824 Chri-

210 1840 231 1863 ἓ
260 1840 262 1842 ’
286 1851 300 1880 -J‘
326 1844 452 1889 stum,
474 1841 548 1893 qui
567 1840 826 1882 reformabit
846 1853 1010 1893 corpus

172 1893 431 1937 humilitatis
468 1902 649 1947 nostrae,
687 1897 1010 1947 configuratum

173 1951 351 2003 corpori
371 1952 582 1996 claritatis
602 1966 706 1995 suae.

479 2024 692 2074 Hymnus.

287 2086 523 2139 uicumque
548 2088 772 2130 Christum
799 2089 1008 2141 quaeritis,

313 2143 478 2185 Oculos
496 2145 541 2185 in
561 2144 698 2186 altum
716 2144 873 2186 tollite:

251 2198 348 2240 Illic
366 2199 515 2242 licebit
533 2203 677 2242 visere

254 2254 435 2305 Signum
453 2257 658 2308 perennis
677 2257 842 2308 gloriae.

200 2323 379 2365 Illustre
400 2324 612 2376 quiddam
629 2326 861 2374 cernimus,

255 2379 386 2430 Quod
406 2381 574 2423 nesciat
593 2381 726 2423 finem
743 2382 846 2434 pati,

254 2435 461 2486 Sublime,
480 2436 656 2487 celsum,
676 2437 965 2486 interminum,

255 2491 492 2544 Antiquius
512 2493 627 2534 coelo
648 2498 692 2534 et
711 2493 836 2535 chao.

199 2561 285 2603 Hic
303 2561 377 2603 ille
396 2562 495 2603 Rex
514 2566 582 2603 est
601 2561 817 2611 Gentium,

253 2617 503 2670 Populique
523 2617 622 2659 Rex
641 2617 811 2668 judaici,

254 2673 504 2714 Promissus
524 2673 718 2715 Abrahae
738 2673 865 2725 patri,

253 2729 447 2782 Eiusque
465 2730 510 2770 in
529 2743 674 2771 aevum
693 2729 859 2770 semini.

1094 1498 1222 1537 Hunc
1243 1502 1288 1538 et
1308 1497 1542 1550 prophetis
1561 1497 1761 1548 testibus,

1143 1552 1396 1606 Iisdemque
1416 1554 1715 1606 signatoribus

1143 1609 1354 1651 Testator
1375 1615 1419 1652 et
1437 1610 1570 1652 Pater
1587 1610 1710 1662 jubet

1144 1665 1313 1707 Audire
1334 1680 1415 1708 nos
1436 1672 1481 1709 et
1500 1666 1692 1709 credere.

1093 1731 1116 1769 J
1119 1742 1207 1780 esu,
1226 1731 1306 1772 tibi
1326 1732 1383 1773 sit
1401 1732 1556 1783 gloria,

1144 1787 1230 1836 Qui
1247 1793 1292 1829 te
1312 1788 1484 1830 revelas
1503 1788 1712 1841 parvulis,

1143 1843 1254 1884 Cum
1273 1844 1404 1886 Patre
1425 1850 1468 1886 et
1488 1844 1604 1886 almo
1623 1845 1800 1897 Spiritu,

1141 1899 1192 1940 In
1211 1900 1481 1952 sempiterna
1502 1901 1675 1942 saecula.
1703 1902 1858 1943 Amen.

1112 1962 1175 1997 Sic
1205 1962 1462 1996 terminantur
1486 1961 1631 2005 Hymni
1661 1971 1730 2003 per
1761 1971 1894 1995 omnes

1060 2010 1198 2044 Horas.

1112 2054 1162 2106 V.
1193 2058 1427 2101 Gloriosus
1456 2060 1703 2112 apparuisti
1728 2060 1773 2102 in
1798 2074 1899 2103 eon-

1063 2116 1221 2167 spectu
1244 2115 1436 2157 Domini.
1474 2118 1526 2169 R.
1554 2116 1802 2170 Propterea
1828 2117 1900 2160 de-

1062 2173 1213 2212 corem
1231 2170 1373 2213 induit
1392 2176 1436 2213 te
1456 2171 1685 2214 Dominus.

1110 2228 1183 2269 Ad
1202 2228 1378 2279 Magnis.
1406 2231 1509 2271 Ant.
1544 2229 1748 2271 Christus
1770 2230 1900 2272 Jesus

1063 2282 1275 2335 splendor
1295 2284 1456 2334 Patris,
1477 2290 1521 2327 et
1538 2285 1680 2337 figura
1698 2286 1900 2328 substen-

1062 2339 1136 2380 tiae
1156 2340 1259 2391 ejus,
1287 2345 1474 2393 portans
1493 2341 1640 2384 omnia
1659 2342 1797 2385 verbo
1818 2343 1899 2383 vir-

1062 2395 1169 2436 tutis
1202 2409 1314 2447 suae,
1352 2398 1664 2450 purgationem
1695 2401 1898 2451 peccato-

1062 2463 1159 2492 rum
1179 2452 1355 2503 faciens,
1377 2453 1422 2494 in
1439 2459 1590 2496 monte
1610 2455 1787 2496 excelso
1807 2455 1898 2505 glo-

1062 2507 1206 2550 riosus
1221 2511 1437 2562 apparere
1451 2509 1586 2552 hodie
1600 2511 1806 2562 dignatus
1822 2515 1899 2552 est.

1394 2567 1559 2608 Oratio.

1150 2633 1244 2671 eus,
1289 2622 1364 2674 qui
1403 2622 1510 2665 fidei
1546 2625 1821 2665 sacramenta
1854 2623 1897 2662 in

1163 2677 1385 2729 Unigeniti
1408 2679 1473 2720 tui
1495 2679 1689 2730 gloriosa
1707 2678 1897 2720 Transfi-

1062 2733 1293 2782 guratione
1326 2739 1504 2786 patrum
1540 2734 1794 2777 testimonio
1827 2747 1895 2776 ro-
