2040 2976
466 209 532 242 Dic
557 210 610 241 21».
636 208 732 248 Aug.

434 307 513 349 Ad
538 307 737 348 Laudes

387 368 432 396 ct
467 372 559 404 per
596 361 775 393 Horas.

224 418 323 457 Ant.
346 418 373 455 1.
400 412 604 455 Herodes
625 412 740 454 enim
759 411 899 453 tenuit
917 411 939 435 *
960 414 1003 450 et

169 471 321 523 ligavit
346 470 370 510 J
374 471 642 517 oannem-et
666 467 817 520 posuit
841 467 886 507 in
912 468 1003 507 car-

170 540 314 571 cerem
332 530 517 579 propter
535 523 848 566 Herodiadem.

226 587 289 625 l‘s.
311 583 524 625 Dominus
545 580 758 633 regnavit.
777 581 837 620 14.

219 644 254 681 2.
291 639 476 681 Domine
501 638 563 679 mi
586 649 676 686 rex,
700 638 723 662 *
749 635 807 677 da
829 635 938 676 mihi
960 635 1004 675 in

171 697 295 738 disco
317 700 450 747 caput
467 695 492 735 J
495 694 650 736 oannis
669 694 896 745 Baptistae.

222 756 256 793 13.
304 751 460 792 l'uellae
498 749 674 792 saltanti
710 751 733 776 *
771 747 1005 801 imperavit

171 813 327 850 mater:
345 807 466 849 Nihil
481 805 602 848 aliud
616 811 754 859 petas,
773 804 856 845 nisi
872 807 1005 856 caput

171 866 195 906 J
199 865 363 906 oannis.

222 924 258 961 4.
285 919 509 971 Arguebat
523 917 750 960 Herodem
769 919 792 944 *
813 917 837 958 J
840 918 1005 958 oannes

172 982 356 1031 propter
383 974 701 1024 Herodiadem‚
739 986 871 1026 quam
897 972 1004 1014 tule-

173 1039 240 1075 rat
259 1033 382 1074 fratri
401 1045 481 1074 suo
501 1031 708 1084 Philippo
727 1032 923 1071 uxorem.

223 1093 260 1130 ἶ).
290 1093 357 1131 Da
379 1088 485 1129 mihi
510 1088 554 1128 in
579 1087 702 1129 disco
727 1089 752 1114 *
777 1091 910 1138 caput
933 1085 958 1125 J
961 1097 1004 1126 o-

175 1146 298 1187 annis
317 1146 548 1197 Baptistae:
567 1149 612 1185 et
631 1142 919 1185 contristatus
938 1146 1006 1182 est

176 1215 254 1243 rex
272 1207 458 1254 propter
476 1200 786 1253 jusjurandum.

251 1264 509 1315 Capitulum.
726 1262 814 1300 Jac.
839 1262 863 1299 1.
884 1260 922 1300 b.

171 1318 379 1424 Beatus
411 1322 478 1363 vir
509 1322 585 1374 qui
618 1321 770 1362 suffert
800 1320 1004 1363 tentatio-

270 1391 386 1420 nem:
415 1379 638 1430 quoniam,
665 1391 764 1419 cum
790 1377 1006 1430 probatus

172 1435 312 1485 fuerit,
329 1436 516 1488 accipiet
526 1437 737 1476 coronam
748 1435 862 1484 vitae,
874 1446 1006 1486 quam

172 1492 426 1543 repromisit
443 1492 566 1533 Deus
586 1490 868 1542 diligentibus
888 1503 947 1532 se.

484 1562 694 1611 Hymnus.

275 1623 419 1663 nvicte
438 1622 616 1674 Martyr,
635 1621 811 1663 unicum

305 1678 448 1720 Patris
469 1682 646 1720 secutus
664 1677 835 1726 Filium,

279 1734 421 1775 Victis
439 1734 684 1787 triumphas
702 1733 916 1782 hostibus,

280 1791 436 1832 Victor
455 1791 603 1832 fruens
623 1790 890 1832 coelestibus.

231 1854 311 1895 Tui
330 1858 536 1908 precatus
554 1858 736 1896 munere

278 1913 490 1953 Nostrum
508 1914 680 1953 reatum
700 1910 829 1960 dilue,

279 1970 449 2010 Arcens
467 1968 571 2009 mali
591 1967 855 2018 contagium,

280 2025 398 2066 Vitae
417 2024 637 2077 repellens
658 2023 852 2065 taedium.

196 2144 199 2147 Ι
228 2093 382 2135 soluta
400 2099 501 2136 sunt
520 2094 604 2144 iam
622 2092 796 2135 vincula

282 2150 368 2190 Tui
387 2150 548 2191 sacrati
567 2150 783 2202 corporis:

279 2206 377 2248 Nos
396 2205 519 2247 solve
537 2206 692 2247 vinclis
711 2205 863 2247 saeculi

281 2262 412 2303 Dono
432 2262 609 2314 superni
625 2262 840 2303 Numinis.

233 2332 328 2371 Deo
346 2329 466 2371 Patri
485 2329 541 2370 sit
559 2329 709 2380 gloria,

281 2387 474 2438 Eiusque
494 2385 577 2426 soli
595 2385 719 2434 Filio,

284 2442 394 2484 Cum
412 2441 578 2494 Spiritu
596 2441 827 2491 Paraclito,

281 2498 420 2548 Nunc,
440 2502 484 2539 et
502 2509 582 2549 per
601 2510 730 2538 omne
749 2498 969 2539 saeculum.

492 2553 646 2594 Amen.

232 2615 282 2665 Y.
331 2614 355 2655 J
357 2618 482 2655 ustus
531 2618 580 2654 ut
629 2613 776 2665 palma
825 2613 1009 2655 florebit.

182 2678 232 2727 R„
263 2670 385 2712 Sicut
422 2669 582 2711 cedrus
613 2669 770 2710 Libani
805 2669 1009 2721 multipli-

179 2727 360 2769 cabitur.

782 208 821 241 In
848 207 1115 241 Decollutionc
1139 207 1173 238 S.
1197 205 1362 238 ,loannis
1388 203 1586 246 Baptistae.

1110 297 1177 337 Ad
1199 296 1364 337 Bcned.
1394 296 1492 335 Ant.
1523 293 1657 335 Misso
1683 292 1891 335 Herodes

1056 355 1336 409 spiculatore,
1354 351 1573 406 praecepit
1587 349 1809 403 amputari
1823 361 1891 390 ca-

1055 417 1136 466 put
1156 412 1181 452 J
1184 410 1339 453 oannis
1362 409 1406 450 in
1427 410 1618 450 camere.
1650 407 1749 457 Quo
1771 405 1890 447 audi-

1054 475 1118 518 to,
1147 465 1350 519 discipuli
1378 466 1470 516 ejus
1498 465 1726 512 venerunt,
1755 466 1800 503 et
1827 466 1891 503 tu-

1055 525 1198 566 lerunt
1233 535 1395 574 corpus
1427 521 1535 572 ejuS‚
1569 523 1614 561 et
1644 519 1893 572 posuerunt

1055 580 1163 622 illud
1182 580 1222 620 in
1244 579 1541 620 monumento.

1398 647 1561 687 Oratio.

1060 705 1246 811 Sancti
1265 709 1289 749 J
1293 708 1449 750 oannis
1464 709 1680 762 Baptistae
1695 710 1892 752 Praecur-

1163 765 1276 808 soris
1308 770 1352 807 et
1383 765 1592 818 Martyris
1622 766 1687 807 tui
1723 768 1893 819 quaesu-

1057 836 1155 864 mus
1170 822 1374 864 Domine:
1393 821 1646 864 veneranda
1666 822 1894 873 festivitas,

1058 879 1262 921 salutatis
1281 878 1430 920 auxilii
1444 878 1573 921 nobis
1589 884 1775 931 praestet
1794 878 1893 921 effe-

1058 943 1194 978 ctum:
1214 935 1299 986 Qui
1317 935 1441 976 vivis.

1113 996 1160 1037 Et
1184 1004 1224 1037 fit
1250 1012 1445 1037 commem.
1472 1002 1506 1035 S.
1530 1001 1696 1035 Sabinae.

1116 1057 1213 1096 Ant.
1244 1056 1359 1095 Date
1377 1053 1418 1094 ei
1441 1051 1496 1094 de
1519 1052 1663 1094 fructu
1686 1055 1895 1094 manuum

1060 1112 1249 1158 suarum,
1278 1114 1323 1151 et
1350 1109 1532 1151 laudent
1561 1121 1659 1150 eam
1682 1109 1727 1150 in
1751 1109 1895 1162 portis

1060 1167 1198 1219 opera
1217 1166 1321 1218 ejus.

1112 1221 1163 1273 Ψ.
1199 1226 1373 1268 Diffusa
1410 1230 1478 1268 est
1510 1226 1651 1277 gratia
1689 1226 1733 1266 in
1765 1225 1894 1267 labiis

1059 1284 1157 1325 tuis.
1212 1284 1263 1335 R.
1301 1283 1546 1336 Propterea
1585 1282 1815 1324 benedixit
1849 1286 1895 1324 te

1058 1340 1181 1382 Deus
1200 1340 1244 1381 in
1265 1341 1488 1382 aeternum.

1402 1400 1566 1440 Oratio.

1148 1468 1242 1512 eus,
1272 1462 1347 1515 qui
1370 1462 1484 1504 inter
1510 1462 1658 1503 cetera
1681 1460 1896 1514 potentiae

1172 1524 1262 1561 tuae
1289 1518 1522 1570 miracula,
1556 1518 1688 1560 etiam
1715 1517 1760 1558 in
1786 1529 1897 1559 sexu

1060 1575 1203 1627 fragili
1230 1575 1460 1616 victoriam
1490 1573 1690 1626 martyrii
1714 1572 1896 1615 contuli-

1060 1632 1132 1674 sti:
1158 1631 1357 1674 concede
1374 1631 1608 1684 propitius:
1631 1635 1680 1672 ut
1702 1630 1777 1683 qui
1793 1629 1896 1672 bea-

1059 1693 1118 1730 tae
1144 1688 1319 1730 Sabinae
1346 1688 1555 1741 Martyris
1581 1692 1672 1730 tuae
1697 1685 1898 1728 natalitia

1061 1745 1264 1795 colimus,
1298 1757 1380 1798 per
1408 1745 1501 1797 ejus
1529 1743 1587 1786 ad
1620 1748 1665 1785 te
1694 1742 1897 1796 exempla

1060 1801 1323 1852 gradiamur.
1352 1801 1438 1843 Per
1455 1800 1709 1842 Dominum.

1332 1874 1400 1911 Ad
1423 1874 1630 1911 Tertiam.

1118 1929 1216 1968 Ant.
1242 1927 1429 1969 Domine
1447 1926 1509 1983 mi
1526 1939 1616 1968 rex.

1117 1989 1254 2040 Capit.
1275 1989 1438 2030 Beatus
1457 1987 1533 2029 vir.
1561 1993 1608 2027 ut
1628 1999 1773 2038 supra.

1115 2054 1166 2105 R.
1186 2053 1248 2093 br.
1276 2053 1430 2094 Gloria
1453 2058 1497 2095 et
1519 2053 1689 2094 honore
1714 2052 1737 2076 *
1762 2051 1896 2094 Coro-

1061 2109 1178 2150 nasti
1204 2121 1304 2150 eum
1328 2109 1531 2151 Domine.
1573 2108 1727 2150 Gloria
1752 2113 1797 2150 et
1818 2107 1895 2150 ho-

1061 2167 1180 2207 nore.
1207 2160 1258 2211 )J'.
1277 2166 1335 2208 Et
1354 2165 1623 2207 constituisti
1642 2177 1743 2206 eum
1761 2176 1897 2218 super

1062 2223 1200 2274 opera
1214 2223 1423 2263 menuum
1435 2223 1622 2263 tuarum.
1652 2220 1896 2264 Coronasti.

1065 2278 1215 2319 Gloria
1235 2278 1367 2319 Patri.
1396 2277 1549 2319 Gloria
1568 2283 1612 2320 et
1630 2277 1812 2319 honore.

1119 2330 1168 2381 Y.
1182 2334 1376 2376 Posuisti
1393 2334 1584 2375 Domine
1609 2345 1742 2386 super
1762 2337 1896 2386 caput

1062 2392 1166 2442 ejus.
1214 2392 1264 2442 R.
1289 2390 1511 2432 Coronam
1539 2389 1595 2432 de
1622 2389 1771 2443 lapide
1797 2402 1899 2447 pre:

1062 2447 1191 2488 tioso.

1342 2498 1410 2535 Ad
1432 2497 1621 2534 Sextam.

1120 2554 1217 2593 Ant.
1248 2550 1407 2592 Puellae
1426 2550 1614 2592 saltanti.
1838 2576 1847 2582 ·

1162 2613 1422 2665 Capitulum.
1595 2610 1725 2651 Eccli.
1740 2609 1802 2649 ¹15.

1063 2665 1274 2773 cibavit
1297 2671 1420 2712 illum
1442 2684 1556 2723 pane
1575 2672 1679 2712 vitae
1705 2675 1750 2712 et
1772 2669 1895 2711 intel-

1154 2727 1306 2778 lectus,
1329 2732 1374 2769 et
1397 2740 1514 2780 aqua
1531 2726 1760 2780 sapientiae
1783 2726 1895 2768 salu-
