<?xml version="1.0" encoding="UTF-8"?>
<!DOCTYPE html PUBLIC "-//W3C//DTD XHTML 1.0 Transitional//EN"
    "http://www.w3.org/TR/xhtml1/DTD/xhtml1-transitional.dtd">
<html xmlns="http://www.w3.org/1999/xhtml" xml:lang="en" lang="en">
 <head>
  <title>
</title>
<meta http-equiv="Content-Type" content="text/html;charset=utf-8" />
  <meta name='ocr-system' content='tesseract 3.04.00' />
  <meta name='ocr-capabilities' content='ocr_page ocr_carea ocr_par ocr_line ocrx_word'/>
</head>
<body>
  <div class='ocr_page' id='page_1' title='image "./p3breviariumroma00cathuoft_0276.png"; bbox 0 0 2040 2976; ppageno 0'>
   <div class='ocr_carea' id='block_1_1' title="bbox 791 212 1283 253">
    <p class='ocr_par' dir='ltr' id='par_1_1' title="bbox 791 212 1283 253">
     <span class='ocr_line' id='line_1_1' title="bbox 791 212 1283 253; baseline -0.004 -6"><span class='ocrx_word' id='word_1_1' title='bbox 791 213 991 247; x_wconf 73' lang='lat' dir='ltr'>Dominica</span> <span class='ocrx_word' id='word_1_2' title='bbox 1019 212 1080 246; x_wconf 90' lang='lat' dir='ltr'>Ill.</span> <span class='ocrx_word' id='word_1_3' title='bbox 1106 212 1283 253; x_wconf 66' lang='lat' dir='ltr'>Augusti.</span> 
     </span>
    </p>
   </div>
   <div class='ocr_carea' id='block_1_2' title="bbox 187 308 1028 361">
    <p class='ocr_par' dir='ltr' id='par_1_2' title="bbox 187 308 1028 361">
     <span class='ocr_line' id='line_1_2' title="bbox 187 308 1028 361; baseline -0.004 -10"><span class='ocrx_word' id='word_1_4' title='bbox 187 323 283 351; x_wconf 93' lang='lat' dir='ltr'>mus</span> <span class='ocrx_word' id='word_1_5' title='bbox 301 308 606 361; x_wconf 80' lang='lat' dir='ltr'>delinquentis,</span> <span class='ocrx_word' id='word_1_6' title='bbox 645 308 732 350; x_wconf 90' lang='lat' dir='ltr'>Cor</span> <span class='ocrx_word' id='word_1_7' title='bbox 752 308 1028 361; x_wconf 87' lang='lat' dir='ltr'>sapientium·</span> 
     </span>
    </p>
   </div>
   <div class='ocr_carea' id='block_1_3' title="bbox 186 365 1016 929">
    <p class='ocr_par' dir='ltr' id='par_1_3' title="bbox 186 365 1016 929">
     <span class='ocr_line' id='line_1_3' title="bbox 187 365 1015 415; baseline -0.002 -8"><span class='ocrx_word' id='word_1_8' title='bbox 187 366 261 408; x_wconf 94' lang='lat' dir='ltr'>ubi</span> <span class='ocrx_word' id='word_1_9' title='bbox 287 365 464 407; x_wconf 83' lang='lat' dir='ltr'>tristitia</span> <span class='ocrx_word' id='word_1_10' title='bbox 492 370 577 415; x_wconf 90' lang='lat' dir='ltr'>est,</span> <span class='ocrx_word' id='word_1_11' title='bbox 604 370 647 407; x_wconf 90' lang='lat' dir='ltr'>et</span> <span class='ocrx_word' id='word_1_12' title='bbox 675 378 752 407; x_wconf 92' lang='lat' dir='ltr'>cor</span> <span class='ocrx_word' id='word_1_13' title='bbox 781 365 1015 407; x_wconf 86' lang='lat' dir='ltr'>stultorum</span> 
     </span>
     <span class='ocr_line' id='line_1_4' title="bbox 186 422 1015 474; baseline -0.002 -10"><span class='ocrx_word' id='word_1_14' title='bbox 186 422 260 464; x_wconf 93' lang='lat' dir='ltr'>ubi</span> <span class='ocrx_word' id='word_1_15' title='bbox 283 422 448 464; x_wconf 83' lang='lat' dir='ltr'>laetitia.</span> <span class='ocrx_word' id='word_1_16' title='bbox 485 422 642 463; x_wconf 91' lang='lat' dir='ltr'>Melius</span> <span class='ocrx_word' id='word_1_17' title='bbox 671 427 737 464; x_wconf 89' lang='lat' dir='ltr'>est</span> <span class='ocrx_word' id='word_1_18' title='bbox 764 435 789 463; x_wconf 89' lang='lat' dir='ltr'>a</span> <span class='ocrx_word' id='word_1_19' title='bbox 818 422 1015 474; x_wconf 87' lang='lat' dir='ltr'>sapiente</span> 
     </span>
     <span class='ocr_line' id='line_1_5' title="bbox 187 477 1014 531; baseline 0 -12"><span class='ocrx_word' id='word_1_20' title='bbox 187 479 365 531; x_wconf 85' lang='lat' dir='ltr'>corripi,</span> <span class='ocrx_word' id='word_1_21' title='bbox 392 492 523 531; x_wconf 90' lang='lat' dir='ltr'>quam</span> <span class='ocrx_word' id='word_1_22' title='bbox 550 478 784 520; x_wconf 86' lang='lat' dir='ltr'>stultorum</span> <span class='ocrx_word' id='word_1_23' title='bbox 804 477 1014 520; x_wconf 90' lang='lat' dir='ltr'>adulatio-</span> 
     </span>
     <span class='ocr_line' id='line_1_6' title="bbox 186 534 1014 588; baseline -0.002 -12"><span class='ocrx_word' id='word_1_24' title='bbox 186 548 240 576; x_wconf 91' lang='lat' dir='ltr'>ne</span> <span class='ocrx_word' id='word_1_25' title='bbox 267 534 422 588; x_wconf 92' lang='lat' dir='ltr'>decipi.</span> <span class='ocrx_word' id='word_1_26' title='bbox 459 535 571 585; x_wconf 86' lang='lat' dir='ltr'>Quia</span> <span class='ocrx_word' id='word_1_27' title='bbox 596 535 708 577; x_wconf 90' lang='lat' dir='ltr'>sicut</span> <span class='ocrx_word' id='word_1_28' title='bbox 736 535 904 576; x_wconf 93' lang='lat' dir='ltr'>sonitus</span> <span class='ocrx_word' id='word_1_29' title='bbox 930 534 1014 587; x_wconf 91' lang='lat' dir='ltr'>spi-</span> 
     </span>
     <span class='ocr_line' id='line_1_7' title="bbox 186 591 1014 642; baseline -0.002 -9"><span class='ocrx_word' id='word_1_30' title='bbox 186 594 341 633; x_wconf 90' lang='lat' dir='ltr'>narum</span> <span class='ocrx_word' id='word_1_31' title='bbox 367 591 612 634; x_wconf 90' lang='lat' dir='ltr'>ardentium</span> <span class='ocrx_word' id='word_1_32' title='bbox 637 591 719 633; x_wconf 93' lang='lat' dir='ltr'>sub</span> <span class='ocrx_word' id='word_1_33' title='bbox 745 591 846 642; x_wconf 91' lang='lat' dir='ltr'>olla,</span> <span class='ocrx_word' id='word_1_34' title='bbox 875 592 937 632; x_wconf 94' lang='lat' dir='ltr'>sic</span> <span class='ocrx_word' id='word_1_35' title='bbox 962 591 1014 631; x_wconf 92' lang='lat' dir='ltr'>ri-</span> 
     </span>
     <span class='ocr_line' id='line_1_8' title="bbox 187 647 1014 691; baseline -0.002 -1"><span class='ocrx_word' id='word_1_36' title='bbox 187 662 262 690; x_wconf 85' lang='lat' dir='ltr'>sus</span> <span class='ocrx_word' id='word_1_37' title='bbox 283 648 418 690; x_wconf 85' lang='lat' dir='ltr'>stulti:</span> <span class='ocrx_word' id='word_1_38' title='bbox 443 647 522 690; x_wconf 91' lang='lat' dir='ltr'>sed</span> <span class='ocrx_word' id='word_1_39' title='bbox 547 654 590 690; x_wconf 91' lang='lat' dir='ltr'>et</span> <span class='ocrx_word' id='word_1_40' title='bbox 613 648 700 691; x_wconf 90' lang='lat' dir='ltr'>hoc</span> <span class='ocrx_word' id='word_1_41' title='bbox 718 648 901 689; x_wconf 89' lang='lat' dir='ltr'>vanitas.</span> <span class='ocrx_word' id='word_1_42' title='bbox 938 647 1014 688; x_wconf 91' lang='lat' dir='ltr'>Ca-</span> 
     </span>
     <span class='ocr_line' id='line_1_9' title="bbox 187 705 1016 758; baseline -0.001 -12"><span class='ocrx_word' id='word_1_43' title='bbox 187 705 350 747; x_wconf 89' lang='lat' dir='ltr'>lumnia</span> <span class='ocrx_word' id='word_1_44' title='bbox 391 705 627 748; x_wconf 89' lang='lat' dir='ltr'>conturbat</span> <span class='ocrx_word' id='word_1_45' title='bbox 667 706 926 758; x_wconf 89' lang='lat' dir='ltr'>sapientem,</span> <span class='ocrx_word' id='word_1_46' title='bbox 973 709 1016 746; x_wconf 90' lang='lat' dir='ltr'>et</span> 
     </span>
     <span class='ocr_line' id='line_1_10' title="bbox 187 761 1016 815; baseline -0.002 -12"><span class='ocrx_word' id='word_1_47' title='bbox 187 761 346 815; x_wconf 91' lang='lat' dir='ltr'>perdet</span> <span class='ocrx_word' id='word_1_48' title='bbox 367 761 503 804; x_wconf 91' lang='lat' dir='ltr'>robur</span> <span class='ocrx_word' id='word_1_49' title='bbox 527 762 675 804; x_wconf 90' lang='lat' dir='ltr'>cordis</span> <span class='ocrx_word' id='word_1_50' title='bbox 697 762 824 803; x_wconf 90' lang='lat' dir='ltr'>illius.</span> <span class='ocrx_word' id='word_1_51' title='bbox 860 761 1016 802; x_wconf 91' lang='lat' dir='ltr'>Melior</span> 
     </span>
     <span class='ocr_line' id='line_1_11' title="bbox 188 818 1014 871; baseline -0.002 -11"><span class='ocrx_word' id='word_1_52' title='bbox 188 824 256 861; x_wconf 89' lang='lat' dir='ltr'>est</span> <span class='ocrx_word' id='word_1_53' title='bbox 288 818 385 860; x_wconf 90' lang='lat' dir='ltr'>finis</span> <span class='ocrx_word' id='word_1_54' title='bbox 420 819 649 870; x_wconf 87' lang='lat' dir='ltr'>orationis,</span> <span class='ocrx_word' id='word_1_55' title='bbox 691 831 821 871; x_wconf 93' lang='lat' dir='ltr'>quam</span> <span class='ocrx_word' id='word_1_56' title='bbox 857 818 1014 871; x_wconf 90' lang='lat' dir='ltr'>princi-</span> 
     </span>
     <span class='ocr_line' id='line_1_12' title="bbox 188 875 1015 929; baseline 0 -13"><span class='ocrx_word' id='word_1_57' title='bbox 188 876 319 928; x_wconf 88' lang='lat' dir='ltr'>pium.</span> <span class='ocrx_word' id='word_1_58' title='bbox 338 875 493 917; x_wconf 89' lang='lat' dir='ltr'>Melior</span> <span class='ocrx_word' id='word_1_59' title='bbox 509 881 577 918; x_wconf 90' lang='lat' dir='ltr'>est</span> <span class='ocrx_word' id='word_1_60' title='bbox 588 876 760 929; x_wconf 90' lang='lat' dir='ltr'>patiens</span> <span class='ocrx_word' id='word_1_61' title='bbox 771 877 1015 925; x_wconf 88' lang='lat' dir='ltr'>arrogante.</span> 
     </span>
    </p>
   </div>
   <div class='ocr_carea' id='block_1_4' title="bbox 187 941 1020 1774">
    <p class='ocr_par' dir='ltr' id='par_1_4' title="bbox 240 941 730 999">
     <span class='ocr_line' id='line_1_13' title="bbox 240 941 730 999; baseline 0.002 -19"><span class='ocrx_word' id='word_1_62' title='bbox 240 942 290 993; x_wconf 66' lang='lat' dir='ltr'>R.</span> <span class='ocrx_word' id='word_1_63' title='bbox 318 941 477 992; x_wconf 88' lang='lat' dir='ltr'>Magna</span> <span class='ocrx_word' id='word_1_64' title='bbox 496 942 620 983; x_wconf 91' lang='lat' dir='ltr'>enim.</span> <span class='ocrx_word' id='word_1_65' title='bbox 639 941 730 999; x_wconf 82' lang='grc'><strong>237.</strong></span> 
     </span>
    </p>

    <p class='ocr_par' dir='ltr' id='par_1_5' title="bbox 187 1020 1020 1774">
     <span class='ocr_line' id='line_1_14' title="bbox 490 1020 717 1061; baseline 0 -2"><span class='ocrx_word' id='word_1_66' title='bbox 490 1020 642 1061; x_wconf 80' lang='lat' dir='ltr'>Lectio</span> <span class='ocrx_word' id='word_1_67' title='bbox 661 1020 717 1059; x_wconf 89' lang='lat' dir='ltr'>iii.</span> 
     </span>
     <span class='ocr_line' id='line_1_15' title="bbox 187 1086 1016 1193; baseline -0.001 -57"><span class='ocrx_word' id='word_1_68' title='bbox 187 1086 308 1193; x_wconf 88' lang='lat' dir='ltr'>Ne</span> <span class='ocrx_word' id='word_1_69' title='bbox 329 1093 463 1136; x_wconf 83' lang='lat' dir='ltr'>dicas:</span> <span class='ocrx_word' id='word_1_70' title='bbox 490 1092 606 1143; x_wconf 92' lang='lat' dir='ltr'>Quid</span> <span class='ocrx_word' id='word_1_71' title='bbox 628 1099 758 1147; x_wconf 90' lang='lat' dir='ltr'>putas</span> <span class='ocrx_word' id='word_1_72' title='bbox 783 1106 928 1135; x_wconf 86' lang='lat' dir='ltr'>causae</span> <span class='ocrx_word' id='word_1_73' title='bbox 948 1099 1016 1135; x_wconf 90' lang='lat' dir='ltr'>est</span> 
     </span>
     <span class='ocr_line' id='line_1_16' title="bbox 299 1150 1017 1204; baseline -0.001 -12"><span class='ocrx_word' id='word_1_74' title='bbox 299 1150 419 1204; x_wconf 91' lang='lat' dir='ltr'>quod</span> <span class='ocrx_word' id='word_1_75' title='bbox 441 1150 591 1203; x_wconf 85' lang='lat' dir='ltr'>priora</span> <span class='ocrx_word' id='word_1_76' title='bbox 613 1152 815 1203; x_wconf 89' lang='lat' dir='ltr'>tempora</span> <span class='ocrx_word' id='word_1_77' title='bbox 833 1150 1017 1192; x_wconf 89' lang='lat' dir='ltr'>meliora</span> 
     </span>
     <span class='ocr_line' id='line_1_17' title="bbox 189 1206 1017 1260; baseline -0.001 -11"><span class='ocrx_word' id='word_1_78' title='bbox 189 1208 308 1250; x_wconf 90' lang='lat' dir='ltr'>fuere</span> <span class='ocrx_word' id='word_1_79' title='bbox 330 1220 461 1260; x_wconf 90' lang='lat' dir='ltr'>quam</span> <span class='ocrx_word' id='word_1_80' title='bbox 480 1220 594 1248; x_wconf 91' lang='lat' dir='ltr'>nunc</span> <span class='ocrx_word' id='word_1_81' title='bbox 611 1206 734 1249; x_wconf 90' lang='lat' dir='ltr'>sunt?</span> <span class='ocrx_word' id='word_1_82' title='bbox 754 1206 889 1249; x_wconf 91' lang='lat' dir='ltr'>stulta</span> <span class='ocrx_word' id='word_1_83' title='bbox 903 1207 1017 1249; x_wconf 88' lang='lat' dir='ltr'>enim</span> 
     </span>
     <span class='ocr_line' id='line_1_18' title="bbox 190 1264 1016 1316; baseline 0 -10"><span class='ocrx_word' id='word_1_84' title='bbox 190 1271 258 1307; x_wconf 91' lang='lat' dir='ltr'>est</span> <span class='ocrx_word' id='word_1_85' title='bbox 280 1264 582 1316; x_wconf 90' lang='lat' dir='ltr'>hujuscemodi</span> <span class='ocrx_word' id='word_1_86' title='bbox 600 1264 899 1316; x_wconf 64' lang='lat' dir='ltr'>interrogatio.</span> <span class='ocrx_word' id='word_1_87' title='bbox 926 1264 1016 1306; x_wconf 85' lang='lat' dir='ltr'>Uti-</span> 
     </span>
     <span class='ocr_line' id='line_1_19' title="bbox 189 1321 1018 1374; baseline 0 -11"><span class='ocrx_word' id='word_1_88' title='bbox 189 1321 272 1364; x_wconf 90' lang='lat' dir='ltr'>lior</span> <span class='ocrx_word' id='word_1_89' title='bbox 298 1327 365 1364; x_wconf 90' lang='lat' dir='ltr'>est</span> <span class='ocrx_word' id='word_1_90' title='bbox 394 1321 608 1374; x_wconf 91' lang='lat' dir='ltr'>sapientia</span> <span class='ocrx_word' id='word_1_91' title='bbox 635 1334 733 1363; x_wconf 90' lang='lat' dir='ltr'>cum</span> <span class='ocrx_word' id='word_1_92' title='bbox 759 1321 939 1372; x_wconf 79' lang='lat' dir='ltr'>divitiis,</span> <span class='ocrx_word' id='word_1_93' title='bbox 974 1326 1018 1363; x_wconf 91' lang='lat' dir='ltr'>et</span> 
     </span>
     <span class='ocr_line' id='line_1_20' title="bbox 189 1377 1018 1431; baseline 0.001 -12"><span class='ocrx_word' id='word_1_94' title='bbox 189 1379 328 1430; x_wconf 89' lang='lat' dir='ltr'>magis</span> <span class='ocrx_word' id='word_1_95' title='bbox 363 1378 549 1431; x_wconf 88' lang='lat' dir='ltr'>prodest</span> <span class='ocrx_word' id='word_1_96' title='bbox 579 1377 830 1420; x_wconf 90' lang='lat' dir='ltr'>videntibus</span> <span class='ocrx_word' id='word_1_97' title='bbox 867 1377 1018 1420; x_wconf 86' lang='lat' dir='ltr'>solem.</span> 
     </span>
     <span class='ocr_line' id='line_1_21' title="bbox 189 1435 1019 1489; baseline 0.001 -12"><span class='ocrx_word' id='word_1_98' title='bbox 189 1436 311 1477; x_wconf 91' lang='lat' dir='ltr'>Sicut</span> <span class='ocrx_word' id='word_1_99' title='bbox 336 1435 451 1477; x_wconf 85' lang='lat' dir='ltr'>enim</span> <span class='ocrx_word' id='word_1_100' title='bbox 474 1435 670 1488; x_wconf 87' lang='lat' dir='ltr'>protegit</span> <span class='ocrx_word' id='word_1_101' title='bbox 695 1435 927 1489; x_wconf 88' lang='lat' dir='ltr'>sapientia,</span> <span class='ocrx_word' id='word_1_102' title='bbox 955 1435 1019 1478; x_wconf 91' lang='lat' dir='ltr'>sic</span> 
     </span>
     <span class='ocr_line' id='line_1_22' title="bbox 189 1492 1018 1546; baseline -0.001 -12"><span class='ocrx_word' id='word_1_103' title='bbox 189 1492 383 1546; x_wconf 86' lang='lat' dir='ltr'>protegit</span> <span class='ocrx_word' id='word_1_104' title='bbox 401 1492 601 1545; x_wconf 90' lang='lat' dir='ltr'>pecunia.</span> <span class='ocrx_word' id='word_1_105' title='bbox 634 1492 734 1534; x_wconf 91' lang='lat' dir='ltr'>Hoc</span> <span class='ocrx_word' id='word_1_106' title='bbox 754 1498 899 1535; x_wconf 90' lang='lat' dir='ltr'>autem</span> <span class='ocrx_word' id='word_1_107' title='bbox 918 1492 1018 1546; x_wconf 91' lang='lat' dir='ltr'>plus</span> 
     </span>
     <span class='ocr_line' id='line_1_23' title="bbox 190 1548 1019 1603; baseline 0.001 -13"><span class='ocrx_word' id='word_1_108' title='bbox 190 1549 325 1591; x_wconf 90' lang='lat' dir='ltr'>habet</span> <span class='ocrx_word' id='word_1_109' title='bbox 351 1548 541 1591; x_wconf 85' lang='lat' dir='ltr'>eruditio</span> <span class='ocrx_word' id='word_1_110' title='bbox 569 1554 613 1591; x_wconf 89' lang='lat' dir='ltr'>et</span> <span class='ocrx_word' id='word_1_111' title='bbox 638 1550 868 1603; x_wconf 91' lang='lat' dir='ltr'>sapientia,</span> <span class='ocrx_word' id='word_1_112' title='bbox 898 1549 1019 1602; x_wconf 89' lang='lat' dir='ltr'>quod</span> 
     </span>
     <span class='ocr_line' id='line_1_24' title="bbox 191 1605 1020 1659; baseline 0.002 -13"><span class='ocrx_word' id='word_1_113' title='bbox 191 1606 326 1647; x_wconf 89' lang='lat' dir='ltr'>vitam</span> <span class='ocrx_word' id='word_1_114' title='bbox 336 1605 532 1648; x_wconf 90' lang='lat' dir='ltr'>tribuunt</span> <span class='ocrx_word' id='word_1_115' title='bbox 541 1607 791 1659; x_wconf 78' lang='lat' dir='ltr'>possessori</span> <span class='ocrx_word' id='word_1_116' title='bbox 806 1619 896 1648; x_wconf 91' lang='lat' dir='ltr'>suo.</span> <span class='ocrx_word' id='word_1_117' title='bbox 916 1606 1020 1648; x_wconf 93' lang='lat' dir='ltr'>Con-</span> 
     </span>
     <span class='ocr_line' id='line_1_25' title="bbox 192 1661 1019 1717; baseline 0.004 -14"><span class='ocrx_word' id='word_1_118' title='bbox 192 1661 336 1704; x_wconf 81' lang='lat' dir='ltr'>sidera</span> <span class='ocrx_word' id='word_1_119' title='bbox 355 1665 490 1716; x_wconf 91' lang='lat' dir='ltr'>opera</span> <span class='ocrx_word' id='word_1_120' title='bbox 509 1663 607 1713; x_wconf 93' lang='lat' dir='ltr'>Dei,</span> <span class='ocrx_word' id='word_1_121' title='bbox 633 1663 752 1716; x_wconf 92' lang='lat' dir='ltr'>quod</span> <span class='ocrx_word' id='word_1_122' title='bbox 771 1676 899 1706; x_wconf 90' lang='lat' dir='ltr'>nemo</span> <span class='ocrx_word' id='word_1_123' title='bbox 918 1677 1019 1717; x_wconf 93' lang='lat' dir='ltr'>pos-</span> 
     </span>
     <span class='ocr_line' id='line_1_26' title="bbox 192 1719 1020 1774; baseline 0.004 -15"><span class='ocrx_word' id='word_1_124' title='bbox 192 1719 247 1761; x_wconf 89' lang='lat' dir='ltr'>sit</span> <span class='ocrx_word' id='word_1_125' title='bbox 270 1722 490 1770; x_wconf 87' lang='lat' dir='ltr'>corrigere</span> <span class='ocrx_word' id='word_1_126' title='bbox 516 1733 645 1772; x_wconf 89' lang='lat' dir='ltr'>quem</span> <span class='ocrx_word' id='word_1_127' title='bbox 664 1720 737 1762; x_wconf 93' lang='lat' dir='ltr'>ille</span> <span class='ocrx_word' id='word_1_128' title='bbox 757 1720 1020 1774; x_wconf 83' lang='lat' dir='ltr'>despexerit.</span> 
     </span>
    </p>
   </div>
   <div class='ocr_carea' id='block_1_5' title="bbox 190 1785 1021 2022">
    <p class='ocr_par' dir='ltr' id='par_1_6' title="bbox 245 1785 670 1837">
     <span class='ocr_line' id='line_1_27' title="bbox 245 1785 670 1837; baseline 0.002 -12"><span class='ocrx_word' id='word_1_129' title='bbox 245 1786 294 1837; x_wconf 66' lang='lat' dir='ltr'>R.</span> <span class='ocrx_word' id='word_1_130' title='bbox 321 1785 430 1835; x_wconf 88' lang='lat' dir='ltr'>Quae</span> <span class='ocrx_word' id='word_1_131' title='bbox 449 1790 560 1827; x_wconf 90' lang='lat' dir='ltr'>sunt.</span> <span class='ocrx_word' id='word_1_132' title='bbox 578 1785 670 1826; x_wconf 88' lang='grc'><strong>237.</strong></span> 
     </span>
    </p>

    <p class='ocr_par' dir='ltr' id='par_1_7' title="bbox 190 1854 1021 2022">
     <span class='ocr_line' id='line_1_28' title="bbox 246 1854 1019 1909; baseline 0.006 -16"><span class='ocrx_word' id='word_1_133' title='bbox 246 1854 314 1895; x_wconf 75' lang='lat' dir='ltr'>Ad</span> <span class='ocrx_word' id='word_1_134' title='bbox 334 1854 505 1903; x_wconf 78' lang='lat' dir='ltr'>Magnis.</span> <span class='ocrx_word' id='word_1_135' title='bbox 540 1855 638 1894; x_wconf 83' lang='lat' dir='ltr'>Ant.</span> <span class='ocrx_word' id='word_1_136' title='bbox 674 1854 826 1896; x_wconf 87' lang='lat' dir='ltr'>Omnis</span> <span class='ocrx_word' id='word_1_137' title='bbox 850 1856 1019 1909; x_wconf 90' lang='lat' dir='ltr'>sapien-</span> 
     </span>
     <span class='ocr_line' id='line_1_29' title="bbox 190 1911 1021 1962; baseline 0.004 -10"><span class='ocrx_word' id='word_1_138' title='bbox 190 1911 252 1953; x_wconf 92' lang='lat' dir='ltr'>tia</span> <span class='ocrx_word' id='word_1_139' title='bbox 278 1911 302 1937; x_wconf 85' lang='lat'>*</span> <span class='ocrx_word' id='word_1_140' title='bbox 331 1924 357 1952; x_wconf 90' lang='lat' dir='ltr'>a</span> <span class='ocrx_word' id='word_1_141' title='bbox 383 1911 576 1954; x_wconf 91' lang='lat' dir='ltr'>Domino</span> <span class='ocrx_word' id='word_1_142' title='bbox 604 1912 702 1954; x_wconf 91' lang='lat' dir='ltr'>Deo</span> <span class='ocrx_word' id='word_1_143' title='bbox 731 1918 815 1962; x_wconf 87' lang='lat' dir='ltr'>est,</span> <span class='ocrx_word' id='word_1_144' title='bbox 850 1918 893 1955; x_wconf 92' lang='lat' dir='ltr'>et</span> <span class='ocrx_word' id='word_1_145' title='bbox 922 1926 1021 1955; x_wconf 92' lang='lat' dir='ltr'>cum</span> 
     </span>
     <span class='ocr_line' id='line_1_30' title="bbox 191 1967 1020 2022; baseline 0.005 -14"><span class='ocrx_word' id='word_1_146' title='bbox 191 1967 266 2009; x_wconf 93' lang='lat' dir='ltr'>illo</span> <span class='ocrx_word' id='word_1_147' title='bbox 287 1968 367 2010; x_wconf 91' lang='lat' dir='ltr'>fuit</span> <span class='ocrx_word' id='word_1_148' title='bbox 388 1981 572 2022; x_wconf 89' lang='lat' dir='ltr'>semper,</span> <span class='ocrx_word' id='word_1_149' title='bbox 596 1973 640 2011; x_wconf 92' lang='lat' dir='ltr'>et</span> <span class='ocrx_word' id='word_1_150' title='bbox 659 1974 726 2011; x_wconf 91' lang='lat' dir='ltr'>est</span> <span class='ocrx_word' id='word_1_151' title='bbox 747 1974 847 2011; x_wconf 89' lang='lat' dir='ltr'>ante</span> <span class='ocrx_word' id='word_1_152' title='bbox 867 1983 1020 2012; x_wconf 81' lang='lat' dir='ltr'>aevum.</span> 
     </span>
    </p>
   </div>
   <div class='ocr_carea' id='block_1_6' title="bbox 192 2029 1021 2638">
    <p class='ocr_par' dir='ltr' id='par_1_8' title="bbox 193 2029 1021 2199">
     <span class='ocr_line' id='line_1_31' title="bbox 244 2029 1021 2086; baseline 0.005 -12"><span class='ocrx_word' id='word_1_153' title='bbox 244 2029 294 2081; x_wconf 40' lang='lat' dir='ltr'>ys,</span> <span class='ocrx_word' id='word_1_154' title='bbox 332 2033 598 2086; x_wconf 88' lang='lat' dir='ltr'>Vespertina</span> <span class='ocrx_word' id='word_1_155' title='bbox 634 2034 776 2076; x_wconf 84' lang='lat' dir='ltr'>oratio</span> <span class='ocrx_word' id='word_1_156' title='bbox 812 2035 1021 2079; x_wconf 80' lang='lat' dir='ltr'>ascendat</span> 
     </span>
     <span class='ocr_line' id='line_1_32' title="bbox 194 2089 1020 2142; baseline 0.004 -11"><span class='ocrx_word' id='word_1_157' title='bbox 194 2089 250 2131; x_wconf 90' lang='lat' dir='ltr'>ad</span> <span class='ocrx_word' id='word_1_158' title='bbox 282 2095 326 2131; x_wconf 90' lang='lat' dir='ltr'>te</span> <span class='ocrx_word' id='word_1_159' title='bbox 353 2090 552 2132; x_wconf 82' lang='lat' dir='ltr'>Domine.</span> <span class='ocrx_word' id='word_1_160' title='bbox 607 2092 656 2142; x_wconf 68' lang='lat' dir='ltr'>R.</span> <span class='ocrx_word' id='word_1_161' title='bbox 690 2092 747 2133; x_wconf 90' lang='lat' dir='ltr'>Et</span> <span class='ocrx_word' id='word_1_162' title='bbox 779 2091 1020 2135; x_wconf 79' lang='lat' dir='ltr'>descendat</span> 
     </span>
     <span class='ocr_line' id='line_1_33' title="bbox 193 2147 865 2199; baseline 0.004 -12"><span class='ocrx_word' id='word_1_163' title='bbox 193 2159 326 2199; x_wconf 91' lang='lat' dir='ltr'>super</span> <span class='ocrx_word' id='word_1_164' title='bbox 349 2159 430 2187; x_wconf 92' lang='lat' dir='ltr'>nos</span> <span class='ocrx_word' id='word_1_165' title='bbox 452 2147 755 2190; x_wconf 80' lang='lat' dir='ltr'>misericordia</span> <span class='ocrx_word' id='word_1_166' title='bbox 779 2154 865 2190; x_wconf 92' lang='lat' dir='ltr'>tua.</span> 
     </span>
    </p>

    <p class='ocr_par' dir='ltr' id='par_1_9' title="bbox 192 2207 1018 2638">
     <span class='ocr_line' id='line_1_34' title="bbox 244 2207 1018 2250; baseline 0.003 -10"><span class='ocrx_word' id='word_1_167' title='bbox 244 2207 283 2240; x_wconf 80' lang='lat' dir='ltr'>Si</span> <span class='ocrx_word' id='word_1_168' title='bbox 307 2217 472 2250; x_wconf 79' lang='lat' dir='ltr'>sequens</span> <span class='ocrx_word' id='word_1_169' title='bbox 496 2208 697 2242; x_wconf 82' lang='lat' dir='ltr'>Dominica</span> <span class='ocrx_word' id='word_1_170' title='bbox 719 2210 867 2242; x_wconf 73' lang='lat' dir='ltr'>venerit</span> <span class='ocrx_word' id='word_1_171' title='bbox 894 2209 931 2242; x_wconf 89' lang='lat' dir='ltr'>in</span> <span class='ocrx_word' id='word_1_172' title='bbox 957 2209 1018 2243; x_wconf 85' lang='lat' dir='ltr'>die</span> 
     </span>
     <span class='ocr_line' id='line_1_35' title="bbox 192 2255 1017 2299; baseline 0.005 -12"><span class='ocrx_word' id='word_1_173' title='bbox 192 2255 482 2298; x_wconf 41' lang='lat' dir='ltr'>lis-sumptionis</span> <span class='ocrx_word' id='word_1_174' title='bbox 523 2257 647 2290; x_wconf 61' lang='lat' dir='ltr'>beatae</span> <span class='ocrx_word' id='word_1_175' title='bbox 690 2257 837 2299; x_wconf 63' lang='lat' dir='ltr'>Mariae,</span> <span class='ocrx_word' id='word_1_176' title='bbox 882 2258 942 2291; x_wconf 66' lang='lat' dir='ltr'>x‘cl</span> <span class='ocrx_word' id='word_1_177' title='bbox 984 2257 1017 2291; x_wconf 88' lang='lat' dir='ltr'>S.</span> 
     </span>
     <span class='ocr_line' id='line_1_36' title="bbox 195 2302 1018 2346; baseline 0.004 -11"><span class='ocrx_word' id='word_1_178' title='bbox 195 2302 417 2346; x_wconf 75' lang='lat' dir='ltr'>Hyacinthi.</span> <span class='ocrx_word' id='word_1_179' title='bbox 450 2304 508 2337; x_wconf 69' lang='lat' dir='ltr'>vel</span> <span class='ocrx_word' id='word_1_180' title='bbox 542 2305 579 2337; x_wconf 86' lang='lat' dir='ltr'>in</span> <span class='ocrx_word' id='word_1_181' title='bbox 606 2305 666 2338; x_wconf 85' lang='lat' dir='ltr'>dic</span> <span class='ocrx_word' id='word_1_182' title='bbox 690 2304 835 2338; x_wconf 72' lang='lat' dir='ltr'>Octava</span> <span class='ocrx_word' id='word_1_183' title='bbox 863 2305 897 2339; x_wconf 98' lang='lat' dir='ltr'>S</span> <span class='ocrx_word' id='word_1_184' title='bbox 925 2305 1018 2338; x_wconf 77' lang='lat' dir='ltr'>Lau-</span> 
     </span>
     <span class='ocr_line' id='line_1_37' title="bbox 192 2350 1018 2395; baseline 0.002 -12"><span class='ocrx_word' id='word_1_185' title='bbox 192 2350 314 2393; x_wconf 87' lang='lat' dir='ltr'>rentii,</span> <span class='ocrx_word' id='word_1_186' title='bbox 339 2351 437 2385; x_wconf 83' lang='lat' dir='ltr'>liber</span> <span class='ocrx_word' id='word_1_187' title='bbox 458 2352 666 2395; x_wconf 61' lang='lat' dir='ltr'>Sapientia*</span> <span class='ocrx_word' id='word_1_188' title='bbox 691 2353 847 2395; x_wconf 81' lang='lat' dir='ltr'>ponitur</span> <span class='ocrx_word' id='word_1_189' title='bbox 872 2354 908 2386; x_wconf 85' lang='lat' dir='ltr'>in</span> <span class='ocrx_word' id='word_1_190' title='bbox 933 2353 1018 2395; x_wconf 73' lang='lat' dir='ltr'>ipsi</span> 
     </span>
     <span class='ocr_line' id='line_1_38' title="bbox 193 2398 1018 2443; baseline 0.004 -12"><span class='ocrx_word' id='word_1_191' title='bbox 193 2398 254 2432; x_wconf 89' lang='lat' dir='ltr'>die</span> <span class='ocrx_word' id='word_1_192' title='bbox 287 2400 323 2433; x_wconf 81' lang='lat' dir='ltr'>S.</span> <span class='ocrx_word' id='word_1_193' title='bbox 360 2399 582 2443; x_wconf 64' lang='lat' dir='ltr'>Hyacinthi.</span> <span class='ocrx_word' id='word_1_194' title='bbox 616 2402 675 2434; x_wconf 71' lang='lat' dir='ltr'>vel</span> <span class='ocrx_word' id='word_1_195' title='bbox 711 2402 746 2433; x_wconf 83' lang='lat' dir='ltr'>in</span> <span class='ocrx_word' id='word_1_196' title='bbox 781 2402 841 2435; x_wconf 84' lang='lat' dir='ltr'>die</span> <span class='ocrx_word' id='word_1_197' title='bbox 873 2401 1018 2435; x_wconf 81' lang='lat' dir='ltr'>Octava</span> 
     </span>
     <span class='ocr_line' id='line_1_39' title="bbox 192 2448 1018 2490; baseline 0.002 -9"><span class='ocrx_word' id='word_1_198' title='bbox 192 2449 227 2481; x_wconf 66' lang='grc' dir='ltr'>ὃ.</span> <span class='ocrx_word' id='word_1_199' title='bbox 252 2448 466 2490; x_wconf 76' lang='lat' dir='ltr'>Laurentii,</span> <span class='ocrx_word' id='word_1_200' title='bbox 493 2455 528 2482; x_wconf 85' lang='lat' dir='ltr'>ct</span> <span class='ocrx_word' id='word_1_201' title='bbox 551 2450 596 2482; x_wconf 83' lang='lat' dir='ltr'>dc</span> <span class='ocrx_word' id='word_1_202' title='bbox 623 2460 668 2483; x_wconf 79' lang='lat' dir='ltr'>co</span> <span class='ocrx_word' id='word_1_203' title='bbox 695 2450 833 2490; x_wconf 56' lang='lat' dir='ltr'>legitur</span> <span class='ocrx_word' id='word_1_204' title='bbox 857 2450 892 2482; x_wconf 89' lang='lat' dir='ltr'>in</span> <span class='ocrx_word' id='word_1_205' title='bbox 921 2450 1018 2483; x_wconf 73' lang='lat' dir='ltr'>festo</span> 
     </span>
     <span class='ocr_line' id='line_1_40' title="bbox 192 2497 1018 2541; baseline 0 -11"><span class='ocrx_word' id='word_1_206' title='bbox 192 2498 225 2531; x_wconf 83' lang='lat' dir='ltr'>S.</span> <span class='ocrx_word' id='word_1_207' title='bbox 251 2497 456 2540; x_wconf 75' lang='lat' dir='ltr'>Bernardi,</span> <span class='ocrx_word' id='word_1_208' title='bbox 483 2503 517 2531; x_wconf 80' lang='lat' dir='ltr'>et</span> <span class='ocrx_word' id='word_1_209' title='bbox 543 2502 631 2541; x_wconf 69' lang='lat' dir='ltr'>post</span> <span class='ocrx_word' id='word_1_210' title='bbox 655 2499 840 2531; x_wconf 71' lang='lat' dir='ltr'>Octavum</span> <span class='ocrx_word' id='word_1_211' title='bbox 862 2498 1018 2531; x_wconf 73' lang='lat' dir='ltr'>Assum-</span> 
     </span>
     <span class='ocr_line' id='line_1_41' title="bbox 192 2546 1018 2589; baseline 0 -10"><span class='ocrx_word' id='word_1_212' title='bbox 192 2546 337 2589; x_wconf 73' lang='lat' dir='ltr'>ptionis</span> <span class='ocrx_word' id='word_1_213' title='bbox 379 2546 417 2579; x_wconf 77' lang='grc' dir='ltr'>Β.</span> <span class='ocrx_word' id='word_1_214' title='bbox 458 2546 604 2580; x_wconf 62' lang='lat' dir='ltr'>Mariae.</span> <span class='ocrx_word' id='word_1_215' title='bbox 644 2546 676 2578; x_wconf 70' lang='lat' dir='ltr'>si</span> <span class='ocrx_word' id='word_1_216' title='bbox 717 2546 885 2588; x_wconf 66' lang='lat' dir='ltr'>supersit</span> <span class='ocrx_word' id='word_1_217' title='bbox 925 2546 1018 2583; x_wconf 64' lang='lat' dir='ltr'>dics,</span> 
     </span>
     <span class='ocr_line' id='line_1_42' title="bbox 193 2594 914 2638; baseline -0.001 -10"><span class='ocrx_word' id='word_1_218' title='bbox 193 2606 313 2638; x_wconf 75' lang='lat' dir='ltr'>usque</span> <span class='ocrx_word' id='word_1_219' title='bbox 340 2595 388 2628; x_wconf 72' lang='lat' dir='ltr'>ad</span> <span class='ocrx_word' id='word_1_220' title='bbox 415 2599 635 2637; x_wconf 74' lang='lat' dir='ltr'>sequentem</span> <span class='ocrx_word' id='word_1_221' title='bbox 662 2594 914 2628; x_wconf 76' lang='lat' dir='ltr'>Dominicam.</span> 
     </span>
    </p>
   </div>
   <div class='ocr_carea' id='block_1_7' title="bbox 415 2700 805 2728">
    <p class='ocr_par' dir='ltr' id='par_1_10' title="bbox 415 2700 805 2728">
     <span class='ocr_line' id='line_1_43' title="bbox 415 2700 805 2728; baseline 0 -12"><span class='ocrx_word' id='word_1_222' title='bbox 415 2700 805 2728; x_wconf 48' lang='lat' dir='ltr'>affl*</span> 
     </span>
    </p>
   </div>
   <div class='ocr_carea' id='block_1_8' title="bbox 1151 307 1813 370">
    <p class='ocr_par' dir='ltr' id='par_1_11' title="bbox 1151 307 1813 370">
     <span class='ocr_line' id='line_1_44' title="bbox 1151 307 1813 370; baseline -0.002 -11"><span class='ocrx_word' id='word_1_223' title='bbox 1151 308 1428 359; x_wconf 83' lang='lat' dir='ltr'>Dominiea</span> <span class='ocrx_word' id='word_1_224' title='bbox 1450 307 1541 357; x_wconf 90' lang='grc' dir='ltr'>ΠΙ.</span> <span class='ocrx_word' id='word_1_225' title='bbox 1563 307 1813 370; x_wconf 78' lang='lat' dir='ltr'>Augusti.</span> 
     </span>
    </p>
   </div>
   <div class='ocr_carea' id='block_1_9' title="bbox 1173 401 1792 594">
    <p class='ocr_par' dir='ltr' id='par_1_12' title="bbox 1173 401 1779 594">
     <span class='ocr_line' id='line_1_45' title="bbox 1304 401 1659 441; baseline 0.006 -3"><span class='ocrx_word' id='word_1_226' title='bbox 1304 401 1352 438; x_wconf 93' lang='lat' dir='ltr'>In</span> <span class='ocrx_word' id='word_1_227' title='bbox 1380 402 1408 440; x_wconf 94' lang='lat' dir='ltr'>I.</span> <span class='ocrx_word' id='word_1_228' title='bbox 1438 401 1659 441; x_wconf 78' lang='lat' dir='ltr'>Nocturno.</span> 
     </span>
     <span class='ocr_line' id='line_1_46' title="bbox 1205 469 1767 523; baseline 0 -13"><span class='ocrx_word' id='word_1_229' title='bbox 1205 470 1362 523; x_wconf 91' lang='lat' dir='ltr'>Incipit</span> <span class='ocrx_word' id='word_1_230' title='bbox 1385 469 1496 512; x_wconf 90' lang='lat' dir='ltr'>liber</span> <span class='ocrx_word' id='word_1_231' title='bbox 1521 469 1767 522; x_wconf 88' lang='lat' dir='ltr'>Sapientiae.</span> 
     </span>
     <span class='ocr_line' id='line_1_47' title="bbox 1173 541 1792 594; baseline 0.003 -14"><span class='ocrx_word' id='word_1_232' title='bbox 1173 542 1206 580; x_wconf 85' lang='lat'>1</span> <span class='ocrx_word' id='word_1_233' title='bbox 1211 541 1324 581; x_wconf 76' lang='lat' dir='ltr'>ectio</span> <span class='ocrx_word' id='word_1_234' title='bbox 1347 541 1369 580; x_wconf 89' lang='lat' dir='ltr'>i.</span> <span class='ocrx_word' id='word_1_235' title='bbox 1643 541 1745 594; x_wconf 92' lang='lat' dir='ltr'>Cap.</span> <span class='ocrx_word' id='word_1_236' title='bbox 1764 544 1792 581; x_wconf 95' lang='lat'>1.</span> 
     </span>
    </p>
   </div>
   <div class='ocr_carea' id='block_1_10' title="bbox 1068 604 1900 1344">
    <p class='ocr_par' dir='ltr' id='par_1_13' title="bbox 1080 604 1897 714">
     <span class='ocr_line' id='line_1_48' title="bbox 1081 604 1897 666; baseline -0.001 -18"><span class='ocrx_word' id='word_1_237' title='bbox 1081 634 1084 666; x_wconf 45' lang='grc' dir='ltr'>ι</span> <span class='ocrx_word' id='word_1_238' title='bbox 1102 616 1166 665; x_wconf 52' lang='lat'>353</span> <span class='ocrx_word' id='word_1_239' title='bbox 1202 606 1336 658; x_wconf 85' lang='lat' dir='ltr'>iligite</span> <span class='ocrx_word' id='word_1_240' title='bbox 1355 605 1579 658; x_wconf 91' lang='lat' dir='ltr'>justitiam,</span> <span class='ocrx_word' id='word_1_241' title='bbox 1604 604 1678 657; x_wconf 93' lang='lat' dir='ltr'>qui</span> <span class='ocrx_word' id='word_1_242' title='bbox 1696 604 1897 657; x_wconf 80' lang='lat' dir='ltr'>iudicatis</span> 
     </span>
     <span class='ocr_line' id='line_1_49' title="bbox 1080 660 1896 714; baseline -0.004 -7"><span class='ocrx_word' id='word_1_243' title='bbox 1080 667 1159 714; x_wconf 41' lang='lat'>¹9:52¹</span> <span class='ocrx_word' id='word_1_244' title='bbox 1218 670 1390 706; x_wconf 89' lang='lat' dir='ltr'>terram.</span> <span class='ocrx_word' id='word_1_245' title='bbox 1427 661 1593 704; x_wconf 90' lang='lat' dir='ltr'>Sentite</span> <span class='ocrx_word' id='word_1_246' title='bbox 1622 660 1678 703; x_wconf 89' lang='lat' dir='ltr'>de</span> <span class='ocrx_word' id='word_1_247' title='bbox 1705 661 1896 704; x_wconf 91' lang='lat' dir='ltr'>Domino</span> 
     </span>
    </p>

    <p class='ocr_par' dir='ltr' id='par_1_14' title="bbox 1068 718 1900 1344">
     <span class='ocr_line' id='line_1_50' title="bbox 1116 718 1898 772; baseline -0.005 -9"><span class='ocrx_word' id='word_1_248' title='bbox 1116 721 1132 749; x_wconf 66' lang='grc'>-’</span> <span class='ocrx_word' id='word_1_249' title='bbox 1218 721 1261 762; x_wconf 86' lang='grc'>111</span> <span class='ocrx_word' id='word_1_250' title='bbox 1293 719 1509 770; x_wconf 88' lang='lat' dir='ltr'>bonitate,</span> <span class='ocrx_word' id='word_1_251' title='bbox 1542 723 1587 760; x_wconf 92' lang='lat' dir='ltr'>et</span> <span class='ocrx_word' id='word_1_252' title='bbox 1617 718 1662 759; x_wconf 89' lang='lat' dir='ltr'>in</span> <span class='ocrx_word' id='word_1_253' title='bbox 1693 718 1898 772; x_wconf 90' lang='lat' dir='ltr'>simplici-</span> 
     </span>
     <span class='ocr_line' id='line_1_51' title="bbox 1068 748 1898 829; baseline -0.006 -8"><span class='ocrx_word' id='word_1_254' title='bbox 1068 748 1160 821; x_wconf 91' lang='lat' dir='ltr'>tate</span> <span class='ocrx_word' id='word_1_255' title='bbox 1175 777 1322 820; x_wconf 89' lang='lat' dir='ltr'>cordis</span> <span class='ocrx_word' id='word_1_256' title='bbox 1338 775 1521 829; x_wconf 81' lang='lat' dir='ltr'>quaerite</span> <span class='ocrx_word' id='word_1_257' title='bbox 1535 775 1672 817; x_wconf 84' lang='grc'><strong>11111111.</strong></span> <span class='ocrx_word' id='word_1_258' title='bbox 1692 775 1898 828; x_wconf 90' lang='lat' dir='ltr'>quoniam</span> 
     </span>
     <span class='ocr_line' id='line_1_52' title="bbox 1068 832 1899 884; baseline -0.004 -8"><span class='ocrx_word' id='word_1_259' title='bbox 1068 836 1288 878; x_wconf 90' lang='lat' dir='ltr'>invenitur</span> <span class='ocrx_word' id='word_1_260' title='bbox 1315 833 1371 875; x_wconf 93' lang='lat' dir='ltr'>ab</span> <span class='ocrx_word' id='word_1_261' title='bbox 1399 832 1483 882; x_wconf 89' lang='lat' dir='ltr'>his,</span> <span class='ocrx_word' id='word_1_262' title='bbox 1513 832 1587 884; x_wconf 88' lang='lat' dir='ltr'>qui</span> <span class='ocrx_word' id='word_1_263' title='bbox 1613 843 1702 874; x_wconf 90' lang='lat' dir='ltr'>non</span> <span class='ocrx_word' id='word_1_264' title='bbox 1729 836 1899 874; x_wconf 87' lang='lat' dir='ltr'>tentant</span> 
     </span>
     <span class='ocr_line' id='line_1_53' title="bbox 1068 888 1899 944; baseline -0.006 -10"><span class='ocrx_word' id='word_1_265' title='bbox 1068 892 1203 934; x_wconf 90' lang='lat' dir='ltr'>illum:</span> <span class='ocrx_word' id='word_1_266' title='bbox 1223 893 1409 944; x_wconf 90' lang='lat' dir='ltr'>apparet</span> <span class='ocrx_word' id='word_1_267' title='bbox 1424 894 1572 932; x_wconf 90' lang='lat' dir='ltr'>autem</span> <span class='ocrx_word' id='word_1_268' title='bbox 1586 889 1660 940; x_wconf 87' lang='lat' dir='ltr'>eis,</span> <span class='ocrx_word' id='word_1_269' title='bbox 1677 889 1752 942; x_wconf 91' lang='lat' dir='ltr'>qui</span> <span class='ocrx_word' id='word_1_270' title='bbox 1765 888 1899 930; x_wconf 90' lang='lat' dir='ltr'>fidem</span> 
     </span>
     <span class='ocr_line' id='line_1_54' title="bbox 1068 946 1899 999; baseline -0.005 -8"><span class='ocrx_word' id='word_1_271' title='bbox 1068 949 1232 991; x_wconf 91' lang='lat' dir='ltr'>habent</span> <span class='ocrx_word' id='word_1_272' title='bbox 1266 949 1310 989; x_wconf 93' lang='lat' dir='ltr'>in</span> <span class='ocrx_word' id='word_1_273' title='bbox 1347 947 1484 989; x_wconf 84' lang='lat' dir='ltr'>illum:</span> <span class='ocrx_word' id='word_1_274' title='bbox 1524 948 1747 999; x_wconf 88' lang='lat' dir='ltr'>perversae</span> <span class='ocrx_word' id='word_1_275' title='bbox 1784 946 1899 988; x_wconf 89' lang='lat' dir='ltr'>enim</span> 
     </span>
     <span class='ocr_line' id='line_1_55' title="bbox 1070 1003 1899 1057; baseline -0.005 -9"><span class='ocrx_word' id='word_1_276' title='bbox 1070 1006 1361 1057; x_wconf 85' lang='lat' dir='ltr'>cogitationes</span> <span class='ocrx_word' id='word_1_277' title='bbox 1386 1006 1592 1057; x_wconf 90' lang='lat' dir='ltr'>separant</span> <span class='ocrx_word' id='word_1_278' title='bbox 1617 1017 1642 1045; x_wconf 94' lang='lat' dir='ltr'>a</span> <span class='ocrx_word' id='word_1_279' title='bbox 1660 1003 1774 1045; x_wconf 84' lang='lat' dir='ltr'>Deo:</span> <span class='ocrx_word' id='word_1_280' title='bbox 1798 1015 1899 1056; x_wconf 93' lang='lat' dir='ltr'>pro-</span> 
     </span>
     <span class='ocr_line' id='line_1_56' title="bbox 1069 1059 1898 1113; baseline -0.006 -8"><span class='ocrx_word' id='word_1_281' title='bbox 1069 1063 1175 1105; x_wconf 88' lang='lat' dir='ltr'>bata</span> <span class='ocrx_word' id='word_1_282' title='bbox 1212 1067 1358 1105; x_wconf 89' lang='lat' dir='ltr'>autem</span> <span class='ocrx_word' id='word_1_283' title='bbox 1394 1062 1533 1103; x_wconf 91' lang='lat' dir='ltr'>virtus</span> <span class='ocrx_word' id='word_1_284' title='bbox 1576 1060 1758 1113; x_wconf 90' lang='lat' dir='ltr'>corripit</span> <span class='ocrx_word' id='word_1_285' title='bbox 1798 1059 1898 1101; x_wconf 90' lang='lat' dir='ltr'>insi-</span> 
     </span>
     <span class='ocr_line' id='line_1_57' title="bbox 1071 1116 1900 1173; baseline -0.005 -11"><span class='ocrx_word' id='word_1_286' title='bbox 1071 1121 1252 1173; x_wconf 88' lang='lat' dir='ltr'>pientes.</span> <span class='ocrx_word' id='word_1_287' title='bbox 1305 1118 1522 1169; x_wconf 88' lang='lat' dir='ltr'>Quoniam</span> <span class='ocrx_word' id='word_1_288' title='bbox 1557 1118 1603 1158; x_wconf 93' lang='lat' dir='ltr'>in</span> <span class='ocrx_word' id='word_1_289' title='bbox 1638 1116 1900 1159; x_wconf 89' lang='lat' dir='ltr'>malevolam</span> 
     </span>
     <span class='ocr_line' id='line_1_58' title="bbox 1072 1173 1900 1227; baseline -0.004 -9"><span class='ocrx_word' id='word_1_290' title='bbox 1072 1177 1261 1218; x_wconf 91' lang='lat' dir='ltr'>animam</span> <span class='ocrx_word' id='word_1_291' title='bbox 1303 1188 1393 1217; x_wconf 91' lang='lat' dir='ltr'>non</span> <span class='ocrx_word' id='word_1_292' title='bbox 1436 1174 1636 1217; x_wconf 91' lang='lat' dir='ltr'>introibit</span> <span class='ocrx_word' id='word_1_293' title='bbox 1674 1173 1900 1227; x_wconf 83' lang='lat' dir='ltr'>sapientia,</span> 
     </span>
     <span class='ocr_line' id='line_1_59' title="bbox 1071 1229 1899 1286; baseline -0.002 -12"><span class='ocrx_word' id='word_1_294' title='bbox 1071 1247 1152 1276; x_wconf 89' lang='lat' dir='ltr'>nec</span> <span class='ocrx_word' id='word_1_295' title='bbox 1183 1232 1399 1275; x_wconf 82' lang='lat' dir='ltr'>habitabit</span> <span class='ocrx_word' id='word_1_296' title='bbox 1430 1232 1475 1273; x_wconf 92' lang='lat' dir='ltr'>in</span> <span class='ocrx_word' id='word_1_297' title='bbox 1503 1234 1691 1286; x_wconf 88' lang='lat' dir='ltr'>corpore</span> <span class='ocrx_word' id='word_1_298' title='bbox 1719 1229 1899 1273; x_wconf 88' lang='lat' dir='ltr'>subdito</span> 
     </span>
     <span class='ocr_line' id='line_1_60' title="bbox 1070 1291 1278 1344; baseline -0.014 -10"><span class='ocrx_word' id='word_1_299' title='bbox 1070 1291 1278 1344; x_wconf 88' lang='lat' dir='ltr'>peccatis.</span> 
     </span>
    </p>
   </div>
   <div class='ocr_carea' id='block_1_11' title="bbox 1070 1358 1903 2806">
    <p class='ocr_par' dir='ltr' id='par_1_15' title="bbox 1070 1358 1903 1812">
     <span class='ocr_line' id='line_1_61' title="bbox 1125 1358 1902 1413; baseline -0.001 -13"><span class='ocrx_word' id='word_1_300' title='bbox 1125 1360 1177 1411; x_wconf 70' lang='lat' dir='ltr'>R.</span> <span class='ocrx_word' id='word_1_301' title='bbox 1196 1361 1248 1402; x_wconf 91' lang='lat' dir='ltr'>In</span> <span class='ocrx_word' id='word_1_302' title='bbox 1276 1359 1495 1413; x_wconf 90' lang='lat' dir='ltr'>principio</span> <span class='ocrx_word' id='word_1_303' title='bbox 1514 1358 1637 1400; x_wconf 86' lang='lat' dir='ltr'>Deus</span> <span class='ocrx_word' id='word_1_304' title='bbox 1665 1360 1902 1411; x_wconf 80' lang='lat' dir='ltr'>antequam</span> 
     </span>
     <span class='ocr_line' id='line_1_62' title="bbox 1070 1414 1902 1469; baseline -0.005 -9"><span class='ocrx_word' id='word_1_305' title='bbox 1070 1423 1234 1460; x_wconf 88' lang='lat' dir='ltr'>terram</span> <span class='ocrx_word' id='word_1_306' title='bbox 1248 1417 1424 1467; x_wconf 91' lang='lat' dir='ltr'>faceret,</span> <span class='ocrx_word' id='word_1_307' title='bbox 1442 1415 1700 1469; x_wconf 86' lang='lat' dir='ltr'>priusquam</span> <span class='ocrx_word' id='word_1_308' title='bbox 1714 1414 1902 1468; x_wconf 69' lang='lat' dir='ltr'>abyssos</span> 
     </span>
     <span class='ocr_line' id='line_1_63' title="bbox 1073 1470 1901 1526; baseline -0.002 -10"><span class='ocrx_word' id='word_1_309' title='bbox 1073 1475 1380 1524; x_wconf 83' lang='lat' dir='ltr'>constitueret,</span> <span class='ocrx_word' id='word_1_310' title='bbox 1407 1473 1666 1526; x_wconf 91' lang='lat' dir='ltr'>priusquam</span> <span class='ocrx_word' id='word_1_311' title='bbox 1686 1470 1901 1525; x_wconf 77' lang='lat' dir='ltr'>produce-</span> 
     </span>
     <span class='ocr_line' id='line_1_64' title="bbox 1071 1528 1903 1582; baseline -0.004 -9"><span class='ocrx_word' id='word_1_312' title='bbox 1071 1536 1138 1573; x_wconf 91' lang='lat' dir='ltr'>ret</span> <span class='ocrx_word' id='word_1_313' title='bbox 1169 1531 1314 1573; x_wconf 91' lang='lat' dir='ltr'>fontes</span> <span class='ocrx_word' id='word_1_314' title='bbox 1343 1531 1571 1582; x_wconf 91' lang='lat' dir='ltr'>aquarum:</span> <span class='ocrx_word' id='word_1_315' title='bbox 1599 1529 1623 1554; x_wconf 84' lang='grc'>*</span> <span class='ocrx_word' id='word_1_316' title='bbox 1650 1528 1903 1581; x_wconf 89' lang='lat' dir='ltr'>Antequam</span> 
     </span>
     <span class='ocr_line' id='line_1_65' title="bbox 1070 1587 1901 1636; baseline -0.005 -6"><span class='ocrx_word' id='word_1_317' title='bbox 1070 1593 1243 1630; x_wconf 89' lang='lat' dir='ltr'>montes</span> <span class='ocrx_word' id='word_1_318' title='bbox 1263 1587 1601 1636; x_wconf 89' lang='lat' dir='ltr'>collocarentur,</span> <span class='ocrx_word' id='word_1_319' title='bbox 1627 1590 1728 1627; x_wconf 90' lang='lat' dir='ltr'>ante</span> <span class='ocrx_word' id='word_1_320' title='bbox 1748 1597 1901 1627; x_wconf 89' lang='lat' dir='ltr'>omnes</span> 
     </span>
     <span class='ocr_line' id='line_1_66' title="bbox 1072 1636 1901 1697; baseline -0.005 -10"><span class='ocrx_word' id='word_1_321' title='bbox 1072 1645 1208 1687; x_wconf 93' lang='lat' dir='ltr'>colles</span> <span class='ocrx_word' id='word_1_322' title='bbox 1226 1644 1454 1697; x_wconf 86' lang='lat' dir='ltr'>generavit</span> <span class='ocrx_word' id='word_1_323' title='bbox 1471 1655 1542 1685; x_wconf 92' lang='lat' dir='ltr'>me</span> <span class='ocrx_word' id='word_1_324' title='bbox 1555 1642 1660 1683; x_wconf 80' lang='lat' dir='ltr'>Dfis.</span> <span class='ocrx_word' id='word_1_325' title='bbox 1688 1636 1738 1687; x_wconf 68' lang='lat' dir='ltr'>Ys-</span> <span class='ocrx_word' id='word_1_326' title='bbox 1759 1642 1901 1693; x_wconf 90' lang='lat' dir='ltr'>Quan-</span> 
     </span>
     <span class='ocr_line' id='line_1_67' title="bbox 1073 1699 1903 1756; baseline -0.005 -12"><span class='ocrx_word' id='word_1_327' title='bbox 1073 1702 1131 1745; x_wconf 92' lang='lat' dir='ltr'>do</span> <span class='ocrx_word' id='word_1_328' title='bbox 1141 1701 1425 1756; x_wconf 88' lang='lat' dir='ltr'>praeparabat</span> <span class='ocrx_word' id='word_1_329' title='bbox 1435 1700 1584 1750; x_wconf 76' lang='lat' dir='ltr'>coeIOS,</span> <span class='ocrx_word' id='word_1_330' title='bbox 1597 1699 1787 1750; x_wconf 86' lang='lat' dir='ltr'>aderam,</span> <span class='ocrx_word' id='word_1_331' title='bbox 1802 1712 1903 1741; x_wconf 90' lang='lat' dir='ltr'>cum</span> 
     </span>
     <span class='ocr_line' id='line_1_68' title="bbox 1072 1757 1902 1812; baseline -0.006 -10"><span class='ocrx_word' id='word_1_332' title='bbox 1072 1772 1126 1802; x_wconf 90' lang='lat' dir='ltr'>eo</span> <span class='ocrx_word' id='word_1_333' title='bbox 1147 1763 1304 1801; x_wconf 91' lang='lat' dir='ltr'>cuncta</span> <span class='ocrx_word' id='word_1_334' title='bbox 1326 1759 1607 1812; x_wconf 89' lang='lat' dir='ltr'>componens.</span> <span class='ocrx_word' id='word_1_335' title='bbox 1639 1757 1902 1809; x_wconf 87' lang='lat' dir='ltr'>Antequam.</span> 
     </span>
    </p>

    <p class='ocr_par' dir='ltr' id='par_1_16' title="bbox 1384 1829 1594 1870">
     <span class='ocr_line' id='line_1_69' title="bbox 1384 1829 1594 1870; baseline -0.01 0"><span class='ocrx_word' id='word_1_336' title='bbox 1384 1829 1535 1870; x_wconf 89' lang='lat' dir='ltr'>Lectio</span> <span class='ocrx_word' id='word_1_337' title='bbox 1555 1829 1594 1868; x_wconf 91' lang='lat' dir='ltr'>ii.</span> 
     </span>
    </p>

    <p class='ocr_par' dir='ltr' id='par_1_17' title="bbox 1077 1890 1902 1999">
     <span class='ocr_line' id='line_1_70' title="bbox 1077 1890 1902 1999; baseline -0.006 -58"><span class='ocrx_word' id='word_1_338' title='bbox 1077 1890 1299 1999; x_wconf 83' lang='lat' dir='ltr'>Spiritus</span> <span class='ocrx_word' id='word_1_339' title='bbox 1324 1898 1439 1940; x_wconf 92' lang='lat' dir='ltr'>enim</span> <span class='ocrx_word' id='word_1_340' title='bbox 1462 1901 1638 1939; x_wconf 87' lang='lat' dir='ltr'>sanctus</span> <span class='ocrx_word' id='word_1_341' title='bbox 1659 1895 1902 1950; x_wconf 87' lang='lat' dir='ltr'>disciplinae</span> 
     </span>
    </p>

    <p class='ocr_par' dir='ltr' id='par_1_18' title="bbox 1072 1953 1903 2806">
     <span class='ocr_line' id='line_1_71' title="bbox 1159 1953 1902 2007; baseline -0.007 -8"><span class='ocrx_word' id='word_1_342' title='bbox 1159 1956 1338 2007; x_wconf 88' lang='lat' dir='ltr'>effugiet</span> <span class='ocrx_word' id='word_1_343' title='bbox 1361 1955 1529 2006; x_wconf 88' lang='lat' dir='ltr'>fictum,</span> <span class='ocrx_word' id='word_1_344' title='bbox 1555 1960 1600 1996; x_wconf 91' lang='lat' dir='ltr'>et</span> <span class='ocrx_word' id='word_1_345' title='bbox 1623 1953 1791 1996; x_wconf 78' lang='lat' dir='ltr'>auferet</span> <span class='ocrx_word' id='word_1_346' title='bbox 1810 1965 1858 1994; x_wconf 90' lang='lat' dir='ltr'>se</span> <span class='ocrx_word' id='word_1_347' title='bbox 1877 1965 1902 1994; x_wconf 90' lang='lat' dir='ltr'>a</span> 
     </span>
     <span class='ocr_line' id='line_1_72' title="bbox 1073 2009 1900 2066; baseline -0.007 -10"><span class='ocrx_word' id='word_1_348' title='bbox 1073 2012 1431 2066; x_wconf 86' lang='lat' dir='ltr'>cogitationibus,</span> <span class='ocrx_word' id='word_1_349' title='bbox 1465 2024 1564 2064; x_wconf 88' lang='lat' dir='ltr'>quae</span> <span class='ocrx_word' id='word_1_350' title='bbox 1593 2015 1694 2053; x_wconf 88' lang='lat' dir='ltr'>sunt</span> <span class='ocrx_word' id='word_1_351' title='bbox 1721 2010 1814 2052; x_wconf 90' lang='lat' dir='ltr'>sine</span> <span class='ocrx_word' id='word_1_352' title='bbox 1839 2009 1900 2050; x_wconf 91' lang='lat' dir='ltr'>in-</span> 
     </span>
     <span class='ocr_line' id='line_1_73' title="bbox 1074 2068 1901 2122; baseline -0.006 -9"><span class='ocrx_word' id='word_1_353' title='bbox 1074 2070 1271 2119; x_wconf 90' lang='lat' dir='ltr'>tellectu,</span> <span class='ocrx_word' id='word_1_354' title='bbox 1300 2074 1343 2111; x_wconf 92' lang='lat' dir='ltr'>et</span> <span class='ocrx_word' id='word_1_355' title='bbox 1368 2068 1628 2122; x_wconf 87' lang='lat' dir='ltr'>corripietur</span> <span class='ocrx_word' id='word_1_356' title='bbox 1653 2080 1679 2109; x_wconf 92' lang='lat' dir='ltr'>a</span> <span class='ocrx_word' id='word_1_357' title='bbox 1697 2078 1901 2120; x_wconf 89' lang='lat' dir='ltr'>superve-</span> 
     </span>
     <span class='ocr_line' id='line_1_74' title="bbox 1075 2102 1903 2178; baseline -0.004 -10"><span class='ocrx_word' id='word_1_358' title='bbox 1075 2128 1220 2170; x_wconf 90' lang='lat' dir='ltr'>niente</span> <span class='ocrx_word' id='word_1_359' title='bbox 1262 2102 1504 2178; x_wconf 80' lang='lat' dir='ltr'>iniquitate.</span> <span class='ocrx_word' id='word_1_360' title='bbox 1566 2124 1789 2176; x_wconf 88' lang='lat' dir='ltr'>Benignus</span> <span class='ocrx_word' id='word_1_361' title='bbox 1836 2127 1903 2165; x_wconf 88' lang='lat' dir='ltr'>est</span> 
     </span>
     <span class='ocr_line' id='line_1_75' title="bbox 1076 2179 1902 2237; baseline -0.006 -11"><span class='ocrx_word' id='word_1_362' title='bbox 1076 2185 1190 2227; x_wconf 90' lang='lat' dir='ltr'>enim</span> <span class='ocrx_word' id='word_1_363' title='bbox 1210 2183 1388 2237; x_wconf 88' lang='lat' dir='ltr'>spiritus</span> <span class='ocrx_word' id='word_1_364' title='bbox 1407 2181 1653 2236; x_wconf 84' lang='lat' dir='ltr'>sapientiae,</span> <span class='ocrx_word' id='word_1_365' title='bbox 1682 2186 1726 2222; x_wconf 94' lang='lat' dir='ltr'>et</span> <span class='ocrx_word' id='word_1_366' title='bbox 1749 2193 1838 2222; x_wconf 91' lang='lat' dir='ltr'>non</span> <span class='ocrx_word' id='word_1_367' title='bbox 1855 2179 1902 2221; x_wconf 93' lang='grc'>11-</span> 
     </span>
     <span class='ocr_line' id='line_1_76' title="bbox 1072 2236 1903 2284; baseline -0.006 -1"><span class='ocrx_word' id='word_1_368' title='bbox 1072 2241 1244 2284; x_wconf 90' lang='lat' dir='ltr'>berabit</span> <span class='ocrx_word' id='word_1_369' title='bbox 1281 2238 1545 2282; x_wconf 88' lang='lat' dir='ltr'>maledicum</span> <span class='ocrx_word' id='word_1_370' title='bbox 1580 2251 1606 2279; x_wconf 88' lang='lat' dir='ltr'>a</span> <span class='ocrx_word' id='word_1_371' title='bbox 1636 2237 1765 2280; x_wconf 88' lang='lat' dir='ltr'>labiis</span> <span class='ocrx_word' id='word_1_372' title='bbox 1797 2236 1903 2279; x_wconf 91' lang='lat' dir='ltr'>suis:</span> 
     </span>
     <span class='ocr_line' id='line_1_77' title="bbox 1077 2294 1903 2351; baseline -0.005 -11"><span class='ocrx_word' id='word_1_373' title='bbox 1077 2298 1282 2351; x_wconf 90' lang='lat' dir='ltr'>quoniam</span> <span class='ocrx_word' id='word_1_374' title='bbox 1322 2309 1476 2339; x_wconf 90' lang='lat' dir='ltr'>renum</span> <span class='ocrx_word' id='word_1_375' title='bbox 1516 2296 1631 2337; x_wconf 82' lang='lat' dir='ltr'>illius</span> <span class='ocrx_word' id='word_1_376' title='bbox 1672 2294 1799 2337; x_wconf 87' lang='lat' dir='ltr'>testis</span> <span class='ocrx_word' id='word_1_377' title='bbox 1836 2298 1903 2336; x_wconf 87' lang='lat' dir='ltr'>est</span> 
     </span>
     <span class='ocr_line' id='line_1_78' title="bbox 1075 2353 1903 2404; baseline -0.006 -7"><span class='ocrx_word' id='word_1_378' title='bbox 1075 2355 1211 2404; x_wconf 90' lang='lat' dir='ltr'>Deus,</span> <span class='ocrx_word' id='word_1_379' title='bbox 1235 2360 1279 2397; x_wconf 91' lang='lat' dir='ltr'>et</span> <span class='ocrx_word' id='word_1_380' title='bbox 1298 2353 1445 2396; x_wconf 87' lang='lat' dir='ltr'>cordis</span> <span class='ocrx_word' id='word_1_381' title='bbox 1463 2353 1578 2394; x_wconf 91' lang='lat' dir='ltr'>illius</span> <span class='ocrx_word' id='word_1_382' title='bbox 1599 2353 1817 2394; x_wconf 87' lang='lat' dir='ltr'>scrutator</span> <span class='ocrx_word' id='word_1_383' title='bbox 1837 2354 1903 2393; x_wconf 84' lang='lat' dir='ltr'>est</span> 
     </span>
     <span class='ocr_line' id='line_1_79' title="bbox 1074 2409 1901 2462; baseline -0.006 -8"><span class='ocrx_word' id='word_1_384' title='bbox 1074 2425 1215 2462; x_wconf 90' lang='lat' dir='ltr'>verus,</span> <span class='ocrx_word' id='word_1_385' title='bbox 1235 2416 1278 2453; x_wconf 86' lang='lat' dir='ltr'>et</span> <span class='ocrx_word' id='word_1_386' title='bbox 1295 2410 1458 2462; x_wconf 86' lang='lat' dir='ltr'>linguae</span> <span class='ocrx_word' id='word_1_387' title='bbox 1472 2411 1563 2462; x_wconf 88' lang='lat' dir='ltr'>ejus</span> <span class='ocrx_word' id='word_1_388' title='bbox 1578 2409 1764 2452; x_wconf 86' lang='lat' dir='ltr'>auditor.</span> <span class='ocrx_word' id='word_1_389' title='bbox 1787 2409 1901 2459; x_wconf 92' lang='lat' dir='ltr'>Quo-</span> 
     </span>
     <span class='ocr_line' id='line_1_80' title="bbox 1073 2465 1901 2522; baseline -0.005 -13"><span class='ocrx_word' id='word_1_390' title='bbox 1073 2469 1189 2510; x_wconf 91' lang='lat' dir='ltr'>niam</span> <span class='ocrx_word' id='word_1_391' title='bbox 1214 2467 1395 2522; x_wconf 89' lang='lat' dir='ltr'>spiritus</span> <span class='ocrx_word' id='word_1_392' title='bbox 1418 2467 1598 2509; x_wconf 89' lang='lat' dir='ltr'>Domini</span> <span class='ocrx_word' id='word_1_393' title='bbox 1626 2465 1828 2519; x_wconf 91' lang='lat' dir='ltr'>replevit</span> <span class='ocrx_word' id='word_1_394' title='bbox 1836 2477 1901 2506; x_wconf 93' lang='lat' dir='ltr'>or-</span> 
     </span>
     <span class='ocr_line' id='line_1_81' title="bbox 1073 2520 1902 2575; baseline -0.005 -8"><span class='ocrx_word' id='word_1_395' title='bbox 1073 2524 1175 2567; x_wconf 91' lang='lat' dir='ltr'>bem</span> <span class='ocrx_word' id='word_1_396' title='bbox 1193 2526 1425 2568; x_wconf 89' lang='lat' dir='ltr'>terrarum:</span> <span class='ocrx_word' id='word_1_397' title='bbox 1450 2529 1494 2566; x_wconf 91' lang='lat' dir='ltr'>et</span> <span class='ocrx_word' id='word_1_398' title='bbox 1512 2524 1608 2574; x_wconf 91' lang='lat' dir='ltr'>hoc,</span> <span class='ocrx_word' id='word_1_399' title='bbox 1629 2520 1750 2575; x_wconf 89' lang='lat' dir='ltr'>quod</span> <span class='ocrx_word' id='word_1_400' title='bbox 1768 2521 1902 2564; x_wconf 90' lang='lat' dir='ltr'>conti·</span> 
     </span>
     <span class='ocr_line' id='line_1_82' title="bbox 1073 2578 1902 2631; baseline -0.004 -9"><span class='ocrx_word' id='word_1_401' title='bbox 1073 2587 1148 2623; x_wconf 90' lang='lat' dir='ltr'>net</span> <span class='ocrx_word' id='word_1_402' title='bbox 1173 2581 1336 2631; x_wconf 89' lang='lat' dir='ltr'>omnia,</span> <span class='ocrx_word' id='word_1_403' title='bbox 1365 2581 1593 2623; x_wconf 88' lang='lat' dir='ltr'>scientiam</span> <span class='ocrx_word' id='word_1_404' title='bbox 1615 2579 1750 2622; x_wconf 89' lang='lat' dir='ltr'>habet</span> <span class='ocrx_word' id='word_1_405' title='bbox 1767 2578 1902 2620; x_wconf 89' lang='lat' dir='ltr'>vocis.</span> 
     </span>
     <span class='ocr_line' id='line_1_83' title="bbox 1074 2636 1902 2691; baseline -0.001 -13"><span class='ocrx_word' id='word_1_406' title='bbox 1074 2638 1263 2691; x_wconf 90' lang='lat' dir='ltr'>Propter</span> <span class='ocrx_word' id='word_1_407' title='bbox 1293 2637 1379 2680; x_wconf 93' lang='lat' dir='ltr'>hoc</span> <span class='ocrx_word' id='word_1_408' title='bbox 1413 2638 1487 2690; x_wconf 92' lang='lat' dir='ltr'>qui</span> <span class='ocrx_word' id='word_1_409' title='bbox 1517 2637 1711 2690; x_wconf 87' lang='lat' dir='ltr'>loquitur</span> <span class='ocrx_word' id='word_1_410' title='bbox 1741 2636 1902 2689; x_wconf 89' lang='lat' dir='ltr'>iniqua,</span> 
     </span>
     <span class='ocr_line' id='line_1_84' title="bbox 1074 2692 1903 2748; baseline -0.001 -13"><span class='ocrx_word' id='word_1_411' title='bbox 1074 2707 1161 2736; x_wconf 92' lang='lat' dir='ltr'>non</span> <span class='ocrx_word' id='word_1_412' title='bbox 1194 2700 1344 2748; x_wconf 90' lang='lat' dir='ltr'>potest</span> <span class='ocrx_word' id='word_1_413' title='bbox 1374 2695 1528 2744; x_wconf 88' lang='lat' dir='ltr'>latere,</span> <span class='ocrx_word' id='word_1_414' title='bbox 1564 2706 1645 2735; x_wconf 91' lang='lat' dir='ltr'>nec</span> <span class='ocrx_word' id='word_1_415' title='bbox 1677 2692 1903 2746; x_wconf 80' lang='lat' dir='ltr'>praeteriet</span> 
     </span>
     <span class='ocr_line' id='line_1_85' title="bbox 1073 2749 1691 2806; baseline -0.002 -14"><span class='ocrx_word' id='word_1_416' title='bbox 1073 2751 1195 2794; x_wconf 91' lang='lat' dir='ltr'>illum</span> <span class='ocrx_word' id='word_1_417' title='bbox 1214 2752 1456 2806; x_wconf 89' lang='lat' dir='ltr'>corripiens</span> <span class='ocrx_word' id='word_1_418' title='bbox 1475 2749 1691 2804; x_wconf 89' lang='lat' dir='ltr'>judicium.</span> 
     </span>
    </p>
   </div>
   <div class='ocr_carea' id='block_1_12' title="bbox 123 152 1967 2843">
    <p class='ocr_par' dir='ltr' id='par_1_19' title="bbox 123 152 1967 2843">
     <span class='ocr_line' id='line_1_86' title="bbox 123 152 1967 2843; baseline 0 0"><span class='ocrx_word' id='word_1_419' title='bbox 123 152 1967 2843; x_wconf 95' lang='lat' dir='ltr'> </span> 
     </span>
    </p>
   </div>
  </div>
 </body>
</html>
