2040 2976
164 206 240 250 [70]

163 302 237 343 illo
256 303 395 351 Deus,
421 306 465 342 et
493 314 628 352 quare
648 302 854 342 munierit
872 300 993 342 illum

162 358 389 399 Dominus.
408 357 635 399 Videbunt
655 362 699 398 et
713 359 993 398 contemnent

164 427 277 455 eum:
302 413 400 455 illos
427 419 574 455 autem
597 414 814 455 Dominus
841 412 992 454 irride-

162 470 237 511 bit.
270 471 327 511 Et
352 475 479 511 erunt
499 475 602 522 post
620 470 716 511 haec
737 469 991 511 decidentes

162 526 254 567 sine
269 526 448 577 honore,
469 532 512 567 et
531 526 575 567 in
594 525 860 567 contumelia
879 526 992 566 inter

161 585 362 624 m6rtuos
394 583 438 623 in
468 584 747 635 perpetuum:
785 582 992 634 quomam

163 638 408 692 disrumpet
432 639 531 680 illos
556 639 732 680 inflatos
754 638 847 679 sine
870 650 990 687 voce,
1050 642 1080 684 5²?
1134 683 1145 692 ..

163 700 206 736 et
235 695 531 736 commovebit
559 695 657 736 illos
685 708 711 736 a
738 694 991 735 fundamen·
1050 725 1052 729 .
1079 696 1097 729 ⁴?

161 752 229 800 tis,
250 757 294 793 et
312 764 452 803 usque
471 751 529 793 ad
549 753 803 804 supremum
823 749 992 791 desola-

160 807 334 849 buntur.

217 875 267 925 R.
304 872 456 913 Justus
493 872 756 922 germinabit
797 872 910 912 sicut
945 870 992 911 li-

162 927 282 969 lium:
322 931 343 953 *
379 929 437 970 Et
478 928 654 970 florebit
694 929 739 969 in
780 929 993 969 aeternum

161 989 262 1026 ante
288 985 415 1025 Dfim.
455 980 505 1031 Y.
529 984 757 1026 Plantatus
786 984 830 1024 in
859 985 992 1025 domo

159 1040 257 1091 Dfii,
278 1041 322 1081 in
338 1041 458 1082 atriis
475 1040 632 1082 domus
646 1041 731 1082 Dei
746 1041 896 1082 nostri.
924 1040 993 1081 Et.

220 1103 379 1144 Bened.
409 1101 596 1154 Spiritus
617 1097 758 1142 sancti
779 1101 932 1152 gratia.

465 1179 618 1219 Lectio
639 1179 693 1217 iii.

246 1254 263 1290 t
289 1253 415 1290 erunt
440 1250 683 1299 gementes,
713 1253 756 1290 et
781 1249 994 1290 memoria

256 1305 432 1346 illorum
452 1305 623 1358 peribit.
650 1305 842 1347 Venient
860 1306 905 1346 in
922 1317 993 1346 co-

161 1362 373 1413 gitatic'me
408 1363 694 1414 peccatorum
729 1363 911 1403 su6rum
942 1364 993 1403 ti-

162 1418 278 1467 midi,
299 1423 342 1459 et
360 1417 593 1460 traducent
611 1417 712 1459 illos
733 1430 787 1459 ex
803 1418 993 1460 adverso

162 1475 416 1526 iniquitates
435 1475 645 1527 ipsorum.
671 1474 797 1515 Tunc
815 1474 994 1516 stabunt

163 1531 263 1581 justi
296 1531 339 1571 in
372 1543 531 1581 magna
564 1531 814 1572 constantia
841 1531 993 1572 adver-

164 1600 237 1628 sus
264 1600 340 1628 eos
368 1587 442 1639 qui
469 1599 515 1628 se
545 1587 920 1638 angustiaverunt,
951 1592 995 1629 et

165 1644 237 1694 qui
253 1643 528 1684 abstulerunt
542 1642 719 1684 labores
737 1645 900 1684 eorum.
919 1644 994 1685 Vi-

165 1698 318 1740 dentes
345 1698 640 1740 turbabuntur
671 1700 829 1741 timore
857 1699 994 1741 horri-

163 1754 257 1805 bili,
286 1760 329 1796 et
356 1755 633 1796 mirabuntur
659 1756 702 1796 in
728 1755 995 1798 subitatione

164 1812 401 1864 insperatae
439 1811 611 1861 salutis,
650 1811 848 1853 dicentes
881 1812 995 1854 intra

165 1881 228 1917 se,
263 1869 568 1921 poenitentiam
595 1870 793 1919 agentes,
828 1873 872 1910 et
900 1882 995 1922 prae

164 1925 365 1976 angustia
379 1925 560 1978 spiritus
571 1926 810 1976 gementes:
825 1925 884 1966 Hi
895 1930 996 1967 sunt

166 1993 277 2032 quos
301 1980 533 2022 habuimus
557 1981 793 2033 aliquando
816 1982 860 2022 in
885 1981 995 2023 deri-

165 2050 262 2078 sum
287 2042 330 2078 et
355 2038 399 2078 in
423 2036 753 2078 similitudinem
775 2038 995 2091 imprope-

166 2093 227 2133 rii.
250 2093 344 2134 Nos
363 2094 573 2134 insensati
592 2094 728 2135 vitam
745 2094 922 2135 illorum
941 2107 995 2135 ae—

166 2149 452 2190 stimabamus
471 2150 698 2200 insaniam,
725 2155 769 2191 et
792 2150 925 2192 finem
950 2151 996 2191 il-

166 2205 308 2246 lotum
328 2205 420 2246 sine
439 2205 625 2247 honore:
646 2219 750 2247 ecee
771 2207 995 2259 quomodo

166 2262 410 2313 computati
433 2266 534 2303 sunt
558 2262 670 2303 inter
690 2262 805 2304 filios
823 2263 924 2313 Dei,
953 2269 997 2305 et

166 2318 279 2359 inter
298 2322 475 2358 sanctos
496 2330 593 2359 sors
613 2318 787 2359 illorum
807 2324 885 2361 est.

223 2378 274 2429 R.
299 2378 390 2419 Iste
411 2379 617 2428 cognovit
636 2380 854 2429 justitiam,
875 2385 919 2421 et
937 2380 996 2422 vi-

168 2434 232 2476 dit
262 2433 479 2475 mirabilia
510 2447 684 2485 magna,
722 2440 766 2476 et
799 2437 997 2478 exoravit

167 2490 459 2532 Altissimum:
487 2490 509 2511 ¹⁸¹
538 2490 595 2530 Et
623 2490 826 2532 inventus
859 2497 926 2533 est
953 2493 997 2533 in

168 2549 351 2588 numero
370 2547 633 2587 sanctorum.
664 2539 714 2590 Y.
729 2547 821 2588 Iste
839 2554 906 2589 est
923 2549 998 2600 qui

169 2602 436 2654 contempsit
462 2602 598 2643 vitam
621 2602 790 2651 mundi,
829 2609 874 2645 et
901 2617 997 2656 per-

169 2659 287 2700 venit
303 2658 359 2699 ad
375 2657 573 2699 coelestia
587 2670 731 2708 regna.
753 2658 821 2700 Et.
848 2659 999 2701 GlOria

167 2715 299 2756 Patri.
326 2715 394 2756 Et.

610 206 819 237 Commune
847 203 1093 237 Consus-soris
1119 212 1194 235 non
1221 201 1429 234 Pontificis.

1269 297 1318 335 In
1346 298 1396 336 11.
1424 297 1648 338 Nocturno.

1100 361 1134 399 Α
1142 367 1197 399 nt.
1218 359 1505 399 Invocantem
1520 355 1777 398 exaudivit*
1787 355 1876 396 Do-

1044 416 1188 456 minus
1204 419 1403 456 sanctum
1418 426 1556 462 suum,
1572 411 1790 453 Dominus
1805 423 1876 452 ex-

1045 471 1214 513 audivit
1241 484 1358 520 eum,
1383 474 1427 511 et
1451 468 1681 510 constituit
1707 480 1807 509 eum
1832 467 1877 507 in

1044 540 1165 580 pace·
1334 573 1534 613 Psalmus
1555 574 1593 612 4.

1074 639 1093 648 ”
1269 631 1521 672 invocarem
1553 627 1778 669 exaudivit
1805 639 1876 668 me

1129 739 1133 741 ‘
1154 684 1157 694 '
1176 689 1298 729 Deus
1326 686 1502 738 justitiae
1524 697 1652 726 meae:
1678 684 1702 709 *
1730 683 1774 724 in
1802 682 1876 724 tri-

1053 739 1149 769 ’5ὶῖῗῖ
1176 744 1402 786 bulatione
1422 741 1618 784 dilatasti
1635 739 1753 781 mihi.

1097 802 1307 843 Miserere
1333 799 1441 849 mei,
1469 799 1493 824 *
1522 803 1566 839 et
1595 795 1755 839 exaudi
1784 807 1877 836 ora-

1045 858 1211 900 ticnem
1229 869 1384 898 meam.

1097 914 1197 955 Filii
1229 912 1455 954 h6minum
1489 913 1723 962 usquequo
1755 906 1879 958 gravi

1046 968 1205 1012 eorde?
1233 970 1257 995 *
1286 973 1334 1010 ut
1363 967 1470 1020 quid
1504 966 1686 1017 diligitis
1714 963 1879 1005 vanita-

1045 1032 1147 1076 tem,
1168 1031 1212 1068 et
1233 1024 1430 1078 quaeritis
1449 1020 1748 1064 mendacium?

1097 1083 1154 1124 Et
1187 1082 1348 1123 scit6te
1386 1080 1595 1132 quomam
1627 1075 1880 1119 mirificavit

1045 1139 1263 1180 Dominus
1289 1142 1490 1178 sanctum
1514 1148 1655 1177 suum:
1680 1135 1704 1160 *
1729 1132 1879 1174 Domi-

1045 1208 1128 1236 nus
1157 1194 1366 1237 exaudiet
1396 1205 1468 1234 me
1502 1205 1602 1234 cum
1630 1191 1879 1233 clamavero

1046 1251 1103 1293 ad
1124 1264 1235 1293 eum.
1269 1269 1275 1277 ι

1098 1307 1362 1357 Irascimini,
1392 1310 1436 1348 et
1462 1304 1599 1347 nolite
1625 1304 1832 1357 peecare:
1856 1300 1880 1327 *

1048 1378 1147 1417 quae
1167 1364 1314 1406 dicitis
1337 1364 1382 1404 in
1403 1361 1612 1404 cordibus
1631 1359 1810 1408 vestris,
1836 1357 1881 1398 in

1047 1420 1265 1462 cubilibus
1283 1420 1444 1462 vestris
1464 1415 1821 1470 compungimini.

1098 1477 1354 1519 Sacrificate
1390 1475 1657 1517 sacrificium
1693 1471 1882 1525 justitiae,

1048 1539 1092 1575 et
1118 1535 1295 1586 sperate
1319 1533 1364 1573 in
1388 1531 1597 1573 Damino:
1619 1531 1644 1557 *
1667 1528 1795 1570 multi
1820 1527 1881 1569 di-

1048 1595 1168 1631 cunt:
1197 1589 1306 1639 Quis
1325 1588 1520 1630 ostendit
1539 1585 1670 1628 nobis
1689 1584 1828 1627 bona?

1098 1646 1327 1696 Signatum
1364 1650 1431 1687 est
1464 1656 1598 1696 super
1624 1655 1707 1683 nos
1734 1641 1882 1682 lumen

1047 1702 1194 1743 vultus
1222 1702 1287 1743 tui
1314 1701 1521 1743 D6mine:
1539 1702 1564 1727 *
1583 1698 1748 1741 dedisti
1774 1697 1881 1738 laeti-

1047 1758 1155 1799 tiam
1173 1758 1218 1798 in
1238 1757 1374 1799 corde
1393 1769 1505 1798 meo.
1710 1806 1716 1812 ι

1099 1815 1140 1855 Α
1166 1814 1311 1856 fructu
1335 1813 1559 1862 frumenti,
1587 1811 1695 1861 vini,
1723 1814 1767 1852 et
1794 1809 1882 1851 olei

1049 1871 1115 1912 sui
1125 1872 1157 1898 v*
1173 1869 1455 1923 multiplicati
1474 1873 1586 1910 sunt.

1102 1927 1154 1967 In
1178 1939 1290 1979 pace
1315 1927 1359 1967 in
1385 1925 1581 1979 idipsum
1603 1924 1627 1950 *
1652 1923 1881 1972 dormiam,

1050 1987 1094 2024 et
1111 1983 1402 2035 requiescam3

1102 2039 1322 2090 Quoniam
1334 2044 1384 2081 tu
1393 2038 1585 2080 Domine
1601 2034 1882 2088 singulariter

1049 2095 1093 2136 in
1114 2108 1193 2148 spe
1213 2097 1237 2123 *
1256 2095 1526 2137 constituisti
1543 2106 1624 2135 me.

1105 2151 1205 2193 Ant.
1234 2153 1521 2193 Invocantem
1545 2148 1770 2192 exaudivit
1787 2148 1882 2190 Dfis

1050 2213 1250 2249 sanctum
1265 2221 1402 2258 suum,
1422 2207 1640 2248 D6minus
1656 2203 1882 2248 exaudivit

1050 2277 1161 2314 eum,
1181 2269 1225 2306 et
1244 2264 1472 2305 constituit
1492 2276 1593 2305 eum
1612 2262 1657 2303 in
1675 2273 1798 2314 pace.

1105 2319 1205 2359 Ant.
1223 2319 1449 2362 Laetentur
1468 2332 1633 2368 omnes,
1648 2319 1672 2344 *
1691 2317 1767 2370 qui
1787 2328 1882 2369 spe-

1049 2381 1148 2418 rant
1167 2377 1212 2417 in
1230 2381 1275 2418 te
1289 2377 1495 2418 D6mine:
1515 2375 1723 2428 quoniam
1741 2378 1790 2415 tu
1809 2372 1882 2414 be-

1049 2432 1258 2474 nedixisti
1277 2434 1409 2484 justo,
1436 2437 1563 2474 scuto
1582 2431 1714 2473 bonae
1733 2429 1882 2471 volun-

1049 2489 1154 2530 tatis
1173 2494 1262 2530 tuae
1282 2489 1507 2530 coronasti
1526 2501 1636 2530 eum.

1338 2547 1537 2587 Psalmus
1560 2548 1598 2588 5.
1841 2580 1847 2585 .

1143 2604 1248 2646 erba
1270 2618 1368 2646 mea
1393 2605 1572 2647 auribus
1595 2603 1775 2656 percipe
1793 2602 1881 2643 Do-

1161 2661 1293 2711 mine,
1338 2663 1362 2688 *
1407 2661 1603 2712 intellige
1645 2659 1882 2700 clamorem

1050 2729 1207 2758 meum.
