2040 2976
634 184 737 218 Infra
761 185 1054 219 Hebdomadam
1080 186 1132 220 iii.
1156 187 1333 229 Augusti.

132 273 230 324 hos,
253 274 327 326 qui
346 287 392 316 se
413 274 665 326 observant,
685 290 710 318 a
730 276 956 319 doloribus

132 329 344 372 liberavit.

187 393 237 443 R2.
259 386 421 430 Emitte
439 387 639 430 Domine.
658 389 751 430 247.

383 500 528 537 Feria
552 500 714 539 Sexta.

306 556 371 596 De
398 552 511 594 libro
539 552 805 606 Sapientiae-1

237 615 389 656 Lectio
410 614 433 654 i.
676 614 777 666 Cap.
797 615 853 654 13.

142 681 235 730 ἉᾏΗ
250 670 320 711 ani
348 673 493 711 autem
521 675 621 712 sunt
645 683 797 712 omnes
821 671 957 713 homi-

145 727 235 765 '*521=‘«'*'
266 739 364 776 nes,
407 725 452 766 in
487 726 645 779 quibus
681 740 770 769 non
806 727 958 769 subest

133 783 312 825 scientia
330 782 428 824 Dei:
453 787 496 824 et
515 782 570 824 de
589 782 671 833 his,
693 796 791 835 quae
810 783 957 825 viden-

132 844 204 881 tur
217 839 343 889 bona,
361 851 449 880 non
463 841 701 891 potuerunt
715 839 957 890 intelligere

134 907 248 945 eum,
277 895 351 948 qui
378 899 460 944 est,
487 908 631 948 neque
659 896 868 949 operibus
896 901 956 938 at-

132 951 363 993 tendentes
400 954 672 1002 agnoverunt
711 953 807 1005 quis
841 957 957 994 esset

134 1008 307 1049 artifex:
338 1007 418 1050 sed
443 1013 517 1050 aut
540 1008 699 1059 ignem,
732 1014 806 1050 aut
835 1009 957 1061 spiri·
1069 1012 1094 1036 τέ

133 1068 235 1114 111111,
255 1069 329 1106 aut
345 1064 524 1106 citatum
539 1066 695 1115 aerem,
715 1070 789 1107 aut
803 1077 958 1117 gyrum

133 1119 374 1170 stellarum,
393 1125 467 1162 aut
486 1121 662 1162 nimiam
680 1134 856 1173 aquam,
883 1126 957 1163 aut

133 1175 272 1218 solem
291 1181 334 1218 et
352 1176 510 1227 lunam,
529 1179 724 1219 rectores
742 1177 859 1219 orbis
873 1183 956 1219 ter—

131 1234 279 1274 rarum
307 1232 416 1275 deos
443 1235 717 1286 putaverunt.
761 1235 957 1284 Quorum

132 1288 170 1330 si
200 1290 347 1341 specie
380 1290 600 1340 delectati,
638 1290 744 1332 deos
777 1293 956 1343 putave-

132 1350 247 1386 runt:
272 1346 412 1388 sciant
438 1352 599 1399 quanto
619 1347 687 1388 his
707 1347 956 1389 dominator

133 1403 285 1443 eorum
300 1403 544 1455 speciosior
559 1408 636 1446 est.
657 1403 828 1456 Speciei
843 1404 956 1446 enim

131 1460 365 1508 generator
381 1459 478 1501 haec
498 1459 643 1501 omnia
662 1461 895 1502 constituit.

182 1518 234 1570 R.
260 1514 330 1556 Da
348 1515 452 1557 mihi
469 1515 670 1558 Domine.
689 1517 782 1557 247.

434 1573 585 1616 Lectio
605 1574 645 1615 ii.

207 1631 257 1668 ut
275 1627 312 1668 si
331 1627 557 1678 virtutem,
583 1633 626 1670 et
651 1630 787 1682 opera
805 1631 957 1671 eorum

233 1683 377 1725 mirati
394 1689 506 1734 sunt,
525 1684 768 1737 intelligant
788 1685 842 1727 ab
861 1686 956 1736 illis,

133 1740 338 1792 quoniam
359 1740 433 1792 qui
452 1740 548 1782 haec
566 1741 685 1791 fecit,
714 1741 870 1784 fortior
890 1748 957 1784 est

130 1796 231 1838 illis:
263 1809 289 1837 a
319 1796 619 1848 magnitudine
653 1798 767 1839 enim
794 1800 957 1852 speciei

132 1858 176 1895 et
193 1856 405 1895 creaturae
425 1853 778 1905 cognoscibiliter
794 1856 957 1907 poterit

132 1909 314 1951 Creator
335 1909 492 1951 horum
516 1909 664 1952 videri.
700 1910 787 1952 Sed
810 1916 956 1953 tamen

132 1965 275 2008 adhuc
291 1966 335 2006 in
353 1965 420 2007 his
436 1966 578 2008 minor
598 1971 665 2008 est
684 1968 871 2019 querela.
899 1968 956 2009 Et

131 2022 176 2063 hi
190 2023 304 2064 enim
317 2023 505 2064 fortasse
520 2028 674 2073 errant,
690 2024 833 2065 Deum
849 2037 957 2076 quae-

131 2080 299 2133 rentes,
322 2084 365 2121 et
391 2079 590 2121 volentes
617 2080 821 2122 invenire.
882 2081 954 2122 Et-

133 2135 247 2176 enim
274 2148 373 2177 cum
404 2136 448 2176 in
475 2136 683 2189 operibus
713 2137 826 2178 illius
855 2150 954 2178 con-

131 2193 368 2241 versentur,
384 2192 621 2244 inquirunt:
640 2198 684 2234 61
698 2195 955 2246 persuasum

131 2246 293 2290 habent
329 2249 534 2301 quoniam
570 2248 687 2291 bona
724 2254 823 2290 sunt
855 2262 954 2301 quae

131 2304 343 2346 videntur.

182 2362 232 2413 R.
259 2361 434 2403 Initium
453 2362 691 2414 sapientiae.
710 2362 803 2403 247.

430 2417 581 2458 Lectio
602 2418 655 2457 iii.

181 2478 322 2515 terum
373 2478 519 2514 autem
570 2486 651 2515 nec
700 2474 768 2515 his
822 2473 954 2516 debet

193 2530 372 2581 ignosci.
413 2529 458 2571 Si
491 2530 605 2571 enim
631 2535 801 2572 tantum
827 2535 953 2582 potu-

132 2587 257 2628 erunt
284 2586 412 2636 86116,
443 2591 490 2628 111
521 2591 704 2639 possent
736 2586 952 2628 aestimare

133 2643 354 2684 saeculum:
392 2642 615 2694 quomodo
646 2642 771 2694 hujus
803 2642 951 2695 Domi-

131 2711 234 2740 num
251 2712 338 2741 non
358 2699 524 2741 facilius
543 2697 823 2740 invenerunt?
842 2699 951 2741 Infe-

1008 277 1114 319 lices
1134 282 1280 319 autem
1300 283 1414 327 sunt,
1439 284 1483 320 et
1501 279 1612 320 inter
1631 281 1829 321 mortuos

1010 346 1111 386 spes
1143 333 1318 375 illorum
1351 340 1432 384 est,
1475 335 1547 387 qui
1586 335 1830 388 appellave-

1009 394 1109 431 runt
1145 389 1252 431 deos
1291 393 1426 443 opera
1461 394 1666 433 manuum
1697 392 1831 434 homi-

1008 459 1126 496 num,
1147 459 1299 487 aurum
1319 452 1362 488 et
1381 449 1622 499 argentum,
1648 449 1753 490 artis
1772 449 1831 489 in-

1008 502 1267 552 ventionem,
1287 508 1330 544 et
1349 503 1653 545 similitudines
1673 505 1831 546 anima-

1008 558 1128 609 lium,
1161 564 1235 600 aut
1267 559 1462 611 lapidem
1493 560 1689 602 inatilem
1721 574 1832 614 opus

1008 628 1162 656 manus
1182 617 1383 667 antiquae.

1066 676 1116 727 R.
1137 671 1335 713 Verbum
1354 672 1561 723 iniquum.
1580 674 1673 713 248.

1278 784 1305 820 S
1325 795 1350 820 a
1366 785 1392 820 b
1410 785 1436 820 b
1455 796 1480 820 a
1496 789 1512 820 t
1530 796 1567 822 0.

1184 841 1248 880 De
1275 837 1387 879 libro
1416 837 1662 890 Sapientiae.

1117 899 1269 940 Lectio
1291 900 1315 939 i.
1559 901 1659 953 Cap.
1678 903 1734 941 15.

1069 964 1132 994 11
1163 958 1309 995 autem
1336 954 1457 995 Deus
1491 959 1657 1004 noster,
1689 955 1832 996 suavis

1121 1014 1164 1051 et
1183 1022 1314 1051 verus
1334 1023 1397 1060 es,
1423 1011 1610 1062 patiens,
1637 1016 1680 1052 et
1697 1011 1740 1051 in
1758 1011 1832 1051 mi—

1009 1065 1249 1107 sericordia
1280 1066 1518 1120 disponens
1552 1068 1707 1108 omnia.
1759 1067 1831 1108 Et-

1009 1122 1123 1163 enim
1149 1122 1186 1162 si
1211 1123 1554 1175 peccaverimus,
1583 1123 1646 1164 tui
1674 1136 1832 1173 sumus,

1009 1178 1196 1220 scientes
1215 1179 1557 1230 magnitUdinem
1576 1184 1710 1220 tuam:
1735 1185 1777 1221 et
1796 1181 1833 1221 si

1008 1247 1096 1275 non
1130 1236 1476 1287 peccaverimus,
1526 1236 1684 1277 scimus
1727 1239 1831 1288 quo-

1007 1291 1125 1332 niam
1162 1292 1280 1345 apud
1315 1297 1359 1334 te
1397 1306 1544 1334 sumus
1580 1294 1831 1346 computati.

1007 1347 1151 1389 Nosse
1171 1349 1286 1390 enim
1304 1354 1364 1399 te,
1390 1352 1691 1391 consummata
1714 1351 1829 1401 justi-

1007 1404 1068 1445 tia
1087 1409 1168 1446 est:
1193 1410 1236 1447 et
1256 1406 1367 1448 scire
1387 1406 1609 1458 justitiam,
1636 1412 1679 1447 et
1699 1406 1829 1448 virtu-

1007 1465 1097 1502 tem
1114 1466 1244 1512 tuam,
1264 1462 1389 1504 radix
1404 1468 1470 1504 est
1484 1463 1832 1504 immortalitatis.

1063 1521 1114 1572 Ra
1136 1518 1323 1560 Domine
1342 1524 1476 1571 pater.
1495 1520 1586 1560 237.

1319 1577 1470 1618 Lectio
1490 1577 1529 1617 ii.

1010 1628 1159 1734 Non
1200 1633 1314 1674 enim
1354 1633 1398 1673 in
1435 1634 1627 1674 errorem
1661 1631 1832 1674 induxit

1113 1701 1194 1729 nos
1222 1688 1446 1730 hominum
1473 1688 1600 1729 malae
1628 1689 1733 1729 artis
1762 1701 1830 1729 ex-

1008 1744 1233 1794 cogitatio,
1272 1758 1353 1786 nec
1380 1745 1534 1786 umbra
1561 1745 1745 1796 picturae
1772 1744 1830 1785 la-

1007 1800 1089 1842 bor
1109 1801 1201 1842 sine
1216 1802 1369 1851 fructu,
1389 1801 1553 1852 effigies
1568 1801 1738 1853 sculpta
1752 1813 1831 1853 per

1007 1858 1155 1898 varios
1182 1858 1370 1907 colores,
1398 1858 1517 1909 cujus
1543 1859 1747 1910 aspectus
1770 1858 1828 1898 in-

1007 1916 1185 1955 sensato
1222 1913 1298 1956 dat
1333 1914 1747 1966 concupiscentiam,
1787 1918 1830 1955 et

1008 1968 1147 2020 diligit
1185 1972 1370 2012 mortuae
1405 1969 1605 2021 imaginis
1642 1969 1828 2020 effigiem

1007 2025 1099 2067 sine
1136 2026 1287 2067 anima.
1340 2025 1556 2067 Malorum
1592 2028 1829 2074 amatores,

1008 2080 1127 2132 digni
1164 2087 1264 2123 sunt
1300 2082 1373 2133 qui
1409 2095 1532 2134 spem
1564 2081 1754 2123 habeant
1784 2082 1827 2121 in

1006 2137 1181 2187 talibuS,
1208 2142 1251 2179 et
1272 2138 1347 2190 qui
1365 2138 1528 2179 faciunt
1545 2137 1661 2187 illos«,
1688 2142 1731 2179 et
1756 2137 1829 2188 qui

1006 2192 1200 2244 diligunt,
1220 2199 1263 2235 et
1284 2193 1357 2245 qui
1377 2193 1535 2235 colunt.

1059 2254 1110 2304 R.
1134 2250 1291 2300 Magna
1311 2250 1435 2291 enim.
1454 2250 1545 2290 237.

1220 2310 1224 2313 '
1308 2310 1460 2351 Lectio
1480 2310 1535 2350 iii.

1075 2360 1130 2402 ed
1176 2366 1219 2403 et
1254 2361 1412 2413 figulus
1453 2362 1631 2404 mollem
1667 2368 1827 2404 terram

1095 2430 1298 2470 premens
1342 2418 1563 2461 laboriose
1607 2418 1731 2469 fingit
1770 2418 1826 2460 ad

1004 2487 1109 2515 usus
1145 2479 1320 2516 nostros
1356 2475 1698 2527 unumquodque
1733 2487 1825 2523 vas,

1006 2535 1049 2572 et
1078 2529 1132 2572 de
1157 2530 1313 2572 eodem
1331 2531 1425 2573 luto
1449 2531 1571 2582 fingit
1591 2544 1688 2583 quae
1706 2543 1823 2571 mun-

1006 2586 1062 2628 da
1085 2591 1185 2628 sunt
1208 2587 1252 2627 in
1272 2600 1398 2628 usum
1417 2600 1536 2636 vasa,
1566 2592 1609 2629 et
1631 2586 1824 2628 similiter

1007 2656 1104 2695 quae
1122 2643 1190 2684 his
1210 2648 1310 2686 sunt
1329 2644 1560 2685 contraria:
1579 2643 1733 2684 horum
1752 2654 1822 2681 au-

1003 2705 1093 2741 tem
1116 2701 1320 2741 vasorum
1345 2700 1442 2751 quis
1467 2699 1523 2740 sit
1547 2711 1666 2747 usus,
1694 2696 1822 2749 judex

1768 184 1830 218 251
1897 196 1903 201 ·
