2040 2976
208 226 255 260 10
783 216 979 250 Dominica
1007 213 1053 246 ad
1083 209 1316 244 Matutinum.

205 256 1899 292 ‘df—J*-

257 319 483 359 Protector
502 325 634 360 meusy
655 315 697 352 et
717 322 851 351 cornu
870 305 1020 347 salutis
1073 304 1095 328 *
1121 308 1164 344 et
1187 300 1379 343 revelata
1402 300 1503 338 sunt
1527 292 1809 335 fundamenta
1831 302 1898 331 or-

206 388 325 422 meae,
345 374 367 398 *
387 377 428 413 et
448 371 675 421 susceptor
693 378 825 407 meus.

256 433 456 475 Laudans
483 428 697 471 invocabo
726 425 974 466 Dominum:
998 422 1021 446 ¹⁸¹

207 498 249 533 et
268 490 321 531 ab
341 488 522 529 inimicis
541 485 650 526 meis
670 483 813 524 salvus
834 493 919 522 ero.

257 546 641 592 Circumdederunt
651 556 719 584 me
728 542 902 584 dolores
911 551 1022 580 mor-

208 609 275 650 tis:
299 608 321 631 *
347 611 390 647 et
417 605 632 646 torrentes
660 598 896 651 iniquitatis
925 608 1022 637 con-

207 662 488 705 turbaverunt
507 672 586 700 me.

257 722 445 764 Dolores
472 718 625 761 inferni
649 713 1024 758 circumdederunt

208 793 291 821 me:
309 780 332 805 *
350 776 766 831 praeoccupaverunt
789 785 857 812 me
880 769 1024 822 laquei

210 835 373 877 mortis.

260 897 311 937 In
324 893 600 936 tribulatione
615 903 711 931 mea
726 888 925 930 invocavi
939 887 1026 927 Do-

210 952 391 1000 minum,
409 951 431 975 *
452 954 494 991 et
523 947 578 989 ad
604 947 745 998 Deum
772 957 916 986 meum
945 942 1026 984 cla-

212 1009 340 1049 mavi:

263 1069 318 1109 Et
350 1065 569 1108 exaudivit
599 1063 653 1105 de
684 1062 848 1115 templo
877 1065 1026 1102 sancto

213 1137 291 1165 suo
306 1136 458 1164 vocem
472 1134 626 1162 meam:
637 1121 659 1145 *
672 1125 714 1161 6(
730 1119 892 1160 clamor
906 1129 1028 1158 meus

213 1182 254 1222 in
280 1180 515 1231 conspectu
541 1178 644 1228 ejus,
673 1175 865 1217 introivit
892 1175 935 1214 in
959 1187 1028 1214 au-

214 1250 284 1278 res
303 1237 402 1288 ejus.

267 1297 494 1338 Commota
513 1300 592 1343 est,
612 1298 654 1335 et
674 1291 931 1334 contremuit
947 1296 1029 1332 ter-

216 1366 277 1394 ra:
295 1354 318 1378 *
338 1350 613 1393 fundamenta
631 1349 841 1390 montium
860 1352 1029 1389 contur-

215 1410 316 1451 bata
336 1413 448 1457 sunt,
474 1412 516 1448 et
541 1407 759 1448 commota
783 1410 896 1454 sunt,
927 1405 1030 1456 quo-

217 1466 329 1506 niam
347 1465 482 1505 iratus
503 1469 568 1504 est
587 1463 659 1504 eis.

269 1523 477 1566 Ascendit
510 1523 650 1564 fumus
682 1523 723 1562 in
755 1522 818 1562 ira
851 1522 957 1572 ejus:
991 1525 1033 1561 et

219 1581 329 1632 ignis
353 1594 378 1621 a
403 1580 509 1620 facie
534 1580 623 1630 ejus
649 1578 823 1619 exarsit:
841 1578 863 1602 *
884 1576 1032 1618 carbo-

220 1651 296 1679 nes
316 1636 509 1678 succensi
528 1640 626 1676 sunt
645 1634 699 1676 ab
720 1647 783 1676 co.

271 1696 496 1738 Inclinavit
515 1695 665 1743 coelos,
690 1700 732 1736 et
756 1693 992 1736 descendit:
1012 1694 1035 1719 *

223 1759 265 1795 et
285 1752 421 1802 caligo
442 1751 520 1792 sub
540 1751 724 1804 pedibus
744 1752 843 1802 ejus.

274 1814 329 1854 Et
353 1811 545 1854 asce'ndit
569 1825 697 1864 super
723 1811 969 1860 Cherubim,
994 1816 1037 1852 et

224 1869 403 1910 volavit:
438 1870 460 1893 *
502 1868 663 1909 volavit
704 1881 834 1920 super
874 1881 1037 1920 pennas

225 1927 462 1968 ventorum.

276 1986 330 2027 Et
349 1985 494 2038 posuit
514 1984 714 2026 tenebras
732 1983 957 2025 latibulum
973 1997 1038 2024 su-

226 2055 312 2090 um,
336 2042 378 2082 in
403 2041 583 2082 circuitu
607 2041 695 2091 ejus
714 2039 1039 2082 tabernaculum

227 2099 330 2150 ejus:
352 2099 374 2122 ¹*
399 2096 628 2138 tenebrosa
652 2110 764 2149 aqua
787 2098 829 2137 in
853 2096 1040 2138 nubibus

229 2154 351 2195 aeris.

279 2210 374 2250 Prae
408 2209 572 2259 fulgore
609 2210 651 2249 in
684 2211 921 2262 conspectu
953 2210 1042 2260 ejus

228 2264 364 2306 nubes
383 2265 651 2314 transierunt,
666 2266 688 2290 *
707 2265 872 2316 grando
893 2271 935 2307 et
954 2278 1042 2306 car-

229 2320 365 2362 bones
383 2321 502 2371 ignis.

282 2386 336 2427 Et
355 2386 538 2427 intonuit
558 2385 611 2427 de
631 2386 742 2427 coelo
758 2387 980 2435 Dominus,
1002 2392 1044 2427 et

232 2441 478 2483 Altissimus
515 2441 634 2483 dedit
666 2455 817 2484 vocem
855 2456 990 2483 suam:
1022 2443 1044 2467 *

230 2497 395 2548 grando
416 2503 458 2539 et
478 2497 687 2540 carbones
706 2499 824 2549 ignis.

283 2559 338 2599 Et
356 2558 472 2600 misit
486 2561 664 2609 sagittas
680 2573 790 2608 suas,
810 2565 853 2600 et
868 2558 1046 2611 dissipa-

233 2615 293 2655 vit
313 2627 403 2655 eos:
422 2615 444 2638 *
466 2614 632 2664 fulgura
662 2615 976 2667 multiplicavit,
1005 2620 1047 2656 ct

233 2669 507 2711 conturbavit
526 2683 612 2711 eos.

284 2727 339 2767 Et
358 2728 650 2779 apparuerunt
670 2727 810 2769 fontes
826 2729 1047 2779 aquarum,

1072 359 1139 400 bis
1158 359 1385 399 terrarum:

1125 414 1194 456 Ab
1220 410 1515 464 increpatione
1544 412 1619 448 tua
1642 403 1848 453 Domine,
1875 403 1899 428 *

1075 471 1128 513 ab
1148 469 1429 523 inspiratione
1449 464 1627 518 spiritus
1646 462 1723 502 irae
1742 466 1844 502 tuae.

1126 528 1244 568 Misit
1268 525 1322 567 de
1348 535 1534 570 summo,
1559 524 1603 561 et
1627 517 1798 570 accepit
1816 529 1901 558 me:

1075 586 1098 610 *
1118 590 1162 626 et
1180 581 1415 634 assumpsit
1433 591 1502 619 me
1523 577 1578 618 de
1599 575 1723 627 aquis
1742 573 1901 615 multis.

1128 640 1298 693 Eripuit
1316 651 1385 679 me
1410 636 1464 677 de
1483 632 1670 675 inimicis
1689 630 1798 672 meis
1817 630 1901 671 for-

1077 697 1270 745 tissimiS,
1295 700 1338 737 et
1362 693 1416 735 ab
1441 692 1493 732 iis
1519 690 1594 742 qui
1613 687 1800 730 oderunt
1818 699 1903 727 me:

1077 755 1100 780 *
1113 753 1317 806 quoniam
1327 747 1561 792 confortati
1571 750 1671 787 sunt
1682 757 1814 797 super
1821 756 1903 784 me.

1128 810 1440 851 Praeven'erunt
1463 817 1532 845 me
1551 804 1596 844 in
1616 801 1685 843 die
1705 800 1903 842 afflictio-

1078 867 1144 908 nis
1168 879 1293 907 meae:
1312 866 1335 890 *
1356 869 1399 905 et
1426 863 1565 903 factus
1597 863 1663 901 est
1687 857 1904 899 Dominus

1079 925 1303 976 protector
1321 933 1454 962 meus.

1130 981 1186 1021 Et
1215 978 1365 1021 eduxit
1391 989 1460 1017 me
1492 975 1536 1015 in
1563 970 1854 1014 latitudinem:
1880 970 1904 995 *

1081 1037 1247 1078 salvum
1257 1047 1326 1076 me
1337 1034 1449 1082 fecit,
1463 1030 1669 1084 quoniam
1676 1027 1815 1070 voluit
1823 1039 1905 1068 me.

1132 1094 1187 1134 Et
1219 1090 1429 1133 retribuet
1459 1087 1566 1128 mihi
1594 1085 1810 1127 Dominus
1843 1096 1906 1125 se-

1082 1149 1271 1191 cundum
1298 1146 1505 1199 justitiam
1531 1157 1691 1192 meam,
1719 1142 1743 1168 *
1772 1146 1815 1183 et
1843 1153 1906 1182 se-

1083 1206 1271 1247 cundum
1298 1203 1534 1257 puritatem
1561 1202 1769 1241 manuum
1792 1198 1907 1239 mea-

1082 1276 1177 1303 rum
1196 1260 1406 1303 retribuet
1424 1258 1545 1299 mihi:

1134 1319 1245 1369 Quia
1281 1315 1498 1359 custodivi
1534 1315 1627 1355 vias
1659 1312 1853 1361 Domini,
1884 1310 1908 1336 *

1083 1389 1162 1417 nec
1182 1375 1312 1427 impie
1331 1373 1447 1424 gessi
1466 1385 1491 1413 a
1509 1373 1606 1413 Deo
1626 1383 1736 1412 meo.

1136 1432 1348 1483 Quoniam
1383 1429 1528 1470 omnia
1558 1427 1719 1480 judicia
1750 1427 1840 1478 ejus
1866 1424 1910 1465 in

1085 1490 1324 1541 conspectu
1350 1499 1464 1527 meo:
1483 1486 1507 1511 *
1532 1490 1575 1527 et
1603 1483 1788 1536 justitias
1820 1482 1910 1534 ejus

1085 1559 1173 1586 non
1191 1544 1330 1597 repuli
1350 1556 1374 1584 a
1392 1556 1472 1584 me.

1138 1603 1193 1642 Et
1213 1614 1287 1642 ero
1303 1598 1607 1640 immaculatus
1623 1611 1722 1639 cum
1737 1608 1806 1638 eo:
1824 1595 1848 1621 *
1869 1599 1912 1636 6(

1088 1657 1333 1700 observabo
1353 1670 1422 1698 me
1443 1655 1496 1697 ab
1517 1655 1746 1707 iniquitate
1765 1664 1874 1694 mea.

1140 1715 1195 1756 Et
1227 1713 1438 1755 retribuet
1470 1711 1577 1753 mihi
1604 1710 1821 1752 Dominus
1850 1721 1914 1750 se-

1089 1770 1278 1812 cundum
1308 1770 1515 1822 justitiam
1541 1781 1698 1809 meam:
1725 1766 1749 1792 *
1778 1770 1823 1807 et
1850 1777 1914 1806 se-

1090 1827 1278 1868 candum
1303 1827 1539 1879 puritatem
1565 1826 1773 1866 manuum
1799 1822 1914 1863 mea-

1090 1897 1185 1924 rum
1203 1884 1246 1924 in
1267 1884 1505 1935 conspe'ctu
1524 1880 1752 1923 oculorum
1771 1879 1872 1930 ejus.

1144 1941 1251 1982 Cum
1283 1945 1433 1981 sancto
1473 1943 1649 1980 sanctus
1682 1936 1784 1985 eris,
1815 1935 1839 1960 *
1873 1938 1917 1976 et

1092 2010 1189 2038 cum
1213 1997 1305 2037 viro
1330 1997 1559 2036 innocente
1584 1997 1792 2035 innocens
1817 1990 1918 2032 eris:

1144 2054 1199 2095 Et
1225 2066 1322 2094 cum
1348 2052 1486 2094 electo
1513 2051 1678 2093 electus
1698 2049 1799 2091 eris:
1825 2048 1849 2073 *
1875 2051 1919 2088 6(

1094 2123 1191 2150 cum
1211 2111 1418 2162 perverso
1439 2107 1716 2161 perverteris.

1146 2166 1360 2216 Quoniam
1392 2170 1438 2206 tu
1470 2164 1682 2217 populum
1710 2159 1920 2203 humilem

1095 2222 1262 2263 salvum
1290 2222 1436 2263 facies:
1463 2222 1485 2247 *
1515 2226 1559 2263 et
1586 2219 1738 2262 oculos
1771 2229 1919 2270 super-

1095 2278 1250 2320 borum
1269 2277 1526 2319 humiliabis.

1148 2336 1362 2385 Quoniam
1385 2340 1433 2375 tu
1458 2334 1674 2375 illuminas
1699 2332 1921 2374 lucernam

1096 2404 1236 2432 meam
1261 2391 1463 2432 Domine:
1486 2392 1509 2415 *
1533 2391 1654 2431 Deus
1678 2402 1802 2431 meus
1827 2387 1920 2429 illu-

1096 2447 1211 2488 mina
1230 2447 1433 2489 tenebras
1452 2460 1582 2488 meas.
1842 2476 1846 2481 -

1150 2505 1363 2554 Quoniam
1396 2505 1439 2544 in
1471 2509 1514 2545 te
1543 2503 1702 2556 eripiar
1732 2515 1757 2543 a
1785 2506 1922 2543 tenta-

1098 2560 1235 2609 tione,
1262 2561 1285 2585 *
1314 2565 1356 2601 et
1385 2561 1428 2600 in
1455 2561 1551 2601 Deo
1580 2572 1678 2601 meo
1708 2558 1923 2608 transgre-

1100 2615 1194 2656 diar
1213 2630 1392 2657 murum.

1151 2673 1269 2713 Deus
1301 2686 1423 2714 meus
1455 2671 1684 2725 impolluta
1716 2672 1787 2712 via
1819 2671 1924 2722 ejus:

1101 2728 1274 2780 eloquia
1296 2729 1473 2770 Domini
1496 2729 1595 2779 igne
1622 2728 1882 2770 examinata:
1901 2726 1924 2752 *
