2040 2976
201 213 292 258 [134]

677 212 716 245 lu
743 212 866 245 Pestis
896 212 931 245 Η.
962 212 1089 245 Mariae
1117 212 1156 245 V.
1185 222 1252 255 per
1277 223 1426 246 annum.

252 310 462 352 Excelsus
502 323 634 363 super
670 323 822 352 omnes
859 310 1023 352 Gentes

200 367 430 417 Dominus,
449 367 472 393 *
500 372 544 409 et
571 379 702 420 super
722 366 860 408 coelos
884 367 1023 418 gleria

201 437 301 476 ejus.

252 481 358 531 Quis
374 481 485 522 sicut
498 480 712 522 Deminus
727 481 847 522 Deus
863 484 1022 530 noster,

202 538 275 590 qui
293 538 336 578 in
355 537 454 579 altis
473 537 651 586 habitat,
666 538 688 563 *
709 542 752 579 et
767 536 945 578 humilia
959 538 1022 577 re-

201 594 329 647 spicit
345 594 389 634 in
409 594 522 636 coelo
544 599 586 636 et
604 594 647 635 in
666 592 808 635 terra?

251 651 475 692 Suscitans
507 664 532 692 a
562 656 679 692 terra
711 653 903 703 inopem,
928 650 951 675 *
980 654 1024 691 et

200 707 254 749 de
275 709 469 750 stercore
490 708 659 759 erigens
678 711 932 760 pauperem:

253 764 312 806 Ut
341 764 528 806 cellocet
557 777 656 806 eum
689 777 789 805 cum
821 763 1023 816 principi-

199 820 295 872 bus,
316 822 339 846 *
367 834 467 863 cum
485 820 757 874 principibus
776 820 928 873 pepuli
948 819 1024 860 sui.

251 878 335 928 Qui
354 877 550 920 habitare
567 878 669 919 facit
684 876 876 918 sterilem
890 876 934 917 in
949 875 1023 917 do-

199 947 283 984 mo,
302 935 326 960 *
353 939 536 976 matrem
555 934 744 976 filiorum
762 934 993 975 laetantem.

252 995 351 1034 Ant.
381 994 513 1033 Laeva
536 992 626 1043 ejus
651 990 731 1032 sub
751 990 894 1042 capite
913 1001 1025 1039 meo,

200 1052 243 1089 et
263 1047 444 1089 dextera
466 1048 580 1089 illius
605 1046 926 1101 amplexabitur
944 1058 1025 1087 me.

254 1107 350 1147 Ant.
380 1105 514 1156 Nigra
542 1118 654 1154 sum,
674 1105 697 1129 *
717 1103 795 1145 sed
823 1103 1024 1152 formosa,

200 1161 302 1203 fssiae
338 1161 593 1203 Jerusalem:
630 1160 731 1202 ideo
770 1159 923 1201 dilexit
955 1172 1026 1201 me

200 1219 313 1269 Rex,
343 1223 386 1260 et
413 1217 657 1260 introduxit
685 1230 755 1259 me
782 1217 827 1257 in
854 1216 1026 1258 cubicu-

200 1274 291 1316 lum
310 1289 445 1316 suum.
854 1280 856 1282 '

468 1331 662 1371 psalmus
685 1331 759 1369 121.

265 1391 422 1430 aetatus
455 1402 551 1430 sum
580 1389 624 1429 in
652 1388 735 1437 his,
780 1401 879 1440 quae
908 1387 1027 1429 dicta

287 1450 388 1487 sunt
411 1445 532 1486 mihi:
550 1445 633 1486 *in
653 1444 831 1486 domum
848 1444 1027 1486 Demini

200 1502 371 1544 ibimus.

253 1559 427 1601 Stantes
456 1563 578 1600 erant
604 1557 742 1611 pedes
770 1557 922 1607 nostri,
941 1557 1027 1598 *in

202 1616 323 1657 atriis
343 1615 430 1657 tuis
449 1615 701 1656 Jerusalem.

254 1672 508 1722 Jerusalem,
527 1684 625 1724 quae
643 1671 886 1713 aedificatur
903 1675 952 1712 ut
971 1672 1026 1711 ci-

203 1728 329 1770 vitas:
355 1728 378 1754 *
407 1729 527 1780 cujus
554 1728 835 1781 participatio
865 1728 955 1780 ejus
983 1727 1026 1767 in

202 1784 403 1838 idipsum.

254 1841 364 1883 Illuc
399 1841 513 1883 enim
547 1841 839 1882 ascenderunt
873 1839 1027 1890 tribus,

202 1897 343 1940 tribus
399 1898 598 1939 Demini:
651 1898 675 1923 *
728 1897 1029 1939 testimenium

202 1955 339 1996 Israel
361 1954 418 1996 ad
443 1954 739 1996 confitendum
758 1953 923 1995 nemini
941 1953 1028 1994 Do-

204 2024 318 2052 mim.

259 2067 370 2117 Quia
397 2067 486 2109 illic
515 2067 723 2109 sederunt
751 2067 880 2109 sedes
904 2067 950 2108 in
970 2068 1028 2120 ju-

206 2122 333 2173 dicio,
348 2124 371 2150 *
386 2124 514 2166 sedes
532 2137 663 2178 super
679 2124 858 2166 domum
873 2123 1029 2165 David.

257 2180 429 2232 Rogate
458 2194 556 2233 quae
585 2181 642 2223 ad
664 2194 820 2234 pacem
841 2185 942 2222 sunt
962 2180 1028 2222 Je-

207 2236 410 2335 Eusalem:
424 2237 448 2263 *
466 2242 509 2279 et
528 2237 794 2279 abundantia
814 2237 1028 2290 diligenti-

238 2306 289 2335 us
307 2298 368 2335 te:

258 2349 356 2391 Fiat
383 2363 471 2402 pax
491 2350 535 2391 in
554 2351 715 2393 virtute
733 2355 823 2392 tua:
842 2351 866 2377 *
887 2355 931 2392 et
956 2350 1028 2392 ab·

207 2405 418 2448 undantia
436 2406 480 2447 in
501 2407 694 2449 turribus
712 2408 811 2449 tuis.

259 2463 449 2516 Propter
468 2463 624 2504 fratres
647 2477 787 2514 meos,
816 2469 859 2506 et
884 2463 1029 2517 prexi-

207 2528 304 2561 mos
319 2532 454 2569 meos,
467 2519 490 2545 *
505 2519 718 2571 loquebar
732 2533 886 2572 pacem
901 2520 956 2562 de
971 2525 1030 2562 te:

259 2576 446 2628 Propter
468 2575 647 2617 domum
661 2576 839 2617 Demini
853 2577 937 2618 Dei
955 2589 1029 2618 no-

210 2632 301 2683 stri,
319 2632 342 2658 *
361 2632 544 2684 quaesivi
562 2632 680 2674 bona
697 2631 790 2673 tibi.

266 2692 362 2731 Ant.
404 2690 539 2741 Nigra
570 2702 683 2738 sum,
720 2688 799 2730 sed
829 2689 1031 2738 formosa,

210 2747 312 2789 fssiae
343 2746 599 2788 Jerusalem:
634 2745 735 2787 ideo
774 2745 926 2787 dilexit
962 2759 1031 2787 me

1075 310 1187 359 Rex,
1220 314 1263 351 et
1290 309 1534 351 introduxit
1560 322 1630 352 me
1655 309 1700 350 in
1727 310 1899 352 cubicu-

1075 366 1165 407 lum
1184 378 1320 407 suum.

1132 423 1232 463 Ant.
1269 423 1364 463 Jam
1391 422 1531 464 hiems
1556 422 1744 464 transiit:
1772 422 1796 448 ¹⁸¹
1824 422 1899 464 im-

1075 479 1154 521 ber
1174 479 1297 529 abiit,
1326 484 1369 521 et
1388 479 1584 521 recessit:
1609 492 1738 531 surge
1762 481 1901 521 amica

1076 549 1183 585 mea,
1205 541 1248 578 et
1267 536 1376 577 veni.

1335 593 1534 634 Psalmus
1557 594 1642 633 126.

1171 649 1224 689 isi
1255 648 1471 690 Deminus
1508 648 1793 691 aedificaverit
1826 647 1902 691 do-

1192 718 1326 755 mum,
1360 705 1384 731 *
1419 705 1463 746 in
1490 718 1650 747 vanum
1679 704 1902 748 laborave-

1076 766 1176 802 runt
1197 762 1271 814 qui
1291 761 1511 804 aedificant
1531 774 1637 804 eam.

1127 818 1224 860 Nisi
1239 818 1455 860 Deminus
1475 817 1735 861 custodierit
1755 818 1903 861 civita-

1076 879 1177 926 tem,
1195 875 1218 901 *
1237 875 1399 917 frustra
1426 875 1578 928 vigilat
1606 875 1681 928 qui
1709 874 1904 917 custedit

1078 944 1184 973 eam.

1128 987 1305 1030 Vanum
1347 994 1415 1030 est
1451 989 1579 1031 vobis
1621 994 1723 1031 ante
1761 987 1905 1030 lucem

1079 1048 1274 1097 surgere:
1292 1045 1316 1071 *
1334 1046 1501 1097 surgite
1523 1051 1761 1099 postquam
1783 1044 1904 1087 sede-

1078 1102 1194 1199 ritis,
1237 1102 1312 1154 qui
1338 1101 1614 1144 manducatis
1641 1115 1801 1156 panem
1829 1100 1904 1144 do-

1096 1171 1196 1200 ons.

1131 1215 1240 1257 Cum
1277 1215 1449 1257 dederit
1490 1214 1662 1258 dilectis
1705 1214 1796 1256 suis
1838 1226 1905 1257 so-

1078 1286 1243 1314 mnum:
1270 1273 1295 1299 *
1324 1285 1426 1314 ecce
1459 1271 1695 1314 haereditas
1727 1270 1907 1313 Domini

1079 1329 1173 1370 fssii:
1192 1342 1372 1380 merces,
1393 1329 1561 1371 fructus
1580 1327 1760 1371 ventris.

1131 1386 1252 1428 Sicut
1278 1388 1451 1439 sagittae
1477 1386 1522 1427 in
1541 1398 1673 1427 manu
1695 1384 1907 1438 potentis:

1079 1443 1103 1469 *
1122 1443 1184 1484 ita
1202 1442 1282 1484 filii
1302 1444 1598 1485 excusserum.

1131 1500 1297 1541 Beatus
1323 1500 1390 1542 vir
1415 1500 1490 1552 qui
1513 1498 1712 1552 implevit
1738 1496 1907 1540 deside-

1079 1556 1192 1597 rium
1213 1570 1340 1598 suum
1360 1570 1414 1598 ex
1432 1556 1558 1610 ipsis:
1578 1556 1602 1582 *
1619 1569 1708 1597 non
1731 1555 1907 1597 confun-

1081 1612 1208 1654 detur
1244 1626 1344 1655 cum
1370 1613 1575 1666 loquetur
1602 1612 1789 1654 inimicis
1817 1611 1908 1654 suis

1079 1670 1123 1711 in
1141 1675 1282 1722 porta.
1514 1680 1516 1683 ·

1139 1727 1235 1767 Ant.
1264 1727 1358 1767 Jam
1386 1725 1525 1767 hiems
1553 1725 1740 1767 transiit:
1767 1724 1908 1767 imber

1081 1783 1199 1832 abiit,
1218 1787 1261 1824 et
1279 1782 1476 1824 recessit:
1493 1794 1623 1834 surge
1642 1784 1782 1824 amica
1798 1794 1908 1832 mea,

1081 1845 1125 1881 et
1142 1839 1253 1881 veni.

1136 1899 1234 1939 Ant.
1262 1897 1470 1950 Speciosa
1488 1897 1512 1922 *
1533 1896 1648 1939 facta
1672 1909 1719 1938 es
1746 1899 1789 1938 et
1813 1896 1908 1937 sua·

1081 1954 1146 1995 vis
1167 1954 1211 1994 in
1230 1953 1399 1995 deliciis
1422 1953 1524 2004 tuis,
1551 1957 1703 1995 sancta
1721 1952 1806 1995 Dei
1826 1952 1908 1994 Ge-

1080 2011 1223 2052 nitrix.

1348 2062 1546 2103 Psalmus
1567 2062 1652 2102 147.

1085 2119 1268 2225 Lauda
1310 2123 1554 2166 Jerusalem
1597 2123 1848 2165 Deminum:
1884 2122 1908 2148 *

1167 2182 1190 2207 *
1209 2179 1340 2223 lauda
1357 2180 1501 2223 Deum
1520 2185 1643 2222 tuum
1661 2180 1776 2222 Sion.

1135 2238 1352 2289 Queniam
1375 2237 1640 2279 confortavit
1663 2249 1785 2279 seras
1809 2247 1908 2290 por-

1081 2298 1225 2336 tarum
1259 2295 1447 2336 tuarum:
1483 2294 1506 2320 *
1542 2292 1767 2336 benedixit
1809 2291 1909 2334 filiis

1081 2352 1166 2393 tuis
1185 2352 1228 2392 in
1247 2356 1302 2393 te.

1133 2409 1217 2459 Qui
1244 2407 1392 2461 pesuit
1419 2406 1528 2449 fines
1555 2411 1656 2448 tuos
1683 2419 1858 2459 pacem:
1885 2406 1909 2431 ²⁸¹

1082 2470 1126 2507 et
1153 2465 1283 2518 adipe
1310 2464 1515 2505 frumenti
1542 2463 1672 2505 satiat
1699 2467 1753 2504 te.

1134 2522 1217 2572 Qui
1245 2521 1402 2562 emittit
1429 2520 1651 2572 eloquium
1679 2532 1804 2560 suum
1825 2523 1907 2561 ter-

1082 2591 1157 2619 rae:
1185 2578 1209 2604 *
1236 2577 1445 2619 veleciter
1473 2577 1607 2618 currit
1635 2588 1779 2618 sermo
1807 2575 1908 2628 ejus.

1134 2635 1218 2685 Qui
1254 2633 1330 2675 dat
1364 2634 1509 2675 nivem
1545 2634 1658 2674 sicut
1692 2632 1850 2673 lanam:
1883 2632 1907 2657 *

1082 2691 1286 2732 nebulam
1314 2691 1425 2732 sicut
1453 2692 1642 2732 cinerem
1670 2687 1847 2742 spargit.

1133 2747 1266 2788 Mittit
1280 2746 1534 2798 crystallum
1549 2758 1672 2787 suam
1683 2745 1795 2786 sicut
1803 2743 1905 2786 buc-
