2040 2976
201 216 245 250 94
791 210 958 241 &abbam
986 207 1031 239 aid
1061 206 1292 239 Matutiuum.

449 308 648 347 ‘l'salmus
673 308 733 345 10(
747 312 765 343 ).

200 362 622 467 MiseriCOrdiam,
643 367 711 403 ‘et
748 361 953 413 judicium
998 361 1020 385 *

328 421 514 463 cantabo
543 420 623 461 tibi
652 418 854 459 Damine:

251 478 451 526 Psallam,
474 483 517 518 et
537 475 775 526 intelligam
795 474 838 514 in
858 474 926 514 via
947 473 1020 513 im-

201 535 427 583 maculata,
445 536 468 560 *
489 524 664 584 quando
689 531 837 571 venies
866 528 922 570 ad
942 541 1021 569 me.

251 589 614 632 perambulabam
622 588 665 628 in
673 586 920 627 innocentia
930 597 1021 626 cor-

202 647 268 689 dis
288 647 384 696 mei,
403 648 425 673 *
445 648 489 686 in
508 644 653 686 medio
672 643 827 684 domus
847 654 967 682 meae.

251 703 351 744 Non
388 700 691 755 proponebam
729 704 829 740 ante
871 697 1021 739 oculos

201 772 323 800 meos
366 772 457 800 rem
499 758 718 809 injustam:
755 757 777 781 *
812 754 1021 795 facientes

201 815 585 868 praevaricationes
614 812 743 854 odivi.

252 872 352 912 Non
381 870 566 912 adhaesit
594 869 698 910 mihi
726 880 802 908 cor
826 879 1022 919 pravum:

202 930 224 955 *
241 928 529 969 declinantem
549 939 574 966 a
592 938 662 966 me
680 924 916 975 malignum
936 934 1021 962 non

203 983 535 1036 cognoscebam.
696 994 700 998 ·

254 1040 567 1082 Detrahentem
610 1039 778 1079 secreto
819 1035 1021 1089 preximo

202 1110 293 1146 suo,
321 1099 343 1123 *
372 1097 485 1137 hunc
513 1094 818 1148 persequebar.

253 1153 451 1206 Superbo
498 1151 646 1200 oculo,
699 1156 742 1192 et
787 1148 1022 1190 insatiabili

203 1209 345 1258 corde,
370 1211 392 1236 *
422 1221 519 1250 cum
548 1207 631 1249 hoc
660 1220 747 1248 non
775 1206 970 1248 edebam.

255 1265 381 1307 Oculi
400 1266 485 1306 mei
504 1264 560 1306 ad
580 1264 732 1305 fideles
751 1269 881 1304 terrae
897 1267 944 1303 ut
960 1263 1022 1302 se-

203 1322 334 1363 deant
362 1334 548 1362 mecum:
576 1323 598 1347 *
627 1320 852 1361 ambulans
880 1319 923 1359 in
952 1319 1022 1359 via

203 1378 494 1427 immaculata,
523 1376 593 1417 hic
611 1376 717 1417 mihi
736 1375 1022 1417 ministrabat.

253 1434 354 1475 Non
382 1433 597 1475 habitabit
626 1434 668 1473 in
696 1432 841 1474 medio
865 1432 1021 1473 domus

203 1504 311 1532 meae
331 1491 404 1542 qui
424 1490 526 1530 facit
547 1489 810 1542 superbiam:
829 1491 851 1516 *
873 1489 947 1540 qui
963 1488 1023 1529 lo-

205 1547 351 1599 quitur
371 1547 535 1597 iniqua,
563 1558 649 1586 non
676 1545 835 1586 direxit
860 1546 904 1585 in
924 1557 1022 1586 con-

205 1605 358 1655 spectu
377 1602 603 1643 oculorum
623 1604 831 1643 meorum.

257 1660 306 1699 In
318 1661 531 1699 matutino
546 1658 860 1700 interficiebam
873 1670 1023 1700 omnes

205 1717 462 1768 peccateres
498 1720 642 1756 terrae:
670 1717 693 1741 *
721 1723 768 1756 ut
802 1712 1023 1767 disperde-

206 1784 297 1813 rem
313 1771 367 1812 de
381 1771 557 1812 civitate
567 1771 743 1812 Damini
758 1783 908 1812 omnes
924 1783 1023 1823 ope-

206 1830 352 1869 rantes
373 1827 657 1878 iniquitatem.

264 1887 360 1926 Ant.
398 1883 583 1925 Jubilate
608 1885 703 1925 Deo
730 1884 872 1925 omnis
897 1889 1025 1925 terra.

266 1942 343 1982 Yel
376 1943 473 1981 Ant.
520 1943 688 1982 Bonum
726 1946 792 1982 est
828 1941 1025 1982 confiteri

207 1997 407 2038 Domino.

268 2060 363 2097 Ant.
386 2054 561 2095 Clamor
580 2067 712 2095 meus.

474 2114 668 2152 psalmus
694 2115 774 2152 101.

215 2164 446 2268 Demine
479 2165 635 2207 exaudi
672 2165 914 2207 orationem
941 2180 1027 2208 me-

322 2234 406 2262 am:
432 2223 455 2248 *
484 2227 527 2263 et
555 2222 719 2262 clamor
747 2235 869 2263 meus
898 2222 954 2264 ad
984 2228 1028 2265 te

210 2277 364 2318 veniat.

1125 301 1365 341 PercuSsus
1407 310 1503 338 sum
1546 301 1595 338 ut
1635 296 1816 346 foenum,
1857 301 1901 338 et

1074 357 1188 398 aruit
1225 368 1301 396 cor
1336 367 1498 395 meum:
1535 355 1558 379 *
1593 353 1695 405 quia
1737 353 1901 395 oblitus

1075 427 1170 455 sum
1190 410 1422 453 comedere
1441 422 1601 462 panem
1618 422 1776 451 meum.

1126 470 1167 510 A
1195 480 1304 509 voce
1332 466 1519 519 gemitus
1547 466 1634 507 mei
1662 467 1686 493 *
1713 465 1901 507 adhaesit

1076 539 1126 567 os
1146 538 1289 566 meum
1310 523 1430 565 carni
1449 535 1571 564 meae.

1126 581 1288 623 Similis
1316 580 1457 621 factus
1482 592 1578 620 sum
1597 578 1815 632 pellicano
1834 591 1921 621 sos

1075 638 1290 680 litudinis:
1319 638 1342 664 *
1370 636 1511 677 factus
1546 649 1643 676 sum
1679 635 1792 677 sicut
1829 649 1902 688 ny-

1076 697 1272 736 cticorax
1290 693 1334 733 in
1355 691 1592 734 domicilio.

1127 750 1336 803 Vigilavi‚
1365 751 1388 776 *
1417 754 1460 790 et
1495 749 1636 790 factus
1665 762 1761 790 sum
1791 747 1904 790 sicut

1045 846 1048 855 ,
1076 821 1228 860 passer
1250 805 1474 848 solitarius
1492 806 1535 846 in
1555 810 1688 847 tecto.

1126 864 1242 905 Tota
1267 863 1338 904 die
1364 861 1694 914 exprobrabant
1716 860 1823 902 mihi
1842 860 1903 901 in-

1075 921 1192 961 imici
1216 920 1319 961 mei:
1338 921 1362 946 *
1382 924 1426 960 et
1454 918 1529 970 qui
1556 917 1796 960 laudabant
1824 930 1905 967 me,

1076 977 1308 1018 adversum
1328 988 1398 1016 me
1417 974 1627 1027 jurabant.

1128 1033 1240 1084 Quia
1268 1035 1460 1074 cinerem
1487 1036 1712 1084 tamquam
1744 1043 1904 1084 panem

1075 1089 1412 1133 manducabam,
1440 1090 1464 1115 *
1493 1093 1536 1130 et
1570 1094 1726 1141 potum
1758 1099 1904 1128 meum

1076 1160 1175 1188 cum
1196 1147 1302 1188 fletu
1319 1144 1570 1186 miscebam.

1127 1204 1167 1244 A
1186 1203 1297 1244 faeie
1317 1202 1394 1243 irae
1411 1206 1455 1243 et
1470 1201 1784 1253 indignatiOnis
1799 1206 1905 1242 tuae:

1075 1262 1098 1287 *
1117 1260 1220 1312 quia
1237 1259 1414 1300 elevans
1434 1257 1606 1300 allisisti
1625 1271 1706 1299 me.

1128 1317 1235 1358 Dies
1266 1316 1354 1357 mei
1389 1315 1503 1356 sicut
1530 1314 1686 1356 umbra
1714 1314 1903 1356 declina-

1076 1375 1248 1414 verunt:
1293 1374 1316 1399 *
1359 1376 1403 1413 et
1449 1383 1531 1422 ego
1578 1371 1692 1412 sicut
1737 1371 1905 1412 foenum

1075 1431 1180 1471 arui.

1127 1487 1197 1528 Tu
1225 1490 1372 1527 autem
1399 1484 1590 1525 Domine
1620 1484 1664 1525 in
1692 1485 1905 1526 aeternum

1075 1545 1323 1596 permanes:
1340 1544 1364 1568 *
1383 1546 1427 1582 et
1445 1540 1700 1582 memoriale
1717 1546 1841 1582 tuum
1859 1540 1905 1581 in

1075 1600 1406 1652 generationem
1427 1602 1471 1639 et
1490 1597 1830 1649 generationem.

1127 1657 1196 1698 Tu
1222 1659 1460 1707 exsargens
1485 1653 1765 1696 misereberis
1784 1653 1905 1695 Sion:

1076 1715 1099 1741 *
1116 1713 1219 1765 quia
1237 1718 1412 1765 tempus
1426 1710 1664 1752 miserendi
1679 1712 1782 1764 ejus,
1803 1710 1906 1762 quia

1077 1770 1196 1812 venit
1212 1775 1399 1823 tempus.

1129 1827 1346 1877 Quoniam
1372 1825 1636 1879 placuerunt
1660 1823 1800 1866 servis
1818 1822 1905 1865 tuis

1076 1883 1248 1936 lapides
1269 1884 1376 1936 ejus:
1395 1886 1419 1911 *
1440 1890 1483 1926 et
1507 1887 1639 1924 terrae
1667 1881 1758 1933 ejus
1778 1879 1905 1921 mise-

1077 1940 1300 1982 rebantur.

1129 1997 1186 2038 Et
1213 1996 1432 2038 timebunt
1456 1996 1624 2039 Gentes
1651 2006 1814 2036 nomen
1840 1998 1904 2035 tu-

1078 2067 1151 2095 um
1173 2053 1373 2102 Domine,
1393 2055 1417 2080 *
1437 2058 1480 2095 et
1500 2065 1654 2095 omnes
1672 2063 1800 2102 reges
1820 2054 1904 2092 ter-

1078 2123 1139 2151 rae
1157 2110 1342 2162 gloriam
1362 2115 1492 2151 tuam.

1131 2167 1242 2217 Quia
1275 2165 1511 2207 aedificavit
1540 2165 1755 2206 Dominus
1782 2164 1907 2205 Sion:

1079 2224 1102 2249 *
1123 2228 1167 2265 et
1184 2222 1404 2264 videbitur
1424 2223 1468 2263 in
1487 2221 1629 2274 gloria
1645 2233 1734 2262 sua.

1058 2287 1062 2321 ἰ
1128 2279 1342 2332 Respexit
1352 2279 1396 2319 in
1407 2279 1654 2320 orationem
1662 2276 1908 2318 humilium:

260 2333 359 2374 Non
387 2335 560 2374 avertas
588 2334 742 2375 faciem
761 2339 881 2375 tuam
900 2349 925 2376 a
943 2349 1029 2377 me:
1059 2326 1062 2374 Ι
1080 2338 1103 2362 *
1124 2340 1167 2377 et
1185 2348 1274 2377 non
1294 2336 1462 2388 sprevit
1479 2347 1658 2387 precem
1678 2335 1842 2375 earum.

210 2391 233 2416 *
261 2389 303 2429 in
332 2393 605 2441 quacumque
634 2390 704 2431 die
732 2390 933 2441 tribulor,
969 2392 1028 2432 in-

212 2445 325 2487 clina
344 2445 400 2486 ad
419 2458 490 2487 me
507 2458 655 2487 aurem
674 2451 803 2487 tuam.

262 2503 311 2542 In
349 2505 622 2553 quacnmque
659 2503 730 2544 die
768 2503 1029 2545 invocavero

211 2563 265 2605 te,
285 2560 307 2584 *
328 2557 536 2599 velociter
556 2558 713 2599 exaudi
733 2572 813 2600 me.

263 2614 374 2664 Quia
391 2614 643 2655 defecerunt
655 2615 766 2656 sicut
779 2615 919 2656 fumus
937 2615 1030 2657 dies

211 2671 310 2711 mei:
328 2672 350 2696 *
371 2675 415 2711 et
443 2682 544 2711 ossa
571 2683 668 2712 mea
690 2671 802 2712 sicut
823 2672 1031 2713 cremium

212 2728 428 2767 aruerunt.

1132 2392 1389 2434 Scribantur
1422 2391 1519 2432 haec
1551 2391 1595 2432 in
1624 2389 1908 2443 generatione

1082 2448 1236 2490 altera:
1254 2450 1278 2476 *
1298 2453 1341 2490 et
1360 2448 1563 2501 populus,
1584 2448 1659 2500 qui
1675 2445 1908 2495 creabitur,

1082 2504 1278 2546 laudabit
1298 2505 1550 2546 Dominum:

1134 2562 1245 2611 Quia
1260 2561 1489 2614 prospexit
1501 2561 1557 2603 de
1568 2558 1744 2602 excelso
1755 2562 1907 2599 sancto

1083 2630 1178 2658 suo:
1197 2620 1220 2645 *
1236 2618 1451 2659 Deminus
1472 2617 1527 2659 de
1547 2616 1662 2659 coelo
1682 2615 1726 2655 in
1745 2619 1909 2656 terram

1083 2674 1271 2725 aspexit:

1135 2729 1194 2770 Ut
1221 2730 1393 2772 audiret
1420 2729 1609 2782 gemitus
1638 2726 1908 2780 compedite-
