2040 2976
593 206 659 238 liic
685 207 713 238 Γ),
740 206 854 239 Annii.
904 207 937 238 S.
968 207 1154 239 sumunt-ii
1184 208 1308 249 Episc.

1335 216 1370 240 ct
1397 207 1502 241 Mart.

198 301 361 342 tionem
389 300 453 341 tui
480 301 668 341 nominis
691 303 854 342 vocare
882 301 1029 352 digna-

197 362 267 398 tus
288 369 349 398 es:
369 356 564 398 concede
582 356 818 410 propitius3
841 363 889 398 ut
909 358 1030 409 cujus

198 413 407 454 solemnia
426 413 621 462 colimus,
641 414 772 455 etiam
786 414 1029 466 patrocinia

198 469 448 510 sentiamus.
475 470 560 511 Per
577 470 827 511 Dominum.

242 530 289 562 lit
314 530 353 562 fit
379 540 574 563 commem.
602 530 765 572 praeced.

244 583 279 620 A
288 590 342 621 nt.
373 581 455 622 Hic
470 581 536 623 vir
555 581 804 634 despiciens
819 582 1029 623 mundum

198 642 242 678 et
260 640 434 679 terrena
446 637 733 690 triumphans,
753 638 928 680 divitias
944 651 1029 680 coe-

197 693 241 734 lo
262 693 459 735 condidit
480 707 567 743 ore,
586 705 728 735 manu.

244 755 294 806 V.
323 761 348 801 J
350 766 496 803 ustum
516 761 699 803 deduxit
715 762 931 802 Dominus
950 774 1030 814 per

198 817 290 858 vias
315 822 470 859 rectas.
498 818 547 868 Ix'g.
575 818 632 859 Et
658 818 851 859 ostendit
875 817 938 858 illi
965 831 1029 859 re-

197 885 331 922 gnum
349 874 443 915 Dei.

243 937 283 970 In
316 938 341 970 Ῐ.
374 938 573 971 Not-turno
613 937 815 970 Lectiones
847 935 893 968 dc
925 935 1022 967 Scri-

192 992 302 1028 ptura
329 991 561 1019 oecurrente.

417 1059 464 1096 In
493 1059 542 1096 Π.
572 1057 795 1095 Nocturno.

496 1127 647 1167 Lectio
670 1128 722 1167 iv.

203 1199 304 1259 fif]
311 1195 533 1244 onifaciuS‚
553 1198 681 1236 antea
696 1195 942 1236 Winfridus
957 1209 1030 1248 ap-

204 1304 304 1331 rssss'
329 1314 395 1349 est
421 1311 609 1349 exeunte
635 1308 800 1349 saeculo
828 1309 1030 1360 septimo,

197 1370 240 1405 et
266 1364 320 1405 ab
348 1364 445 1416 ipsa
468 1364 649 1406 infantia
674 1363 885 1405 mundum
909 1377 1029 1406 aver-

197 1422 335 1470 satus,
372 1421 506 1462 vitam
531 1421 822 1462 monasticam
845 1421 889 1461 in
914 1422 1029 1464 votis

195 1475 359 1518 habuit.
410 1477 519 1518 Cum
552 1478 642 1528 eius
678 1482 803 1529 pater
837 1477 1029 1519 animum

197 1533 346 1574 saeculi
365 1533 583 1574 illecebris
600 1536 852 1585 permutare
868 1534 1028 1576 frustra

195 1592 420 1638 tentasset,
440 1590 754 1631 monasterium
775 1590 1027 1642 ingreditur,

196 1702 388 1743 omnium
414 1703 640 1753 virtutum,
669 1716 720 1744 ac
746 1703 1027 1745 scientiarum

194 1759 354 1807 genere
391 1758 610 1800 imbuitur.
671 1760 848 1800 Annum
892 1772 1026 1810 agens

195 1813 467 1864 trigesimum
501 1815 751 1857 sacerdotio
785 1815 1026 1867 insignitur,

195 1882 246 1910 ac
282 1870 405 1911 verbi
443 1870 577 1912 divini
614 1871 883 1924 praedicator
922 1874 1026 1913 assi-

196 1924 323 1976 duus,
346 1940 505 1978 magno
530 1928 772 1969 animarum
794 1928 916 1970 lucro
939 1928 1026 1970 hoc

194 1980 238 2020 in
266 1985 445 2024 munere
472 1986 684 2025 versatur.
725 1984 934 2026 Attamen
961 1997 1025 2026 re-

194 2049 326 2087 gnum
344 2039 505 2081 Christi
524 2040 743 2091 adaugere
758 2040 1025 2091 desiderans,

196 2096 404 2136 continuo
429 2095 563 2137 flebat
586 2097 807 2147 ingentem
833 2097 1025 2139 multitu—

195 2149 341 2191 dinem
360 2151 659 2203 barbarorum,
681 2154 755 2205 qui
768 2154 1025 2205 ignorantiae

194 2208 386 2250 tenebris
409 2210 601 2251 immersi
630 2210 821 2252 daemoni
847 2211 1024 2252 famula-

194 2264 365 2306 bantur.
397 2266 479 2315 Qui
500 2267 678 2318 quidem
697 2268 939 2309 animarum
957 2280 1024 2308 ze-

193 2320 262 2361 lus
289 2334 388 2362 cum
414 2322 458 2362 in
482 2322 576 2364 dies
599 2323 941 2375 inexstinguibili
961 2337 1024 2364 ar-

195 2376 303 2418 dore
335 2380 622 2428 accresceret,
666 2379 815 2421 divino
848 2380 1024 2421 numine

193 2445 274 2485 per
304 2433 508 2475 lacrimas
541 2440 584 2476 et
619 2436 843 2477 orationes
875 2436 1024 2488 explo-

195 2491 304 2539 rato,
324 2490 577 2532 facultatem
597 2504 622 2532 a
640 2492 895 2533 monasterii
914 2505 1024 2544 prae-

194 2548 341 2600 posito
357 2548 547 2590 obtinuit
561 2549 617 2590 ad
629 2550 912 2591 Germanicas
925 2562 1025 2591 oras

193 2604 514 2656 proficiscendi.

247 2667 296 2718 K·
327 2669 575 2712 Honestum
602 2670 705 2712 fecit
731 2670 852 2711 illum
875 2671 1024 2713 Domi-

193 2738 292 2776 nus,
317 2731 361 2768 et
380 2726 617 2768 custodivit
637 2740 736 2768 eum
755 2727 811 2768 ab
830 2728 1025 2778 inimicis,

1083 306 1127 343 et
1153 315 1179 343 a
1206 301 1516 344 seductoribus
1542 302 1703 344 tutavit
1729 302 1866 343 illum:
1886 302 1907 325 *

1082 358 1138 398 Et
1171 356 1294 399 dedit
1325 358 1387 399 illi
1420 358 1664 400 claritatem
1693 360 1913 400 aeternam.

1079 410 1128 460 ,Υ.
1173 414 1504 466 Descenditque
1537 427 1637 456 cum
1667 415 1744 456 illo
1776 415 1820 456 in
1852 415 1914 456 fo-

1083 483 1223 520 veam,
1243 476 1287 512 et
1305 471 1348 511 in
1368 471 1553 512 vinculis
1572 483 1660 512 non
1679 470 1914 523 dereliquit

1083 540 1193 568 eum.
1221 528 1277 569 Et
1296 527 1429 569 dedit.

1389 608 1540 647 Lectio
1562 621 1598 646 V.

1077 678 1191 783 Ex
1207 683 1364 734 Anglia
1384 682 1558 724 duobus
1577 695 1677 724 cum
1697 683 1829 724 sociis
1843 696 1915 724 na-

1173 753 1273 781 vem
1301 739 1495 789 solvens,
1523 737 1840 781 Dorestadium
1870 739 1915 780 in

1083 796 1234 837 Frisiae
1255 795 1470 849 oppidum
1484 796 1613 838 venit.
1641 795 1751 837 Cum
1769 801 1916 838 autem

1082 851 1247 894 bellum
1283 853 1590 904 gravissimum
1627 852 1739 894 inter
1770 853 1914 894 Friso-

1082 924 1186 951 num
1218 923 1368 962 regem
1396 908 1680 959 Radbodum‚
1714 915 1758 951 et
1787 909 1916 951 Caro-

1082 967 1172 1008 lum
1188 967 1436 1009 Martellum
1456 968 1703 1015 exarsisset,
1723 965 1816 1008 sine
1831 966 1916 1008 fru-

1084 1028 1157 1064 ctu
1183 1023 1472 1074 Evangelium
1499 1022 1776 1075 praedicavit:
1814 1036 1916 1076 qua-

1083 1081 1269 1132 propter
1282 1080 1340 1123 ,in
1367 1079 1574 1130 Angliam
1606 1080 1826 1130 reversus,
1859 1078 1916 1121 ad

1083 1148 1211 1177 suum
1228 1135 1388 1178 redivit
1406 1135 1738 1185 monasterium,
1763 1135 1834 1177 cui
1854 1135 1915 1176 in-

1082 1195 1198 1234 vitus
1209 1193 1466 1245 praeficitur:
1480 1197 1584 1245 post
1595 1191 1796 1245 elapsum
1805 1191 1927 1237 bien-.

1082 1249 1202 1290 nium
1221 1262 1276 1291 ex
1300 1251 1519 1291 consensu
1542 1248 1743 1301 episcopi
1761 1248 1915 1290 Vinto-

1082 1305 1245 1347 niensis
1276 1319 1434 1347 munus
1467 1305 1707 1354 abdicavit,
1752 1309 1796 1346 et
1828 1305 1915 1347 Ro-

1082 1375 1199 1403 mam
1226 1362 1453 1414 profectus
1482 1367 1566 1411 est,
1594 1365 1642 1402 ut
1669 1360 1916 1414 apostolica

1082 1419 1345 1461 auctoritate
1378 1418 1435 1460 ad
1463 1417 1703 1460 Gentilium
1734 1429 1913 1459 conver-

1082 1476 1251 1517 sionem
1280 1474 1569 1525 delegaretur.
1612 1474 1723 1516 Cum
1749 1473 1807 1515 ad
1833 1474 1913 1516 Ur-

1082 1531 1183 1573 bem
1214 1534 1506 1584 pervenisset‚
1539 1544 1564 1572 a
1598 1530 1816 1581 Gregorio
1849 1543 1913 1572 se-

1082 1587 1227 1630 cundo
1250 1588 1437 1639 benigne
1452 1587 1679 1640 excipitur,
1698 1599 1780 1639 pro
1791 1587 1913 1628 Win-

1080 1644 1196 1687 frido
1215 1645 1469 1687 Bonifacius
1493 1657 1519 1686 a
1536 1643 1751 1686 Pontifice
1776 1645 1912 1687 nomi-

1079 1704 1221 1743 natur.
1279 1702 1331 1742 In
1375 1701 1658 1743 Germaniam
1703 1700 1912 1752 directus,

1080 1758 1334 1809 Thuringiae
1386 1758 1679 1810 Saxoniaeque
1732 1758 1912 1811 populis

1080 1815 1302 1857 Christum
1326 1815 1611 1857 annuntiavit.
1649 1815 1758 1856 Cum
1781 1815 1912 1856 inter-

1080 1885 1132 1913 ea
1158 1871 1407 1914 Radbodus
1434 1871 1588 1912 Frisiae
1621 1884 1700 1913 rex
1728 1883 1780 1912 ac
1805 1871 1910 1913 infe-

1079 1928 1296 1970 stissimus
1316 1927 1542 1970 christiani
1559 1927 1749 1969 nominis
1767 1926 1911 1969 hostis

1079 1984 1375 2035 occubuisset,
1402 1985 1657 2027 Bonifacius
1684 1983 1741 2026 ad
1765 1985 1909 2026 Friso-

1078 2054 1157 2083 nes
1184 2040 1331 2090 rediit,
1362 2041 1438 2083 ubi
1466 2042 1605 2083 sancti
1633 2040 1911 2083 Willibrordi

1078 2098 1225 2140 socius
1261 2111 1343 2151 per
1378 2098 1614 2140 triennium
1651 2103 1775 2140 tanto
1809 2110 1910 2140 cum

1077 2154 1222 2197 fructu
1247 2154 1536 2206 Evangelium
1558 2154 1835 2207 praedicavit,
1861 2159 1911 2198 ut

1078 2210 1316 2253 destructis
1334 2210 1556 2252 idolorum
1576 2210 1831 2262 simulacris,
1849 2211 1910 2253 in-

1077 2270 1272 2309 numerae
1290 2280 1397 2309 vero
1413 2268 1510 2309 Deo
1531 2267 1730 2309 ecclesiae
1750 2268 1910 2310 excita-

1077 2325 1237 2365 rentur.

1132 2395 1182 2447 R.
1208 2392 1488 2434 Desiderium
1522 2383 1679 2434 animae
1713 2393 1803 2445 eius
1834 2393 1908 2434 tri-

1078 2439 1212 2490 buisti
1244 2448 1284 2490 ei
1311 2449 1516 2498 Domine,
1545 2453 1568 2477 *
1597 2449 1654 2490 Et
1682 2448 1909 2491 voluntante

1077 2504 1294 2546 labiorum
1322 2506 1413 2557 ejus
1440 2518 1529 2547 non
1556 2505 1771 2547 fraudasti
1797 2517 1908 2547 eum

1079 2557 1118 2608 δ’
1122 2595 1129 2601 .
1148 2561 1366 2612 Quoniam
1384 2562 1639 2614 praevenisti
1659 2574 1759 2603 eum
1776 2561 1821 2602 in
1834 2561 1908 2603 be-

1077 2617 1401 2659 nedictionibus
1430 2617 1690 2667 dulcedinis3
1720 2619 1908 2670 posuisti

1077 2673 1121 2713 in
1149 2674 1295 2726 capite
1323 2675 1414 2726 ejus
1443 2675 1653 2715 coronam
1677 2673 1733 2714 de
1759 2673 1908 2726 lapide

1077 2729 1286 2780 pretioso.
1314 2730 1382 2771 Et.
