2040 2976
184 206 260 251 [10]

776 210 985 241 Commune
1014 207 1299 250 Apostolorum.

186 318 283 346 eum
312 302 677 355 comprehensum
702 303 856 343 Petrus
885 303 1012 352 nega-

186 361 247 402 vit
265 361 307 401 in
327 365 454 409 terra,
477 372 606 411 quem
626 360 886 412 suspensum
900 358 1011 399 latro

186 417 411 458 confessus
430 421 497 457 est
516 417 559 456 in
579 428 719 457 cruce.
747 415 834 457 Sed
850 416 916 456 vir
931 416 1012 456 iste

185 479 317 515 tantae
348 472 607 522 formidinis,
646 472 784 524 qualis
812 477 914 525 post
940 471 1011 512 ad-

185 532 361 571 ventum
398 530 584 581 Spiritus
620 531 820 578 exsistat,
867 527 1012 569 audia-

186 600 292 627 mus.
343 586 412 627 Fit
454 587 694 627 conventus
732 585 1013 635 magistratus

186 648 317 695 atque
337 643 568 692 seniorum,
589 642 714 683 caesis
734 641 1013 683 denuntiatur

187 699 426 752 Apostolis‚
446 711 499 740 ne
519 699 561 739 in
582 699 756 740 nomine
772 699 795 738 J
799 711 876 739 esu
893 697 1013 749 loqui

188 755 389 797 debeant:
410 756 565 796 Petrus
581 767 737 805 magna
753 754 1013 795 auctoritate

187 812 444 866 respondet:
486 811 678 853 Obedire
713 813 889 863 oportet
917 811 1013 852 Deo

188 870 325 918 magis
346 882 475 921 quam
493 867 752 909 hominibus.

245 938 287 987 lx{·.
319 934 396 975 Isti
422 938 522 974 sunt
545 932 887 985 triumphatores
907 936 950 973 et
974 945 1014 972 a·

187 991 287 1031 mici
314 991 413 1039 Dei,
448 990 521 1042 qui
547 990 876 1030 contemnentes
900 989 1015 1039 jussa

188 1047 448 1099 principum,
473 1047 723 1100 meruerunt
750 1046 931 1098 praemia
960 1059 1014 1086 ae—

188 1105 325 1144 terna:
343 1108 363 1129 *
388 1102 521 1144 Modo
543 1104 818 1152 coronantur,
843 1107 886 1143 et
905 1105 1014 1143 acci-

188 1160 312 1212 piunt
331 1159 532 1212 palmam.
563 1157 608 1207 Y.
635 1159 710 1200 Isti
731 1164 830 1200 sunt
850 1160 925 1211 qui
945 1172 1014 1200 ve—

188 1219 344 1258 nerunt
371 1230 425 1258 ex
452 1228 609 1266 magna
638 1215 934 1265 tribulatione,
972 1220 1016 1257 et

188 1273 386 1314 laverunt
423 1272 557 1314 stolas
593 1285 694 1313 suas
730 1272 773 1312 in
806 1273 1014 1322 sanguine

189 1330 314 1380 Agni.
332 1328 467 1370 Modo
483 1330 758 1370 coronantur.
775 1329 926 1370 Gloria
936 1329 1014 1370 Pa-

187 1386 253 1427 tri,
280 1385 414 1427 Modo
434 1388 711 1427 coronantur.

399 1471 446 1509 In
475 1470 544 1509 III.
573 1470 796 1508 Noeturno.

245 1540 278 1578 Α
286 1546 339 1578 nt.
359 1537 673 1578 Exaltabuntur
688 1537 711 1562 *
727 1539 889 1578 cornua
905 1538 1015 1588 justi,

189 1593 369 1645 alleluja.

461 1652 656 1691 l'salmus
685 1651 747 1690 74.

250 1719 586 1764 sonfitebimur
609 1718 689 1760 tibi
713 1719 848 1760 Deus:
868 1720 891 1746 *
915 1732 1014 1762 con-

193 1811 196 1818 .
223 1770 301 1831 {fil
331 1776 572 1825 fite'bimur‚
627 1781 670 1817 et
715 1775 1015 1817 invocabimus

234 1838 236 1840 ’
331 1846 490 1874 nomen
510 1838 643 1874 tuum.

240 1889 527 1931 Narrabimus
542 1889 759 1931 mirabilia
774 1894 864 1930 tua:
878 1890 901 1915 *
917 1901 1015 1929 cum

190 1949 402 1999 accepero
426 1951 612 1999 tempus
638 1958 720 1997 ego
746 1946 932 1996 justitias
959 1946 1015 1997 ju-

191 2002 359 2044 dicabo.

242 2059 498 2111 Liquefacta
526 2064 593 2101 est
619 2064 752 2108 terra,
787 2063 830 2100 et
863 2071 1016 2100 omnes

193 2116 267 2168 qui
298 2115 497 2157 habitant
528 2117 570 2156 in
600 2129 665 2158 ea:
698 2117 722 2143 *
751 2128 833 2166 ego
862 2115 1015 2157 confir-

191 2172 306 2213 mavi
335 2173 560 2214 columnas
590 2174 691 2225 ejuS.

243 2229 346 2269 Dixi
358 2229 531 2280 iniquis:
545 2230 695 2271 Nolite
710 2229 856 2281 inique
872 2232 1016 2281 agere:

192 2287 216 2312 *
244 2290 288 2327 et
316 2284 686 2337 delinquentibus:
718 2286 868 2327 Nolite
903 2286 1015 2327 exal-

192 2345 286 2383 tare
315 2354 466 2382 cornu:

243 2398 394 2439 Nolite
419 2398 630 2439 extollere
654 2399 698 2439 in
722 2399 857 2440 altum
882 2412 1016 2440 cornu

192 2459 402 2496 vestrum:
430 2456 453 2480 *
481 2454 617 2495 nolite
652 2455 773 2507 loqui
806 2455 1016 2497 adversus

192 2512 336 2552 Deum
363 2511 647 2562 iniquitatem.

246 2567 358 2617 Quia
390 2580 532 2619 neque
564 2566 619 2608 ab
649 2567 842 2617 Oriente,
875 2581 1018 2619 neque

194 2624 248 2665 ab
289 2623 548 2673 Occidente,
588 2636 731 2675 neque
769 2636 794 2664 a
831 2623 1018 2665 desertis

194 2680 433 2722 montibus:
456 2682 479 2707 *
507 2680 712 2732 quoniam
740 2679 861 2721 Deus
889 2679 1018 2732 judex

195 2742 272 2779 est.

1117 301 1246 341 Hunc
1265 299 1475 348 humiliat,
1501 304 1544 340 et
1570 298 1686 341 hunc
1715 299 1893 341 exaltat:

1066 359 1088 384 *
1114 357 1215 409 quia
1240 356 1354 397 calix
1378 356 1422 396 in
1445 369 1576 397 manu
1599 355 1779 397 Domini
1804 356 1894 397 vini

1066 414 1174 455 meri
1201 412 1358 466 plenus
1386 412 1530 454 misto,

1117 471 1174 512 Et
1193 469 1419 511 inelinavit
1445 482 1498 511 ex
1518 469 1603 511 hoc
1626 469 1670 510 in
1695 469 1797 511 hoc:
1824 482 1894 511 ve-

1066 531 1311 568 rumtamen
1344 526 1429 567 faex
1463 527 1553 578 ejus
1586 538 1674 567 non
1708 531 1775 568 est
1808 526 1893 568 exi-

1067 586 1228 625 nanita:
1248 585 1271 610 *
1290 583 1443 624 bibent
1463 595 1615 624 omnes
1634 585 1894 635 peccatores

1066 646 1208 682 terrae.

1118 698 1213 748 Ego
1238 701 1385 738 autem
1404 695 1674 737 annuntiabo
1699 696 1743 737 in
1762 698 1895 738 saecu-

1067 755 1172 795 lum:
1201 755 1223 781 *
1252 753 1440 795 cantabo
1466 753 1563 794 Deo
1592 753 1741 794 Jacob.

1119 811 1175 852 Et
1219 811 1365 851 omnia
1406 811 1571 855 cornua
1611 811 1897 862 peccatorum

1068 867 1354 918 confringam:
1372 868 1395 894 *
1412 872 1455 908 et
1474 865 1784 908 exaltabantur
1803 868 1896 908 cor-

1067 937 1153 965 nua
1179 924 1290 976 justi.

1121 984 1217 1023 Ant.
1252 979 1571 1021 Exaltabuntur
1595 981 1759 1020 cornua
1788 979 1898 1030 justi,

1069 1037 1250 1088 alleluja.

1121 1098 1220 1136 Ant.
1254 1096 1344 1135 Lux
1362 1098 1458 1134 orta
1478 1098 1546 1134 est
1565 1093 1588 1118 *
1608 1093 1731 1143 justo,
1751 1092 1898 1134 allelu-

1069 1151 1117 1202 ja,
1146 1150 1277 1191 rectis
1297 1149 1431 1191 corde
1450 1149 1612 1199 laetitia,
1641 1149 1822 1201 alleluja.

1342 1207 1539 1247 Psalmus
1559 1207 1625 1246 96.

1158 1264 1329 1304 ominus
1345 1262 1552 1314 regnavit,
1565 1262 1754 1304 exsultet
1766 1266 1899 1304 terra:

1181 1321 1204 1346 *
1223 1320 1425 1361 laetentur
1443 1319 1597 1360 insulae
1615 1318 1778 1360 multae.

1120 1377 1284 1427 Nubes,
1304 1381 1347 1418 et
1366 1376 1507 1427 caligo
1527 1376 1570 1416 in
1590 1376 1775 1417 circuitu
1794 1375 1899 1426 ejus:

1068 1435 1091 1459 *
1113 1434 1286 1486 justitia,
1315 1438 1358 1475 et
1374 1432 1580 1485 judicium
1600 1432 1815 1474 correctio
1834 1444 1898 1473 se-

1069 1490 1136 1532 dis
1158 1492 1260 1543 ejus.

1120 1547 1239 1599 Ignis
1263 1552 1364 1589 ante
1383 1547 1527 1600 ipsum
1546 1546 1786 1600 praecedet,
1803 1545 1828 1572 *
1855 1549 1900 1588 et

1068 1603 1356 1646 inflammabit
1396 1605 1438 1644 in
1481 1604 1666 1645 circuitu
1698 1603 1899 1644 inimicos

1069 1674 1170 1713 ejus.

1119 1717 1363 1759 Illuxerunt
1386 1716 1557 1767 fulgura
1580 1717 1670 1768 ejus
1695 1715 1792 1757 orbi
1814 1719 1898 1757 ter-

1068 1788 1144 1816 rae:
1163 1775 1187 1800 *
1206 1773 1325 1823 vidit,
1354 1778 1397 1815 et
1416 1776 1638 1815 commota
1658 1777 1725 1814 est
1743 1777 1871 1817 terra.

1119 1831 1313 1881 MonteS‚
1351 1831 1464 1872 sicut
1492 1843 1594 1872 cera
1626 1830 1846 1871 fluxerunt
1873 1842 1898 1870 a

1069 1888 1180 1929 facie
1199 1887 1392 1928 Domini:
1416 1888 1439 1914 *
1465 1901 1490 1928 a
1514 1887 1624 1928 facie
1650 1886 1830 1927 Domini
1853 1898 1898 1927 o-

1068 1945 1180 1986 mnis
1199 1949 1328 1986 terra.

1120 2001 1502 2043 Annuntiaverunt
1546 2000 1647 2042 coeli
1692 2000 1899 2052 justitiam

1069 2060 1176 2109 ejus:
1203 2059 1226 2084 *
1256 2063 1299 2099 et
1326 2057 1529 2099 viderunt
1561 2070 1714 2099 omnes
1746 2057 1899 2110 populi

1068 2115 1254 2166 gloriam
1273 2116 1375 2167 ejus.

1122 2171 1457 2213 Confundantur
1496 2183 1665 2222 omnes,
1715 2171 1789 2224 qui
1825 2170 1897 2212 ad-

1070 2231 1196 2270 orant
1216 2227 1449 2281 sculptilia:
1464 2228 1487 2254 *
1504 2233 1548 2269 et
1564 2228 1637 2280 qui
1656 2227 1898 2278 gloriantur

1069 2286 1112 2326 in
1131 2285 1374 2326 simulacris
1395 2285 1495 2326 suis.

1121 2342 1319 2384 Adorate
1336 2355 1435 2383 eum
1451 2353 1602 2383 omnes
1618 2340 1775 2391 Angeli
1795 2341 1900 2392 ejus:

1069 2400 1091 2424 *
1111 2398 1289 2447 audivit,
1318 2403 1362 2439 et
1379 2398 1529 2439 laetata
1549 2403 1616 2440 est
1634 2397 1749 2438 Sion.

1121 2456 1177 2497 Et
1211 2455 1540 2496 exsultaverunt
1572 2454 1674 2495 filiae
1705 2453 1848 2502 Judae,
1876 2454 1899 2479 *

1070 2517 1252 2565 propter
1269 2511 1426 2564 judicia
1445 2516 1520 2552 tua
1538 2511 1745 2552 Domine:

1122 2569 1339 2618 Quoniam
1354 2573 1402 2609 tu
1416 2568 1631 2609 Dominus
1646 2567 1899 2608 Altissimus

1071 2638 1203 2678 super
1219 2638 1393 2667 omnem
1412 2630 1590 2666 terram:
1603 2625 1627 2650 *
1639 2623 1766 2665 nimis
1786 2622 1899 2664 exal-

1070 2684 1187 2723 tatus
1207 2695 1254 2723 es
1274 2695 1406 2734 super
1426 2694 1578 2723 omnes
1599 2680 1718 2722 deos.

1123 2739 1206 2789 Qui
1223 2738 1401 2790 diligitis
1411 2738 1660 2787 Dominum,
1677 2735 1796 2778 odite
1810 2748 1898 2777 ma-
