<?xml version="1.0" encoding="UTF-8"?>
<!DOCTYPE html PUBLIC "-//W3C//DTD XHTML 1.0 Transitional//EN"
    "http://www.w3.org/TR/xhtml1/DTD/xhtml1-transitional.dtd">
<html xmlns="http://www.w3.org/1999/xhtml" xml:lang="en" lang="en">
 <head>
  <title>
</title>
<meta http-equiv="Content-Type" content="text/html;charset=utf-8" />
  <meta name='ocr-system' content='tesseract 3.04.00' />
  <meta name='ocr-capabilities' content='ocr_page ocr_carea ocr_par ocr_line ocrx_word'/>
</head>
<body>
  <div class='ocr_page' id='page_1' title='image "./p3breviariumroma00cathuoft_0692.png"; bbox 0 0 2040 2976; ppageno 0'>
   <div class='ocr_carea' id='block_1_1' title="bbox 791 207 1334 249">
    <p class='ocr_par' dir='ltr' id='par_1_1' title="bbox 791 207 1334 249">
     <span class='ocr_line' id='line_1_1' title="bbox 791 207 1334 249; baseline -0.002 -8"><span class='ocrx_word' id='word_1_1' title='bbox 791 210 999 242; x_wconf 80' lang='lat' dir='ltr'>Commune</span> <span class='ocrx_word' id='word_1_2' title='bbox 1024 218 1101 241; x_wconf 88' lang='lat' dir='ltr'>non</span> <span class='ocrx_word' id='word_1_3' title='bbox 1125 207 1334 249; x_wconf 64' lang='lat' dir='ltr'>Virginum.</span> 
     </span>
    </p>
   </div>
   <div class='ocr_carea' id='block_1_2' title="bbox 204 304 1040 2782">
    <p class='ocr_par' dir='ltr' id='par_1_2' title="bbox 220 304 1040 459">
     <span class='ocr_line' id='line_1_2' title="bbox 220 304 1039 358; baseline 0.001 -14"><span class='ocrx_word' id='word_1_4' title='bbox 220 304 442 356; x_wconf 86' lang='lat' dir='ltr'>perfecisti</span> <span class='ocrx_word' id='word_1_5' title='bbox 479 304 653 347; x_wconf 89' lang='lat' dir='ltr'>laudem</span> <span class='ocrx_word' id='word_1_6' title='bbox 685 309 866 358; x_wconf 92' lang='lat' dir='ltr'>propter</span> <span class='ocrx_word' id='word_1_7' title='bbox 905 304 1039 345; x_wconf 89' lang='lat' dir='ltr'>inimi-</span> 
     </span>
     <span class='ocr_line' id='line_1_3' title="bbox 221 361 1040 411; baseline 0 -10"><span class='ocrx_word' id='word_1_8' title='bbox 221 372 297 401; x_wconf 90' lang='lat' dir='ltr'>cos</span> <span class='ocrx_word' id='word_1_9' title='bbox 325 365 441 411; x_wconf 88' lang='lat' dir='ltr'>tuos,</span> <span class='ocrx_word' id='word_1_10' title='bbox 469 362 492 388; x_wconf 88' lang='lat'>*</span> <span class='ocrx_word' id='word_1_11' title='bbox 518 366 567 403; x_wconf 92' lang='lat' dir='ltr'>ut</span> <span class='ocrx_word' id='word_1_12' title='bbox 593 361 793 403; x_wconf 86' lang='lat' dir='ltr'>destruas</span> <span class='ocrx_word' id='word_1_13' title='bbox 820 361 1040 402; x_wconf 91' lang='lat' dir='ltr'>inimicum</span> 
     </span>
     <span class='ocr_line' id='line_1_4' title="bbox 221 417 481 459; baseline 0 -1"><span class='ocrx_word' id='word_1_14' title='bbox 221 421 264 458; x_wconf 92' lang='lat' dir='ltr'>et</span> <span class='ocrx_word' id='word_1_15' title='bbox 283 417 481 459; x_wconf 86' lang='lat' dir='ltr'>ultorem.</span> 
     </span>
    </p>

    <p class='ocr_par' dir='ltr' id='par_1_3' title="bbox 219 474 1039 640">
     <span class='ocr_line' id='line_1_5' title="bbox 272 474 1039 524; baseline -0.001 -9"><span class='ocrx_word' id='word_1_16' title='bbox 272 474 486 524; x_wconf 76' lang='lat' dir='ltr'>Queniam</span> <span class='ocrx_word' id='word_1_17' title='bbox 534 474 695 516; x_wconf 82' lang='lat' dir='ltr'>videbo</span> <span class='ocrx_word' id='word_1_18' title='bbox 742 474 880 516; x_wconf 90' lang='lat' dir='ltr'>coelos</span> <span class='ocrx_word' id='word_1_19' title='bbox 925 478 1039 523; x_wconf 88' lang='lat' dir='ltr'>tuos,</span> 
     </span>
     <span class='ocr_line' id='line_1_6' title="bbox 219 530 1039 583; baseline -0.002 -11"><span class='ocrx_word' id='word_1_20' title='bbox 219 532 355 583; x_wconf 82' lang='lat' dir='ltr'>opera</span> <span class='ocrx_word' id='word_1_21' title='bbox 381 530 616 583; x_wconf 85' lang='lat' dir='ltr'>digitorum</span> <span class='ocrx_word' id='word_1_22' title='bbox 638 533 830 573; x_wconf 85' lang='lat' dir='ltr'>tuorum:</span> <span class='ocrx_word' id='word_1_23' title='bbox 848 532 872 558; x_wconf 88' lang='lat'>*</span> <span class='ocrx_word' id='word_1_24' title='bbox 893 530 1039 571; x_wconf 92' lang='lat' dir='ltr'>lunam</span> 
     </span>
     <span class='ocr_line' id='line_1_7' title="bbox 219 587 843 640; baseline 0 -12"><span class='ocrx_word' id='word_1_25' title='bbox 219 592 262 628; x_wconf 90' lang='lat' dir='ltr'>et</span> <span class='ocrx_word' id='word_1_26' title='bbox 279 587 439 637; x_wconf 88' lang='lat' dir='ltr'>stellas,</span> <span class='ocrx_word' id='word_1_27' title='bbox 459 600 557 640; x_wconf 88' lang='lat' dir='ltr'>quae</span> <span class='ocrx_word' id='word_1_28' title='bbox 576 593 624 630; x_wconf 93' lang='lat' dir='ltr'>tu</span> <span class='ocrx_word' id='word_1_29' title='bbox 641 587 843 629; x_wconf 80' lang='lat' dir='ltr'>fundasti.</span> 
     </span>
    </p>

    <p class='ocr_par' dir='ltr' id='par_1_4' title="bbox 216 643 1037 798">
     <span class='ocr_line' id='line_1_8' title="bbox 269 643 1037 696; baseline -0.003 -11"><span class='ocrx_word' id='word_1_30' title='bbox 269 643 385 694; x_wconf 91' lang='lat' dir='ltr'>Quid</span> <span class='ocrx_word' id='word_1_31' title='bbox 404 648 470 685; x_wconf 88' lang='lat' dir='ltr'>est</span> <span class='ocrx_word' id='word_1_32' title='bbox 487 643 635 694; x_wconf 86' lang='lat' dir='ltr'>homo,</span> <span class='ocrx_word' id='word_1_33' title='bbox 661 643 781 696; x_wconf 93' lang='lat' dir='ltr'>quod</span> <span class='ocrx_word' id='word_1_34' title='bbox 804 655 971 685; x_wconf 89' lang='lat' dir='ltr'>memor</span> <span class='ocrx_word' id='word_1_35' title='bbox 991 655 1037 684; x_wconf 92' lang='lat' dir='ltr'>es</span> 
     </span>
     <span class='ocr_line' id='line_1_9' title="bbox 218 699 1037 753; baseline -0.002 -12"><span class='ocrx_word' id='word_1_36' title='bbox 218 699 329 751; x_wconf 88' lang='lat' dir='ltr'>ejus?</span> <span class='ocrx_word' id='word_1_37' title='bbox 348 701 372 727; x_wconf 87' lang='lat'>*</span> <span class='ocrx_word' id='word_1_38' title='bbox 391 705 466 742; x_wconf 92' lang='lat' dir='ltr'>aut</span> <span class='ocrx_word' id='word_1_39' title='bbox 484 700 599 742; x_wconf 88' lang='lat' dir='ltr'>filius</span> <span class='ocrx_word' id='word_1_40' title='bbox 614 700 810 750; x_wconf 80' lang='lat' dir='ltr'>heminis,</span> <span class='ocrx_word' id='word_1_41' title='bbox 832 699 1037 753; x_wconf 85' lang='lat' dir='ltr'>quoniam</span> 
     </span>
     <span class='ocr_line' id='line_1_10' title="bbox 216 755 506 798; baseline 0.003 -1"><span class='ocrx_word' id='word_1_42' title='bbox 216 756 366 798; x_wconf 80' lang='lat' dir='ltr'><strong>visitas</strong></span> <span class='ocrx_word' id='word_1_43' title='bbox 387 755 506 798; x_wconf 86' lang='lat' dir='ltr'>eum?</span> 
     </span>
    </p>

    <p class='ocr_par' dir='ltr' id='par_1_5' title="bbox 215 811 1035 1035">
     <span class='ocr_line' id='line_1_11' title="bbox 266 811 1035 867; baseline -0.003 -13"><span class='ocrx_word' id='word_1_44' title='bbox 266 813 462 855; x_wconf 83' lang='lat' dir='ltr'>Minuisti</span> <span class='ocrx_word' id='word_1_45' title='bbox 502 826 601 855; x_wconf 93' lang='lat' dir='ltr'>eum</span> <span class='ocrx_word' id='word_1_46' title='bbox 635 814 767 867; x_wconf 90' lang='lat' dir='ltr'>paulo</span> <span class='ocrx_word' id='word_1_47' title='bbox 803 813 944 854; x_wconf 92' lang='lat' dir='ltr'>minus</span> <span class='ocrx_word' id='word_1_48' title='bbox 981 811 1035 853; x_wconf 87' lang='lat' dir='ltr'>ab</span> 
     </span>
     <span class='ocr_line' id='line_1_12' title="bbox 215 869 1035 921; baseline -0.002 -11"><span class='ocrx_word' id='word_1_49' title='bbox 215 869 414 921; x_wconf 84' lang='lat' dir='ltr'>Angelis,</span> <span class='ocrx_word' id='word_1_50' title='bbox 441 869 581 921; x_wconf 83' lang='lat' dir='ltr'>gloria</span> <span class='ocrx_word' id='word_1_51' title='bbox 602 875 645 912; x_wconf 92' lang='lat' dir='ltr'>et</span> <span class='ocrx_word' id='word_1_52' title='bbox 666 870 833 911; x_wconf 84' lang='lat' dir='ltr'>honore</span> <span class='ocrx_word' id='word_1_53' title='bbox 858 870 1035 911; x_wconf 76' lang='lat' dir='ltr'>corona-</span> 
     </span>
     <span class='ocr_line' id='line_1_13' title="bbox 216 926 1035 968; baseline 0 -2"><span class='ocrx_word' id='word_1_54' title='bbox 216 926 272 967; x_wconf 86' lang='lat' dir='ltr'>sti</span> <span class='ocrx_word' id='word_1_55' title='bbox 296 939 408 967; x_wconf 91' lang='lat' dir='ltr'>eum:</span> <span class='ocrx_word' id='word_1_56' title='bbox 432 928 456 953; x_wconf 89' lang='lat'>*</span> <span class='ocrx_word' id='word_1_57' title='bbox 480 931 523 968; x_wconf 90' lang='lat' dir='ltr'>et</span> <span class='ocrx_word' id='word_1_58' title='bbox 550 926 813 968; x_wconf 89' lang='lat' dir='ltr'>constituisti</span> <span class='ocrx_word' id='word_1_59' title='bbox 842 939 941 967; x_wconf 92' lang='lat' dir='ltr'>eum</span> <span class='ocrx_word' id='word_1_60' title='bbox 968 938 1035 966; x_wconf 92' lang='lat' dir='ltr'>su-</span> 
     </span>
     <span class='ocr_line' id='line_1_14' title="bbox 215 985 872 1035; baseline 0.002 -12"><span class='ocrx_word' id='word_1_61' title='bbox 215 995 294 1035; x_wconf 91' lang='lat' dir='ltr'>per</span> <span class='ocrx_word' id='word_1_62' title='bbox 313 985 447 1035; x_wconf 85' lang='lat' dir='ltr'>opera</span> <span class='ocrx_word' id='word_1_63' title='bbox 466 985 671 1024; x_wconf 82' lang='lat' dir='ltr'>manuum</span> <span class='ocrx_word' id='word_1_64' title='bbox 690 985 872 1024; x_wconf 76' lang='lat' dir='ltr'>tuarum.</span> 
     </span>
    </p>

    <p class='ocr_par' dir='ltr' id='par_1_6' title="bbox 212 1039 1035 1205">
     <span class='ocr_line' id='line_1_15' title="bbox 267 1039 1035 1092; baseline -0.001 -12"><span class='ocrx_word' id='word_1_65' title='bbox 267 1039 422 1080; x_wconf 92' lang='lat' dir='ltr'>Omnia</span> <span class='ocrx_word' id='word_1_66' title='bbox 461 1039 682 1092; x_wconf 88' lang='lat' dir='ltr'>subjecisti</span> <span class='ocrx_word' id='word_1_67' title='bbox 729 1039 808 1081; x_wconf 92' lang='lat' dir='ltr'>sub</span> <span class='ocrx_word' id='word_1_68' title='bbox 848 1039 1035 1092; x_wconf 91' lang='lat' dir='ltr'>pedibus</span> 
     </span>
     <span class='ocr_line' id='line_1_16' title="bbox 215 1096 1034 1147; baseline -0.001 -11"><span class='ocrx_word' id='word_1_69' title='bbox 215 1096 319 1147; x_wconf 91' lang='lat' dir='ltr'>ejus,</span> <span class='ocrx_word' id='word_1_70' title='bbox 348 1097 372 1122; x_wconf 85' lang='lat'>*</span> <span class='ocrx_word' id='word_1_71' title='bbox 404 1108 510 1137; x_wconf 89' lang='lat' dir='ltr'>oves</span> <span class='ocrx_word' id='word_1_72' title='bbox 545 1101 588 1138; x_wconf 91' lang='lat' dir='ltr'>et</span> <span class='ocrx_word' id='word_1_73' title='bbox 622 1096 760 1137; x_wconf 81' lang='lat' dir='ltr'>bov&#39;es</span> <span class='ocrx_word' id='word_1_74' title='bbox 793 1096 1034 1138; x_wconf 90' lang='lat' dir='ltr'>universas:</span> 
     </span>
     <span class='ocr_line' id='line_1_17' title="bbox 212 1153 802 1205; baseline 0.002 -13"><span class='ocrx_word' id='word_1_75' title='bbox 212 1153 390 1204; x_wconf 82' lang='lat' dir='ltr'>insuper</span> <span class='ocrx_word' id='word_1_76' title='bbox 409 1156 452 1193; x_wconf 89' lang='lat' dir='ltr'>et</span> <span class='ocrx_word' id='word_1_77' title='bbox 470 1154 631 1205; x_wconf 86' lang='lat' dir='ltr'>pecora</span> <span class='ocrx_word' id='word_1_78' title='bbox 650 1153 802 1205; x_wconf 92' lang='lat' dir='ltr'>campi.</span> 
     </span>
    </p>

    <p class='ocr_par' dir='ltr' id='par_1_7' title="bbox 212 1208 1034 1317">
     <span class='ocr_line' id='line_1_18' title="bbox 263 1208 1034 1262; baseline -0.001 -12"><span class='ocrx_word' id='word_1_79' title='bbox 263 1208 480 1250; x_wconf 87' lang='lat' dir='ltr'>Volucres</span> <span class='ocrx_word' id='word_1_80' title='bbox 506 1209 624 1259; x_wconf 88' lang='lat' dir='ltr'>coeli,</span> <span class='ocrx_word' id='word_1_81' title='bbox 658 1214 700 1251; x_wconf 91' lang='lat' dir='ltr'>et</span> <span class='ocrx_word' id='word_1_82' title='bbox 723 1209 867 1262; x_wconf 87' lang='lat' dir='ltr'>pisces</span> <span class='ocrx_word' id='word_1_83' title='bbox 890 1209 1034 1259; x_wconf 87' lang='lat' dir='ltr'>maris,</span> 
     </span>
     <span class='ocr_line' id='line_1_19' title="bbox 212 1265 1034 1317; baseline 0 -11"><span class='ocrx_word' id='word_1_84' title='bbox 212 1266 236 1292; x_wconf 87' lang='lat'>*</span> <span class='ocrx_word' id='word_1_85' title='bbox 261 1265 334 1317; x_wconf 93' lang='lat' dir='ltr'>qui</span> <span class='ocrx_word' id='word_1_86' title='bbox 358 1265 662 1317; x_wconf 71' lang='lat' dir='ltr'>perambulant</span> <span class='ocrx_word' id='word_1_87' title='bbox 691 1265 868 1306; x_wconf 79' lang='lat' dir='ltr'>semitas</span> <span class='ocrx_word' id='word_1_88' title='bbox 891 1265 1034 1306; x_wconf 88' lang='lat' dir='ltr'>maris.</span> 
     </span>
    </p>

    <p class='ocr_par' dir='ltr' id='par_1_8' title="bbox 211 1321 1033 1476">
     <span class='ocr_line' id='line_1_20' title="bbox 263 1321 1033 1374; baseline 0.003 -13"><span class='ocrx_word' id='word_1_89' title='bbox 263 1321 450 1363; x_wconf 83' lang='lat' dir='ltr'>Domine</span> <span class='ocrx_word' id='word_1_90' title='bbox 464 1321 678 1363; x_wconf 82' lang='lat' dir='ltr'>Dominus</span> <span class='ocrx_word' id='word_1_91' title='bbox 692 1326 851 1372; x_wconf 87' lang='lat' dir='ltr'>noster,</span> <span class='ocrx_word' id='word_1_92' title='bbox 865 1323 888 1349; x_wconf 89' lang='lat'>*</span> <span class='ocrx_word' id='word_1_93' title='bbox 903 1334 1033 1374; x_wconf 88' lang='lat' dir='ltr'>quam</span> 
     </span>
     <span class='ocr_line' id='line_1_21' title="bbox 211 1377 1032 1420; baseline 0.002 -2"><span class='ocrx_word' id='word_1_94' title='bbox 211 1377 467 1419; x_wconf 80' lang='lat' dir='ltr'>admirabile</span> <span class='ocrx_word' id='word_1_95' title='bbox 485 1383 552 1420; x_wconf 89' lang='lat' dir='ltr'>est</span> <span class='ocrx_word' id='word_1_96' title='bbox 570 1391 730 1420; x_wconf 90' lang='lat' dir='ltr'>nomen</span> <span class='ocrx_word' id='word_1_97' title='bbox 748 1383 870 1420; x_wconf 91' lang='lat' dir='ltr'>tuum</span> <span class='ocrx_word' id='word_1_98' title='bbox 885 1378 928 1419; x_wconf 92' lang='lat' dir='ltr'>in</span> <span class='ocrx_word' id='word_1_99' title='bbox 942 1379 1032 1420; x_wconf 92' lang='lat' dir='ltr'>uni-</span> 
     </span>
     <span class='ocr_line' id='line_1_22' title="bbox 211 1434 487 1476; baseline 0.004 -2"><span class='ocrx_word' id='word_1_100' title='bbox 211 1435 337 1475; x_wconf 90' lang='lat' dir='ltr'>versa</span> <span class='ocrx_word' id='word_1_101' title='bbox 356 1434 487 1476; x_wconf 88' lang='lat' dir='ltr'>terra!</span> 
     </span>
    </p>

    <p class='ocr_par' dir='ltr' id='par_1_9' title="bbox 210 1491 1032 1599">
     <span class='ocr_line' id='line_1_23' title="bbox 264 1491 1032 1544; baseline 0.003 -13"><span class='ocrx_word' id='word_1_102' title='bbox 264 1492 361 1532; x_wconf 78' lang='lat' dir='ltr'>Ant.</span> <span class='ocrx_word' id='word_1_103' title='bbox 396 1492 432 1532; x_wconf 92' lang='lat' dir='ltr'>O</span> <span class='ocrx_word' id='word_1_104' title='bbox 457 1504 586 1543; x_wconf 91' lang='lat' dir='ltr'>quam</span> <span class='ocrx_word' id='word_1_105' title='bbox 609 1491 791 1544; x_wconf 91' lang='lat' dir='ltr'>pulchra</span> <span class='ocrx_word' id='word_1_106' title='bbox 819 1496 885 1533; x_wconf 91' lang='lat' dir='ltr'>est</span> <span class='ocrx_word' id='word_1_107' title='bbox 910 1496 1032 1534; x_wconf 89' lang='lat' dir='ltr'>casta</span> 
     </span>
     <span class='ocr_line' id='line_1_24' title="bbox 210 1547 783 1599; baseline -0.002 -10"><span class='ocrx_word' id='word_1_108' title='bbox 210 1548 433 1599; x_wconf 78' lang='lat' dir='ltr'>generatio</span> <span class='ocrx_word' id='word_1_109' title='bbox 453 1560 551 1589; x_wconf 93' lang='lat' dir='ltr'>cum</span> <span class='ocrx_word' id='word_1_110' title='bbox 571 1547 783 1589; x_wconf 76' lang='lat' dir='ltr'>claritate!</span> 
     </span>
    </p>

    <p class='ocr_par' dir='ltr' id='par_1_10' title="bbox 210 1602 1031 1757">
     <span class='ocr_line' id='line_1_25' title="bbox 264 1602 1031 1658; baseline 0.008 -18"><span class='ocrx_word' id='word_1_111' title='bbox 264 1602 363 1642; x_wconf 81' lang='lat' dir='ltr'>Ant.</span> <span class='ocrx_word' id='word_1_112' title='bbox 404 1603 539 1645; x_wconf 87' lang='lat' dir='ltr'>Laeva</span> <span class='ocrx_word' id='word_1_113' title='bbox 576 1604 667 1655; x_wconf 91' lang='lat' dir='ltr'>ejus</span> <span class='ocrx_word' id='word_1_114' title='bbox 704 1605 728 1631; x_wconf 87' lang='lat'>*</span> <span class='ocrx_word' id='word_1_115' title='bbox 765 1604 846 1645; x_wconf 92' lang='lat' dir='ltr'>sub</span> <span class='ocrx_word' id='word_1_116' title='bbox 887 1605 1031 1658; x_wconf 78' lang='lat' dir='ltr'>capite</span> 
     </span>
     <span class='ocr_line' id='line_1_26' title="bbox 210 1659 1030 1713; baseline 0.004 -13"><span class='ocrx_word' id='word_1_117' title='bbox 210 1672 328 1709; x_wconf 90' lang='lat' dir='ltr'>meo,</span> <span class='ocrx_word' id='word_1_118' title='bbox 357 1664 400 1701; x_wconf 87' lang='lat' dir='ltr'>et</span> <span class='ocrx_word' id='word_1_119' title='bbox 426 1659 606 1702; x_wconf 85' lang='lat' dir='ltr'>dextera</span> <span class='ocrx_word' id='word_1_120' title='bbox 627 1660 742 1701; x_wconf 91' lang='lat' dir='ltr'>illius</span> <span class='ocrx_word' id='word_1_121' title='bbox 768 1661 1030 1713; x_wconf 81' lang='lat' dir='ltr'>amplexabi-</span> 
     </span>
     <span class='ocr_line' id='line_1_27' title="bbox 210 1720 909 1757; baseline 0 0"><span class='ocrx_word' id='word_1_122' title='bbox 210 1720 280 1757; x_wconf 86' lang='lat' dir='ltr'>tur</span> <span class='ocrx_word' id='word_1_123' title='bbox 297 1728 378 1757; x_wconf 88' lang='lat' dir='ltr'>me.</span> <span class='ocrx_word' id='word_1_124' title='bbox 907 1734 909 1736; x_wconf 96' lang='lat'>·</span> 
     </span>
    </p>

    <p class='ocr_par' dir='ltr' id='par_1_11' title="bbox 209 1766 1030 1988">
     <span class='ocr_line' id='line_1_28' title="bbox 486 1766 760 1807; baseline 0 0"><span class='ocrx_word' id='word_1_125' title='bbox 486 1766 683 1807; x_wconf 86' lang='lat' dir='ltr'>Psalmus</span> <span class='ocrx_word' id='word_1_126' title='bbox 703 1768 760 1807; x_wconf 80' lang='lat'>18.</span> 
     </span>
     <span class='ocr_line' id='line_1_29' title="bbox 283 1829 1030 1880; baseline 0.004 -11"><span class='ocrx_word' id='word_1_127' title='bbox 283 1829 358 1870; x_wconf 90' lang='lat' dir='ltr'>oeli</span> <span class='ocrx_word' id='word_1_128' title='bbox 386 1831 587 1871; x_wconf 76' lang='lat' dir='ltr'>enarrant</span> <span class='ocrx_word' id='word_1_129' title='bbox 613 1829 797 1880; x_wconf 68' lang='lat' dir='ltr'>gloriam</span> <span class='ocrx_word' id='word_1_130' title='bbox 819 1830 917 1880; x_wconf 86' lang='lat' dir='ltr'>Dei,</span> <span class='ocrx_word' id='word_1_131' title='bbox 939 1831 962 1858; x_wconf 86' lang='grc'>*</span> <span class='ocrx_word' id='word_1_132' title='bbox 987 1835 1030 1872; x_wconf 92' lang='lat' dir='ltr'>et</span> 
     </span>
     <span class='ocr_line' id='line_1_30' title="bbox 296 1887 1030 1938; baseline 0.004 -12"><span class='ocrx_word' id='word_1_133' title='bbox 296 1887 431 1938; x_wconf 73' lang='lat' dir='ltr'>Opera</span> <span class='ocrx_word' id='word_1_134' title='bbox 456 1887 662 1927; x_wconf 79' lang='lat' dir='ltr'>manuum</span> <span class='ocrx_word' id='word_1_135' title='bbox 690 1887 779 1938; x_wconf 92' lang='lat' dir='ltr'>ejus</span> <span class='ocrx_word' id='word_1_136' title='bbox 803 1887 1030 1929; x_wconf 80' lang='lat' dir='ltr'>annuntiat</span> 
     </span>
     <span class='ocr_line' id='line_1_31' title="bbox 209 1942 571 1988; baseline 0.003 -6"><span class='ocrx_word' id='word_1_137' title='bbox 209 1942 537 1983; x_wconf 90' lang='lat' dir='ltr'>firmamentum.</span> <span class='ocrx_word' id='word_1_138' title='bbox 564 1981 571 1988; x_wconf 88' lang='grc'><strong>,</strong></span> 
     </span>
    </p>

    <p class='ocr_par' dir='ltr' id='par_1_12' title="bbox 209 1997 1029 2096">
     <span class='ocr_line' id='line_1_32' title="bbox 259 1997 1029 2050; baseline 0.005 -12"><span class='ocrx_word' id='word_1_139' title='bbox 259 1998 364 2039; x_wconf 92' lang='lat' dir='ltr'>Dies</span> <span class='ocrx_word' id='word_1_140' title='bbox 397 1997 482 2040; x_wconf 88' lang='lat' dir='ltr'>diei</span> <span class='ocrx_word' id='word_1_141' title='bbox 510 2001 679 2040; x_wconf 80' lang='lat' dir='ltr'>eructat</span> <span class='ocrx_word' id='word_1_142' title='bbox 709 1998 907 2050; x_wconf 87' lang='lat' dir='ltr'>verbum,</span> <span class='ocrx_word' id='word_1_143' title='bbox 935 2000 959 2026; x_wconf 86' lang='lat'>*</span> <span class='ocrx_word' id='word_1_144' title='bbox 986 2005 1029 2042; x_wconf 90' lang='lat' dir='ltr'>et</span> 
     </span>
     <span class='ocr_line' id='line_1_33' title="bbox 209 2054 868 2096; baseline 0.003 -2"><span class='ocrx_word' id='word_1_145' title='bbox 209 2065 297 2094; x_wconf 84' lang='lat' dir='ltr'>nox</span> <span class='ocrx_word' id='word_1_146' title='bbox 316 2055 434 2095; x_wconf 89' lang='lat' dir='ltr'>nocti</span> <span class='ocrx_word' id='word_1_147' title='bbox 452 2054 615 2096; x_wconf 89' lang='lat' dir='ltr'>indicat</span> <span class='ocrx_word' id='word_1_148' title='bbox 633 2055 868 2096; x_wconf 86' lang='lat' dir='ltr'>scientiam.</span> 
     </span>
    </p>

    <p class='ocr_par' dir='ltr' id='par_1_13' title="bbox 207 2109 1028 2264">
     <span class='ocr_line' id='line_1_34' title="bbox 259 2109 1027 2165; baseline 0.005 -15"><span class='ocrx_word' id='word_1_149' title='bbox 259 2109 361 2150; x_wconf 93' lang='lat' dir='ltr'>Non</span> <span class='ocrx_word' id='word_1_150' title='bbox 394 2115 493 2152; x_wconf 90' lang='lat' dir='ltr'>sunt</span> <span class='ocrx_word' id='word_1_151' title='bbox 526 2111 730 2164; x_wconf 80' lang='lat' dir='ltr'>loquelae,</span> <span class='ocrx_word' id='word_1_152' title='bbox 765 2125 908 2165; x_wconf 91' lang='lat' dir='ltr'>neque</span> <span class='ocrx_word' id='word_1_153' title='bbox 941 2125 1027 2154; x_wconf 90' lang='lat' dir='ltr'>ser-</span> 
     </span>
     <span class='ocr_line' id='line_1_35' title="bbox 207 2168 1028 2219; baseline 0.006 -13"><span class='ocrx_word' id='word_1_154' title='bbox 207 2168 375 2215; x_wconf 85' lang='lat' dir='ltr'>mones,</span> <span class='ocrx_word' id='word_1_155' title='bbox 402 2168 426 2193; x_wconf 85' lang='lat'>*</span> <span class='ocrx_word' id='word_1_156' title='bbox 460 2180 645 2219; x_wconf 93' lang='lat' dir='ltr'>quorum</span> <span class='ocrx_word' id='word_1_157' title='bbox 677 2181 766 2210; x_wconf 94' lang='lat' dir='ltr'>non</span> <span class='ocrx_word' id='word_1_158' title='bbox 797 2168 1028 2211; x_wconf 80' lang='lat' dir='ltr'>audiantur</span> 
     </span>
     <span class='ocr_line' id='line_1_36' title="bbox 207 2225 519 2264; baseline 0.003 -1"><span class='ocrx_word' id='word_1_159' title='bbox 207 2235 339 2264; x_wconf 89' lang='lat' dir='ltr'>voces</span> <span class='ocrx_word' id='word_1_160' title='bbox 359 2225 519 2264; x_wconf 83' lang='lat' dir='ltr'>eorum.</span> 
     </span>
    </p>

    <p class='ocr_par' dir='ltr' id='par_1_14' title="bbox 206 2279 1025 2433">
     <span class='ocr_line' id='line_1_37' title="bbox 259 2279 1025 2324; baseline 0.007 -5"><span class='ocrx_word' id='word_1_161' title='bbox 259 2279 310 2320; x_wconf 93' lang='lat' dir='ltr'>In</span> <span class='ocrx_word' id='word_1_162' title='bbox 338 2291 511 2320; x_wconf 87' lang='lat' dir='ltr'>omnem</span> <span class='ocrx_word' id='word_1_163' title='bbox 542 2284 703 2322; x_wconf 91' lang='lat' dir='ltr'>terram</span> <span class='ocrx_word' id='word_1_164' title='bbox 731 2282 865 2323; x_wconf 79' lang='lat' dir='ltr'>exivit</span> <span class='ocrx_word' id='word_1_165' title='bbox 893 2294 1025 2324; x_wconf 88' lang='lat' dir='ltr'>sonus</span> 
     </span>
     <span class='ocr_line' id='line_1_38' title="bbox 207 2336 1024 2380; baseline 0.004 -3"><span class='ocrx_word' id='word_1_166' title='bbox 207 2337 372 2377; x_wconf 83' lang='lat' dir='ltr'>eorum:</span> <span class='ocrx_word' id='word_1_167' title='bbox 397 2337 421 2363; x_wconf 90' lang='lat'>*</span> <span class='ocrx_word' id='word_1_168' title='bbox 450 2340 493 2377; x_wconf 92' lang='lat' dir='ltr'>et</span> <span class='ocrx_word' id='word_1_169' title='bbox 526 2336 569 2376; x_wconf 90' lang='lat' dir='ltr'>in</span> <span class='ocrx_word' id='word_1_170' title='bbox 601 2337 708 2379; x_wconf 91' lang='lat' dir='ltr'>fines</span> <span class='ocrx_word' id='word_1_171' title='bbox 744 2337 863 2379; x_wconf 90' lang='lat' dir='ltr'>orbis</span> <span class='ocrx_word' id='word_1_172' title='bbox 895 2342 1024 2380; x_wconf 89' lang='lat' dir='ltr'>terrae</span> 
     </span>
     <span class='ocr_line' id='line_1_39' title="bbox 206 2391 520 2433; baseline -0.003 0"><span class='ocrx_word' id='word_1_173' title='bbox 206 2391 339 2433; x_wconf 90' lang='lat' dir='ltr'>verba</span> <span class='ocrx_word' id='word_1_174' title='bbox 359 2393 520 2433; x_wconf 85' lang='lat' dir='ltr'>eorum.</span> 
     </span>
    </p>

    <p class='ocr_par' dir='ltr' id='par_1_15' title="bbox 204 2447 1023 2612">
     <span class='ocr_line' id='line_1_40' title="bbox 256 2447 1023 2500; baseline 0.007 -12"><span class='ocrx_word' id='word_1_175' title='bbox 256 2447 309 2488; x_wconf 89' lang='lat' dir='ltr'>In</span> <span class='ocrx_word' id='word_1_176' title='bbox 328 2447 421 2490; x_wconf 92' lang='lat' dir='ltr'>sole</span> <span class='ocrx_word' id='word_1_177' title='bbox 442 2448 588 2500; x_wconf 84' lang='lat' dir='ltr'>posuit</span> <span class='ocrx_word' id='word_1_178' title='bbox 610 2448 937 2492; x_wconf 80' lang='lat' dir='ltr'>tabernaculum</span> <span class='ocrx_word' id='word_1_179' title='bbox 956 2464 1023 2493; x_wconf 92' lang='lat' dir='ltr'>su-</span> 
     </span>
     <span class='ocr_line' id='line_1_41' title="bbox 206 2504 1023 2559; baseline 0.007 -15"><span class='ocrx_word' id='word_1_180' title='bbox 206 2517 294 2545; x_wconf 92' lang='lat' dir='ltr'>um:</span> <span class='ocrx_word' id='word_1_181' title='bbox 325 2506 349 2531; x_wconf 89' lang='lat'>*</span> <span class='ocrx_word' id='word_1_182' title='bbox 381 2508 424 2546; x_wconf 90' lang='lat' dir='ltr'>et</span> <span class='ocrx_word' id='word_1_183' title='bbox 456 2504 551 2556; x_wconf 89' lang='lat' dir='ltr'>ipse</span> <span class='ocrx_word' id='word_1_184' title='bbox 581 2509 804 2557; x_wconf 85' lang='lat' dir='ltr'>tamquam</span> <span class='ocrx_word' id='word_1_185' title='bbox 837 2519 1023 2559; x_wconf 89' lang='lat' dir='ltr'>sponsus</span> 
     </span>
     <span class='ocr_line' id='line_1_42' title="bbox 204 2559 851 2612; baseline 0.002 -11"><span class='ocrx_word' id='word_1_186' title='bbox 204 2560 450 2612; x_wconf 77' lang='lat' dir='ltr'>procedens</span> <span class='ocrx_word' id='word_1_187' title='bbox 470 2559 524 2602; x_wconf 86' lang='lat' dir='ltr'>de</span> <span class='ocrx_word' id='word_1_188' title='bbox 543 2559 735 2602; x_wconf 76' lang='lat' dir='ltr'>thalamo</span> <span class='ocrx_word' id='word_1_189' title='bbox 756 2574 851 2603; x_wconf 91' lang='lat' dir='ltr'>suo:</span> 
     </span>
    </p>

    <p class='ocr_par' dir='ltr' id='par_1_16' title="bbox 204 2617 1021 2782">
     <span class='ocr_line' id='line_1_43' title="bbox 256 2617 1021 2668; baseline 0.001 -9"><span class='ocrx_word' id='word_1_190' title='bbox 256 2617 503 2659; x_wconf 78' lang='lat' dir='ltr'>Exsultavit</span> <span class='ocrx_word' id='word_1_191' title='bbox 535 2621 584 2658; x_wconf 93' lang='lat' dir='ltr'>ut</span> <span class='ocrx_word' id='word_1_192' title='bbox 616 2617 737 2668; x_wconf 89' lang='lat' dir='ltr'>gigas</span> <span class='ocrx_word' id='word_1_193' title='bbox 768 2618 825 2659; x_wconf 91' lang='lat' dir='ltr'>ad</span> <span class='ocrx_word' id='word_1_194' title='bbox 851 2621 1021 2660; x_wconf 90' lang='lat' dir='ltr'>curren-</span> 
     </span>
     <span class='ocr_line' id='line_1_44' title="bbox 204 2673 1020 2726; baseline 0.001 -11"><span class='ocrx_word' id='word_1_195' title='bbox 204 2673 305 2715; x_wconf 92' lang='lat' dir='ltr'>dam</span> <span class='ocrx_word' id='word_1_196' title='bbox 323 2674 449 2723; x_wconf 88' lang='lat' dir='ltr'>viam,</span> <span class='ocrx_word' id='word_1_197' title='bbox 468 2673 492 2698; x_wconf 85' lang='lat'>*</span> <span class='ocrx_word' id='word_1_198' title='bbox 511 2686 537 2714; x_wconf 91' lang='lat' dir='ltr'>a</span> <span class='ocrx_word' id='word_1_199' title='bbox 556 2686 725 2714; x_wconf 89' lang='lat' dir='ltr'>summo</span> <span class='ocrx_word' id='word_1_200' title='bbox 748 2674 861 2715; x_wconf 91' lang='lat' dir='ltr'>coelo</span> <span class='ocrx_word' id='word_1_201' title='bbox 881 2677 1020 2726; x_wconf 86' lang='lat' dir='ltr'>egres-</span> 
     </span>
     <span class='ocr_line' id='line_1_45' title="bbox 204 2742 393 2782; baseline -0.005 -11"><span class='ocrx_word' id='word_1_202' title='bbox 204 2742 268 2771; x_wconf 83' lang='lat' dir='ltr'>sio</span> <span class='ocrx_word' id='word_1_203' title='bbox 289 2743 393 2782; x_wconf 74' lang='lat' dir='ltr'>ejus:</span> 
     </span>
    </p>
   </div>
   <div class='ocr_carea' id='block_1_3' title="bbox 1083 302 1910 1601">
    <p class='ocr_par' dir='ltr' id='par_1_17' title="bbox 1090 302 1910 468">
     <span class='ocr_line' id='line_1_46' title="bbox 1141 302 1909 356; baseline 0 -12"><span class='ocrx_word' id='word_1_204' title='bbox 1141 304 1198 344; x_wconf 85' lang='lat' dir='ltr'>Et</span> <span class='ocrx_word' id='word_1_205' title='bbox 1226 306 1435 345; x_wconf 77' lang='lat' dir='ltr'>occursus</span> <span class='ocrx_word' id='word_1_206' title='bbox 1457 304 1547 355; x_wconf 89' lang='lat' dir='ltr'>ejus</span> <span class='ocrx_word' id='word_1_207' title='bbox 1565 315 1704 356; x_wconf 84' lang='lat' dir='ltr'>usque</span> <span class='ocrx_word' id='word_1_208' title='bbox 1723 302 1780 344; x_wconf 88' lang='lat' dir='ltr'>ad</span> <span class='ocrx_word' id='word_1_209' title='bbox 1798 316 1909 345; x_wconf 89' lang='lat' dir='ltr'>sum-</span> 
     </span>
     <span class='ocr_line' id='line_1_47' title="bbox 1090 359 1910 412; baseline 0.001 -12"><span class='ocrx_word' id='word_1_210' title='bbox 1090 373 1209 400; x_wconf 91' lang='lat' dir='ltr'>mum</span> <span class='ocrx_word' id='word_1_211' title='bbox 1236 360 1341 412; x_wconf 87' lang='lat' dir='ltr'>ejus:</span> <span class='ocrx_word' id='word_1_212' title='bbox 1368 361 1392 387; x_wconf 86' lang='lat'>*</span> <span class='ocrx_word' id='word_1_213' title='bbox 1418 372 1499 401; x_wconf 91' lang='lat' dir='ltr'>nec</span> <span class='ocrx_word' id='word_1_214' title='bbox 1532 363 1599 401; x_wconf 91' lang='lat' dir='ltr'>est</span> <span class='ocrx_word' id='word_1_215' title='bbox 1631 359 1705 411; x_wconf 91' lang='lat' dir='ltr'>qui</span> <span class='ocrx_word' id='word_1_216' title='bbox 1736 371 1784 401; x_wconf 91' lang='lat' dir='ltr'>se</span> <span class='ocrx_word' id='word_1_217' title='bbox 1815 359 1910 401; x_wconf 90' lang='lat' dir='ltr'>abs·</span> 
     </span>
     <span class='ocr_line' id='line_1_48' title="bbox 1091 415 1581 468; baseline 0 -12"><span class='ocrx_word' id='word_1_218' title='bbox 1091 415 1251 457; x_wconf 82' lang='lat' dir='ltr'>condat</span> <span class='ocrx_word' id='word_1_219' title='bbox 1270 429 1295 457; x_wconf 91' lang='lat' dir='ltr'>a</span> <span class='ocrx_word' id='word_1_220' title='bbox 1314 416 1460 458; x_wconf 84' lang='lat' dir='ltr'>calore</span> <span class='ocrx_word' id='word_1_221' title='bbox 1480 416 1581 468; x_wconf 86' lang='lat' dir='ltr'>ejus.</span> 
     </span>
    </p>

    <p class='ocr_par' dir='ltr' id='par_1_18' title="bbox 1088 471 1910 693">
     <span class='ocr_line' id='line_1_49' title="bbox 1139 471 1910 514; baseline 0.001 -1"><span class='ocrx_word' id='word_1_222' title='bbox 1139 472 1231 514; x_wconf 84' lang='lat' dir='ltr'>Lex</span> <span class='ocrx_word' id='word_1_223' title='bbox 1246 472 1422 514; x_wconf 85' lang='lat' dir='ltr'>Domini</span> <span class='ocrx_word' id='word_1_224' title='bbox 1440 471 1718 514; x_wconf 77' lang='lat' dir='ltr'>immaculata</span> <span class='ocrx_word' id='word_1_225' title='bbox 1734 473 1910 514; x_wconf 85' lang='lat' dir='ltr'>conver-</span> 
     </span>
     <span class='ocr_line' id='line_1_50' title="bbox 1089 529 1909 571; baseline 0 -1"><span class='ocrx_word' id='word_1_226' title='bbox 1089 533 1185 570; x_wconf 87' lang='lat' dir='ltr'>tens</span> <span class='ocrx_word' id='word_1_227' title='bbox 1223 529 1404 570; x_wconf 77' lang='lat' dir='ltr'>animas:</span> <span class='ocrx_word' id='word_1_228' title='bbox 1436 530 1460 556; x_wconf 87' lang='lat'>*</span> <span class='ocrx_word' id='word_1_229' title='bbox 1492 529 1789 571; x_wconf 75' lang='lat' dir='ltr'>testimenium</span> <span class='ocrx_word' id='word_1_230' title='bbox 1822 529 1909 570; x_wconf 79' lang='lat' dir='ltr'>Do-</span> 
     </span>
     <span class='ocr_line' id='line_1_51' title="bbox 1088 585 1909 638; baseline 0.002 -13"><span class='ocrx_word' id='word_1_231' title='bbox 1088 585 1193 625; x_wconf 90' lang='lat' dir='ltr'>mini</span> <span class='ocrx_word' id='word_1_232' title='bbox 1226 585 1370 636; x_wconf 90' lang='lat' dir='ltr'>fidele,</span> <span class='ocrx_word' id='word_1_233' title='bbox 1404 585 1663 638; x_wconf 76' lang='lat' dir='ltr'>sapientiam</span> <span class='ocrx_word' id='word_1_234' title='bbox 1694 589 1909 638; x_wconf 76' lang='lat' dir='ltr'>praestans</span> 
     </span>
     <span class='ocr_line' id='line_1_52' title="bbox 1088 642 1292 693; baseline 0 -11"><span class='ocrx_word' id='word_1_235' title='bbox 1088 642 1292 693; x_wconf 71' lang='lat' dir='ltr'>parvulis.</span> 
     </span>
    </p>

    <p class='ocr_par' dir='ltr' id='par_1_19' title="bbox 1087 697 1908 862">
     <span class='ocr_line' id='line_1_53' title="bbox 1139 697 1908 748; baseline 0 -9"><span class='ocrx_word' id='word_1_236' title='bbox 1139 698 1326 740; x_wconf 83' lang='lat' dir='ltr'>Justitiae</span> <span class='ocrx_word' id='word_1_237' title='bbox 1362 699 1540 740; x_wconf 82' lang='lat' dir='ltr'>Demini</span> <span class='ocrx_word' id='word_1_238' title='bbox 1575 703 1726 748; x_wconf 87' lang='lat' dir='ltr'>rectae,</span> <span class='ocrx_word' id='word_1_239' title='bbox 1771 697 1908 740; x_wconf 88' lang='lat' dir='ltr'>laetifi-</span> 
     </span>
     <span class='ocr_line' id='line_1_54' title="bbox 1089 754 1908 809; baseline -0.001 -12"><span class='ocrx_word' id='word_1_240' title='bbox 1089 757 1238 797; x_wconf 75' lang='lat' dir='ltr'>cantes</span> <span class='ocrx_word' id='word_1_241' title='bbox 1271 755 1425 797; x_wconf 86' lang='lat' dir='ltr'>corda:</span> <span class='ocrx_word' id='word_1_242' title='bbox 1456 757 1480 783; x_wconf 88' lang='lat'>*</span> <span class='ocrx_word' id='word_1_243' title='bbox 1514 757 1786 809; x_wconf 75' lang='lat' dir='ltr'>praeceptum</span> <span class='ocrx_word' id='word_1_244' title='bbox 1820 754 1908 796; x_wconf 83' lang='lat' dir='ltr'>Do-</span> 
     </span>
     <span class='ocr_line' id='line_1_55' title="bbox 1087 811 1858 862; baseline 0 -10"><span class='ocrx_word' id='word_1_245' title='bbox 1087 812 1191 852; x_wconf 91' lang='lat' dir='ltr'>mini</span> <span class='ocrx_word' id='word_1_246' title='bbox 1209 811 1411 862; x_wconf 82' lang='lat' dir='ltr'>lucidum,</span> <span class='ocrx_word' id='word_1_247' title='bbox 1430 812 1677 854; x_wconf 79' lang='lat' dir='ltr'>illuminans</span> <span class='ocrx_word' id='word_1_248' title='bbox 1695 811 1858 853; x_wconf 85' lang='lat' dir='ltr'>oculos.</span> 
     </span>
    </p>

    <p class='ocr_par' dir='ltr' id='par_1_20' title="bbox 1086 868 1909 1090">
     <span class='ocr_line' id='line_1_56' title="bbox 1138 868 1908 922; baseline 0 -13"><span class='ocrx_word' id='word_1_249' title='bbox 1138 868 1290 910; x_wconf 93' lang='lat' dir='ltr'>Timor</span> <span class='ocrx_word' id='word_1_250' title='bbox 1316 869 1494 910; x_wconf 79' lang='lat' dir='ltr'>Domini</span> <span class='ocrx_word' id='word_1_251' title='bbox 1521 874 1715 919; x_wconf 88' lang='lat' dir='ltr'>sanctus,</span> <span class='ocrx_word' id='word_1_252' title='bbox 1741 870 1908 922; x_wconf 82' lang='lat' dir='ltr'>perma-</span> 
     </span>
     <span class='ocr_line' id='line_1_57' title="bbox 1087 924 1909 977; baseline 0 -12"><span class='ocrx_word' id='word_1_253' title='bbox 1087 937 1195 966; x_wconf 90' lang='lat' dir='ltr'>nens</span> <span class='ocrx_word' id='word_1_254' title='bbox 1218 925 1263 966; x_wconf 91' lang='lat' dir='ltr'>in</span> <span class='ocrx_word' id='word_1_255' title='bbox 1287 925 1495 967; x_wconf 81' lang='lat' dir='ltr'>saeculum</span> <span class='ocrx_word' id='word_1_256' title='bbox 1523 926 1684 967; x_wconf 70' lang='lat' dir='ltr'>saeculi:</span> <span class='ocrx_word' id='word_1_257' title='bbox 1703 926 1727 951; x_wconf 87' lang='grc'><em>*</em></span> <span class='ocrx_word' id='word_1_258' title='bbox 1751 924 1909 977; x_wconf 88' lang='lat' dir='ltr'>judicia</span> 
     </span>
     <span class='ocr_line' id='line_1_58' title="bbox 1086 981 1907 1035; baseline 0.001 -13"><span class='ocrx_word' id='word_1_259' title='bbox 1086 981 1265 1023; x_wconf 80' lang='lat' dir='ltr'>Domini</span> <span class='ocrx_word' id='word_1_260' title='bbox 1289 995 1407 1033; x_wconf 89' lang='lat' dir='ltr'>vera,</span> <span class='ocrx_word' id='word_1_261' title='bbox 1431 983 1664 1035; x_wconf 80' lang='lat' dir='ltr'>justificata</span> <span class='ocrx_word' id='word_1_262' title='bbox 1686 982 1730 1023; x_wconf 91' lang='lat' dir='ltr'>in</span> <span class='ocrx_word' id='word_1_263' title='bbox 1754 985 1907 1024; x_wconf 88' lang='lat' dir='ltr'>semet-</span> 
     </span>
     <span class='ocr_line' id='line_1_59' title="bbox 1086 1051 1193 1090; baseline 0.009 -12"><span class='ocrx_word' id='word_1_264' title='bbox 1086 1051 1193 1090; x_wconf 82' lang='lat' dir='ltr'>ipsa.</span> 
     </span>
    </p>

    <p class='ocr_par' dir='ltr' id='par_1_21' title="bbox 1086 1095 1908 1262">
     <span class='ocr_line' id='line_1_60' title="bbox 1138 1095 1908 1148; baseline 0.001 -13"><span class='ocrx_word' id='word_1_265' title='bbox 1138 1095 1457 1137; x_wconf 87' lang='lat' dir='ltr'>Desiderabilia</span> <span class='ocrx_word' id='word_1_266' title='bbox 1497 1108 1629 1148; x_wconf 91' lang='lat' dir='ltr'>super</span> <span class='ocrx_word' id='word_1_267' title='bbox 1669 1107 1823 1136; x_wconf 89' lang='lat' dir='ltr'>aurum</span> <span class='ocrx_word' id='word_1_268' title='bbox 1865 1099 1908 1136; x_wconf 90' lang='lat' dir='ltr'>et</span> 
     </span>
     <span class='ocr_line' id='line_1_61' title="bbox 1086 1150 1908 1205; baseline 0 -13"><span class='ocrx_word' id='word_1_269' title='bbox 1086 1150 1277 1203; x_wconf 75' lang='lat' dir='ltr'>lapidem</span> <span class='ocrx_word' id='word_1_270' title='bbox 1309 1152 1551 1205; x_wconf 84' lang='lat' dir='ltr'>pretiosum</span> <span class='ocrx_word' id='word_1_271' title='bbox 1582 1151 1781 1194; x_wconf 85' lang='lat' dir='ltr'>multum:</span> <span class='ocrx_word' id='word_1_272' title='bbox 1807 1151 1832 1178; x_wconf 84' lang='lat'>*</span> <span class='ocrx_word' id='word_1_273' title='bbox 1863 1155 1908 1193; x_wconf 91' lang='lat' dir='ltr'>et</span> 
     </span>
     <span class='ocr_line' id='line_1_62' title="bbox 1087 1207 1776 1262; baseline 0 -14"><span class='ocrx_word' id='word_1_274' title='bbox 1087 1207 1283 1250; x_wconf 83' lang='lat' dir='ltr'>dulciora</span> <span class='ocrx_word' id='word_1_275' title='bbox 1302 1221 1435 1262; x_wconf 92' lang='lat' dir='ltr'>super</span> <span class='ocrx_word' id='word_1_276' title='bbox 1452 1208 1539 1250; x_wconf 91' lang='lat' dir='ltr'>mel</span> <span class='ocrx_word' id='word_1_277' title='bbox 1558 1213 1601 1250; x_wconf 92' lang='lat' dir='ltr'>et</span> <span class='ocrx_word' id='word_1_278' title='bbox 1618 1208 1776 1250; x_wconf 87' lang='lat' dir='ltr'>favum.</span> 
     </span>
    </p>

    <p class='ocr_par' dir='ltr' id='par_1_22' title="bbox 1084 1263 1906 1419">
     <span class='ocr_line' id='line_1_63' title="bbox 1136 1263 1906 1315; baseline 0 -10"><span class='ocrx_word' id='word_1_279' title='bbox 1136 1264 1308 1306; x_wconf 89' lang='lat' dir='ltr'>Etenim</span> <span class='ocrx_word' id='word_1_280' title='bbox 1332 1278 1484 1307; x_wconf 86' lang='lat' dir='ltr'>servus</span> <span class='ocrx_word' id='word_1_281' title='bbox 1508 1269 1610 1307; x_wconf 91' lang='lat' dir='ltr'>tuus</span> <span class='ocrx_word' id='word_1_282' title='bbox 1632 1263 1826 1306; x_wconf 83' lang='lat' dir='ltr'>cust6dit</span> <span class='ocrx_word' id='word_1_283' title='bbox 1845 1276 1906 1315; x_wconf 88' lang='lat' dir='ltr'>ea,</span> 
     </span>
     <span class='ocr_line' id='line_1_64' title="bbox 1086 1320 1905 1364; baseline 0.002 -3"><span class='ocrx_word' id='word_1_284' title='bbox 1086 1320 1109 1346; x_wconf 88' lang='lat'>*</span> <span class='ocrx_word' id='word_1_285' title='bbox 1142 1321 1185 1361; x_wconf 91' lang='lat' dir='ltr'>in</span> <span class='ocrx_word' id='word_1_286' title='bbox 1221 1321 1518 1364; x_wconf 74' lang='lat' dir='ltr'>custodiendis</span> <span class='ocrx_word' id='word_1_287' title='bbox 1557 1321 1641 1363; x_wconf 90' lang='lat' dir='ltr'>illis</span> <span class='ocrx_word' id='word_1_288' title='bbox 1676 1320 1905 1364; x_wconf 76' lang='lat' dir='ltr'>retributio</span> 
     </span>
     <span class='ocr_line' id='line_1_65' title="bbox 1084 1377 1230 1419; baseline 0.007 -1"><span class='ocrx_word' id='word_1_289' title='bbox 1084 1377 1230 1419; x_wconf 89' lang='lat' dir='ltr'>multa.</span> 
     </span>
    </p>

    <p class='ocr_par' dir='ltr' id='par_1_23' title="bbox 1083 1432 1904 1601">
     <span class='ocr_line' id='line_1_66' title="bbox 1135 1432 1904 1487; baseline 0.001 -11"><span class='ocrx_word' id='word_1_290' title='bbox 1135 1434 1308 1476; x_wconf 83' lang='lat' dir='ltr'>Delicta</span> <span class='ocrx_word' id='word_1_291' title='bbox 1345 1435 1442 1487; x_wconf 90' lang='lat' dir='ltr'>quis</span> <span class='ocrx_word' id='word_1_292' title='bbox 1475 1432 1698 1487; x_wconf 88' lang='lat' dir='ltr'>intelligit?</span> <span class='ocrx_word' id='word_1_293' title='bbox 1744 1434 1800 1477; x_wconf 92' lang='lat' dir='ltr'>ab</span> <span class='ocrx_word' id='word_1_294' title='bbox 1835 1447 1904 1477; x_wconf 94' lang='lat' dir='ltr'>oc-</span> 
     </span>
     <span class='ocr_line' id='line_1_67' title="bbox 1084 1491 1904 1535; baseline 0.004 -3"><span class='ocrx_word' id='word_1_295' title='bbox 1084 1491 1210 1532; x_wconf 82' lang='lat' dir='ltr'>cultis</span> <span class='ocrx_word' id='word_1_296' title='bbox 1246 1491 1355 1533; x_wconf 91' lang='lat' dir='ltr'>meis</span> <span class='ocrx_word' id='word_1_297' title='bbox 1388 1491 1551 1534; x_wconf 91' lang='lat' dir='ltr'>munda</span> <span class='ocrx_word' id='word_1_298' title='bbox 1586 1504 1671 1534; x_wconf 90' lang='lat' dir='ltr'>me:</span> <span class='ocrx_word' id='word_1_299' title='bbox 1706 1492 1731 1519; x_wconf 86' lang='lat'>*</span> <span class='ocrx_word' id='word_1_300' title='bbox 1766 1496 1810 1534; x_wconf 92' lang='lat' dir='ltr'>et</span> <span class='ocrx_word' id='word_1_301' title='bbox 1849 1492 1904 1535; x_wconf 89' lang='lat' dir='ltr'>ab</span> 
     </span>
     <span class='ocr_line' id='line_1_68' title="bbox 1083 1547 1641 1601; baseline 0.004 -13"><span class='ocrx_word' id='word_1_302' title='bbox 1083 1547 1233 1589; x_wconf 84' lang='lat' dir='ltr'>alienis</span> <span class='ocrx_word' id='word_1_303' title='bbox 1252 1561 1384 1601; x_wconf 90' lang='lat' dir='ltr'>parce</span> <span class='ocrx_word' id='word_1_304' title='bbox 1404 1561 1532 1590; x_wconf 87' lang='lat' dir='ltr'>servo</span> <span class='ocrx_word' id='word_1_305' title='bbox 1552 1553 1641 1590; x_wconf 84' lang='lat' dir='ltr'>tuo.</span> 
     </span>
    </p>
   </div>
   <div class='ocr_carea' id='block_1_4' title="bbox 1133 1604 1971 1656">
    <p class='ocr_par' dir='ltr' id='par_1_24' title="bbox 1133 1604 1971 1656">
     <span class='ocr_line' id='line_1_69' title="bbox 1133 1604 1971 1656; baseline 0.004 -11"><span class='ocrx_word' id='word_1_306' title='bbox 1133 1604 1178 1645; x_wconf 90' lang='lat' dir='ltr'>Si</span> <span class='ocrx_word' id='word_1_307' title='bbox 1221 1605 1307 1646; x_wconf 90' lang='lat' dir='ltr'>mei</span> <span class='ocrx_word' id='word_1_308' title='bbox 1351 1618 1440 1647; x_wconf 94' lang='lat' dir='ltr'>non</span> <span class='ocrx_word' id='word_1_309' title='bbox 1479 1605 1638 1647; x_wconf 82' lang='lat' dir='ltr'>fuerint</span> <span class='ocrx_word' id='word_1_310' title='bbox 1678 1604 1904 1656; x_wconf 75' lang='lat' dir='ltr'>dominati,</span> <span class='ocrx_word' id='word_1_311' title='bbox 1967 1623 1971 1627; x_wconf 90' lang='lat'><strong>·</strong></span> 
     </span>
    </p>
   </div>
   <div class='ocr_carea' id='block_1_5' title="bbox 1078 1661 1904 2278">
    <p class='ocr_par' dir='ltr' id='par_1_25' title="bbox 1082 1661 1904 1760">
     <span class='ocr_line' id='line_1_70' title="bbox 1082 1661 1904 1704; baseline 0.002 -3"><span class='ocrx_word' id='word_1_312' title='bbox 1082 1665 1186 1702; x_wconf 90' lang='lat' dir='ltr'>tunc</span> <span class='ocrx_word' id='word_1_313' title='bbox 1209 1661 1511 1704; x_wconf 79' lang='lat' dir='ltr'>immaculatus</span> <span class='ocrx_word' id='word_1_314' title='bbox 1537 1675 1628 1704; x_wconf 89' lang='lat' dir='ltr'>ero:</span> <span class='ocrx_word' id='word_1_315' title='bbox 1644 1663 1669 1690; x_wconf 87' lang='lat'><strong>*</strong></span> <span class='ocrx_word' id='word_1_316' title='bbox 1692 1666 1736 1703; x_wconf 89' lang='lat' dir='ltr'>et</span> <span class='ocrx_word' id='word_1_317' title='bbox 1761 1675 1904 1704; x_wconf 90' lang='lat' dir='ltr'>emun-</span> 
     </span>
     <span class='ocr_line' id='line_1_71' title="bbox 1083 1717 1667 1760; baseline 0.002 -2"><span class='ocrx_word' id='word_1_318' title='bbox 1083 1717 1221 1759; x_wconf 80' lang='lat' dir='ltr'>dabor</span> <span class='ocrx_word' id='word_1_319' title='bbox 1241 1731 1267 1759; x_wconf 92' lang='lat' dir='ltr'>a</span> <span class='ocrx_word' id='word_1_320' title='bbox 1285 1718 1445 1760; x_wconf 88' lang='lat' dir='ltr'>delicto</span> <span class='ocrx_word' id='word_1_321' title='bbox 1464 1719 1667 1760; x_wconf 76' lang='lat' dir='ltr'>maximo.</span> 
     </span>
    </p>

    <p class='ocr_par' dir='ltr' id='par_1_26' title="bbox 1083 1774 1902 1942">
     <span class='ocr_line' id='line_1_72' title="bbox 1132 1774 1902 1828; baseline 0.003 -13"><span class='ocrx_word' id='word_1_322' title='bbox 1132 1774 1188 1815; x_wconf 92' lang='lat' dir='ltr'>Et</span> <span class='ocrx_word' id='word_1_323' title='bbox 1216 1779 1342 1816; x_wconf 85' lang='lat' dir='ltr'>erunt</span> <span class='ocrx_word' id='word_1_324' title='bbox 1381 1780 1430 1817; x_wconf 92' lang='lat' dir='ltr'>ut</span> <span class='ocrx_word' id='word_1_325' title='bbox 1476 1774 1779 1828; x_wconf 75' lang='lat' dir='ltr'>complaceant</span> <span class='ocrx_word' id='word_1_326' title='bbox 1818 1775 1902 1817; x_wconf 78' lang='lat' dir='ltr'>elo-</span> 
     </span>
     <span class='ocr_line' id='line_1_73' title="bbox 1083 1830 1902 1882; baseline 0.002 -10"><span class='ocrx_word' id='word_1_327' title='bbox 1083 1830 1185 1882; x_wconf 89' lang='lat' dir='ltr'>quia</span> <span class='ocrx_word' id='word_1_328' title='bbox 1212 1831 1301 1872; x_wconf 89' lang='lat' dir='ltr'>oris</span> <span class='ocrx_word' id='word_1_329' title='bbox 1327 1831 1429 1873; x_wconf 88' lang='lat' dir='ltr'>mei:</span> <span class='ocrx_word' id='word_1_330' title='bbox 1447 1833 1472 1859; x_wconf 86' lang='grc'>*</span> <span class='ocrx_word' id='word_1_331' title='bbox 1491 1836 1535 1873; x_wconf 91' lang='lat' dir='ltr'>et</span> <span class='ocrx_word' id='word_1_332' title='bbox 1560 1831 1790 1874; x_wconf 65' lang='lat' dir='ltr'>meditetio</span> <span class='ocrx_word' id='word_1_333' title='bbox 1809 1844 1902 1874; x_wconf 90' lang='lat' dir='ltr'>cor-</span> 
     </span>
     <span class='ocr_line' id='line_1_74' title="bbox 1083 1886 1902 1942; baseline 0.002 -14"><span class='ocrx_word' id='word_1_334' title='bbox 1083 1886 1150 1928; x_wconf 92' lang='lat' dir='ltr'>dis</span> <span class='ocrx_word' id='word_1_335' title='bbox 1172 1887 1258 1929; x_wconf 90' lang='lat' dir='ltr'>mei</span> <span class='ocrx_word' id='word_1_336' title='bbox 1280 1888 1325 1928; x_wconf 93' lang='lat' dir='ltr'>in</span> <span class='ocrx_word' id='word_1_337' title='bbox 1350 1890 1590 1941; x_wconf 91' lang='lat' dir='ltr'>conspectu</span> <span class='ocrx_word' id='word_1_338' title='bbox 1618 1892 1695 1929; x_wconf 89' lang='lat' dir='ltr'>tuo</span> <span class='ocrx_word' id='word_1_339' title='bbox 1719 1901 1902 1942; x_wconf 91' lang='lat' dir='ltr'>semper.</span> 
     </span>
    </p>

    <p class='ocr_par' dir='ltr' id='par_1_27' title="bbox 1081 1943 1900 2053">
     <span class='ocr_line' id='line_1_75' title="bbox 1131 1943 1900 1996; baseline 0.004 -12"><span class='ocrx_word' id='word_1_340' title='bbox 1131 1943 1321 1986; x_wconf 80' lang='lat' dir='ltr'>Domine</span> <span class='ocrx_word' id='word_1_341' title='bbox 1348 1944 1520 1996; x_wconf 77' lang='lat' dir='ltr'>adjutor</span> <span class='ocrx_word' id='word_1_342' title='bbox 1545 1958 1680 1995; x_wconf 59' lang='lat' dir='ltr'>meus</span> <span class='ocrx_word' id='word_1_343' title='bbox 1698 1944 1723 1971; x_wconf 86' lang='lat'>*</span> <span class='ocrx_word' id='word_1_344' title='bbox 1741 1949 1785 1987; x_wconf 91' lang='lat' dir='ltr'>et</span> <span class='ocrx_word' id='word_1_345' title='bbox 1806 1945 1900 1987; x_wconf 89' lang='lat' dir='ltr'>red-</span> 
     </span>
     <span class='ocr_line' id='line_1_76' title="bbox 1081 2001 1406 2053; baseline 0.009 -13"><span class='ocrx_word' id='word_1_346' title='bbox 1081 2001 1254 2053; x_wconf 80' lang='lat' dir='ltr'>emptor</span> <span class='ocrx_word' id='word_1_347' title='bbox 1272 2014 1406 2043; x_wconf 91' lang='lat' dir='ltr'>meus.</span> 
     </span>
    </p>

    <p class='ocr_par' dir='ltr' id='par_1_28' title="bbox 1080 2056 1901 2168">
     <span class='ocr_line' id='line_1_77' title="bbox 1134 2056 1901 2111; baseline 0.007 -16"><span class='ocrx_word' id='word_1_348' title='bbox 1134 2056 1232 2097; x_wconf 88' lang='lat' dir='ltr'>Ant.</span> <span class='ocrx_word' id='word_1_349' title='bbox 1260 2057 1393 2099; x_wconf 86' lang='lat' dir='ltr'>Laeva</span> <span class='ocrx_word' id='word_1_350' title='bbox 1415 2059 1506 2110; x_wconf 92' lang='lat' dir='ltr'>ejus</span> <span class='ocrx_word' id='word_1_351' title='bbox 1527 2057 1608 2100; x_wconf 92' lang='lat' dir='ltr'>sub</span> <span class='ocrx_word' id='word_1_352' title='bbox 1628 2058 1772 2111; x_wconf 78' lang='lat' dir='ltr'>capite</span> <span class='ocrx_word' id='word_1_353' title='bbox 1790 2071 1901 2109; x_wconf 88' lang='lat' dir='ltr'>meo,</span> 
     </span>
     <span class='ocr_line' id='line_1_78' title="bbox 1080 2113 1900 2168; baseline 0.001 -13"><span class='ocrx_word' id='word_1_354' title='bbox 1080 2118 1124 2155; x_wconf 89' lang='lat' dir='ltr'>et</span> <span class='ocrx_word' id='word_1_355' title='bbox 1146 2113 1326 2156; x_wconf 82' lang='lat' dir='ltr'>dextera</span> <span class='ocrx_word' id='word_1_356' title='bbox 1347 2114 1462 2156; x_wconf 87' lang='lat' dir='ltr'>illius</span> <span class='ocrx_word' id='word_1_357' title='bbox 1481 2114 1802 2168; x_wconf 73' lang='lat' dir='ltr'>amplexabitur</span> <span class='ocrx_word' id='word_1_358' title='bbox 1819 2128 1900 2157; x_wconf 90' lang='lat' dir='ltr'>me.</span> 
     </span>
    </p>

    <p class='ocr_par' dir='ltr' id='par_1_29' title="bbox 1078 2170 1900 2278">
     <span class='ocr_line' id='line_1_79' title="bbox 1132 2170 1899 2222; baseline 0.007 -13"><span class='ocrx_word' id='word_1_359' title='bbox 1132 2171 1231 2210; x_wconf 88' lang='lat' dir='ltr'>Ant.</span> <span class='ocrx_word' id='word_1_360' title='bbox 1259 2170 1514 2222; x_wconf 85' lang='lat' dir='ltr'>Revertere‚</span> <span class='ocrx_word' id='word_1_361' title='bbox 1536 2173 1561 2199; x_wconf 82' lang='lat'>*</span> <span class='ocrx_word' id='word_1_362' title='bbox 1583 2173 1802 2214; x_wconf 86' lang='lat' dir='ltr'>revertere</span> <span class='ocrx_word' id='word_1_363' title='bbox 1824 2171 1899 2214; x_wconf 93' lang='lat' dir='ltr'>Su—</span> 
     </span>
     <span class='ocr_line' id='line_1_80' title="bbox 1078 2227 1900 2278; baseline 0.004 -11"><span class='ocrx_word' id='word_1_364' title='bbox 1078 2227 1266 2268; x_wconf 89' lang='lat' dir='ltr'>namitis:</span> <span class='ocrx_word' id='word_1_365' title='bbox 1306 2229 1542 2278; x_wconf 87' lang='lat' dir='ltr'>revertere,</span> <span class='ocrx_word' id='word_1_366' title='bbox 1579 2229 1816 2278; x_wconf 89' lang='lat' dir='ltr'>revertere,</span> <span class='ocrx_word' id='word_1_367' title='bbox 1850 2233 1900 2270; x_wconf 89' lang='lat' dir='ltr'>ut</span> 
     </span>
    </p>
   </div>
   <div class='ocr_carea' id='block_1_6' title="bbox 1076 2283 1634 2380">
    <p class='ocr_par' dir='ltr' id='par_1_30' title="bbox 1076 2283 1634 2380">
     <span class='ocr_line' id='line_1_81' title="bbox 1076 2283 1392 2326; baseline 0.006 -2"><span class='ocrx_word' id='word_1_368' title='bbox 1076 2283 1320 2325; x_wconf 78' lang='lat' dir='ltr'>intueamur</span> <span class='ocrx_word' id='word_1_369' title='bbox 1337 2289 1392 2326; x_wconf 92' lang='lat' dir='ltr'>te.</span> 
     </span>
     <span class='ocr_line' id='line_1_82' title="bbox 1354 2339 1634 2380; baseline 0.004 -1"><span class='ocrx_word' id='word_1_370' title='bbox 1354 2339 1552 2380; x_wconf 91' lang='lat' dir='ltr'>Psalmus</span> <span class='ocrx_word' id='word_1_371' title='bbox 1571 2340 1634 2380; x_wconf 87' lang='lat'>23.</span> 
     </span>
    </p>
   </div>
   <div class='ocr_carea' id='block_1_7' title="bbox 1073 2391 1896 2783">
    <p class='ocr_par' dir='ltr' id='par_1_31' title="bbox 1075 2391 1896 2565">
     <span class='ocr_line' id='line_1_83' title="bbox 1078 2391 1896 2496; baseline 0.005 -60"><span class='ocrx_word' id='word_1_372' title='bbox 1078 2391 1297 2496; x_wconf 82' lang='lat' dir='ltr'>Domini</span> <span class='ocrx_word' id='word_1_373' title='bbox 1329 2401 1396 2438; x_wconf 91' lang='lat' dir='ltr'>est</span> <span class='ocrx_word' id='word_1_374' title='bbox 1427 2401 1559 2448; x_wconf 88' lang='lat' dir='ltr'>terra,</span> <span class='ocrx_word' id='word_1_375' title='bbox 1595 2402 1639 2440; x_wconf 90' lang='lat' dir='ltr'>et</span> <span class='ocrx_word' id='word_1_376' title='bbox 1669 2397 1896 2451; x_wconf 83' lang='lat' dir='ltr'>plenitudo</span> 
     </span>
     <span class='ocr_line' id='line_1_84' title="bbox 1178 2452 1895 2505; baseline 0.006 -12"><span class='ocrx_word' id='word_1_377' title='bbox 1178 2452 1282 2504; x_wconf 84' lang='lat' dir='ltr'>ejus:</span> <span class='ocrx_word' id='word_1_378' title='bbox 1301 2452 1324 2478; x_wconf 88' lang='lat'>*</span> <span class='ocrx_word' id='word_1_379' title='bbox 1345 2452 1464 2494; x_wconf 92' lang='lat' dir='ltr'>orbis</span> <span class='ocrx_word' id='word_1_380' title='bbox 1487 2456 1716 2505; x_wconf 82' lang='lat' dir='ltr'>terrarum,</span> <span class='ocrx_word' id='word_1_381' title='bbox 1745 2459 1789 2497; x_wconf 89' lang='lat' dir='ltr'>et</span> <span class='ocrx_word' id='word_1_382' title='bbox 1806 2455 1895 2497; x_wconf 90' lang='lat' dir='ltr'>uni-</span> 
     </span>
     <span class='ocr_line' id='line_1_85' title="bbox 1075 2508 1752 2565; baseline 0.006 -16"><span class='ocrx_word' id='word_1_383' title='bbox 1075 2508 1191 2549; x_wconf 86' lang='lat' dir='ltr'>versi</span> <span class='ocrx_word' id='word_1_384' title='bbox 1211 2508 1285 2560; x_wconf 93' lang='lat' dir='ltr'>qui</span> <span class='ocrx_word' id='word_1_385' title='bbox 1303 2508 1502 2552; x_wconf 74' lang='lat' dir='ltr'>habitant</span> <span class='ocrx_word' id='word_1_386' title='bbox 1519 2511 1563 2551; x_wconf 89' lang='lat' dir='ltr'>in</span> <span class='ocrx_word' id='word_1_387' title='bbox 1581 2523 1646 2552; x_wconf 92' lang='lat' dir='ltr'>eo.</span> <span class='ocrx_word' id='word_1_388' title='bbox 1746 2560 1752 2565; x_wconf 69' lang='lat'>,</span> 
     </span>
    </p>

    <p class='ocr_par' dir='ltr' id='par_1_32' title="bbox 1073 2565 1894 2719">
     <span class='ocr_line' id='line_1_86' title="bbox 1126 2565 1894 2619; baseline 0.004 -14"><span class='ocrx_word' id='word_1_389' title='bbox 1126 2565 1237 2615; x_wconf 91' lang='lat' dir='ltr'>Quia</span> <span class='ocrx_word' id='word_1_390' title='bbox 1261 2565 1357 2617; x_wconf 91' lang='lat' dir='ltr'>ipse</span> <span class='ocrx_word' id='word_1_391' title='bbox 1383 2579 1516 2619; x_wconf 89' lang='lat' dir='ltr'>super</span> <span class='ocrx_word' id='word_1_392' title='bbox 1537 2567 1674 2608; x_wconf 76' lang='lat' dir='ltr'>maria</span> <span class='ocrx_word' id='word_1_393' title='bbox 1697 2567 1894 2610; x_wconf 72' lang='lat' dir='ltr'>fundavit</span> 
     </span>
     <span class='ocr_line' id='line_1_87' title="bbox 1074 2621 1892 2676; baseline 0.005 -15"><span class='ocrx_word' id='word_1_394' title='bbox 1074 2633 1188 2662; x_wconf 92' lang='lat' dir='ltr'>eum:</span> <span class='ocrx_word' id='word_1_395' title='bbox 1221 2621 1244 2647; x_wconf 86' lang='lat'>*</span> <span class='ocrx_word' id='word_1_396' title='bbox 1277 2626 1320 2663; x_wconf 89' lang='lat' dir='ltr'>et</span> <span class='ocrx_word' id='word_1_397' title='bbox 1351 2635 1483 2676; x_wconf 91' lang='lat' dir='ltr'>super</span> <span class='ocrx_word' id='word_1_398' title='bbox 1515 2623 1694 2665; x_wconf 81' lang='lat' dir='ltr'>flumina</span> <span class='ocrx_word' id='word_1_399' title='bbox 1725 2636 1892 2676; x_wconf 86' lang='lat' dir='ltr'>praepa-</span> 
     </span>
     <span class='ocr_line' id='line_1_88' title="bbox 1073 2677 1312 2719; baseline 0.008 -2"><span class='ocrx_word' id='word_1_400' title='bbox 1073 2677 1184 2718; x_wconf 66' lang='lat' dir='ltr'>revit</span> <span class='ocrx_word' id='word_1_401' title='bbox 1204 2690 1312 2719; x_wconf 91' lang='lat' dir='ltr'>eum.</span> 
     </span>
    </p>

    <p class='ocr_par' dir='ltr' id='par_1_33' title="bbox 1123 2733 1892 2783">
     <span class='ocr_line' id='line_1_89' title="bbox 1123 2733 1892 2783; baseline 0.005 -9"><span class='ocrx_word' id='word_1_402' title='bbox 1123 2733 1230 2783; x_wconf 90' lang='lat' dir='ltr'>Quis</span> <span class='ocrx_word' id='word_1_403' title='bbox 1262 2734 1470 2777; x_wconf 89' lang='lat' dir='ltr'>ascendet</span> <span class='ocrx_word' id='word_1_404' title='bbox 1504 2735 1548 2776; x_wconf 91' lang='lat' dir='ltr'>in</span> <span class='ocrx_word' id='word_1_405' title='bbox 1579 2740 1772 2778; x_wconf 90' lang='lat' dir='ltr'>montem</span> <span class='ocrx_word' id='word_1_406' title='bbox 1805 2736 1892 2778; x_wconf 82' lang='lat' dir='ltr'>Do-</span> 
     </span>
    </p>
   </div>
   <div class='ocr_carea' id='block_1_8' title="bbox 152 138 1966 2846">
    <p class='ocr_par' dir='ltr' id='par_1_34' title="bbox 152 138 1966 2846">
     <span class='ocr_line' id='line_1_90' title="bbox 152 138 1966 2846; baseline 0 0"><span class='ocrx_word' id='word_1_407' title='bbox 152 138 1966 2846; x_wconf 95' lang='lat' dir='ltr'> </span> 
     </span>
    </p>
   </div>
  </div>
 </body>
</html>
