2040 2976
595 220 691 253 Infra
721 218 1009 253 llebdmnadam
1035 218 1059 251 Ῑ.
1087 223 1173 259 post
1197 215 1274 249 Oet.
1300 215 1555 248 l‘cnteeostes.

533 313 682 353 Lectio
703 313 741 352 ii.

311 378 329 415 t
347 372 452 414 abiit
469 371 622 413 mulier
642 371 684 412 in
706 371 820 412 viam
843 383 975 418 suam,
1001 373 1043 410 et

326 428 529 478 comedit,
555 428 788 480 vultusque
815 427 928 467 illius
956 438 1042 467 non

226 491 324 528 sunt
342 485 527 538 amplius
546 485 588 525 in
608 483 779 526 diversa
797 483 960 524 mutati.
987 482 1043 523 Et

226 544 502 584 surrexerunt
524 553 660 590 mane,
686 546 729 582 et
752 539 1042 582 adoraverunt

226 611 373 640 coram
404 598 609 639 Domino:
646 599 896 648 reversique
933 600 1041 643 sunt,

225 660 268 697 et
295 656 504 697 venerunt
530 655 574 694 in
601 654 778 695 domum
808 665 930 694 suam
957 652 1040 692 Ra-

223 711 379 752 matha.
433 711 648 761 Cognovit
692 715 835 751 autem
879 709 1041 750 Elcana

224 768 395 809 Annam
413 769 593 808 uxorem
612 779 747 807 suam:
774 771 817 807 et
842 765 1040 806 recorda-

223 829 293 866 tus
321 830 388 866 est
420 824 509 875 ejus
534 823 756 863 Deminus.
794 823 850 863 Et
881 822 1041 863 factum

225 886 291 922 est
309 885 410 933 post
429 879 636 921 circulum
651 878 826 928 dierum,
841 878 1042 930 concepit

224 938 360 986 Anna,
376 941 419 978 et
432 935 602 989 peperit
617 935 761 985 filium,
781 937 1040 986 vocavitque

224 1006 381 1035 nomen
417 993 505 1044 ejus
543 991 729 1033 samuel:
771 1004 823 1032 eo
862 990 980 1043 quod
1016 1004 1041 1032 a

223 1050 411 1091 Demino
426 1049 692 1101 postulasset
706 1061 815 1090 eum.
831 1047 1041 1089 Ascendit

225 1111 367 1150 autem
399 1106 463 1146 vir
495 1106 584 1156 ejus
615 1104 793 1154 Eleana,
827 1110 870 1145 et
901 1104 1040 1145 omnis

225 1162 379 1203 domus
400 1162 500 1213 ejus,
526 1166 572 1202 ut
590 1161 834 1202 immolaret
852 1161 1039 1201 Domino

224 1217 411 1259 hostiam
425 1217 728 1266 solemnem‚et
741 1222 891 1258 votum
905 1230 1040 1266 suum,

225 1280 267 1316 et
292 1275 418 1315 Anna
441 1286 526 1314 non
553 1272 762 1314 ascendit:
791 1272 899 1315 dixit
927 1274 1041 1315 enim

223 1330 316 1372 viro
336 1343 430 1371 suo:
459 1329 561 1371 Non
579 1329 746 1378 vadam,
767 1329 907 1371 donec
925 1329 1040 1371 abla-

223 1388 363 1428 ctetur
377 1386 526 1435 infans,
541 1390 584 1427 et
603 1385 759 1427 ducam
778 1398 887 1435 eum,
901 1391 949 1427 ut
968 1399 1039 1438 ap-

222 1445 376 1495 pareat
409 1447 508 1484 ante
540 1443 823 1494 conspectum
853 1442 1039 1492 Domni,

224 1503 268 1540 et
285 1501 458 1540 maneat
479 1497 538 1539 ibi
557 1498 720 1549 jugiter.

279 1556 327 1607 R».
353 1554 526 1595 Montes
551 1553 735 1604 Gelboe‚
758 1567 838 1595 nec
864 1567 936 1596 ros
959 1567 1040 1596 nec

223 1610 370 1663 pluvia
405 1610 577 1651 veniant
609 1622 740 1662 super
771 1623 866 1660 vos,
902 1612 924 1636 *
955 1611 1040 1653 Ubi

225 1665 472 1708 ceciderunt
486 1666 620 1707 fortes
635 1666 781 1707 Israel.
811 1662 861 1713 V.
878 1667 1039 1709 Omnes

224 1727 405 1771 montes,
435 1722 507 1773 qui
533 1722 637 1763 estis
665 1722 708 1762 in
734 1723 914 1765 circuitu
939 1724 1039 1775 ejus,

224 1779 369 1820 visitet
393 1779 622 1820 Deminus:
649 1791 674 1819 a
703 1779 870 1821 Gelboe
896 1786 1040 1821 autem

223 1836 424 1876 transeat.
451 1835 546 1878 Ubi.

524 1889 675 1930 Lectio
695 1890 748 1929 iii.

306 1953 325 1989 t
352 1948 412 1989 ait
440 1948 479 1989 ei
508 1947 670 1989 Elcana
697 1948 762 1988 vir
789 1961 909 1988 suus:
953 1949 1041 1990 Fac

343 2004 462 2056 quod
493 2004 654 2045 bonum
680 2003 759 2045 tibi
789 2003 970 2054 videtur,
998 2010 1041 2046 et

226 2072 350 2101 mane
370 2060 509 2101 donec
527 2060 718 2101 ablactes
738 2072 851 2101 eum:
866 2063 1040 2112 precor-

228 2129 311 2168 que
343 2120 389 2157 ut
419 2115 595 2168 impleat
623 2116 834 2157 Deminus
861 2116 1042 2158 verbum

227 2184 362 2213 suum.
397 2172 554 2213 Mansit
584 2184 686 2222 ergo
714 2172 881 2222 mulier,
914 2178 958 2214 et
984 2173 1041 2214 la-

228 2227 360 2269 ctavit
384 2227 519 2268 filium
544 2241 678 2274 suum,
704 2227 844 2270 donec
872 2232 1042 2271 amove-

227 2289 293 2325 ret
321 2296 418 2325 eum
445 2296 470 2324 a
496 2283 617 2325 lacte.
655 2284 711 2324 Et
737 2284 917 2326 adduxit
945 2298 1043 2327 eum

228 2352 385 2387 secum,
413 2344 646 2392 postquam
675 2340 977 2396 ablactaverat,
1001 2343 1043 2382 in

228 2396 374 2437 vitulis
392 2395 540 2445 tribus,
559 2401 603 2437 et
619 2396 756 2438 tribus
772 2397 930 2439 modiis
949 2398 1042 2439 fari-

228 2464 311 2499 nae,
344 2456 387 2493 et
416 2452 626 2504 amphora
652 2453 755 2502 vini,
788 2458 831 2494 et
863 2453 1044 2496 adduxit

230 2520 327 2549 eum
360 2507 416 2549 ad
451 2507 628 2549 domum
659 2509 832 2550 Demini
865 2510 908 2550 in
944 2510 1043 2551 Silo.

230 2564 342 2605 Puer
361 2568 504 2605 autem
524 2570 616 2605 erat
635 2564 777 2605 adhuc
796 2565 1044 2606 infantulus:

230 2625 273 2661 et
291 2620 620 2661 immolaverunt
639 2620 829 2669 vitulum,
855 2626 897 2662 et
922 2621 1043 2663 obtu-

229 2676 371 2717 lerunt
394 2679 577 2728 puerum
600 2676 709 2717 Heli.
743 2677 798 2717 Et
822 2677 880 2718 ait
905 2678 1045 2718 Anna:

231 2732 425 2774 Obsecro
457 2732 515 2772 mi
543 2731 731 2782 demine,
768 2733 873 2774 vivit
905 2733 1045 2774 anima

1094 317 1169 353 tua
1197 309 1388 352 demine:
1416 321 1499 360 ego
1528 322 1625 350 sum
1650 308 1725 350 illa
1751 308 1916 359 mulier,

1097 381 1194 421 quae
1220 367 1321 409 steti
1347 379 1495 408 coram
1518 371 1563 408 te
1586 365 1656 407 hic
1680 378 1809 407 orans
1826 365 1914 408 De-

1095 425 1268 465 minum.
1309 424 1395 465 Pro
1422 426 1560 475 puero
1588 421 1673 464 isto
1705 421 1844 472 oravi,
1871 427 1915 464 et
1944 453 1946 457 s

1096 480 1216 522 dedit
1258 480 1363 521 mihi
1403 479 1617 521 Deminus
1660 479 1916 532 petitionem

1095 550 1253 587 meam,
1287 549 1418 588 quam
1444 535 1667 588 postulavi
1693 548 1802 577 eum.
1846 534 1915 578 Id-

1096 597 1212 636 circo
1237 598 1280 635 et
1306 605 1387 644 ego
1413 591 1690 635 commodavi
1707 605 1807 634 eum
1828 592 1915 634 Do-

1094 651 1213 692 mino
1233 649 1400 692 cunctis
1419 648 1584 699 diebus,
1611 648 1768 702 quibus
1786 648 1917 691 fuerit

1095 706 1399 748 commodatus
1413 706 1615 747 Domino.
1635 706 1692 747 Et
1708 705 1916 747 adorave-

1094 769 1193 805 runt
1211 763 1271 805 ibi
1290 763 1536 805 Deminum.

1148 823 1198 873 R*-
1223 820 1318 871 Ego
1350 826 1394 862 te
1421 819 1501 861 tuli
1533 818 1587 861 de
1620 819 1752 861 domo
1779 819 1916 872 patris

1093 877 1167 924 tui,
1188 875 1292 918 dicit
1311 876 1533 926 Deminus,
1558 880 1602 917 et
1623 876 1752 928 posui
1774 880 1818 917 te
1842 877 1916 928 pa-

1095 945 1215 974 scere
1239 946 1416 984 gregem
1440 932 1593 986 populi
1616 933 1715 981 mei:
1736 935 1759 959 *
1778 933 1834 974 Et
1856 932 1917 973 fui

1094 994 1238 1031 tecum
1261 990 1304 1030 in
1324 989 1524 1031 Omnibus
1548 988 1810 1041 ubicumque
1829 1001 1915 1030 am-

1093 1045 1269 1095 bulasti,
1302 1046 1479 1087 firmans
1511 1058 1692 1096 regnum
1724 1050 1848 1087 tuum
1873 1045 1917 1086 in

1093 1104 1314 1143 aeternum.
1353 1097 1403 1149 V.
1425 1103 1617 1155 Fecique
1649 1101 1728 1144 tibi
1758 1114 1917 1143 nomen

1092 1158 1273 1208 grande,
1309 1160 1428 1210 juxta
1459 1171 1618 1200 nomen
1649 1160 1916 1210 magnorum,

1094 1215 1167 1266 qui
1187 1220 1287 1256 sunt
1307 1216 1351 1256 in
1374 1215 1504 1258 terra:
1528 1220 1572 1256 et
1595 1215 1789 1267 requiem
1815 1213 1918 1256 dedi

1092 1270 1171 1312 tibi
1199 1271 1254 1314 ab
1282 1272 1482 1314 o'mnibus
1507 1272 1692 1313 inimicis
1715 1272 1813 1314 tuis.
1848 1271 1916 1313 Et.

1099 1327 1245 1369 Gloria
1263 1329 1391 1370 Patri.
1418 1329 1486 1370 Et.

1290 1456 1456 1492 Feria
1490 1457 1720 1504 Quarta.

1230 1526 1294 1566 De
1312 1525 1425 1568 libro
1444 1526 1586 1578 primo
1605 1525 1788 1576 Regum.

1200 1597 1351 1653 Lectio
1371 1597 1395 1637 i.
1604 1597 1707 1649 Cap.
1726 1597 1762 1636 2.
1783 1609 1817 1637 c.

1101 1689 1103 1693 ,
1129 1679 1170 1713 ς·
1206 1677 1306 1706 orro
1330 1664 1407 1705 filii
1430 1663 1547 1714 Heli,
1570 1663 1648 1704 filii
1671 1663 1820 1714 Belial,
1843 1676 1915 1705 ne-

1230 1721 1416 1763 scientes
1435 1721 1673 1762 Deminum
1690 1733 1832 1773 neque
1854 1719 1915 1762 of-

1134 1780 1199 1799 2*
1229 1777 1377 1819 ficium
1402 1776 1680 1819 sacerd6tum
1703 1776 1759 1819 ad
1777 1779 1914 1830 pepu-

1092 1834 1195 1875 lum:
1236 1833 1315 1875 sed
1351 1834 1612 1886 quicumque
1647 1833 1916 1875 immolasset

1092 1891 1323 1941 victimam,
1348 1890 1550 1932 veniebat
1576 1903 1685 1943 puer
1714 1888 1913 1932 sacerde-

1092 1948 1165 1997 tis,
1202 1947 1305 1989 dum
1342 1948 1634 2000 coquerentur
1670 1959 1839 1996 carnes,
1872 1950 1916 1988 et

1093 2003 1283 2045 habebat
1317 2003 1575 2045 fuscinulam
1606 2002 1841 2045 tridentem
1871 2001 1915 2043 in

1092 2073 1223 2101 manu
1242 2072 1330 2110 sua,
1346 2065 1389 2102 et
1406 2059 1607 2101 mittebat
1627 2071 1722 2100 eam
1740 2059 1785 2099 in
1799 2057 1914 2100 lebe-

1093 2121 1192 2166 tem,
1208 2115 1279 2157 vel
1295 2116 1338 2157 in
1359 2115 1604 2164 caldariam,
1619 2120 1693 2156 aut
1711 2115 1755 2155 in
1773 2114 1914 2164 ollam,

1095 2173 1187 2214 sive
1218 2173 1262 2213 in
1295 2172 1519 2214 cacabum:
1552 2178 1595 2214 et
1624 2185 1766 2221 omne,
1795 2169 1915 2224 quod

1093 2228 1268 2271 levabat
1299 2229 1526 2279 fuscinula,
1559 2228 1743 2270 tollebat
1776 2229 1915 2269 sacer-

1095 2285 1176 2326 dos
1195 2285 1287 2327 sibi.
1315 2286 1386 2327 Sic
1405 2285 1621 2327 faciebant
1637 2285 1839 2326 universo
1854 2284 1915 2325 Is-

1094 2341 1199 2382 raeli
1219 2342 1483 2384 venientium
1501 2342 1545 2382 in
1563 2342 1665 2383 Silo.

1150 2399 1200 2450 R.
1221 2398 1406 2440 Peccavi
1429 2411 1560 2451 super
1579 2401 1805 2439 numerum
1826 2397 1915 2437 are-

1095 2467 1162 2495 nae
1181 2455 1320 2505 mariS,
1336 2459 1379 2496 et
1397 2455 1685 2507 multiplicata
1699 2458 1799 2495 sunt
1816 2465 1915 2506 pec-

1096 2513 1193 2552 cata
1207 2523 1318 2552 mea:
1329 2515 1372 2552 et
1382 2523 1469 2552 non
1486 2524 1582 2552 sum
1599 2510 1753 2561 dignus
1767 2509 1916 2551 videre

1096 2566 1366 2608 altitudinem
1395 2567 1495 2608 coeli
1523 2580 1615 2620 prae
1642 2563 1916 2607 multitudine

1096 2623 1334 2674 iniquitatis
1361 2636 1486 2664 meae:
1517 2623 1721 2675 quoniam
1748 2622 1916 2663 irritavi

1096 2678 1203 2718 iram
1229 2684 1358 2729 tuam,
1388 2678 1410 2702 *
1432 2679 1488 2721 Et
1511 2679 1671 2720 malum
1699 2691 1847 2720 coram
1872 2681 1916 2718 te

1096 2734 1188 2775 feci.
1223 2730 1271 2780 Y.
1293 2736 1507 2786 Queniam
1532 2734 1805 2786 iniquitatem
1828 2745 1916 2774 me-
