2040 2976
489 219 557 251 Die
581 220 632 251 253.
660 218 758 257 Maii.
806 218 840 250 S.
866 217 1031 251 Joannis
1058 216 1245 259 Baptista„-
1273 215 1318 248 de
1346 215 1459 248 Rossi
1485 214 1594 248 Conf.

180 330 285 368 ergo
315 316 469 357 saeviat
496 315 580 356 iste
606 314 810 363 mundus,
840 314 1012 355 verissi-

178 387 248 414 me
268 372 441 423 Angeli‚
468 376 573 412 nato
593 371 636 411 in
657 383 787 412 earne
807 370 1012 418 Domino,

179 429 492 470 clamaverunt:
539 427 692 468 Gloria
737 427 781 467 in
828 425 1013 467 excelsis

178 486 294 534 Deo,
332 489 376 525 et
413 484 457 524 in
492 488 610 524 terra
642 495 731 535 pax
762 480 1012 523 hominibus

178 541 307 582 bonae
323 540 575 581 voluntatis.
603 539 715 589 Quia
735 539 826 590 ejus
847 538 921 590 qui
939 549 1011 578 na-

177 603 248 638 tus
273 602 383 646 erat,
410 598 545 637 suave
571 596 718 647 jugum
743 599 825 644 est,
856 599 900 636 et
925 596 1011 634 sar-

178 654 275 694 cina
300 652 421 694 levis.
462 652 519 693 Et
547 652 659 693 sicut
687 650 793 692 dicit
819 651 1011 702 Aposto-

177 708 259 749 lus:
279 707 443 749 Fidelis
459 708 592 757 Deus,
613 707 687 759 qui
706 719 788 748 nos
806 718 893 746 non
911 705 1012 746 sinit

177 765 337 805 tentari
370 777 503 816 supra
540 763 586 804 id
622 762 743 815 quod
774 764 1011 814 possumus

176 820 305 869 ferre,
351 819 431 861 sed
474 820 577 861 facit
623 832 723 860 cum
768 818 1011 860 tentatione

179 876 310 917 etiam
339 876 522 925 exitum,
554 880 603 916 ut
635 877 857 928 possimus
885 872 1011 914 susti-

176 934 292 973 nere.

237 995 299 1033 Te
320 992 464 1033 Deum
484 991 725 1033 laudamus.
745 992 803 1032 13.

446 1091 530 1132 Die
549 1092 614 1132 23.
634 1090 746 1142 Maii.

196 1163 239 1204 S.
264 1163 294 1204 J
297 1162 475 1203 oannis
497 1162 746 1213 Baptistae
767 1161 827 1203 de
849 1161 996 1203 Rossi

451 1220 736 1260 Confessoris.

513 1288 675 1330 Duplex

230 1351 365 1385 Omnii
400 1352 445 1386 dc
478 1352 622 1386 Corum
648 1353 757 1387 Conf
795 1363 872 1387 non
901 1352 1011 1386 Pont.

178 1399 247 1442 [67]
271 1410 326 1442 pr‘
320 1405 413 1433 ctci
438 1402 650 1443 scqiicntil

517 1457 680 1497 Oratio.

177 1511 359 1615 Deus,
380 1520 454 1570 qui
474 1524 675 1560 sanctum
694 1519 719 1559 J
723 1521 909 1560 oannem
928 1519 1010 1560 Ba-

287 1577 469 1627 ptistam
489 1575 799 1616 Confessorem
820 1580 944 1616 tuum
968 1575 1012 1616 in

178 1630 530 1680 evangelizandis
544 1631 813 1683 pauperibus
829 1631 1012 1672 caritate

180 1692 224 1727 et
268 1686 478 1738 patientia
528 1685 763 1728 decorasti:
817 1687 1011 1728 concede

178 1744 446 1793 quaesumus3
467 1747 514 1783 ut
534 1743 655 1794 eujus
674 1743 747 1794 pia
766 1743 922 1784 merita
941 1756 1011 1784 ve-

176 1799 397 1847 neramur,
425 1798 638 1839 virtfitum
666 1811 844 1850 quoque
872 1799 1011 1840 imite-

175 1867 272 1894 mur
292 1854 505 1907 exempla.
532 1854 618 1895 Per
636 1855 885 1896 Dominum.

228 1922 270 1954 In
304 1922 329 1955 1.
360 1922 559 1956 Nocturno
594 1923 798 1957 Lectiones
835 1924 881 1957 dc
912 1924 1010 1958 Scri-

179 1975 288 2011 ptura
316 1976 549 2004 occurrente.

405 2039 454 2077 ln
483 2040 532 2077 II.
562 2040 785 2079 Nocturno.

483 2100 632 2140 Lectio
656 2102 707 2140 iv.

196 2178 223 2217 “1¹
252 2176 276 2210 ‚a
291 2165 455 2204 oannes
473 2164 675 2216 Baptista
695 2165 750 2206 de
765 2166 1010 2207 RossiVei-

181 2248 223 2281 nd
251 2224 283 2277 ᾗ
307 2219 407 2260 turii
427 2220 469 2259 in
484 2220 661 2270 Liguria
680 2220 868 2262 honesto
884 2224 1010 2272 gene-

186 2275 199 2287 *
242 2281 250 2287 ’
307 2287 355 2315 re
382 2280 519 2325 ortus,
546 2276 690 2317 adhuc
709 2290 820 2329 puer
838 2290 1012 2319 morum

178 2330 395 2372 suavitate
424 2343 476 2371 ac
505 2331 682 2383 pietatis
715 2331 863 2373 studio
894 2333 938 2373 in
968 2335 1010 2374 o-

177 2386 341 2426 mnium
377 2385 666 2428 admiratione
704 2388 793 2429 fuit.
847 2389 1010 2430 Trede-

179 2442 263 2483 cim
284 2454 422 2483 annos
441 2448 569 2483 natus
587 2443 705 2483 visus
725 2449 793 2485 est
807 2444 890 2485 Dei
911 2457 1011 2486 con-

179 2497 276 2539 silio
293 2498 482 2539 Romam
501 2498 625 2547 mitti,
643 2504 691 2540 ut
710 2500 901 2551 apostoli
921 2514 1011 2541 mu-

178 2566 260 2594 nus
279 2553 322 2593 in
349 2566 400 2594 ea
425 2554 634 2606 expleret.
670 2555 790 2596 Inter
815 2555 1012 2608 ephebos

180 2609 363 2659 Collegii
406 2610 595 2651 Romani
635 2611 870 2652 Societatis
907 2612 931 2652 J
934 2625 1012 2653 esu

180 2664 395 2714 adlectus,
414 2665 587 2713 ingenio
608 2670 652 2706 et
671 2666 834 2707 virtute
853 2667 1012 2718 praelu-

179 2720 253 2761 xit.
289 2720 482 2763 Curabat
501 2721 715 2773 impense,
740 2727 789 2762 ut
808 2722 838 2762 ii
856 2722 1010 2763 Maria-

1064 327 1122 355 no
1155 312 1362 354 sodalitio
1395 311 1648 362 frequentes
1681 309 1898 358 adessent,

1065 370 1108 410 in
1136 368 1404 410 nosocomiis
1432 366 1562 418 aegris
1589 366 1899 413 ministrarent,

1065 425 1340 476 honestaque
1366 423 1611 464 animorum
1627 421 1898 463 recreatione

1065 480 1391 522 retraherentur
1406 492 1432 520 a
1447 478 1605 528 noxiis3
1625 478 1799 519 interim
1813 490 1899 519 coe-

1064 537 1192 578 lestia
1223 535 1498 577 sermonibus
1529 536 1806 587 pertractans
1835 546 1899 575 se-

1065 593 1243 643 gniores
1259 591 1492 639 excitabat,
1513 603 1565 632 ac
1579 589 1768 643 proinde
1778 589 1899 642 Apo-

1065 648 1168 690 stoli
1214 650 1430 699 agnomen
1465 646 1654 700 adeptus
1691 651 1769 688 est.
1830 646 1900 688 Ob

1066 706 1270 757 asperam
1317 703 1519 756 corporis
1567 702 1901 753 castigationem

1065 761 1188 811 gravi
1207 759 1365 802 morbo
1387 761 1636 811 correptus,
1660 758 1715 800 ab
1739 759 1902 801 usitata

1067 815 1151 858 sibi
1175 815 1422 857 studiorum
1445 815 1682 857 severitate
1707 814 1901 867 aliquan-

1066 877 1159 913 tum
1187 875 1411 914 remittere
1440 873 1622 913 coactus
1651 871 1747 913 fuit:
1780 871 1901 923 quod

1068 927 1276 970 divinitus
1293 929 1458 970 factum
1477 927 1631 980 ajebat,
1649 940 1704 969 ne
1719 927 1902 969 scientia

1067 984 1244 1026 inflatus
1264 998 1342 1026 sua
1354 985 1503 1037 potius
1519 986 1750 1036 quaereret,
1770 996 1902 1036 quam

1070 1054 1169 1093 quae
1188 1042 1213 1082 J
1215 1054 1294 1083 esu
1313 1041 1484 1082 Christi.
1515 1040 1717 1082 Clericali
1735 1040 1902 1082 militiae

1067 1095 1318 1150 adscriptus
1338 1098 1475 1139 sacris
1491 1097 1733 1150 disciplinis
1747 1097 1791 1138 in
1807 1109 1901 1138 san-

1066 1153 1125 1194 cti
1144 1153 1331 1194 Thomae
1357 1153 1546 1204 collegio
1567 1155 1749 1206 operam
1767 1152 1901 1202 dedit,

1066 1221 1118 1250 ac
1146 1209 1190 1250 in
1218 1210 1380 1252 virtute
1410 1209 1667 1262 proficiens,
1705 1209 1807 1251 dein
1840 1209 1901 1250 in-

1064 1266 1185 1315 genti
1219 1266 1350 1307 animi
1383 1265 1614 1319 voluptate
1647 1265 1900 1307 sacerdotio

1066 1326 1133 1363 est
1157 1326 1323 1363 auctus.
1355 1322 1425 1363 Ita
1443 1322 1683 1363 Dominum
1701 1322 1746 1362 in
1763 1321 1900 1363 haere-

1067 1377 1251 1419 ditatem
1271 1378 1354 1420 sibi
1374 1378 1620 1428 constituit,
1649 1383 1698 1420 ut
1721 1378 1899 1429 nullum,

1065 1447 1119 1475 ne
1135 1434 1334 1476 oblatum
1347 1434 1536 1486 quidem,
1553 1434 1901 1476 ecclesiasticum

1065 1489 1329 1531 beneficium
1363 1490 1643 1543 acceptandi,
1680 1490 1764 1531 nisi
1797 1489 1899 1532 obe-

1064 1545 1230 1587 dientia
1259 1546 1527 1598 adigeretur,
1555 1546 1765 1598 singulari
1791 1551 1898 1588 voto

1065 1615 1112 1643 se
1137 1602 1431 1644 obstrinxerit.

1118 1661 1167 1711 R.
1196 1659 1445 1700 Honestum
1473 1659 1577 1701 fecit
1604 1658 1727 1700 illum
1749 1659 1899 1700 Domi-

1065 1727 1158 1764 nus,
1185 1720 1229 1756 et
1248 1715 1488 1756 custodivit
1508 1727 1607 1756 eum
1627 1715 1683 1756 ab
1703 1716 1900 1765 inimicis,

1066 1775 1110 1811 et
1141 1783 1166 1811 a
1198 1771 1507 1812 seductoribus
1531 1772 1692 1813 tutavit
1715 1771 1851 1812 illum:
1875 1771 1899 1796 ¹⁸¹

1064 1826 1122 1868 Et
1154 1826 1277 1869 dedit
1308 1827 1371 1868 illi
1405 1827 1651 1870 claritatem
1679 1830 1900 1870 aeternam.

1067 1876 1116 1927 V.
1149 1883 1324 1925 Justum
1356 1883 1540 1925 deduxit
1571 1884 1788 1925 Dominus
1820 1897 1901 1936 per

1065 1938 1159 1979 vias
1179 1944 1335 1990 rectas,
1361 1945 1404 1982 et
1424 1939 1618 1982 ostendit
1636 1939 1699 1981 illi
1717 1952 1900 1992 regnum

1066 1995 1159 2036 Dei.
1189 1996 1245 2037 Et
1265 1994 1399 2038 dedit.

1376 2054 1529 2095 Lectio
1553 2068 1590 2094 v.

1067 2105 1149 2209 D
1161 2121 1185 2149 e
1205 2108 1422 2160 spirituali
1434 2109 1737 2160 proximorum
1757 2108 1898 2150 salute

1175 2165 1260 2217 jam
1280 2164 1335 2206 ab
1356 2164 1656 2207 adolescentia
1676 2165 1899 2215 sollicitus,

1067 2220 1276 2262 sacerdos
1302 2221 1444 2262 factus
1467 2221 1511 2262 in
1530 2221 1576 2263 id
1594 2227 1739 2263 totum
1758 2234 1806 2263 se
1826 2221 1898 2263 de-

1067 2277 1198 2318 vovit.
1231 2277 1570 2318 Ecclesiastieos
1590 2278 1724 2326 viros,
1751 2290 1900 2318 sacras

1066 2332 1273 2383 virgines,
1310 2331 1577 2385 oppidanos,
1616 2335 1793 2375 earcere
1827 2333 1898 2375 de-

1066 2390 1231 2437 tentos,
1269 2388 1401 2429 imam
1436 2388 1614 2441 plebem
1649 2390 1900 2430 universam

1066 2444 1175 2485 mira
1194 2444 1422 2493 suavitate,
1442 2444 1566 2487 verbi
1580 2445 1822 2487 ministerio
1843 2444 1900 2487 ad

1067 2501 1241 2542 virtutis
1261 2502 1456 2541 amorem
1471 2500 1779 2543 inflammabat.
1801 2501 1899 2542 Plu-

1067 2569 1138 2597 res
1166 2556 1363 2608 quotidie
1389 2556 1521 2598 horas
1546 2557 1774 2598 rudiorum
1797 2570 1898 2605 c,on-

1068 2611 1330 2653 fessionibus
1346 2612 1618 2665 excipiendis
1630 2612 1899 2665 impendens,

1067 2668 1247 2717 aegrotis
1272 2666 1425 2709 aderat
1444 2668 1515 2709 vel
1538 2669 1579 2708 in
1605 2668 1810 2726 domibus
1829 2668 1900 2709 vel

1066 2722 1109 2763 in
1128 2723 1471 2773 valetudinariis,
1491 2724 1739 2776 praesertim
1756 2722 1898 2776 phthi-
