2040 2976
193 202 240 236 8*
816 204 931 238 Festa
956 203 1203 247 Septembris.
1229 204 1283 246 (1.)

407 298 457 337 In
484 300 555 338 ΙΙΙ.
584 299 811 339 Nocturno.

197 368 347 409 Lectio
374 367 760 464 sanctillivangelii
782 366 1023 409 secundum

555 436 694 465 ucam.

272 495 425 535 Lectio
448 496 514 534 vii.
771 496 945 547 Cap.19.

191 556 267 662 In
295 560 370 606 illo
405 562 623 612 te'mpore:
655 560 779 601 Dixit
806 560 933 601 Jesus
963 559 1023 601 di-

258 617 438 670 scipulis
475 617 564 657 suis
601 615 860 669 parabolam
895 616 1024 658 hanc:

192 674 340 715 Homo
371 672 549 726 quidam
573 672 734 715 nobilis
759 672 867 714 abiit
891 673 936 713 in
959 686 1023 714 re-

191 731 366 781 gionem
397 730 682 782 longinquam
709 731 912 783 accipere
940 729 1024 771 sibi

192 800 385 838 regnum,
415 792 458 829 et
486 787 658 829 reverti.
694 787 751 829 Et
778 786 957 840 reliqua.

314 879 501 921 Homilia
521 879 661 921 sancti
680 880 913 930 Augustini

495 941 718 994 Episcopi.

278 1016 394 1050 Liber
417 1016 447 1050 2.
471 1016 612 1057 Quaest.
638 1016 705 1049 Ev.
731 1019 864 1058 quaest.
889 1014 940 1048 46.

235 1084 240 1087 “
439 1081 679 1133 longinqua
694 1080 894 1122 Ecclesia
909 1081 1022 1122 Gen-

200 1140 210 1190 3.
337 1139 446 1181 tium
474 1151 614 1190 usque
647 1137 703 1179 ad
735 1137 846 1179 fines
880 1142 1022 1179 terrae.

195 1193 210 1218 ³‘'
264 1195 280 1213 ³*
338 1195 521 1237 Reverti
543 1207 590 1236 se
610 1199 757 1236 tamen
777 1193 897 1236 dicit:
917 1194 1023 1236 abiit

192 1253 318 1303 enim,
343 1258 391 1294 ut
410 1251 640 1305 plenitudo
662 1252 868 1293 Gentium
892 1251 1021 1293 intra-

190 1315 277 1360 ret;
314 1311 575 1358 revertetur,
620 1313 668 1350 ut
706 1308 847 1350 omnis
884 1308 1022 1349 Israel

191 1367 337 1408 salvus
353 1367 439 1407 fiat.
467 1366 552 1407 Per
572 1365 726 1407 decem
740 1378 864 1406 mnas
879 1365 1022 1417 legem

192 1423 417 1475 significat,
441 1427 626 1476 propter
647 1422 924 1474 decalogum3
949 1421 1021 1464 de-

192 1493 288 1522 cem
312 1485 458 1522 autem
479 1492 642 1528 servos,
667 1479 826 1530 quibus
846 1478 927 1520 sub
947 1479 1023 1520 illa

192 1538 348 1590 positis
379 1537 520 1588 gratia
550 1535 794 1589 praedicata
827 1541 904 1577 est.
951 1535 1023 1577 Sic

193 1594 307 1635 enim
338 1592 670 1645 intelligendum
698 1597 766 1634 est
798 1593 862 1634 eis
895 1592 1022 1634 datas

193 1663 318 1692 mnas
341 1650 398 1692 ad
421 1663 563 1700 usum,
590 1662 691 1690 cum
719 1648 1023 1699 intellexerint,

193 1720 290 1748 eam
312 1707 455 1760 ipsam
477 1706 631 1758 legem,
655 1707 827 1747 remoto
846 1705 1022 1747 velami—

193 1777 262 1814 ne,
289 1763 346 1806 ad
369 1763 656 1815 Evangelium
679 1763 912 1816 pertinere.
955 1763 1021 1804 Ci-

194 1834 270 1862 ves
299 1822 408 1872 eius,
442 1821 517 1873 qui
548 1826 651 1874 post
684 1833 784 1862 eum
810 1821 1023 1862 miserunt

192 1877 474 1929 legationem,
511 1877 709 1919 dicentes
743 1890 790 1919 se
822 1877 939 1919 nolle
976 1882 1024 1919 ut

193 1940 346 1985 regnet
365 1934 459 1984 sibi,
478 1935 502 1975 J
505 1934 621 1976 udaei
640 1939 751 1984 sunt,
773 1935 847 1986 qui
864 1933 1021 1987 praedi-

193 1991 411 2033 cationem
430 1991 656 2042 Evangelii
675 1993 946 2044 respuerunt.

248 2063 299 2114 R.
322 2062 412 2103 Iste
432 2066 498 2103 est
518 2062 603 2114 qui.

197 2317 368 2349 Francisci
385 2317 497 2349 Solani
516 2317 612 2350 Conf.
635 2317 686 2349 24.
702 2318 793 2350 Julii.

193 2368 335 2399 ,Ioannis
354 2368 525 2399 Francisci
541 2368 646 2408 Regis
663 2367 760 2400 Conf.
789 2367 837 2399 16.
856 2368 876 2399 J
880 2377 933 2398 un.
990 2366 1023 2397 1*

192 2418 355 2450 Ludovici
373 2418 478 2458 Regis
496 2417 594 2450 Conf.
618 2418 670 2450 25.
685 2417 772 2458 Aug.
982 2416 1022 2448 6*

1365 301 1516 342 Lectio
1536 302 1620 342 viii.

1080 339 1254 462 Quod
1286 361 1432 398 autem
1455 356 1571 398 servi
1591 356 1829 399 reddentes
1846 371 1911 399 ra-

1190 412 1374 463 tionem,
1407 426 1462 454 ex
1495 425 1548 454 eo
1581 412 1701 465 quod
1731 416 1910 467 accepe-

1079 474 1191 519 rant,
1219 468 1453 512 laudantur
1482 469 1584 522 quia
1608 469 1767 512 lucrati
1794 476 1911 522 sunt3

1079 525 1296 576 significat
1329 539 1406 568 eos
1438 526 1602 568 bonam
1633 526 1820 569 reddere
1845 541 1909 570 ra-

1077 581 1253 633 tionem,
1274 583 1349 635 qui
1366 583 1479 625 bene
1495 583 1563 624 usi
1583 588 1684 625 sunt
1703 596 1769 634 eo,
1790 583 1911 636 quod

1079 641 1344 692 acceperunt
1380 639 1438 682 ad
1475 639 1700 692 augendas
1737 641 1911 684 divitias

1078 695 1275 746 Domini,
1311 709 1392 749 per
1425 709 1502 739 eos
1540 697 1615 749 qui
1651 697 1836 740 credunt
1867 698 1911 739 in

1078 765 1189 793 eum.
1232 753 1363 804 Quod
1392 754 1467 806 qui
1495 753 1641 795 facere
1669 754 1838 805 nolunt,
1866 755 1911 796 in

1076 808 1153 850 illo
1165 809 1399 862 significati
1413 816 1524 860 sunt,
1541 811 1615 863 qui
1629 824 1777 853 mnam
1787 824 1911 853 suam

1076 866 1120 906 in
1146 866 1325 909 sudario
1354 868 1557 910 servavit.
1598 868 1813 916 Mensam,
1841 868 1911 911 cui

1078 922 1224 965 danda
1249 929 1344 966 erat
1363 924 1563 977 pecunia,
1587 925 1911 978 professionem

1078 980 1221 1032 ipsam
1257 981 1481 1032 religionis
1518 982 1774 1034 accipimus,
1810 995 1910 1035 quae

1077 1041 1301 1090 tamquam
1338 1038 1516 1091 publice
1551 1039 1816 1091 proponitur
1852 1038 1910 1081 ad

1077 1107 1206 1135 usum
1232 1096 1529 1137 necessarium
1556 1095 1697 1137 saluti.

1129 1155 1179 1207 Rz.
1208 1151 1303 1193 Sint
1322 1152 1459 1193 lumbi
1478 1152 1625 1194 vestri.

1378 1210 1530 1251 Lectio
1551 1210 1605 1250 ix.

1160 1266 1250 1308 uod
1293 1272 1440 1308 autem
1476 1280 1587 1308 unus
1624 1269 1796 1316 eorum,
1835 1268 1909 1320 qui

1189 1323 1301 1365 bene
1324 1324 1393 1365 usi
1412 1328 1523 1374 sunt,
1548 1323 1703 1366 decem
1723 1324 1907 1377 acquisi-

1077 1379 1149 1429 vit,
1170 1384 1215 1422 et
1234 1380 1345 1422 alter
1365 1380 1568 1433 quinque,
1593 1380 1812 1432 significat
1831 1393 1925 1433 eos*

1078 1449 1176 1478 esse
1204 1437 1445 1489 acquisitos
1473 1437 1517 1478 in
1543 1450 1723 1489 gregem
1749 1438 1851 1488 Dei,
1883 1451 1910 1480 a

1078 1493 1237 1546 quibus
1262 1494 1359 1547 ipsa
1378 1493 1450 1535 lex
1475 1507 1556 1547 per
1574 1494 1761 1546 gratiam
1786 1494 1908 1537 intel-

1076 1550 1191 1592 lecta
1209 1556 1287 1592 est.
1324 1550 1397 1592 Ad
1419 1551 1505 1592 hoc
1528 1552 1750 1604 pertinent
1773 1556 1818 1593 et
1835 1550 1908 1594 de-

1076 1620 1172 1649 cem
1205 1613 1248 1649 et
1278 1607 1471 1660 quinque
1499 1608 1716 1659 civitates,
1749 1607 1908 1660 quibus

1077 1676 1154 1705 eos
1181 1664 1415 1717 praeponit.
1456 1664 1767 1717 Multiplicatio
1794 1664 1909 1706 enim

1075 1720 1376 1771 intelligentiae
1403 1722 1446 1763 in
1475 1722 1573 1774 ipsa
1605 1721 1818 1764 varietate
1851 1721 1909 1763 ad

1077 1790 1211 1818 unum
1234 1776 1426 1828 redacta,
1454 1777 1578 1830 quasi
1601 1777 1825 1820 civitatem
1848 1777 1910 1819 fa*

1079 1834 1137 1875 cit
1175 1834 1417 1876 viventium
1462 1835 1681 1876 rationum
1727 1836 1908 1876 aeterna-

1076 1903 1184 1932 rum.
1234 1891 1315 1932 Est
1347 1891 1463 1933 enim
1495 1891 1649 1933 civitas
1681 1904 1771 1932 non
1804 1903 1909 1943 quo-

1076 1947 1282 1989 rumlibet
1304 1948 1600 1998 animantium,
1623 1946 1703 1990 sed
1721 1947 1908 1990 rationa-

1077 2004 1184 2045 lium
1206 2004 1458 2054 multitudo,
1486 2004 1597 2056 legis
1621 2006 1749 2046 unius
1773 2004 1908 2047 socie-

1077 2063 1169 2103 tate
1189 2060 1404 2103 devincta.
1461 2060 1522 2103 Te
1541 2061 1697 2103 Deum.

892 2208 917 2248 1
944 2208 986 2248 N
1013 2208 1054 2247 D
1084 2208 1123 2248 Ε
1148 2208 1206 2248 Χ.

882 2320 955 2350 1³²1ss-
985 2316 1024 2348 3*
1079 2317 1245 2349 Ludovici
1261 2316 1365 2357 Regis
1382 2316 1434 2348 Cf.
1457 2315 1595 2348 Octava.
1622 2318 1649 2348 1.
1666 2316 1753 2358 Sept.
1810 2320 1839 2350 P·
1869 2315 1907 2348 7*

1077 2367 1243 2398 vincentii
1261 2376 1279 2398 a
1296 2367 1399 2398 Paulo
1416 2366 1514 2398 Conf.
1540 2367 1590 2398 19.
1607 2367 1699 2398 Julii.
1869 2365 1907 2398 1*

1118 2435 1161 2438 —
1207 2436 1249 2439 -
1295 2417 1432 2450 Octava.
1456 2418 1507 2449 26.
1525 2417 1615 2449 Julii.
1867 2416 1906 2448 4*

348 2592 585 2634 Ratisbonae‚
611 2591 673 2626 die
700 2592 727 2626 1.
751 2592 985 2628 Novembris
1011 2592 1115 2627 1888.

1025 2645 1069 2678 Μ.
1092 2644 1220 2684 Dandl,
1253 2642 1377 2676 Vicar.
1403 2641 1442 2675 in
1468 2641 1596 2684 Spirit.
1622 2641 1757 2675 Gener.

364 2739 610 2786 Sumptibus
635 2740 700 2776 Fr.
724 2741 873 2775 Pustet
897 2743 929 2772 ἀ
955 2740 1039 2782 Co„
1065 2741 1160 2776 Neo
1186 2740 1371 2776 Eboraci
1393 2743 1425 2772 ἀ
1451 2739 1721 2776 cincinnatii.

641 2861 722 2893 Typis
734 2861 777 2887 Fr.
789 2860 885 2893 Pustet‚
897 2861 923 2887 S.
935 2861 993 2887 Sed.
1004 2862 1094 2894 Apost.
1104 2866 1129 2887 et
1140 2861 1165 2887 S.
1176 2862 1228 2887 mt.
1239 2862 1334 2893 congr.
1347 2862 1461 2894 Typogr.
