2040 2976
542 210 614 244 Die
638 210 689 244 22.
715 211 812 253 Aug.

466 306 618 347 Lectio
639 307 691 347 vi.

162 358 255 464 A
269 369 421 408 sancto
441 363 677 404 Francisco
697 361 880 412 Salesio,
905 375 993 414 quo

280 421 460 476 spiritus
488 419 769 461 moderatore
795 431 876 460 usa
902 419 993 468 fuit,

164 479 356 522 divinam
382 478 657 520 voluntatem
685 475 864 525 edocta,
891 478 992 528 pro-

162 537 306 589 prium
332 537 578 589 parentem,
607 534 828 581 socerum,
856 532 993 573 filium

163 593 352 645 denique
371 593 533 645 ipsum,
559 602 690 642 quem
715 589 845 631 etiam
863 601 991 630 voca-

161 650 269 691 tioni
284 649 583 696 obsistentem,
599 659 678 687 sua
690 659 713 687 e
726 645 859 687 domo
872 647 990 697 egre-

162 706 297 756 diens,
315 703 505 759 pedibus
525 702 696 744 calcare
715 714 804 743 non
823 701 991 743 dubita-

161 763 240 813 vit,
265 763 427 804 invicta
446 759 695 802 constantia
714 758 923 808 deseruit,
948 764 992 801 et

162 819 276 861 sacri
302 817 491 860 instituti
516 815 794 858 Visitationis
825 820 991 856 sanctae

160 876 312 917 Mariae
340 874 623 916 fundamenta
650 872 760 925 jecit.
797 872 902 924 Ejus
929 872 990 912 in—

161 933 302 975 stituti
334 932 455 983 leges
489 930 767 981 integerrime
802 929 990 970 custodi-

160 989 233 1040 vit,
250 994 293 1030 et
308 986 421 1030 adeo
436 985 717 1040 paupertatis
733 985 814 1027 fuit
829 998 990 1035 amans,

159 1050 208 1086 ut
232 1045 303 1087 vel
328 1043 576 1086 necessaria
602 1042 686 1084 sibi
707 1041 862 1084 deesse
888 1055 989 1094 gau-

160 1100 295 1144 deret.
332 1100 591 1142 Christianae
619 1112 725 1141 vero
758 1099 889 1141 animi
917 1098 989 1141 de-

158 1158 378 1199 missi6nis
403 1162 447 1199 et
471 1155 753 1207 obedientiae,
778 1157 990 1198 virtutum

160 1213 348 1268 denique
390 1214 584 1256 omnium
623 1213 990 1266 perfectissimum

160 1271 384 1325 exemplar
411 1284 459 1313 se
486 1270 687 1324 praebuit.
725 1270 920 1312 Altiores
946 1270 990 1310 in

160 1327 294 1369 corde
322 1341 403 1370 suo
431 1328 712 1370 ascensiones
738 1327 989 1380 disponens,

160 1383 421 1426 arduissimo
465 1384 684 1426 efficiendi
726 1397 901 1437 semper
943 1383 989 1426 id

161 1440 282 1493 quod
314 1441 551 1494 perfectius
585 1454 683 1483 esse
714 1441 988 1493 intelligeret,

159 1503 265 1540 voto
285 1511 332 1540 se
353 1498 597 1540 obstrinxit.
625 1498 840 1551 Denique,
861 1511 988 1539 sacro

158 1554 436 1597 VisitatiOnis
462 1555 663 1597 instituto
693 1555 784 1606 ejus
813 1555 987 1607 potissi-

158 1625 279 1652 mum
302 1613 438 1665 opera
460 1612 591 1663 longe
615 1612 791 1664 lateque
815 1611 988 1662 diffuso,

158 1667 314 1719 verbo,
343 1669 564 1722 exemplo,
595 1674 637 1711 et
661 1669 836 1722 scriptis
857 1669 988 1711 etiam

159 1723 306 1766 divina
325 1725 537 1778 sapientia
556 1725 743 1775 refertis,
769 1725 826 1767 ad
850 1726 986 1779 pieta-

158 1785 248 1823 tem
268 1786 312 1824 et
331 1782 558 1824 caritatem
577 1782 804 1824 soreribus
826 1783 986 1825 excita-

89 1856 92 1857 ⁷
159 1838 227 1887 tis,
252 1839 418 1881 meritis
437 1839 608 1888 referta,
633 1844 678 1881 et
702 1840 987 1881 sacramentis

158 1895 240 1936 rite
260 1896 489 1949 susceptis,
507 1896 695 1946 Molinis,
719 1909 833 1938 anno
852 1897 986 1938 mille-

159 1951 270 1993 simo
299 1953 620 1994 sexcentesimo
650 1951 986 2005 quadragesimo

158 2008 322 2060 primo,
354 2008 425 2050 die
454 2007 623 2050 decima
649 2009 779 2051 tertia
805 2010 987 2051 Decem-

160 2062 266 2114 bris,
291 2065 494 2116 migravit
518 2064 575 2107 ad
599 2066 853 2116 Dominum,
879 2068 987 2119 ejus-

162 2133 246 2172 que
283 2122 488 2172 animam,
535 2124 790 2164 occurrente
833 2129 987 2165 sancto

159 2177 395 2220 Francisco
410 2178 588 2229 Salesio,
606 2179 651 2220 in
670 2180 809 2221 coelos
829 2180 987 2222 deferri

160 2238 337 2275 sanctus
352 2235 610 2277 Vincentius
630 2249 655 2277 a
674 2236 812 2278 Paulo
831 2237 987 2289 procul

159 2290 327 2332 distans
347 2293 528 2344 aspexit.
559 2293 664 2345 Ejus
688 2306 848 2346 corpus
867 2296 985 2347 post-

161 2359 211 2388 ea
226 2347 470 2389 Annecium
484 2349 744 2391 translatum
758 2350 852 2392 fuit:
873 2352 986 2392 eam-

160 2416 245 2456 que
263 2404 485 2446 miraculis
506 2411 605 2447 ante
629 2411 673 2448 et
695 2411 799 2459 post
819 2407 987 2449 ebitum

159 2459 323 2501 claram
346 2461 614 2503 Benedictus
640 2461 836 2504 decimus
862 2476 986 2515 quar-

158 2520 229 2557 tus
247 2516 495 2568 beaterum,
522 2518 722 2560 Clemens
741 2532 848 2561 vero
873 2519 985 2561 deci-

158 2585 255 2614 mus
269 2574 424 2615 tertius
435 2575 638 2616 Pentifex
650 2575 870 2616 Maximus
885 2576 985 2618 albo

159 2632 410 2672 sancturum
434 2631 603 2684 adjecit.
635 2632 815 2674 Festum
840 2638 986 2674 autem

160 2686 354 2737 eiusdem
379 2687 450 2729 die
476 2687 741 2730 duodecimo
760 2688 986 2731 Kalendas

158 2743 427 2796 Septembris
459 2744 515 2786 ab
549 2745 751 2787 universa
785 2746 983 2788 Ecclesia

858 210 902 243 In
926 209 1071 244 Octava
1096 210 1294 252 Assumpt.
1320 209 1361 242 B.
1387 209 1433 242 M.
1455 209 1498 241 V.

1048 303 1249 345 Clemens
1267 303 1462 345 decimus
1480 307 1659 355 quartus
1673 301 1879 343 Pontifex

1045 360 1264 401 Maximus
1283 359 1498 401 celebrari
1516 359 1741 411 praecepit.

1100 426 1150 477 R.
1167 422 1321 464 Fallax
1340 422 1491 474 gratia,
1513 426 1556 463 et
1572 435 1684 463 vana
1704 426 1770 464 est
1784 422 1877 475 pul-

1046 479 1266 522 chritudo:
1293 482 1315 504 *
1342 479 1499 520 Mulier
1530 479 1690 520 timens
1722 479 1877 528 Deum,

1044 537 1141 589 ipsa
1159 536 1420 579 laudabitur.
1453 532 1502 583 V.
1523 536 1637 577 Date
1659 536 1697 576 ei
1718 535 1772 577 de
1792 535 1876 576 fru-

1045 599 1119 636 ctu
1150 596 1358 635 manuum
1388 596 1580 643 suarum,
1620 598 1663 634 et
1699 591 1878 634 laudent

1045 663 1142 693 eam
1167 651 1211 692 in
1235 651 1377 704 portis
1404 653 1540 704 opera
1566 651 1668 702 ejus.
1709 649 1877 690 Mulier.

1047 708 1198 749 GlOria
1216 708 1348 750 Patri.
1375 708 1543 749 Mulier.

1101 780 1139 813 In
1158 779 1221 813 ΙΠ.
1239 778 1349 812 Noct.
1367 777 1508 811 Homil.
1528 778 1565 811 in
1584 778 1728 819 Evang.
1747 777 1875 812 Simile

1045 830 1103 862 est
1123 836 1294 871 regnum.
1318 826 1364 860 dc
1388 826 1533 860 Comm.
1556 837 1633 860 non
1653 826 1754 869 Virg.
1773 825 1875 869 [108]

1097 889 1138 921 In
1163 888 1281 921 Laud.
1307 888 1347 921 fit
1372 898 1506 921 comm.
1532 888 1611 921 Oct.
1638 887 1835 930 Assumpt.
1926 923 1927 926 ,

1098 944 1196 983 Ant.
1227 943 1336 992 Quae
1357 945 1424 982 est
1442 940 1538 988 ista,
1559 952 1658 991 quae
1679 939 1877 981 ascendit

1044 998 1157 1039 sicut
1187 1000 1345 1039 aurora
1374 1000 1661 1047 consurgens,
1692 996 1877 1049 pulchra

1043 1060 1091 1096 ut
1110 1054 1227 1104 luna,
1254 1055 1394 1096 electa
1413 1059 1461 1095 ut
1485 1053 1569 1103 sol,
1595 1053 1805 1094 terribilis
1829 1059 1877 1095 ut

1044 1114 1289 1153 castrOrum
1309 1111 1425 1153 acies
1446 1108 1670 1152 ordinata?

1098 1166 1148 1219 V.
1178 1173 1383 1214 Exaltata
1411 1177 1478 1214 est
1503 1177 1656 1213 sancta
1680 1171 1765 1213 Dei
1791 1171 1875 1212 Ge-

1042 1231 1184 1272 nitrix.
1235 1230 1286 1281 Rz.
1315 1230 1455 1282 Super
1488 1229 1650 1270 choros
1684 1228 1874 1280 Angelo-

1042 1301 1139 1328 rum
1158 1287 1215 1329 ad
1235 1286 1433 1329 coelestia
1453 1299 1598 1337 regna.
1926 1283 1928 1286 ’

1382 1351 1547 1392 Oratio.

1121 1415 1367 1456 amulOrum
1394 1415 1586 1463 tuorum,
1622 1414 1874 1464 quaesumus

1142 1472 1346 1521 Demine,
1384 1469 1557 1511 delictis
1594 1470 1790 1521 ignosce,
1827 1474 1875 1511 ut

1043 1530 1119 1581 qui
1140 1529 1219 1571 tibi
1242 1528 1418 1581 placere
1442 1526 1498 1568 de
1519 1526 1689 1568 actibus
1709 1526 1874 1567 nostris
1924 1523 1927 1554 ἕ

1040 1598 1130 1627 non
1162 1585 1372 1635 valemus3
1411 1583 1646 1626 Genitricis
1678 1583 1778 1623 Filii
1810 1583 1875 1623 tui

1040 1642 1220 1684 Demini
1239 1642 1377 1684 nostri
1399 1641 1715 1684 intercessione
1735 1639 1872 1681 salve·
1924 1692 1926 1694 ,

1040 1712 1152 1740 mur:
1174 1699 1258 1749 Qui
1276 1704 1424 1740 tecum
1443 1699 1551 1739 vivit
1571 1702 1614 1739 et
1633 1702 1798 1748 regnat.

1095 1753 1212 1795 Vesp.
1238 1752 1285 1786 dc
1311 1763 1416 1796 sequ.
1442 1764 1528 1787 cum
1552 1764 1686 1788 comm.
1708 1755 1873 1798 praeced.

1042 1807 1078 1836 et
1102 1801 1158 1836 Ss.
1184 1801 1292 1835 Mart.
1318 1806 1358 1836 ut
1382 1802 1492 1836 infra.

1265 1896 1350 1937 Die
1369 1896 1433 1936 22.
1454 1895 1652 1946 Augusti.

1337 1952 1388 1992 In
1409 1951 1576 1992 Octava

1093 2016 1545 2118 Assumptiolpuilslg.
1564 2015 1742 2058 Mariae
1762 2016 1819 2058 V.

1094 2133 1231 2168 Omnia
1252 2138 1294 2167 ut
1315 2132 1353 2166 in
1375 2131 1401 2166 I.
1420 2131 1536 2175 vesp.
1555 2131 1670 2166 Festi.
1691 2132 1774 2168 507.
1800 2132 1871 2167 De-

1040 2181 1129 2216 inde
1154 2181 1195 2215 fit
1220 2190 1415 2215 commem.
1441 2190 1555 2224 praec.

1093 2234 1194 2274 Ant.
1215 2233 1392 2274 Manum
1409 2245 1533 2274 suam
1550 2233 1721 2285 aperuit
1739 2234 1873 2286 inopi,

1041 2294 1085 2332 et
1103 2289 1273 2342 palmas
1294 2302 1396 2330 suas
1419 2289 1616 2331 extendit
1633 2288 1690 2331 ad.
1708 2293 1871 2343 paupe-

1040 2359 1144 2396 rem,
1164 2350 1207 2387 et
1226 2359 1386 2399 panem
1406 2346 1550 2388 otiosa
1566 2352 1655 2388 non
1670 2346 1872 2388 comedit.

1092 2397 1143 2450 V.
1181 2402 1352 2444 Diffusa
1392 2408 1459 2444 est
1490 2403 1631 2454 gratia
1664 2403 1709 2444 in
1741 2403 1870 2445 labiis

1042 2459 1139 2501 tuis.
1196 2460 1247 2512 R.
1287 2459 1529 2512 Propterea
1564 2459 1791 2502 benedixit
1827 2464 1870 2500 te

1039 2516 1160 2558 Deus
1179 2516 1222 2556 in
1243 2518 1466 2558 aeternum.

1377 2575 1541 2619 Oratio.

1122 2636 1373 2687 mnipotens
1399 2639 1443 2676 et
1467 2634 1717 2676 misericors
1735 2634 1869 2682 Deus,

1149 2692 1224 2743 qui
1249 2690 1427 2733 beatam
1452 2691 1477 2732 J
1481 2693 1670 2733 oannam
1695 2690 1869 2731 Franci-

1039 2760 1160 2797 scam
1177 2752 1254 2789 tuo
1274 2750 1423 2790 amore
1444 2749 1715 2796 succensam,
1735 2745 1868 2788 admi-
