2040 2976
429 1097 755 1163 COMMUNE
787 1110 1272 1161 DEDIGATIONIS
1304 1110 1668 1159 EGGLESIAE.

407 1263 468 1304 In
489 1263 525 1305 Ι.
546 1263 797 1314 vesperis.

242 1342 397 1384 Antiph.
420 1342 466 1375 dc
489 1341 698 1375 Laudibus.
717 1338 807 1381 [121]

242 1398 382 1431 Psalmi
411 1402 450 1431 ut
480 1398 516 1431 in
547 1398 572 1431 l.
599 1398 715 1440 Yesp.
742 1397 787 1430 dc
816 1395 1018 1430 Communi

188 1446 324 1488 Apost.
348 1444 395 1487 [2]
429 1452 463 1480 ct
489 1447 575 1479 loco
603 1445 725 1479 ultimi

453 1515 649 1554 l'salmus
672 1514 754 1553 147.

215 1582 547 1648 «γη-3
584 1582 827 1623 Jerusalem
868 1583 1017 1623 Domi-

191 1627 233 1694 {fv
273 1617 422 1730 Q}
446 1652 563 1679 num:
587 1639 610 1663 *
630 1638 761 1680 lauda
784 1639 929 1680 Deum
954 1644 1018 1680 tu-

212 1691 221 1703 ”
281 1719 283 1722 ·
366 1680 423 1727 *lss
446 1709 519 1736 um
538 1695 654 1736 Sion.

276 1728 278 1730 ,
333 1717 352 1731 k
419 1732 423 1737 ,

193 1748 229 1798 ζῖῥ
275 1714 369 1790 ἃ
413 1748 424 1799 ξς
500 1752 718 1801 Queniam
754 1751 1020 1793 confortavit

209 1818 223 1823 ‘⁷
237 1815 256 1824 ¹*
384 1814 386 1816 “
397 1817 401 1821 ⁴
412 1815 421 1821 ¹
448 1820 569 1848 seras
583 1810 814 1860 portarum
830 1810 1019 1849 tuarum:

186 1865 209 1889 *
229 1863 455 1905 benedixit
473 1863 574 1904 filiis
594 1865 679 1905 tuis
698 1865 742 1904 in
759 1870 814 1906 te.

241 1925 325 1975 Qui
343 1925 492 1977 posuit
511 1925 621 1966 fines
636 1930 736 1966 tuos
752 1938 923 1978 pacem:
938 1926 961 1950 *
978 1930 1022 1966 et

189 1981 318 2034 adipe
338 1982 543 2022 frumenti
564 1982 693 2023 satiat
712 1987 767 2023 te.

241 2042 325 2091 Qui
352 2043 510 2083 emittit
534 2042 758 2095 elequium
785 2056 912 2084 suum
938 2048 1021 2084 ter-

189 2110 266 2138 rae:
284 2099 307 2123 *
327 2098 537 2140 veleciter
558 2099 692 2140 currit
710 2112 856 2141 sermo
878 2101 979 2151 ejus.

242 2158 325 2207 Qui
345 2158 420 2199 dat
438 2159 583 2200 nivem
603 2159 715 2200 sicut
734 2159 894 2200 lanam:
909 2160 931 2185 *
951 2162 1021 2201 ne-

189 2213 338 2254 bulam
358 2215 470 2256 sieut
490 2218 680 2256 cinerem
700 2217 879 2268 spargit,

242 2274 377 2315 Mittit
392 2275 646 2326 crystallum
662 2289 787 2317 suam
802 2277 915 2318 sicut
926 2276 1022 2318 buc-

190 2329 339 2371 cellas:
364 2331 387 2355 '⁸¹
415 2335 514 2371 ante
544 2331 699 2373 faciem
728 2333 901 2383 frigoris
930 2334 1021 2383 ejus

191 2387 286 2438 quis
307 2386 560 2428 sustinebit?

241 2447 423 2488 Emittet
447 2446 631 2488 verbum
657 2461 798 2498 suum,
824 2454 868 2490 et
886 2450 1020 2501 lique-

189 2503 322 2544 faciet
350 2515 416 2544 ea:
435 2504 458 2528 *
483 2503 606 2544 flabit
634 2505 814 2556 spiritus
842 2506 948 2557 ejus,
978 2511 1021 2547 et

190 2560 326 2601 fluent
344 2572 483 2611 aquae.

242 2620 326 2670 Quj
349 2620 577 2661 annuntiat
600 2620 783 2661 verbum
808 2634 934 2662 suum
953 2623 977 2662 J
980 2635 1021 2663 a-

190 2676 294 2717 cob:
334 2677 357 2701 *
396 2677 600 2727 justitias,
651 2681 694 2717 et
740 2676 897 2728 judicia
943 2691 1021 2719 sua

190 2732 337 2772 Israel.

1122 1263 1224 1304 Non
1248 1261 1352 1304 fecit
1374 1260 1520 1304 taliter
1545 1261 1663 1303 omni
1681 1261 1862 1305 natieni:
1881 1263 1905 1289 *

1073 1324 1116 1361 et
1135 1319 1294 1371 judicia
1313 1333 1392 1361 sua
1411 1332 1500 1361 non
1518 1319 1814 1361 manifestavit
1832 1319 1905 1361 eis.

1181 1385 1443 1437 Capitulum.
1592 1385 1731 1436 Apoc.
1746 1385 1804 1424 21.

1164 1450 1226 1492 idi
1254 1451 1477 1492 civitatem
1509 1455 1708 1492 sanctam
1734 1451 1906 1492 Jerusa-

1180 1507 1267 1548 lem
1295 1520 1458 1549 novam
1488 1507 1830 1550 descendentem
1851 1505 1906 1548 de

1073 1563 1188 1604 coelo
1211 1576 1236 1604 a
1255 1564 1369 1614 Deo,
1398 1566 1615 1617 paratam,
1640 1564 1752 1605 sicut
1777 1575 1906 1616 spon-

1074 1632 1168 1660 sam
1189 1622 1391 1661 ornatam
1411 1621 1506 1662 viro
1527 1633 1619 1662 suo.

1385 1692 1597 1742 Hymnus.

1177 1750 1343 1791 oelestis
1363 1750 1467 1792 urbs
1486 1750 1741 1800 Jerusalem,

1192 1807 1332 1848 Beata
1350 1807 1472 1859 pacis
1491 1807 1613 1857 visio,

1154 1863 1263 1913 Quae
1283 1863 1402 1904 celsa
1421 1863 1477 1905 de
1497 1862 1747 1905 viventibus

1152 1919 1278 1960 Saxis
1299 1919 1355 1961 acl
1375 1924 1494 1961 astra
1512 1919 1692 1969 teneris,

1152 1976 1427 2028 sponsaeque
1446 1977 1533 2018 ritu
1553 1976 1740 2027 cingeris

1153 2032 1272 2073 Mille
1292 2033 1565 2085 Angelerum
1583 2031 1787 2074 millibus.

1101 2102 1137 2141 O
1163 2108 1283 2144 sorte
1303 2108 1441 2156 nupta
1459 2105 1687 2156 prespera,

1154 2159 1320 2200 Dotata
1338 2159 1480 2200 Patris
1499 2159 1650 2210 gleria‚

1155 2216 1378 2268 Respersa
1398 2216 1551 2268 sponsi
1570 2214 1721 2266 gratia,

1154 2272 1325 2327 Regina
1345 2272 1674 2320 formosissima,

1155 2328 1329 2370 Christo
1348 2329 1495 2380 jugata
1512 2327 1715 2380 Principi,

1155 2385 1267 2426 Coeli
1287 2389 1471 2426 corlisca
1491 2385 1655 2426 civitas.

1103 2453 1187 2494 llic
1207 2454 1456 2504 margaritis
1476 2453 1674 2502 emicant,

1155 2511 1398 2562 patentque
1419 2510 1587 2551 cunctis
1609 2509 1735 2550 ostia:

1153 2567 1328 2607 Virtute
1347 2579 1538 2618 namque
1556 2566 1724 2618 praevia

1153 2622 1353 2663 Mortalis
1372 2622 1476 2663 illuc
1496 2621 1682 2670 ducitur,

1154 2679 1319 2720 Amere
1340 2678 1501 2720 Christi
1521 2678 1716 2731 percitus

1151 2735 1392 2775 Tormenta
1411 2734 1609 2786 quisquis
1629 2733 1824 2774 sustinet.
