2040 2976
622 203 898 236 I'rctiosissimi
925 203 1133 244 Sans-:uinis
1160 203 1202 235 Ι).
1229 203 1272 235 N.
1298 203 1330 236 .1.
1358 203 1397 237 C.

157 298 404 340 cumdantis
429 311 513 340 me:
533 300 556 325 *
577 302 763 349 exsurge
787 298 988 348 Demine,

156 355 327 396 salvum
347 368 418 396 me
439 354 508 396 fac
529 355 651 396 Deus
670 368 806 397 meus.

208 412 426 462 Quoniam
460 417 508 453 tu
545 412 804 464 percussisti
835 424 988 453 omnes

155 468 443 510 adversantes
462 468 569 509 mihi
585 469 678 510 sine
694 470 874 510 causat*
886 468 987 510 den-

155 530 223 566 tes
243 527 530 578 peccatorum
549 525 808 567 contrivisti.

207 582 387 623 Demini
407 587 475 624 est
500 582 634 623 salus:
651 583 675 610 *
695 587 739 624 et
759 595 893 635 super
911 583 987 634 pe·

155 639 307 692 pulum
326 644 450 680 tuum
468 638 720 681 benedictio
741 644 827 680 tua.

212 699 310 738 Ant.
340 698 500 738 Factus
520 696 564 737 in
585 698 754 747 agonia,
773 695 988 748 prolixius

156 752 329 802 orabat,
368 757 412 794 et
446 753 588 794 factus
623 758 691 794 est
726 751 863 794 sudor
897 752 988 804 ejus

156 810 269 851 sicut
300 815 438 862 guttae
463 810 687 860 sanguinis
715 809 989 851 decurrentis

154 867 198 907 in
219 871 394 908 terram.
899 915 907 920 ³

210 925 310 964 Ant.
356 922 508 973 Judas,
549 923 624 975 qui
661 936 761 965 eum
793 922 988 979 tradidit,

155 980 415 1033 poenitentia
440 980 614 1029 ductus,
642 980 790 1022 retulit
809 980 989 1031 triginta

157 1039 407 1088 argenteos,
445 1036 613 1079 dicens:
657 1037 864 1087 Peccavi,
903 1042 988 1079 tra-

156 1093 265 1136 dens
286 1094 544 1145 sanguinem
562 1094 734 1145 justum.

436 1152 630 1191 psalmus
652 1152 709 1190 15.

157 1202 420 1309 Conserva
439 1221 509 1249 me
539 1208 743 1257 Demine,
782 1208 988 1260 queniam

249 1265 423 1317 speravi
451 1265 495 1305 in
522 1270 578 1306 te.
603 1265 626 1290 *
650 1265 755 1305 Dixi
781 1265 989 1305 Domino:

155 1322 276 1363 Deus
301 1335 425 1363 meus
451 1335 498 1363 es
521 1326 584 1371 tu,
620 1322 827 1374 quoniam
852 1321 988 1363 bone-

156 1391 252 1419 rum
270 1380 470 1420 meerum
489 1391 576 1419 non
597 1391 711 1429 eges.

207 1435 393 1484 Sanctis,
420 1435 494 1488 qui
513 1440 614 1476 sunt
636 1435 679 1475 in
698 1440 816 1476 terra
836 1435 941 1487 ejus,
966 1434 989 1459 *

156 1492 404 1533 mirificavit
428 1505 581 1533 omnes
600 1492 849 1533 voluntates
868 1504 990 1532 meas
1048 1511 1053 1549 ⁴.

156 1563 199 1590 1n
220 1562 293 1590 e1s,

207 1605 509 1658 Multiplicatae
560 1610 660 1647 sunt
713 1605 990 1646 infirmitates

156 1664 324 1704 eerum:
343 1663 367 1687 *
386 1664 543 1715 postea
563 1662 928 1704 acceleraverunt.

207 1719 310 1761 Non
356 1718 636 1770 congregabo
686 1717 990 1760 conventicula

158 1778 310 1818 eerum
336 1776 390 1818 de
420 1775 719 1827 sanguinibus,
743 1776 766 1801 *
792 1788 873 1817 nec
902 1788 989 1817 me-

155 1846 253 1874 mor
286 1846 362 1874 ero
391 1833 617 1873 neminum
641 1835 794 1874 eerum
822 1845 903 1885 per
930 1831 989 1873 la-

156 1889 228 1931 bia
247 1903 355 1932 mea.

209 1946 425 1987 Deminus
448 1959 552 1999 pars
576 1945 848 1988 haereditatis
866 1958 989 1995 meae,

158 2008 202 2044 et
222 2003 369 2044 calicis
389 2003 488 2044 mei:
507 2003 530 2028 *
549 2007 597 2044 tu
618 2016 676 2052 es,
697 2002 770 2055 qui
785 2004 990 2044 restitues

157 2059 463 2101 haereditatem
481 2072 625 2101 meam
642 2059 759 2100 mihi.

209 2117 354 2158 Funes
370 2116 621 2158 ceciderunt
635 2116 741 2157 mihi
755 2116 798 2157 in
808 2115 989 2169 praecla-

158 2173 232 2214 ris:
255 2172 279 2198 *
305 2173 466 2214 etenim
495 2173 732 2215 haereditas
757 2185 855 2214 mea
879 2185 990 2225 prae-

159 2230 277 2272 clara
297 2235 364 2271 est
381 2229 497 2270 mihi.

209 2286 477 2328 Benedicam
512 2287 771 2336 Dominum,
809 2286 883 2338 qui
918 2288 991 2327 tri·

157 2343 252 2385 buit
270 2342 376 2384 mihi
398 2343 682 2385 intellectum:
701 2344 725 2368 *
744 2345 924 2395 insuper
948 2346 992 2383 et

158 2412 298 2453 usque
318 2399 375 2441 ad
392 2404 569 2441 noctem
591 2400 903 2452 increpuerunt
920 2411 991 2440 me

158 2469 286 2498 renes
305 2456 401 2498 mei.

210 2511 505 2554 Providebam
536 2512 775 2553 Dominum
811 2512 855 2552 in
891 2523 991 2552 con-

160 2571 315 2622 spectu
341 2581 440 2610 meo
469 2581 658 2621 semper:
681 2569 705 2594 *
732 2568 939 2620 queniam
967 2580 991 2608 a

161 2625 328 2667 dextris
347 2630 414 2667 est
433 2625 549 2674 mihi,
568 2637 623 2666 ne
643 2626 935 2666 commevear.

211 2683 401 2735 Propter
441 2681 526 2723 hoc
566 2681 765 2722 laetatum
806 2685 873 2722 est
915 2693 992 2721 cor

160 2751 322 2789 meum,
361 2743 404 2780 et
436 2737 671 2780 exsultavit
702 2737 849 2788 lingua
880 2749 992 2778 mea:

1040 298 1063 323 *
1092 300 1270 351 insuper
1299 302 1343 339 et
1370 309 1474 339 caro
1501 310 1600 339 mea
1627 297 1874 350 requiescet

1040 368 1083 395 1n
1103 367 1193 407 spe.

1093 411 1310 462 Queniam
1346 423 1435 452 non
1472 410 1750 464 derelinques
1786 410 1873 452 ani-

1041 481 1158 509 mam
1185 481 1329 510 meam
1356 468 1402 508 in
1428 467 1613 509 inferno:
1639 468 1664 493 ¹⁸¹
1690 479 1772 510 nec
1801 466 1873 509 da-

1040 524 1109 566 bis
1146 529 1346 566 sanctum
1383 529 1507 566 tuum
1541 523 1692 566 videre
1726 536 1872 566 corru-

1041 582 1248 634 ptienem.

1092 639 1234 680 Notas
1258 638 1363 679 mihi
1386 637 1530 680 fecisti
1547 638 1640 680 vias
1659 637 1778 688 vitae,
1801 637 1874 679 ad-

1041 695 1244 748 implebis
1263 708 1334 737 me
1353 694 1507 736 laetitia
1526 707 1626 736 cum
1638 694 1764 736 vultu
1782 698 1876 736 tuo:

1041 752 1065 777 *
1091 751 1408 794 delectatienes
1431 751 1476 792 in
1501 751 1684 794 dextera
1707 755 1783 792 tua
1807 764 1874 792 us-

1044 822 1128 862 que
1147 809 1191 850 in
1210 809 1353 851 finem.

1102 872 1200 912 Ant.
1243 870 1396 919 Judas,
1435 869 1509 922 qui
1545 882 1646 911 eum
1681 867 1876 918 tradidit,

1041 927 1302 980 poenitentia
1322 926 1498 977 ductus,
1526 925 1675 968 retulit
1697 925 1877 977 triginta

1043 986 1295 1035 argenteos,
1336 983 1505 1026 dicens:
1546 982 1751 1033 Peccavi,
1791 987 1876 1024 tra-

1043 1039 1153 1082 dens
1174 1042 1432 1093 sanguinem
1451 1042 1622 1092 justum.

1096 1099 1147 1151 Y,
1165 1101 1413 1144 Redemisti
1432 1115 1515 1144 nos
1534 1100 1735 1143 Demine.
1757 1103 1807 1153 Rg.
1824 1100 1875 1141 In

1043 1159 1254 1210 sanguine
1272 1164 1362 1202 tuo.

1048 1240 1110 1280 De
1139 1237 1341 1291 Epistola
1367 1236 1487 1279 beati
1514 1236 1639 1278 Pauli
1667 1236 1876 1290 Apestoli

1309 1293 1367 1335 ad
1386 1292 1616 1335 Hebraeos.
1633 1300 1637 1303 ’

1122 1366 1274 1407 Lectio
1300 1366 1323 1404 i.
1585 1364 1688 1417 Cap.
1708 1365 1746 1404 9.
1767 1377 1800 1405 c.

1050 1438 1137 1487 ³⁹5>
1162 1429 1327 1471 hristus
1351 1431 1566 1471 assistens
1590 1429 1791 1482 pentifex
1814 1429 1875 1470 fu-

1093 1487 1098 1491 ’
1131 1481 1154 1521 ’ἶ
1178 1488 1378 1528 turerum
1411 1486 1648 1535 bonorum,
1680 1498 1761 1538 per
1789 1488 1875 1527 am-

1177 1543 1293 1596 plius
1326 1548 1370 1585 et
1404 1543 1643 1596 perfectius
1675 1541 1875 1584 taberna-

1044 1599 1190 1642 culum
1226 1613 1315 1642 non
1351 1599 1668 1649 manufactum,
1710 1598 1756 1640 id
1793 1604 1876 1649 est,

1043 1669 1132 1698 non
1163 1656 1290 1708 hujus
1329 1656 1579 1707 creationis3
1618 1669 1762 1709 neque
1795 1668 1876 1709 per

1044 1714 1302 1765 sanguinem
1332 1713 1573 1764 hircorum,
1612 1717 1688 1755 aut
1719 1712 1876 1754 vitulo-

1043 1783 1152 1820 rum,
1172 1770 1253 1813 sed
1271 1784 1352 1824 per
1370 1771 1602 1824 preprium
1619 1769 1877 1821 sanguinem

1042 1827 1240 1870 introivit
1270 1827 1408 1869 semel
1435 1827 1480 1868 in
1508 1827 1684 1876 Sancta,
1712 1827 1877 1868 aeterna

1043 1883 1349 1938 redemptione
1368 1884 1556 1926 inventa.
1582 1883 1629 1925 Si
1647 1883 1763 1925 enim
1782 1895 1877 1924 san-

1044 1942 1141 1993 guis
1160 1941 1399 1991 hircorum,
1425 1946 1470 1983 et
1486 1941 1731 1990 taurerum,
1757 1943 1801 1981 et
1820 1939 1876 1980 ci-

1043 1998 1110 2039 nis
1125 1998 1275 2040 vitulae
1291 1999 1499 2051 aspersus
1513 1996 1765 2050 inquinatos
1782 2008 1876 2037 san-

1044 2055 1208 2097 ctificat
1241 2054 1299 2096 ad
1331 2053 1689 2096 emundatiOnem
1720 2052 1878 2095 carnis:

1046 2117 1210 2164 quanto
1235 2112 1376 2163 magis
1400 2110 1577 2162 sanguis
1597 2109 1778 2162 Christi,
1803 2109 1879 2163 qui

1043 2181 1124 2221 per
1143 2168 1353 2222 Spiritum
1370 2172 1571 2210 sanctum
1589 2169 1878 2220 semetipsum

1046 2225 1207 2267 obtulit
1233 2224 1562 2267 immaculatum
1587 2225 1703 2275 Deo,
1732 2236 1878 2266 emun-

1045 2281 1170 2324 dabit
1215 2282 1531 2324 conscientiam
1581 2286 1780 2324 nostram
1821 2279 1877 2322 ab

1045 2338 1254 2391 operibus
1282 2339 1484 2389 mertuiS,
1512 2339 1570 2381 ad
1597 2336 1877 2380 serviendum

1044 2396 1142 2437 Deo
1171 2394 1360 2438 viventi?
1398 2396 1455 2438 Et
1482 2396 1585 2438 ideo
1613 2395 1718 2437 novi
1743 2398 1876 2436 testa-

1045 2453 1183 2495 menti
1210 2451 1429 2495 mediator
1458 2458 1539 2494 est:
1571 2457 1620 2494 ut
1646 2455 1788 2493 morte
1815 2450 1875 2491 in-

1045 2509 1310 2559 tercedente,
1344 2511 1387 2551 in
1422 2508 1772 2562 redemptionem
1806 2508 1875 2549 ea-

1045 2580 1142 2608 rum
1166 2566 1597 2620 praevaricatienum,
1627 2577 1727 2617 quae
1752 2569 1876 2605 erant

1046 2623 1127 2665 sub
1160 2623 1298 2676 prieri
1328 2623 1610 2670 testamento,
1642 2619 1874 2672 repromis-

1046 2680 1215 2722 sienem
1249 2679 1466 2732 accipiant
1500 2678 1575 2730 qui
1601 2677 1748 2718 vocati
1775 2681 1875 2718 sunt

1046 2739 1223 2778 aeternae
1242 2735 1525 2778 haereditatis.
