2040 2976
189 198 282 243 [138]

495 299 647 340 Lectio
668 298 706 338 ii.

658 198 700 232 In
724 198 850 232 Festis
875 198 915 231 B.
941 197 1072 231 Mariae
1098 196 1140 229 Y.
1164 205 1233 238 per
1258 205 1407 228 annum.

1064 301 1222 342 panem
1236 301 1391 339 meum,
1408 294 1452 331 et
1464 288 1603 331 bibite
1613 289 1759 332 vinum
1771 289 1892 344 quod

192 361 418 467 Mecum
450 365 551 403 sunt
582 359 761 408 divitiae,
794 362 838 399 et
864 357 1014 409 gloria,
1065 345 1219 386 miscui
1238 344 1374 386 VObiS·

310 433 418 474 opes
438 416 640 471 superbae
661 420 704 457 et
722 414 894 467 justitia.
927 414 1014 456 Me-

189 479 270 520 lior
291 482 357 520 est
377 476 491 519 enim
511 475 677 515 fructus
695 484 819 513 meus
834 484 952 520 auro,
971 477 1014 513 et

189 534 336 588 lapide
363 533 578 587 pretioso,
604 535 648 572 et
674 528 892 580 genimina
918 541 1015 570 mea

190 594 370 643 argento
390 590 541 631 electo.
568 588 619 628 In
635 586 718 627 viis
737 585 910 638 justitiae
930 586 1016 625 am-

190 648 309 697 bulo,
338 647 382 688 in
410 644 555 687 medio
582 643 835 686 semitarum
859 641 1016 693 judicii,

191 710 238 746 ut
259 704 394 746 ditem
415 702 644 753 diligentes
663 712 750 749 me,
779 704 822 740 et
845 698 1016 740 thesau-

190 774 265 803 ros
285 762 437 803 eorum
456 758 660 811 repleam.
687 755 904 797 Dominus
918 767 1017 806 pos-

193 817 306 860 sedit
332 829 401 858 me
427 816 471 857 in
494 814 617 856 initio
637 813 807 854 viarum
831 813 1017 860 suarum,

193 877 427 926 antequam
443 871 680 925 quidquam
694 870 858 910 faceret
872 880 896 908 a
910 867 1019 920 prin-

192 931 319 984 cipio.
347 929 417 971 Ab
439 930 606 970 aeterno
627 926 829 968 ordinata
848 937 955 973 sum,
976 928 1020 965 et

193 1001 246 1029 ex
272 986 461 1040 antiquis
490 987 723 1036 antequam
747 987 865 1023 terra
884 981 1019 1022 fieret.

192 1043 401 1086 Nondum
425 1046 547 1084 erant
571 1040 733 1092 abyssi,
761 1043 804 1080 et
831 1050 913 1088 ego
936 1038 1020 1088 jam

194 1102 409 1153 concepta
434 1111 568 1140 eram:
596 1096 783 1138 necdum
808 1095 953 1136 fontes
978 1106 1018 1134 a·

195 1159 378 1210 quarum
408 1158 656 1207 eruperant:
684 1151 872 1194 necdum
900 1163 1018 1192 mon·
1076 1186 1077 1190 ,
1112 1163 1174 1210 35⁷⁷st

192 1219 258 1255 tes
287 1213 409 1264 gravi
436 1211 553 1253 mole
586 1212 888 1252 constiterant:
921 1211 1020 1248 ante

193 1270 327 1312 colles
348 1282 429 1321 ego
448 1267 733 1322 parturiebar.

244 1342 293 1393 R'·
326 1332 698 1386 Congratulamini
724 1331 832 1372 mihi
857 1342 1020 1379 omnes,

194 1392 268 1445 qui
297 1391 475 1442 diligitis
502 1389 756 1438 Dominum,
795 1387 896 1440 quia
922 1399 1020 1427 cum

194 1461 336 1491 essem
352 1446 546 1501 parvula,
568 1445 714 1499 placui
735 1443 978 1485 Altissimo:
995 1453 1017 1475 *

193 1507 250 1547 Et
269 1504 327 1547 de
345 1504 453 1546 meis
473 1502 716 1544 visceribus
736 1500 865 1553 genui
879 1500 1022 1541 Deum

195 1567 238 1604 et
256 1561 487 1603 hominem.
513 1556 562 1608 V.
585 1559 769 1600 Beatam
787 1569 857 1598 me
874 1556 1021 1597 dicent

195 1631 346 1660 omnes
365 1616 681 1668 generationes,
703 1614 804 1667 quia
822 1612 1022 1654 ancillam

194 1674 401 1716 humilem
419 1672 614 1725 respexit
631 1672 764 1713 Deus.
792 1671 859 1711 Et.

246 1740 407 1782 Bened.
436 1738 622 1790 Spiritus
642 1736 782 1778 sancti
800 1735 949 1787 gratia.

495 1814 646 1855 Lectio
666 1815 719 1855 iii.

197 1879 401 1985 Beatus
429 1883 563 1925 homo
597 1882 671 1935 qui
700 1881 823 1923 audit
849 1895 937 1932 me,
977 1886 1021 1924 et

291 1940 365 1992 qui
384 1940 535 1992 vigilat
559 1938 615 1981 ad
634 1939 751 1980 fores
776 1951 897 1980 meas
918 1951 1022 1991 quo-

195 1996 317 2046 tidie,
349 2001 393 2038 et
420 1996 627 2038 observat
654 1994 711 2037 ad
742 2000 895 2048 postes
922 1995 1022 2037 ostii

196 2053 292 2094 mei.
321 2053 404 2103 Qui
422 2066 492 2095 me
511 2052 737 2102 invenerit,
756 2052 948 2094 inveniet
963 2052 1021 2093 vi-

197 2114 297 2159 tam,
318 2114 360 2150 et
378 2109 548 2150 hauriet
567 2108 753 2150 salutem
773 2121 798 2149 a
816 2108 1022 2150 Domino:

198 2165 273 2218 qui
291 2170 436 2207 autem
455 2166 498 2206 in
517 2178 588 2207 me
606 2165 872 2218 peccaverit,
890 2164 1024 2206 laedet

199 2221 388 2263 animam
403 2235 535 2263 suam.
557 2221 731 2271 Omnes,
747 2221 822 2273 qui
835 2234 906 2263 me
922 2220 1023 2263 ode-

198 2283 312 2329 runt,
345 2277 529 2330 diligunt
562 2283 760 2320 mortem.
802 2278 1022 2330 Sapientia

199 2334 433 2376 aedificavit
451 2334 535 2376 sibi
555 2333 748 2384 domum,
772 2334 933 2376 excidit
953 2346 1022 2375 co-

199 2391 370 2432 lumnas
403 2395 582 2443 septem.
622 2390 871 2432 Immolavit
902 2391 1022 2432 victi-

198 2460 293 2490 mas
317 2460 434 2497 suas,
465 2447 639 2488 miscuit
662 2447 824 2496 vinum,
856 2452 900 2488 et
924 2460 1023 2501 pro-

199 2504 348 2557 posuit
365 2516 561 2545 mensam
584 2516 717 2545 suam.
754 2505 872 2547 Misit
895 2505 1023 2549 ancil-

199 2561 264 2602 las
289 2573 390 2602 suas
413 2565 462 2602 ut
480 2562 689 2602 vocarent
713 2561 769 2603 ad
788 2575 949 2614 arcem,
982 2569 1025 2606 et

201 2617 258 2660 ad
275 2618 436 2659 mo'enia
452 2617 655 2659 civitatis:
675 2618 719 2659 Si
735 2619 831 2670 quis
847 2626 914 2662 est
927 2623 1024 2673 par-

199 2674 341 2725 vulus,
361 2674 506 2716 veniat
525 2673 581 2716 ad
599 2687 680 2716 me.
712 2674 769 2716 Et
788 2675 1023 2729 insipienti-

199 2730 282 2772 bus
310 2731 459 2773 locuta
486 2736 570 2773 est:
601 2731 776 2782 Venite,
808 2733 1024 2776 comedite

1119 416 1169 467 R.
1200 410 1338 452 Beata
1369 423 1416 452 es
1442 411 1581 462 Virgo
1607 411 1761 461 Maria,
1793 423 1892 464 quae

1068 467 1303 509 Dominum
1365 468 1569 520 portasti,
1641 467 1894 510 Creatorem

1069 523 1233 565 mundi:
1270 529 1293 553 *
1334 523 1535 566 Genuisti
1576 524 1651 576 qui
1695 529 1740 566 te
1780 523 1894 574 fecit,

1069 585 1113 622 et
1149 580 1193 621 in
1235 582 1446 622 aeternum
1483 582 1714 633 permanes
1745 581 1895 632 Virgo.

1069 637 1118 689 V,
1153 637 1248 678 Ave
1276 636 1430 687 Maria,
1464 637 1604 688 gratia
1635 637 1780 690 plena,
1808 637 1894 678 Do-

1071 693 1213 734 minus
1257 698 1414 734 tecum.
1474 693 1684 736 Genuisti.
1743 693 1897 737 Gloria

1070 749 1200 791 Patri.
1239 750 1449 792 Genuisti.

1300 832 1348 871 In
1371 832 1420 870 11.
1442 831 1664 870 Noeturno.

1121 898 1220 938 Ant.
1250 893 1408 946 Specie
1436 898 1511 936 tua
1539 895 1563 921 *
1591 899 1634 936 et
1661 893 1898 947 pulchritu—

1072 949 1172 1001 dine
1191 955 1266 992 tua
1289 949 1482 1000 intende,
1510 953 1722 1004 prospere
1746 952 1898 1004 proce-

1072 1006 1138 1057 de,
1158 1011 1202 1048 et
1220 1019 1364 1058 regna.

1336 1082 1535 1123 Psalmus
1564 1082 1629 1122 44.

1190 1147 1375 1189 ructavit
1415 1160 1491 1189 cor
1531 1159 1676 1188 meum
1717 1146 1900 1189 verbum

1080 1215 1086 1258 {f
1111 1204 1182 1265 5343?
1204 1203 1383 1246 bonum:
1403 1204 1448 1269 ·*
1490 1203 1588 1245 dico
1637 1216 1718 1255 ego
1765 1205 1901 1257 opera

1082 1273 1181 1286 —4.
1204 1273 1303 1302 mea
1322 1273 1425 1312 regi.

1124 1320 1293 1370 Lingua
1323 1330 1422 1359 mea
1450 1317 1642 1360 calamus
1671 1316 1844 1367 scribae,
1877 1317 1900 1343 *

1074 1376 1284 1418 velociter
1312 1374 1553 1416 scribentis.

1125 1432 1360 1486 Speciosus
1394 1430 1534 1472 forma
1565 1443 1660 1484 prae
1692 1430 1792 1471 filiis
1826 1429 1900 1471 ho-

1074 1490 1248 1538 minum,
1277 1487 1434 1529 diffusa
1462 1492 1529 1529 est
1549 1487 1689 1538 gratia
1707 1487 1751 1528 in
1774 1485 1901 1528 labiis

1074 1547 1174 1588 tuis:
1189 1547 1212 1572 *
1223 1546 1460 1598 propterea
1480 1543 1705 1586 benedixit
1720 1549 1765 1586 te
1780 1543 1901 1585 Deus

1074 1604 1118 1644 in
1147 1604 1368 1645 aeternum.

1127 1660 1371 1709 Accingere
1398 1656 1544 1708 gladio
1578 1661 1656 1698 tuo
1684 1669 1817 1710 super
1843 1656 1902 1698 fe-

1075 1729 1172 1758 mur
1199 1721 1333 1763 tuum,
1360 1714 1384 1740 *
1411 1713 1724 1766 potentissime,

1126 1772 1281 1826 Specie
1307 1776 1383 1813 tua
1406 1775 1450 1812 et
1476 1768 1799 1823 pulchritudine
1825 1774 1902 1812 tua

1074 1831 1098 1856 *
1134 1827 1326 1878 intende,
1362 1829 1575 1880 prospere
1611 1825 1820 1879 procede,
1857 1831 1902 1869 et

1074 1899 1219 1937 regna.

1126 1943 1315 1996 Propter
1333 1941 1574 1990 veritatem,
1595 1944 1639 1982 et
1655 1942 1901 1982 mansuetu-

1077 2000 1233 2049 dinem,
1262 2003 1305 2040 et
1333 1997 1552 2050 justitiam:
1585 1997 1609 2023 *
1641 2001 1686 2038 et
1713 1995 1902 2039 deducet

1075 2062 1120 2099 te
1147 2055 1401 2097 mirabiliter
1430 2053 1611 2096 dextera
1637 2058 1723 2095 tua.

1129 2114 1308 2164 Sagittae
1343 2116 1431 2153 tuae
1459 2114 1614 2160 acutae,
1640 2110 1794 2163 populi
1820 2109 1901 2152 sub

1076 2175 1120 2212 te
1149 2169 1317 2219 cadent,
1345 2169 1368 2195 *
1396 2168 1440 2209 in
1468 2166 1603 2209 corda
1629 2167 1903 2209 inimicorum

1078 2239 1203 2278 regls.

1130 2282 1267 2325 Sedes
1285 2287 1361 2324 tua
1378 2281 1499 2323 Deus
1525 2281 1570 2322 in
1593 2279 1802 2322 saeculum
1825 2280 1902 2320 sae-

1081 2340 1181 2382 culi:
1208 2340 1232 2365 *
1259 2339 1382 2390 virga
1410 2336 1660 2379 directionis
1690 2336 1814 2387 virga
1839 2347 1903 2377 re·

1079 2397 1153 2449 gni
1178 2396 1252 2438 tui.

1129 2452 1332 2495 Dilexisti
1357 2450 1572 2503 justitiam,
1601 2454 1645 2491 et
1672 2448 1804 2490 odisti
1829 2448 1904 2489 ini-

1081 2510 1306 2562 quitatem:
1316 2509 1340 2534 *
1350 2508 1586 2561 propterea
1598 2505 1720 2547 unxit
1729 2510 1773 2547 te
1783 2505 1904 2547 Deus

1079 2567 1199 2608 Deus
1227 2571 1326 2607 tuus
1361 2565 1460 2606 oleo
1487 2563 1652 2605 laetitiae
1683 2574 1777 2615 prae
1804 2574 1903 2604 con-

1078 2622 1268 2665 sortibus
1295 2622 1392 2664 tuis.

1132 2678 1320 2731 Myrrha,
1348 2683 1392 2720 et
1419 2682 1551 2728 gutta,
1579 2680 1624 2718 et
1651 2674 1768 2717 casia
1790 2685 1816 2714 a
1834 2684 1903 2714 ve-

1077 2735 1289 2778 stimentis
1312 2734 1409 2784 tuiS,
1427 2747 1452 2775 a
1467 2732 1669 2775 domibus
1688 2729 1905 2774 eburneis:
