2040 2976
750 199 953 234 Dominica
979 202 1035 235 Ss.
1061 200 1273 235 Trinitatis

150 297 254 334 tem:
285 294 549 344 quaesumus;
582 299 630 335 ut
658 294 853 345 ejusdem
880 294 984 336 fidei

150 347 375 397 firmitate,
400 349 454 390 ab
479 349 680 390 omnibus
700 363 878 402 semper·
893 364 983 391 mu-

150 405 320 445 niamur
339 404 548 446 adversis.
575 406 659 446 Per
678 406 926 448 Dominum.

205 465 253 500 Et
276 466 317 500 fit
342 476 584 502 commemor.
606 468 823 503 Dominicae
848 471 983 514 primae

153 518 244 556 post
267 513 533 549 Pentecosten.

204 570 303 611 Ant.
331 570 533 621 Loquere
554 569 759 619 Domine,
786 571 886 622 quia
910 584 981 612 au-

149 624 213 666 dit
230 638 383 666 servus
404 631 515 667 tuus.

205 675 255 727 V.
287 681 553 734 Vespertina
594 683 737 724 oratio
772 683 982 725 ascendat

149 737 206 779 ad
239 743 284 780 te
315 737 515 780 Domine.
568 741 619 793 R.
653 740 709 781 Et
742 740 981 782 descendat

148 807 281 847 super
308 806 390 836 nos
418 795 720 837 misericordia
747 801 832 837 tua.

490 864 652 906 Oratio.

147 919 313 1026 Deus
338 924 381 965 in
400 930 444 967 te
464 926 735 978 sperantium
756 927 979 977 fortitUdo,

260 980 414 1023 adesto
447 982 665 1034 propitius
697 983 979 1024 invocationi-

146 1036 230 1078 bus
260 1038 439 1080 nostris:
476 1043 519 1080 et
553 1039 654 1091 quia
682 1039 774 1080 sine
802 1045 846 1081 te
874 1039 981 1080 nihil

146 1098 296 1146 potest
322 1094 521 1136 mortalis
545 1095 789 1146 infirmitas,
817 1101 980 1148 praesta

147 1149 356 1191 auxilium
382 1151 537 1201 gratiae
565 1156 670 1202 tuae,
706 1157 754 1193 ut
787 1152 830 1192 in
859 1165 979 1194 exse-

149 1205 333 1258 quendis
366 1206 585 1249 mandatis
620 1208 724 1257 tuis,
761 1213 806 1250 et
830 1208 979 1250 volun-

146 1263 238 1304 tate
257 1262 338 1304 tibi
358 1268 402 1304 et
420 1264 593 1305 actione
607 1264 871 1316 placeamus.
895 1266 979 1306 Per

146 1317 384 1360 Dominum
403 1325 614 1361 nostrum.

307 1413 396 1453 Ad
431 1413 822 1456 matutinum.

199 1480 370 1521 Invitat.
407 1481 549 1520 Deum
576 1493 746 1530 verum,
774 1494 908 1522 unum
934 1482 979 1522 in

146 1533 373 1584 Trinitate,
394 1539 438 1575 et
452 1534 713 1577 Trinitatem
732 1537 776 1577 in
791 1537 978 1588 Unitate,

146 1589 169 1613 *
187 1590 348 1632 Venite
368 1590 613 1633 adoremus.

196 1646 264 1686 Ps.
299 1646 466 1697 Venite,
489 1647 767 1690 exsultemus.
786 1650 823 1689 2.

456 1719 667 1771 Hymnus.

261 1798 426 1826 ummae
442 1787 607 1827 Parens
628 1786 882 1838 clementiae,

274 1841 428 1883 Mundi
446 1843 562 1894 regis
583 1843 657 1895 qui
674 1843 932 1895 machinam,

247 1897 387 1939 Unius
407 1903 451 1940 et
470 1898 738 1949 substantiae,

247 1953 496 2007 Trinusque
515 1956 717 2007 personis
733 1956 870 1998 Deus:
923 2002 927 2006 ¹

197 2021 266 2063 Da
285 2021 512 2065 dexteram
533 2025 822 2075 surgentibus,

247 2079 468 2130 Exsurgat
487 2085 534 2121 ut
552 2093 676 2122 mens
696 2081 854 2132 sobria,

247 2134 458 2187 Flagrans
479 2141 523 2177 et
540 2137 584 2177 in
602 2136 778 2179 laudem
796 2138 881 2179 Dei

249 2191 408 2233 Grates
426 2192 642 2244 rependat
660 2193 842 2235 debitas.

197 2259 292 2301 Deo
311 2259 433 2302 Patri
451 2262 506 2303 sit
525 2262 675 2312 gloria,

246 2315 452 2368 Natoque
471 2318 614 2359 Patris
637 2319 767 2360 unico

250 2372 360 2413 Cum
378 2372 543 2424 Spiritu
561 2374 792 2423 Paraclito,

247 2429 299 2469 In
322 2428 590 2480 sempiterna
612 2430 784 2472 saecula.
820 2430 975 2472 Amen.

385 2520 434 2559 In
453 2520 483 2559 Ι.
503 2522 726 2563 Nocturno.

192 2589 293 2629 Ant.
320 2588 488 2630 Adesto
509 2602 620 2630 unus
634 2590 756 2632 Deus
777 2592 973 2643 omnipo-

143 2648 260 2693 tens,
305 2644 457 2695 Pater,
506 2645 661 2696 Filius,
703 2651 747 2687 et
787 2647 973 2698 Spiritus

143 2705 330 2741 sanctus.

1808 203 1869 238 131

1324 297 1524 338 Psalmus
1554 302 1589 338 8.

1048 358 1051 360 ’
1072 359 1313 413 ᾒρςὲξήοῐῐιιηε
1364 357 1578 399 Dominus
1628 361 1797 407 noster,
1845 361 1868 385 *

1049 415 1050 425 ¹
1072 412 1137 449 l
1157 416 1161 453 ,ἱ
1183 426 1313 465 quam
1342 412 1597 455 admirabile
1622 420 1688 456 est
1708 429 1867 457 nomen

1129 456 1156 491 ’ἔ
1182 474 1304 510 tuum
1331 469 1374 509 in
1402 470 1604 511 universa
1623 472 1764 524 terra!

1089 529 1305 578 Quoniam
1321 530 1491 571 elevata
1509 537 1576 572 est
1591 533 1866 583 magnificen—

1035 585 1095 626 tia
1114 591 1199 635 tua,
1220 589 1243 613 *
1263 599 1395 639 super
1415 586 1564 629 coelos

1087 647 1153 687 Ex
1183 661 1260 689 ore
1288 649 1516 690 infantium
1545 654 1588 690 et
1614 649 1866 692 lactentium

1034 703 1255 754 perfecisti
1298 705 1473 746 laudem
1510 712 1694 758 propter
1730 707 1865 747 inimi-

1034 772 1110 800 cos
1139 765 1260 810 tuos,
1288 762 1311 795 ἰ*
1339 767 1386 803 ut
1416 762 1616 803 destruas
1646 762 1865 804 inimicum

1034 820 1077 856 et
1096 816 1295 858 ultorem.

1088 877 1309 927 Quoniam·
1348 878 1509 920 videbo
1561 879 1699 920 coelos
1748 884 1864 930 tuos,

1034 935 1170 986 opera
1199 934 1436 985 digitorum
1460 937 1652 977 tuorum:
1673 937 1695 961 *
1719 936 1865 977 lunam

1034 995 1077 1031 et
1098 990 1258 1040 stellas,
1280 1004 1378 1043 quae
1397 997 1446 1032 tu
1464 991 1666 1033 fundasti.

1086 1050 1201 1100 Quid
1227 1057 1293 1092 est
1316 1051 1462 1101 homo,
1492 1052 1611 1104 quod
1630 1066 1799 1094 memor
1818 1067 1863 1094 es

1033 1105 1147 1158 ejus?
1169 1108 1192 1133 *
1212 1113 1286 1149 aut
1306 1108 1420 1149 filius
1440 1108 1638 1158 hominis,
1660 1110 1864 1161 quoniam

1032 1164 1185 1205 visitas
1206 1163 1327 1205 eum?

1083 1224 1278 1266 Minuisti
1316 1238 1414 1266 eum
1457 1225 1589 1278 paulo
1629 1226 1770 1267 minus
1808 1227 1863 1268 ab

1031 1280 1229 1331 Angelis,
1262 1281 1401 1332 gloria
1431 1287 1474 1323 et
1496 1282 1663 1323 honore
1684 1286 1863 1324 corona-

1031 1336 1088 1377 sti
1116 1349 1230 1378 eum:
1257 1338 1280 1363 *
1306 1342 1349 1379 et
1377 1338 1640 1380 constituisti
1669 1352 1767 1380 eum
1797 1352 1863 1380 su-

1030 1405 1111 1445 per
1131 1395 1267 1446 opera
1290 1396 1498 1435 manuum
1517 1397 1703 1436 tuarum.

1085 1453 1242 1495 Omnia
1289 1454 1512 1506 subjecisti
1553 1455 1633 1497 sub
1676 1456 1862 1508 pedibus

1031 1511 1140 1561 ejus,
1174 1511 1197 1536 *
1232 1524 1337 1552 oves
1372 1517 1415 1553 et
1448 1511 1588 1552 boves
1623 1513 1863 1554 universas:

1029 1569 1208 1619 insuper
1229 1572 1272 1608 et
1290 1570 1454 1620 pecora
1475 1569 1629 1620 campi.

1082 1627 1300 1669 Volucres
1329 1628 1445 1678 coeli,
1478 1633 1521 1670 et
1548 1629 1693 1681 pisces
1720 1630 1862 1679 maris,

1029 1684 1053 1709 *
1084 1685 1158 1736 qui
1184 1684 1492 1737 perambulant
1520 1685 1697 1727 semitas
1720 1686 1863 1726 maris.

1081 1745 1271 1786 Domine
1289 1746 1506 1787 Dominus
1525 1747 1720 1795 noster,*
1734 1759 1863 1798 quam

1029 1801 1286 1843 admirabile
1307 1807 1374 1843 est
1391 1815 1552 1844 nomen
1570 1807 1693 1844 tuum
1711 1803 1753 1843 in
1772 1803 1861 1844 uni·

1029 1859 1157 1899 versa
1174 1858 1311 1899 terra!

1083 1923 1183 1963 Ant.
1208 1922 1374 1964 Adesto
1392 1936 1503 1963 unus
1522 1922 1644 1964 Deus
1662 1925 1858 1976 omnipo-

1027 1982 1145 2027 tens,
1191 1979 1342 2028 Pater,
1387 1978 1542 2028 FiljuS,
1589 1983 1633 2020 et
1673 1980 1859 2032 Spiritus

1028 2039 1216 2076 sanctus.

1082 2103 1182 2142 Ant.
1202 2101 1265 2141 Te
1285 2113 1418 2141 unum
1431 2099 1475 2140 in
1493 2099 1746 2149 substantia,
1766 2100 1858 2140 Tri-

1027 2156 1210 2197 nitatem
1228 2156 1272 2196 in
1291 2156 1492 2209 personis
1512 2155 1781 2216 confitemur.

1301 2237 1501 2279 Psalmus
1530 2239 1587 2278 18.

1102 2303 1176 2344 oeli
1205 2304 1409 2344 enarrant
1432 2302 1616 2353 gloriam
1641 2302 1736 2351 Dei,
1763 2302 1786 2327 *
1815 2307 1857 2343 et

1115 2361 1250 2411 opera
1277 2360 1485 2399 manuum
1513 2358 1603 2410 ejus
1631 2358 1857 2399 annuntiat

1025 2415 1358 2456 firmamentum.

1077 2476 1184 2517 Dies
1217 2475 1304 2517 diei
1338 2479 1509 2517 eructat
1535 2474 1733 2524 verbum,
1760 2475 1784 2500 *
1812 2478 1855 2515 et

1024 2545 1114 2574 nox
1139 2532 1260 2573 nocti
1287 2532 1451 2573 indicat
1479 2531 1716 2572 scientiam.

1075 2593 1178 2634 Non
1213 2597 1314 2634 sunt
1346 2592 1555 2644 loquelae,
1591 2603 1734 2643 neque
1767 2602 1852 2630 ser-

1023 2651 1192 2697 mones,
1225 2649 1248 2674 *
1284 2661 1470 2700 quorum
1501 2660 1589 2689 non
1622 2646 1854 2687 audiantur

1023 2717 1158 2746 voces
1187 2706 1349 2746 eorum.
