2040 2976
695 222 750 255 10.
776 220 952 264 &ugusti

595 222 666 256 Die

139 323 303 374 focant,
326 323 573 376 praecipitio
598 334 646 363 se
668 318 896 368 collidunt,
925 323 969 360 et

138 381 335 445 pereunt.
365 380 466 422 Hoc
483 379 684 421 Christus
698 389 787 418 non
803 374 968 417 docuit:

138 437 226 478 imo
239 438 370 479 etiam
382 436 559 478 diabolo
573 433 866 488 praecipitium
880 444 970 482 sug-

138 493 306 545 gerenti
325 491 564 545 respondit,
583 489 699 532 Redi
717 493 836 530 retro
857 490 968 529 sata-

138 562 233 591 nas:
271 550 483 602 scriptum
520 553 603 598 est,
639 546 742 588 Non
778 544 968 587 tentabis

138 607 376 648 Dominum
400 606 544 647 Deum
567 609 703 646 tuum.
738 603 871 643 Petro
896 614 967 642 au-

138 668 228 705 tem
264 663 389 712 dixit,
424 661 674 713 significans
708 671 794 712 qua
826 662 968 699 morte

141 719 459 761 clarificaturus
480 723 573 759 erat
591 718 750 758 Deum:
775 715 884 756 Cum
905 727 968 755 es-

141 789 212 817 ses
230 774 383 828 junior,
407 773 613 825 cingebas
632 778 688 823 te,
713 777 757 814 et
776 770 968 813 ambula-

139 832 219 874 bas
240 844 327 884 quo
343 830 539 873 volebas:
560 843 659 871 cum
678 834 825 871 autem
845 830 969 869 senu-

141 890 236 939 eris,
256 888 365 930 alter
383 893 427 930 te
447 888 603 938 cinget,
623 891 667 928 et
684 886 795 927 feret
815 897 902 937 quo
923 889 971 925 tu

140 958 229 987 non
247 945 325 986 vis.
358 944 445 987 Ubi
464 943 570 985 satis
590 942 818 996 expressit,
837 954 926 982 non
946 954 971 982 a

140 1004 300 1054 seipso,
329 1001 408 1043 sed
433 1000 489 1043 ab
507 1000 601 1050 ,alio
629 999 791 1041 debere
816 997 970 1047 occidi,

143 1059 216 1111 qui
234 1058 419 1109 vestigia
437 1057 635 1110 sequitur
654 1056 825 1097 Christi.

193 1116 257 1157 Te
275 1115 419 1156 Deum
437 1113 678 1155 laudamus.
696 1114 755 1153 13.

407 1191 487 1232 Ad
509 1190 706 1232 Laudes

349 1255 398 1284 et
436 1260 534 1293 per
568 1250 764 1283 Horas.

195 1308 295 1348 Ant.
316 1310 344 1347 1.
372 1306 634 1348 Laurentius
657 1305 880 1356 ingressus
906 1309 972 1346 est

142 1365 167 1392 *
191 1364 374 1416 Martyr,
401 1367 444 1405 et
468 1362 696 1404 confessus
721 1366 789 1403 est
813 1374 972 1403 nomen

142 1421 320 1462 Domini
339 1421 363 1461 J
366 1433 444 1462 esu
463 1419 636 1461 Christi.

193 1480 262 1519 Ps.
290 1477 506 1519 Dominus
525 1475 734 1527 regnavit.
758 1475 818 1515 14.

193 1535 229 1573 2.
244 1533 507 1575 Laurentius
521 1534 545 1560 *
559 1532 725 1574 bonum
741 1543 853 1584 opus
869 1543 971 1595 ope-

144 1592 265 1632 ratus
295 1594 380 1639 est,
414 1589 489 1642 qui
520 1601 601 1642 per
632 1589 803 1639 signum
830 1587 973 1629 crucis

145 1659 289 1689 caecos
315 1646 584 1689 illuminavit.

134 1747 136 1749 .
195 1705 234 1744 3.
254 1703 455 1745 Adhaesit
474 1703 618 1744 anima
636 1714 735 1744 mea
752 1703 777 1730 *
795 1707 900 1755 post
917 1707 972 1752 te,

145 1761 247 1813 quia
279 1773 382 1802 caro
406 1772 514 1801 -mea
545 1760 646 1811 igne
679 1761 872 1800 cremata
907 1763 974 1800 est

144 1830 227 1870 pro
254 1822 299 1859 te
326 1817 448 1858 Deus
476 1829 611 1858 meus.

196 1876 233 1914 4.
252 1873 372 1915 Misit
389 1873 604 1914 Dominus
624 1874 648 1900 *
668 1872 886 1937 Angelum
907 1885 974 1913 su-

145 1944 229 1979 um,
249 1935 293 1972 et
309 1929 514 1972 liberavit
528 1942 599 1971 me
614 1929 669 1971 de
683 1928 860 1979 medio
849 1929 973 1980 1gnis‚

146 1992 190 2028 et
207 1993 296 2028 non
311 1999 412 2027 sum
431 1988 653 2028 aestuatus.

199 2043 236 2082 5.
271 2043 435 2084 Beatus
466 2042 729 2083 Laurentius
755 2042 780 2068 *
809 2041 975 2092 orabat,

147 2098 313 2140 dicens:
342 2099 518 2141 Gratias
550 2098 630 2140 tibi
663 2111 745 2150 ago
773 2098 975 2148 Domine,

149 2155 250 2207 quia
268 2155 418 2207 januas
435 2159 534 2197 tuas
553 2153 724 2210 ingredi
742 2154 891 2196 merui.

200 2227 455 2279 Capitulum.
662 2227 698 2266 2.
714 2227 810 2275 Cor.
829 2226 866 2265 9.
882 2224 920 2265 b.

125 2343 128 2345 Α
147 2289 382 2396 Fratres:
397 2294 481 2344 Qui
490 2307 623 2347 parce
632 2294 831 2344 seminat,
842 2307 976 2346 parce

244 2355 287 2392 et
304 2355 455 2392 metet:
480 2355 524 2392 et
544 2351 619 2403 qui
637 2350 823 2392 seminat
840 2351 885 2391 in
903 2350 976 2391 be-

147 2406 484 2457 nedictionibus,
513 2406 568 2449 de
595 2406 976 2450 benedictionibus

150 2469 193 2505 et
211 2468 357 2505 metet.
681 2508 685 2512 ,

459 2516 668 2567 Hymnus.

248 2588 395 2627 nvicte
414 2585 590 2638 Martyr,
610 2585 786 2626 unicum

270 2643 413 2683 Patris
433 2645 611 2683 secatus
628 2641 797 2691 Filium,

253 2699 394 2740 Victis
412 2697 658 2751 triumphas
678 2697 889 2747 hostibus,

254 2755 410 2797 Victor
429 2755 576 2796 fruens
597 2754 861 2796 coelestibus.

1000 219 1035 254 S.
1060 218 1257 253 Laurentii
1282 218 1388 252 Mart

1075 318 1157 372 Tui
1175 320 1382 370 precatus
1402 320 1583 358 munere

1123 374 1338 416 Nostrum
1356 375 1528 415 reatum
1548 371 1677 421 dilue,

1125 433 1295 473 Arcens
1314 430 1418 471 mali
1437 430 1698 480 contagium,

1125 490 1243 531 Vitae
1262 487 1480 540 repellens
1500 486 1692 528 taedium.

1074 563 1228 605 Soluta
1249 566 1349 602 sunt
1368 561 1452 613 jam
1471 559 1647 602 vincula

1125 620 1210 661 Tui
1230 618 1390 660 sacrati
1410 617 1624 669 corporis:

1124 677 1220 718 Nos
1241 675 1365 717 solve
1385 673 1540 715 vinclis
1560 674 1721 723 saeculi,

1125 735 1256 776 Dono
1278 731 1456 784 superni
1474 730 1688 771 Numinis.

1077 814 1172 855 Deo
1191 811 1314 853 Patri
1334 811 1390 852 sit
1410 809 1560 861 gloria,

1125 870 1320 922 Eiusque
1341 866 1425 909 soli
1443 866 1567 916 Filio,

1130 927 1240 968 Cum
1257 924 1423 977 Spiritu
1441 923 1674 974 Paraclito,

1126 984 1254 1024 Nunc
1274 987 1318 1023 et
1337 993 1417 1034 per
1438 993 1567 1022 omne
1588 979 1810 1021 saeculum.

1334 1039 1489 1079 Amen.

1076 1110 1126 1162 V.
1150 1113 1388 1167 Dispersit,
1422 1111 1545 1154 dedit
1577 1110 1858 1175 pauperibus.

1024 1171 1275 1271 sszegllffititia
1300 1170 1391 1222 ejus
1417 1173 1565 1233 manet
1583 1168 1628 1208 in
1647 1166 1857 1208 saeculum

1079 1294 1149 1335 Ad
1170 1292 1332 1334 Bened.
1354 1293 1451 1332 Ant
1472 1293 1521 1331 In
1540 1289 1750 1331 craticula
1769 1289 1792 1314 *
1812 1293 1856 1330 te

1024 1353 1169 1394 Deum
1186 1363 1275 1392 non
1290 1348 1459 1400 negavi,
1480 1352 1523 1389 et
1544 1346 1630 1388 ad
1619 1359 1766 1398 1gnem
1785 1358 1857 1398 ap-

1024 1409 1214 1462 plicatus
1223 1412 1267 1448 te
1277 1406 1498 1447 Christum
1510 1404 1737 1446 confessus
1747 1415 1858 1443 sum:
1861 1427 1864 1431 -

1025 1465 1227 1519 probasti
1247 1476 1324 1505 cor
1337 1475 1494 1513 meum,
1515 1466 1558 1503 et
1577 1460 1764 1502 visitasti
1782 1471 1856 1500 no-

1026 1528 1112 1564 cte:
1130 1522 1230 1573 igne
1244 1533 1314 1562 me
1330 1518 1602 1567 examinasti,
1621 1522 1664 1558 et
1683 1529 1771 1557 non
1792 1521 1858 1557 est

1025 1580 1203 1621 inventa
1222 1578 1267 1618 in
1285 1590 1356 1619 me
1375 1576 1594 1628 iniquitas.

1366 1659 1529 1701 Oratio.

1026 1727 1142 1833 Da
1155 1731 1293 1782 nobis,
1311 1732 1561 1782 quaesumus
1579 1730 1859 1780 omnipotens

1165 1789 1306 1830 Deus:
1355 1786 1562 1828 vitiorum
1605 1786 1859 1826 nostrorum

1028 1846 1228 1887 flammas
1274 1845 1569 1894 exstinguere,
1616 1841 1690 1894 qui
1726 1840 1859 1883 beato

1026 1901 1265 1946 Laurentio
1310 1900 1504 1943 tribuisti
1538 1899 1861 1940 tormentorum

1028 1961 1208 2000 suorum
1251 1956 1454 1999 incendia
1498 1957 1718 2008 superare.
1775 1954 1860 1994 Per

1027 2015 1266 2057 Dominum
1294 2018 1505 2055 nostrum.

1145 2145 1147 2147 Ι
1302 2100 1369 2136 Ad
1393 2099 1595 2136 Tertiam.

1084 2162 1182 2203 Ant.
1202 2162 1477 2204 Laurentius.

1082 2226 1341 2279 Capitulum.
1378 2227 1571 2268 Fratres:
1603 2226 1688 2276 Qui
1715 2238 1861 2279 parce.
1908 2214 1909 2218 ¹

1029 2290 1076 2324 ut
1106 2296 1249 2334 supra.

1082 2349 1132 2400 Rz.
1152 2348 1214 2389 br.
1243 2349 1396 2391 Gloria
1419 2353 1463 2390 et
1484 2347 1654 2390 honor'e
1676 2348 1698 2372 *
1727 2349 1860 2390 Coro-

1029 2407 1144 2449 nasti
1173 2419 1272 2448 eum
1296 2405 1496 2447 Domine.
1529 2405 1693 2447 Gloria.
1731 2399 1781 2450 V
1806 2405 1862 2446 Et

1031 2463 1297 2505 constituisti
1327 2475 1425 2504 eum
1454 2475 1588 2515 super
1613 2465 1750 2514 opera
1774 2463 1861 2502 ma-

1030 2534 1164 2561 nuum
1190 2523 1375 2561 tuarum.
1421 2519 1666 2562 Coronasti.
1710 2517 1862 2560 Gloria

1030 2577 1160 2618 Patri.
1189 2577 1343 2619 Gloria
1364 2582 1418 2619 et.

1084 2635 1134 2687 Y)
1151 2642 1344 2684 Posu1sti
1363 2642 1551 2684 Domine
1576 2654 1709 2694 super
1729 2614 1863 2692 caput

1030 2699 1147 2796 {zijgsso
1177 2698 1225 2737 R.
1256 2698 1476 2740 Coronam
1503 2698 1559 2740 de
1586 2696 1734 2750 lapide
1764 2708 1859 2748 pre-
