2040 2976
640 212 708 244 l)ie
733 212 762 243 Γ).
789 210 893 244 .Ιιι]ἰί.
941 212 975 243 S.
1004 210 1203 244 Michaelis
1229 210 1275 242 de
1296 209 1449 243 sanetis
1475 208 1584 242 Conf.

194 309 275 352 sub
294 310 490 352 Pastore.
517 309 676 351 Merito
696 309 896 351 Christus
914 309 958 350 in
978 321 1026 350 se

193 367 360 408 habens
410 379 563 409 omnes
614 369 819 420 pastores
870 366 1026 415 bonos,

193 437 326 464 unum
369 422 671 474 commendat,
713 423 884 465 dicens:
929 423 1025 487 Ego

193 494 304 530 sum,
331 493 442 521 unus
466 493 579 531 sum,
604 493 779 522 mecum
806 492 958 522 omnes
982 493 1026 520 111

192 537 360 579 unitate
384 551 519 579 unum
544 542 655 579 sunt.
692 537 777 588 Qui
805 542 929 579 extra
955 548 1026 576 me

192 595 350 647 pascit,
375 600 530 636 contra
553 607 624 636 me
646 595 800 647 pascit.
835 594 920 645 Qui
938 605 1024 634 me-

193 664 293 692 cum
311 663 399 692 non
419 650 598 703 colligit,
618 652 797 704 spargit.

248 711 307 753 Te
327 712 471 753 Deum
492 711 736 754 laudamus.
761 713 818 753 13.

472 804 557 845 Die
578 805 617 845 5.
636 804 660 845 J
662 804 749 845 ulii.

224 867 267 908 S.
288 867 553 909 Michaelis
573 868 634 909 de
654 868 852 910 Sanctis
878 868 998 909 Conf.

532 931 695 974 Duplex.

250 980 385 1013 Omnia
418 979 464 1014 de
496 980 640 1014 Comm.
672 979 780 1013 Conf.
812 988 888 1012 non
919 977 1028 1011 Pont.

194 1028 263 1072 [67]
292 1036 432 1070 praeter
457 1039 562 1071 sequ.
583 1029 643 1070 (m.
666 1034 690 1064 t.
717 1030 767 1071 V.)

536 1089 711 1129 Oratio:
746 1125 752 1131 .

301 1150 507 1192 isericors
540 1151 682 1200 Deus,
718 1151 794 1203 qui
826 1156 1027 1193 sanctum

323 1207 585 1249 Michaelem
619 1208 930 1250 Confessorem
961 1214 1026 1250 tu-

192 1276 266 1303 um
290 1276 463 1305 morum
486 1264 747 1314 innocentia,
772 1270 816 1307 et
837 1265 1027 1307 mirabili

193 1319 375 1362 caritate
404 1323 620 1373 praestare
650 1321 844 1364 voluisti:
873 1324 1026 1364 conce-

193 1375 260 1425 de,
281 1378 548 1429 quaesumus,
570 1383 618 1419 ut
641 1379 732 1430 ejus
751 1379 1026 1421 intercessio-

193 1445 246 1473 ne
266 1446 291 1473 a
306 1434 422 1475 vitiis
438 1434 624 1485 liberati,
645 1440 688 1477 et
707 1436 807 1487 igne
826 1436 891 1477 tui
910 1439 1027 1478 amo-

192 1489 251 1530 ris
276 1491 491 1540 succensi,
518 1490 575 1532 ad
601 1496 646 1533 te
678 1495 910 1545 pervenire
939 1506 1026 1534 me-

192 1548 377 1588 reamur.
405 1547 490 1589 Per
508 1548 759 1590 Dominum.

250 1610 295 1643 Et
326 1610 365 1643 iit
396 1619 593 1643 commem.
620 1608 778 1642 Octavae
808 1607 865 1642 Ss.
890 1609 1027 1652 Apost.

198 1658 300 1692 Petri
327 1663 363 1691 ct
387 1657 508 1691 Pauli.
527 1658 618 1693 400.

250 1714 293 1748 In
324 1714 350 1748 Ι.
381 1714 582 1748 Nocturno
613 1713 817 1747 Lectiones
852 1712 898 1747 de
931 1712 1029 1747 Scri-

198 1767 310 1805 ptura
337 1767 572 1796 occurrente.

422 1832 470 1870 In
499 1832 548 1870 II.
578 1831 803 1869 Nocturno.

500 1896 653 1937 Lectio
674 1896 727 1937 iv.

202 1979 224 2008 ,ῃ
338 1959 491 2000 ichael
529 1959 584 2001 de
621 1960 810 2010 Sanctis,
846 1962 946 2002 Vici
983 1962 1026 2002 in

198 2007 311 2074 {ff-¹2?
339 2009 346 2059 ’ἐξ
376 2016 591 2068 Hispania
627 2018 833 2059 citeriore
866 2018 950 2071 piis
985 2023 1028 2060 et

219 2082 229 2090 ³
245 2072 253 2077 ”
269 2062 315 2095 ‘⁴³³
339 2062 346 2094 ‘¹
377 2072 575 2121 honestis
599 2075 857 2127 parentibus
886 2080 1027 2124 natus,

194 2127 405 2170 mundum
420 2131 549 2172 antea
560 2134 883 2185 contempsisse
896 2145 1028 2185 quam

195 2187 426 2235 agnovisse
459 2187 578 2228 visus
612 2194 689 2229 est.
736 2189 854 2230 Pene
887 2189 1028 2230 infans

194 2242 454 2293 perpetuam
468 2243 764 2294 virginitatem
778 2246 876 2287 Deo
891 2246 1027 2296 vovit:

195 2309 383 2349 cumque
402 2298 465 2339 rei
483 2300 685 2342 conscius
704 2307 831 2354 pater
850 2302 1028 2354 nuptias

194 2353 254 2393 illi
274 2366 355 2406 per
374 2354 518 2404 jocum
536 2359 818 2409 proponeret,
842 2358 886 2399 in
905 2358 1028 2400 lacri-

194 2423 288 2451 mas
308 2410 474 2452 effusus
492 2424 613 2464 puer,
637 2419 770 2466 atque
791 2414 847 2456 ad
867 2415 1027 2467 Deipa-

194 2479 256 2507 rae
271 2467 465 2518 Virginis
481 2481 602 2509 aram
617 2470 885 2521 confugiens,
903 2474 1027 2512 emis-

195 2535 291 2564 sum
320 2529 473 2565 votum
506 2524 744 2568 ferventius
774 2527 1028 2570 renovabat.

194 2579 407 2620 Sexennis
423 2579 479 2621 ad
498 2583 750 2623 sanctorum
764 2584 949 2634 vestigia
964 2597 1027 2626 se-

195 2635 357 2678 ctanda
379 2636 422 2677 in
441 2637 660 2679 Monsenii
684 2639 941 2692 speluncam
965 2654 1028 2682 se-

195 2693 337 2742 cessit,
361 2693 404 2733 in
430 2706 528 2746 qua,
554 2694 659 2736 dum
679 2696 889 2748 patientis
909 2697 1028 2738 Chri-

195 2749 250 2789 sti
281 2750 492 2801 mysteria
522 2751 566 2791 in
593 2753 736 2803 genua
763 2753 1029 2805 provolutus

1078 309 1164 362 piis
1201 307 1403 350 sensibus
1441 307 1724 359 lacrimisque
1761 310 1911 360 prose-

1081 365 1244 417 quitur,
1273 377 1298 406 a
1326 369 1453 418 patre
1481 365 1701 417 repertuS,
1733 363 1913 406 domum

1079 421 1223 463 redire
1250 423 1431 464 coactus
1459 425 1537 463 est.
1579 421 1737 474 Neque
1765 426 1913 463 tamen

1080 478 1136 520 de
1176 480 1492 531 praeconcepto
1538 478 1773 520 severioris
1810 478 1914 520 vitae

1078 530 1313 588 proposito
1335 534 1578 587 quidquam
1601 535 1779 576 remisit.
1810 535 1914 577 Uni-

1080 605 1179 634 cum
1220 592 1282 633 illi
1319 597 1414 634 erat
1455 592 1704 634 coelestium
1743 591 1912 634 deside-

1079 649 1207 699 rium,
1235 651 1453 702 perpetua
1478 662 1578 691 cum
1604 649 1702 691 Deo
1731 661 1914 691 consue-

1079 705 1200 755 tudo,
1219 706 1467 748 innocentis
1482 718 1590 748 vero
1610 706 1754 747 carnis
1772 718 1914 748 mace-

1079 763 1194 804 ratio
1231 764 1370 815 major
1407 775 1539 816 quam
1573 767 1623 805 ut
1656 765 1810 805 tenera
1840 763 1915 804 illa

1080 825 1189 861 aetas
1217 819 1332 861 ferre
1360 832 1495 873 posse
1521 819 1756 862 videretur.
1800 820 1916 862 Nam

1079 881 1147 918 ter
1164 876 1208 918 in
1229 879 1495 929 unaquaque
1514 875 1796 919 hebdomada
1815 877 1915 929 jeju-

1079 947 1198 983 nans,
1219 946 1422 975 somnum
1441 947 1575 986 super
1594 936 1916 983 sarmentorum

1080 990 1294 1041 fascibus,
1340 1004 1448 1033 saxo
1495 991 1630 1044 capiti
1668 992 1916 1044 supposito,

1080 1060 1278 1101 carpens,
1302 1048 1489 1100 flagellis
1511 1049 1555 1089 in
1575 1050 1772 1101 seipsum
1791 1051 1915 1091 saevi—

1079 1117 1144 1155 re,
1177 1110 1221 1147 et
1249 1105 1383 1147 etiam
1410 1104 1649 1158 aliquando
1677 1109 1916 1159 corpuscu-

1079 1161 1170 1203 lum
1207 1163 1347 1204 sancti
1376 1162 1602 1204 Francisci
1634 1162 1837 1216 exemplo
1871 1163 1915 1204 in

1081 1219 1305 1271 spinarum
1355 1221 1563 1261 acervum
1608 1220 1825 1272 conjicere
1871 1225 1916 1262 et

1080 1275 1400 1318 cruentandum
1416 1275 1617 1318 volutare
1635 1288 1725 1318 non
1745 1275 1915 1319 dubita-

1081 1333 1153 1384 vit,
1175 1333 1279 1386 quin
1298 1338 1446 1388 tamen
1461 1333 1673 1384 singulari
1687 1333 1772 1375 Dei
1785 1333 1915 1376 bene·

1081 1390 1181 1432 ficio
1201 1390 1341 1443 spinae
1359 1390 1447 1431 illae
1466 1390 1703 1443 purissima
1717 1390 1916 1433 membra

1081 1449 1347 1499 attingerent
1366 1451 1499 1500 atque
1518 1447 1562 1487 in
1580 1447 1761 1490 minimo
1782 1446 1915 1490 offen-

1082 1503 1249 1546 derent.
1295 1503 1464 1554 Quibus
1499 1503 1684 1556 aliisque
1717 1505 1914 1547 cruciati—

1080 1561 1163 1602 bus
1183 1560 1432 1602 admirabili
1447 1560 1511 1602 illi
1526 1561 1798 1613 poenitentiae
1814 1574 1915 1615 pro-

1080 1617 1273 1668 ludebat,
1293 1631 1426 1670 quam
1441 1619 1600 1671 postea
1615 1617 1672 1660 ad
1690 1617 1916 1660 hominum

1081 1677 1309 1727 stuporem
1327 1677 1562 1727 tantopere
1581 1673 1772 1717 adauxit.

1140 1732 1190 1782 R.
1210 1732 1462 1773 Honestum
1490 1731 1596 1773 fecit
1621 1731 1745 1773 illum
1763 1732 1914 1773 Domi-

1080 1801 1173 1839 nus,
1198 1794 1243 1831 et
1262 1789 1502 1832 custodivit
1521 1801 1623 1830 eum
1642 1788 1699 1830 ab
1718 1789 1914 1840 inimicis,

1081 1851 1125 1887 et
1152 1859 1178 1887 a
1205 1845 1514 1888 seductoribus
1541 1846 1703 1888 tutavit
1728 1845 1868 1888 illum:
1895 1842 1919 1868 ¹*

1081 1903 1138 1944 Et
1166 1902 1291 1944 dedit
1320 1903 1382 1944 illi
1411 1903 1661 1945 claritatem
1692 1905 1915 1945 aeternam.

1087 1954 1137 2004 V.
1162 1960 1337 2002 Justum
1370 1959 1556 2002 deduxit
1586 1960 1803 2002 Dominus
1835 1973 1916 2014 per

1082 2017 1175 2058 vias
1196 2023 1356 2067 rectas,
1376 2022 1420 2060 et
1440 2016 1635 2060 ostendit
1652 2016 1715 2058 illi
1733 2029 1916 2068 regnum

1081 2074 1176 2115 Dei.
1204 2074 1261 2116 Et
1280 2073 1415 2116 dedit.

1397 2125 1549 2167 Lectio
1570 2139 1608 2166 v.

1086 2178 1240 2285 Amo
1265 2188 1410 2230 aetatis
1435 2187 1700 2230 duodecimo
1719 2187 1916 2231 nondum

1196 2244 1389 2297 expleto,
1417 2245 1538 2286 solus
1564 2250 1607 2286 et
1630 2244 1771 2298 pedes
1797 2247 1916 2298 egre-

1083 2302 1208 2344 diens
1233 2302 1289 2343 de
1313 2301 1448 2343 domo
1473 2307 1517 2344 et
1539 2302 1802 2354 cognatione
1827 2315 1916 2354 sua,

1083 2359 1378 2401 Barcinonam
1393 2358 1631 2409 contendit,
1650 2358 1800 2412 ibique
1821 2373 1916 2401 san·

1083 2416 1292 2457 ctissimae
1321 2415 1551 2457 Trinitatis
1578 2414 1916 2469 Redemptionis

1084 2473 1371 2525 Captivorum
1391 2472 1591 2514 ordinem
1609 2473 1723 2514 inter
1739 2472 1915 2515 Calcea-

1082 2534 1152 2570 tos
1186 2529 1434 2582 amplexus,
1472 2531 1797 2582 quamprimum
1834 2543 1915 2588 per

1083 2588 1260 2627 aetatem
1289 2585 1410 2628 licuit
1438 2586 1651 2628 solemnia
1678 2591 1783 2628 vota
1810 2599 1915 2628 nun-
1987 2610 1989 2618 ι

1082 2643 1271 2695 cupavit.
1312 2643 1471 2684 Paucis
1498 2643 1601 2684 inde
1630 2648 1732 2696 post
1758 2643 1914 2685 mensi·

1081 2698 1163 2740 bus
1179 2698 1237 2741 ad
1253 2699 1519 2742 strictiorem
1534 2699 1915 2741 Discalceatorum

1082 2754 1279 2807 ejusdem
1299 2755 1465 2797 ordinis
1483 2756 1693 2797 familiam
1711 2767 1759 2797 se
1773 2757 1911 2798 trans-
