2040 2976
570 209 669 242 Intra
698 206 989 240 Ilcbdomadam
1016 206 1051 238 ii.
1078 211 1166 247 post
1192 203 1270 237 Oct.
1296 202 1554 236 Pentecostcs.

212 317 309 346 rum
327 306 516 352 suarum,
544 308 587 345 et
607 306 842 345 constituet
862 302 945 344 sibi
962 302 1034 344 tri-

213 361 369 409 bunos,
395 366 437 401 et
457 360 751 409 centuriones,
777 365 821 401 et
839 360 1034 400 aratores

213 419 415 467 agrorum
439 419 634 466 suorum,
663 422 706 458 et
728 418 948 458 messores
972 416 1034 455 se-

212 478 376 524 getum,
405 478 447 514 et
470 473 620 514 fabros
640 475 859 514 armorum
879 476 922 513 et
941 474 1033 513 cur-

212 542 337 570 ruum
365 532 554 571 suorum.
600 530 732 570 Filias
761 540 937 581 quoque
965 540 1034 569 ve-

213 591 324 628 stras
356 586 485 628 faciet
519 586 601 628 sibi
633 585 958 637 unguentarias,
991 589 1035 625 et

212 642 416 692 focarias,
442 648 485 684 et
503 643 724 695 panificas.
761 642 906 693 Agros
931 653 1034 692 quo-

215 711 298 751 que
323 704 513 748 vestros,
539 704 582 740 et
607 702 773 748 vineas,
803 704 847 740 et
874 698 1036 739 oliveta

214 756 380 808 optima
398 755 539 806 tollet,
568 761 611 797 et
636 755 758 797 dabit
778 755 915 796 servis
936 753 1035 794 suis.

482 921 769 958 Sabbato.

348 981 412 1020 De
434 978 546 1020 libro
565 979 705 1031 primo
726 979 907 1028 Regum.

317 1037 467 1077 Lectio
490 1039 511 1076 i.
778 1035 880 1086 Cap.
896 1036 933 1074 9.

226 1097 318 1139 ¹[fit
343 1098 436 1134 erat
453 1092 518 1133 vir
542 1092 596 1134 de
617 1092 839 1143 Beniamin
864 1092 1037 1133 nomine

240 1150 289 1193 Ls‘).
319 1148 401 1198 Cis,
422 1149 535 1189 filius
552 1148 690 1199 Abiel,
710 1149 786 1189 filii
802 1150 942 1198 Seror,
962 1147 1038 1188 filii

214 1205 473 1255 Bechorath,
498 1205 576 1246 filii
595 1205 750 1258 Aphia,
773 1205 850 1246 filii
869 1205 950 1246 viri
969 1205 993 1246 J
997 1206 1036 1246 e-

212 1261 332 1310 mini,
360 1261 483 1303 fortis
514 1261 684 1303 robore.
725 1262 782 1303 Et
806 1267 898 1303 erat
924 1262 963 1303 ei
988 1261 1034 1302 fi-

212 1317 294 1358 lius
319 1318 533 1360 vocabulo
553 1319 670 1369 Saul,
700 1319 865 1360 electus
890 1323 933 1360 et
959 1318 1034 1360 bo-

213 1387 306 1415 nus:
333 1380 376 1416 et
400 1388 486 1416 non
511 1381 604 1417 erat
623 1376 688 1416 vir
707 1375 762 1417 de
782 1375 882 1416 filiis
901 1375 1037 1416 Israel

212 1431 365 1472 melior
385 1431 470 1472 illo.
503 1432 573 1473 Ab
596 1432 778 1474 hamero
803 1438 846 1474 et
865 1445 1037 1473 sursum

214 1487 434 1529 eminebat
458 1501 590 1541 super
617 1502 791 1530 omnem
814 1489 1038 1541 populum.

213 1543 439 1585 Perierant
470 1550 615 1586 autem
642 1546 776 1586 asinae
801 1546 873 1586 Cis
899 1546 1038 1598 patris

215 1600 331 1640 Saul:
364 1605 407 1641 et
439 1600 548 1642 dixit
579 1602 651 1642 Cis
684 1601 740 1643 ad
765 1602 868 1643 Saul
902 1602 1039 1643 filium

217 1669 355 1697 suum:
369 1657 496 1698 Tolle
509 1662 654 1699 tecum
671 1672 803 1700 unum
816 1659 870 1701 de
881 1659 1040 1712 pueris,

218 1719 260 1755 et
279 1717 549 1765 consurgens
568 1715 697 1765 vade,
727 1721 770 1757 et
790 1729 938 1767 quaere
959 1716 1039 1757 asi-

216 1782 306 1811 nas.
334 1771 417 1820 Qui
437 1784 536 1812 cum
555 1775 813 1814 transissent
826 1786 906 1826 per
921 1786 1039 1814 mon-

216 1831 305 1867 tem
319 1827 540 1879 Ephra‘im,
559 1834 603 1870 et
621 1842 700 1881 per
717 1835 878 1871 terram
892 1830 1041 1880 Salisa,

218 1887 262 1924 et
307 1896 393 1924 non
442 1884 724 1936 invenissent,
777 1887 1043 1928 transierunt

220 1939 349 1980 etiam
382 1953 461 1992 per
492 1947 655 1982 terram
687 1942 837 1992 Salim,
879 1948 922 1985 et
953 1957 1042 1985 non

218 2001 355 2037 erant:
389 1996 467 2038 sed
500 2003 543 2039 et
574 2011 654 2050 per
685 2004 849 2041 terram·
874 2000 1042 2051 Jemini‚

219 2057 262 2093 et
280 2053 455 2094 minime
475 2057 740 2106 repererunt.

272 2108 320 2159 R.
348 2109 544 2151 Peccavi.
572 2110 656 2152 179.

528 2171 679 2211 Lectio
698 2171 737 2210 ii.

297 2240 371 2268 um
395 2234 541 2270 autem
565 2231 786 2271 venissent
813 2230 857 2270 in
881 2236 1043 2272 terram

315 2283 452 2336 Suph,
485 2283 594 2326 dixit
625 2285 727 2326 Saul
760 2285 816 2327 ad
847 2290 1043 2339 puerum,

223 2340 297 2391 qui
321 2346 414 2382 erat
438 2353 537 2381 cum
561 2354 627 2382 eo:
655 2341 768 2383 Veni
792 2348 835 2384 et
857 2346 1043 2385 reverta-

222 2409 328 2446 mur,
348 2409 402 2438 ne
423 2396 536 2438 forte
556 2396 767 2439 dimiserit
783 2405 908 2451 pater
922 2412 1045 2441 meus

224 2453 384 2503 asinas,
417 2458 461 2495 et
485 2454 696 2495 sollicitus
721 2455 776 2496 sit
800 2468 881 2507 pro
906 2455 1046 2498 nobis.

224 2509 307 2561 Qui
326 2510 387 2551 ait
405 2511 460 2551 ei:
480 2511 594 2552 Ecce
613 2511 679 2552 vir
697 2511 781 2552 Dei
800 2517 867 2553 est
883 2513 926 2552 in
946 2513 1046 2554 civi-

223 2569 314 2608 tate
340 2566 439 2616 hac,
471 2567 537 2608 vir
563 2567 736 2609 nobilis:
770 2580 897 2609 omne
927 2568 1047 2620 quod

223 2623 434 2675 loquitur,
475 2624 567 2665 sine
603 2623 885 2674 ambiguitate
920 2625 1047 2666 venit.

224 2679 265 2721 N
267 2693 352 2722 unc
371 2693 476 2731 ergo
497 2683 646 2721 eamus
665 2680 781 2730 illuc,
802 2681 837 2720 si
856 2681 968 2723 forte
988 2683 1047 2721 in-

225 2735 340 2780 dicet
359 2737 485 2780 nobis
506 2736 560 2779 de
580 2737 650 2779 via
673 2742 839 2786 nostra,
862 2742 1045 2790 propter

1088 313 1219 352 quam
1245 299 1455 341 venimus.
1491 299 1701 351 Dixitque
1727 298 1831 340 Saul
1857 297 1915 341 ad

1086 359 1273 410 paetum
1296 369 1438 397 suum:
1467 355 1584 397 Ecce
1607 354 1781 397 ibimus:
1808 354 1915 407 quid

1086 413 1274 455 feremus
1285 412 1343 453 ad
1352 412 1493 453 virum
1503 412 1601 453 Dei:
1618 412 1744 466 panis
1755 411 1915 454 defecit

1086 470 1130 510 in
1162 469 1348 510 sitarciis
1380 468 1556 511 nostris:
1596 474 1639 511 et
1672 468 1915 522 sportulam

1086 538 1174 567 non
1208 525 1440 576 habemus,
1476 529 1526 567 ut
1562 524 1716 567 demus
1749 525 1915 567 homini

1087 582 1184 633 Dei,
1205 595 1286 624 nec
1307 582 1546 635 quidquam
1566 580 1695 624 aliud.
1722 581 1917 623 Rursum

1087 651 1197 692 puer
1217 638 1447 692 respondit
1470 638 1603 689 Sauli,
1632 643 1676 680 et
1699 638 1772 680 ait:
1798 638 1915 680 Ecce

1087 696 1263 737 inventa
1295 700 1363 737 est
1393 696 1437 736 in
1470 708 1603 736 manu
1634 707 1732 737 mea
1761 695 1917 748 quarta

1088 765 1192 805 pars
1203 753 1377 794 stateris
1388 752 1567 804 argenti,
1587 751 1741 794 demus
1751 751 1917 793 homini

1088 809 1182 859 Dei,
1200 814 1248 851 ut
1262 807 1426 851 indicet
1438 808 1567 851 nobis
1580 808 1696 850 viam
1710 813 1917 850 nostram.

1126 873 1193 925 UR·
1217 869 1449 912 Exaudisti
1466 869 1667 912 Domine.
1694 870 1787 910 180.

1389 939 1541 981 Lectio
1563 938 1618 979 iii.

1171 1007 1189 1044 t
1199 1001 1490 1044 ascenderunt
1498 1001 1541 1041 in
1553 1000 1785 1042 civitatem.
1801 999 1919 1042 Cum-

1199 1071 1284 1111 que
1312 1058 1374 1099 illi
1399 1057 1672 1100 ambularent
1699 1057 1743 1097 in
1769 1054 1917 1098 medio

1089 1115 1228 1166 urbis,
1255 1115 1459 1168 apparuit
1486 1113 1662 1156 Samuel
1690 1112 1918 1164 egrediens

1090 1172 1266 1215 obviam
1285 1172 1359 1222 eis,
1378 1178 1426 1213 ut
1445 1170 1703 1213 ascenderet
1719 1171 1763 1211 in
1778 1169 1918 1212 excel-

1090 1243 1198 1271 sum.
1232 1229 1448 1270 Dominus
1473 1233 1620 1270 autem
1645 1226 1920 1269 revelaverat

1090 1285 1329 1328 auriculam
1374 1284 1588 1327 Samuelis
1637 1289 1738 1326 ante
1787 1296 1920 1325 unam

1089 1343 1206 1385 diem
1240 1356 1371 1395 quam
1403 1344 1573 1384 veniret
1600 1341 1720 1391 Saul,
1753 1340 1920 1383 dicens:

1088 1400 1187 1441 Hac
1205 1400 1302 1453 ipsa
1319 1400 1444 1449 hora,
1465 1411 1565 1452 quae
1583 1411 1698 1440 nunc
1717 1402 1803 1448 est,
1823 1410 1920 1439 cras

1088 1456 1260 1498 mittam
1279 1457 1421 1498 virum
1444 1455 1502 1498 ad
1525 1461 1570 1498 te
1594 1454 1651 1498 de
1668 1459 1787 1497 terra
1809 1454 1920 1496 Ben-

1090 1513 1237 1571 iamin,
1266 1519 1310 1556 et
1334 1526 1472 1565 unges
1492 1525 1591 1554 eum
1610 1511 1769 1554 ducem
1787 1525 1920 1566 super

1090 1571 1305 1627 populum
1323 1583 1470 1611 meum
1487 1568 1638 1610 Israel:
1668 1574 1712 1611 et
1732 1569 1920 1611 salvabit

1091 1628 1305 1683 populum
1322 1639 1469 1668 meum
1487 1624 1543 1668 de
1558 1638 1692 1667 manu
1704 1625 1922 1668 Philisthi·

1091 1688 1262 1728 norum:
1289 1683 1391 1737 quia
1409 1682 1584 1735 respexi
1600 1682 1815 1735 populum
1833 1694 1920 1724 me·

1092 1756 1181 1784 um:
1210 1741 1330 1783 venit
1356 1740 1472 1782 enim
1495 1738 1661 1781 clamor
1684 1740 1839 1781 eorum
1864 1738 1922 1781 ad

1092 1812 1174 1842 me.
1229 1798 1428 1849 Cumque
1465 1797 1712 1850 aspexisset
1746 1795 1923 1838 samuel

1093 1856 1286 1905 Saulem,
1317 1854 1535 1896 Dominus
1568 1852 1678 1895 dixit
1709 1852 1765 1895 ei:
1805 1852 1922 1894 Ecce

1094 1913 1175 1964 vir,
1198 1925 1330 1965 quem
1349 1911 1546 1953 dixeram
1563 1910 1659 1960 tibi,
1682 1910 1766 1952 iste
1786 1908 1921 1952 domi-

1094 1969 1269 2012 nabitur
1287 1967 1455 2022 populo
1474 1980 1585 2009 meo.

1148 2034 1198 2085 Rv.
1225 2029 1344 2072 Audi
1363 2029 1564 2071 Domine.
1589 2029 1682 2069 180.

1150 2097 1221 2138 Ad
1253 2095 1426 2148 Magnis.
1468 2093 1567 2135 Ant.
1610 2092 1923 2143 Cognoverunt

1096 2164 1248 2193 omnes
1276 2153 1300 2178 *
1328 2165 1354 2193 a
1381 2151 1485 2197 ,Dan
1514 2162 1654 2202 usque
1685 2147 1922 2197 Bersabee,

1098 2208 1218 2260 quod
1243 2207 1386 2251 fidelis
1410 2206 1585 2249 Samuel
1610 2204 1833 2258 Propheta
1859 2217 1922 2246 es-

1096 2271 1163 2308 set
1181 2265 1368 2307 Domini.

1150 2328 1201 2379 V.
1237 2332 1503 2384 Vespertina
1539 2328 1682 2371 oratio
1715 2326 1925 2369 ascendat

1097 2388 1153 2430 ad
1180 2394 1224 2431 te
1253 2387 1452 2429 Domine.
1514 2386 1565 2437 R.
1595 2386 1652 2427 Et
1684 2383 1924 2426 descendat

1098 2457 1229 2497 super
1248 2457 1330 2486 nos
1349 2441 1652 2484 misericordia
1670 2445 1756 2483 tua.
1830 2474 1838 2484 .

1154 2509 1296 2543 Oratio.
1328 2507 1526 2544 Protector
1553 2508 1593 2542 in
1615 2511 1652 2542 te
1676 2505 1923 2551 sperantium.

1100 2568 1185 2599 qua:
1211 2557 1373 2590 habetur
1402 2556 1499 2589 infra
1530 2559 1620 2598 post
1643 2554 1847 2589 Lectiones
1872 2553 1926 2587 ul·

1100 2606 1201 2639 timae
1228 2603 1493 2639 Hebdomada*
1518 2602 1702 2645 Augusti,
1728 2612 1813 2636 cum
1839 2601 1926 2635 aliis

1101 2653 1349 2687 Orationibus
1379 2662 1500 2695 usquc
1527 2651 1576 2686 ad
1600 2651 1710 2686 Dom.
1735 2650 1811 2684 xvi.
1836 2652 1927 2693 post

1101 2701 1363 2734 Pentecosten.

1368 2747 1655 2770 βψ-
