2040 2976
799 210 973 244 Officium
1000 209 1279 243 Defunctorum.

249 301 516 342 Annuntiavi
534 301 739 353 justitiam
756 306 875 343 tuam
893 301 937 342 in
952 313 1017 343 ec-

199 356 330 398 clesia
347 369 514 408 magna,
529 358 553 383 *
568 369 670 399 ecce
688 356 803 399 labia
819 370 917 399 mea
931 370 1018 399 non

198 412 458 466 prohibebo:
476 414 663 455 Domine
683 418 730 455 tu
749 414 878 456 scisti.

249 469 467 511 Justitiam
491 474 611 511 tuam
634 482 723 511 non
748 469 958 512 absc6ndi
975 470 1019 510 in

200 525 334 566 corde
366 538 479 568 meo:
510 527 534 552 ²⁸¹
566 526 794 568 veritatem
825 531 944 568 tuam
977 530 1019 567 et

200 582 388 624 salutare
407 588 529 624 tuum
549 581 649 624 dixi.

250 638 350 680 Non
369 638 581 680 abscondi
597 639 941 681 misericordiam
955 643 1018 681 tu-

200 707 288 791 ami
304 700 348 736 et
366 695 594 737 veritatem
611 700 731 738 tuam
749 696 772 722 *
792 708 817 737 a
836 695 1018 738 concilio

199 764 272 792 mu
290 756 349 792 to.

250 808 319 848 Tu
343 812 488 849 autem
511 808 698 850 Domine
729 821 784 850 ne
809 809 937 860 longe
960 809 1019 850 fa-

201 864 290 906 cias
313 864 615 907 miserationes
636 870 733 906 tuas
758 878 782 906 a
800 878 883 906 me:
902 867 925 891 *
943 865 1019 906 mi-

200 919 439 962 sericordia
464 925 539 962 tua
565 925 607 962 et
630 921 790 962 veritas
814 926 889 963 tua
911 934 1019 963 sem-

199 989 278 1030 per
297 978 583 1029 susceperunt
601 990 681 1018 me.

253 1033 468 1083 Quoniam
519 1033 899 1076 circumdederunt
950 1047 1020 1076 me

199 1089 331 1139 mala,
358 1102 542 1142 quorum
565 1102 651 1131 non
676 1095 742 1132 e'st
759 1094 979 1132 numerus:
997 1091 1020 1117 *

201 1146 626 1199 comprehenderunt
665 1160 735 1189 me
770 1148 1021 1199 iniquitates

199 1215 320 1252 meae,
340 1207 383 1244 et
400 1215 487 1244 non
506 1203 632 1255 potui
650 1208 698 1245 ut
716 1204 918 1246 viderem.

251 1259 550 1312 Multiplicatae
569 1264 670 1301 sunt
689 1273 820 1313 super
838 1261 1020 1313 capillos

201 1316 358 1369 capitis
376 1316 477 1358 mei:
495 1316 519 1343 *
538 1321 582 1358 et
605 1329 681 1358 cor
704 1330 849 1359 meum
869 1317 1020 1360 dereli-

202 1373 294 1425 quit
311 1385 392 1414 me.

253 1429 535 1481 Complaceat
548 1428 627 1471 tibi
636 1429 825 1472 Domine
836 1435 885 1472 ut
895 1433 1021 1472 eruas

200 1499 284 1528 me:
302 1487 326 1512 *
344 1486 531 1527 Domine
555 1485 611 1527 ad
636 1484 928 1538 adjuvandum
951 1500 1021 1530 me

200 1542 380 1595 respice.

253 1598 582 1641 Confundantur
602 1604 645 1641 et
666 1602 949 1642 revereantur
968 1601 1020 1642 si-

200 1655 304 1704 mul,
334 1657 407 1707 qui
436 1660 635 1707 quaerunt
659 1657 845 1698 animam
868 1670 1020 1708 meam,

201 1711 224 1737 *
243 1716 291 1753 ut
309 1711 506 1753 auferant
525 1725 631 1754 eam.

254 1767 575 1810 Convertantur
602 1770 858 1820 retrorsum,
888 1775 932 1812 et
958 1783 1020 1813 re-

200 1826 432 1866 vereantur
450 1826 474 1851 *
494 1825 568 1877 qui
594 1825 746 1867 volunt
769 1826 873 1867 mihi
896 1827 1021 1868 mala.

250 1881 411 1923 Ferant
455 1881 682 1923 confestim
724 1883 1021 1926 confusionem

200 1950 340 1987 suam,
372 1939 396 1965 *
429 1938 503 1990 qui
541 1938 690 1980 dicunt
726 1939 846 1980 mihi:
881 1941 1020 1992 Euge,

200 2006 320 2044 euge.

251 2050 498 2101 Exsultent‚
527 2056 571 2093 et
594 2051 798 2094 laetentur
823 2065 954 2105 super
977 2058 1021 2095 te

200 2119 351 2148 omnes
383 2110 628 2159 quaerentes
660 2113 721 2150 te:
748 2109 772 2134 *
800 2113 843 2150 et
875 2109 1022 2151 dicant

200 2175 387 2215 semper:
440 2164 743 2215 Magnifieetur
792 2165 1021 2207 D6minus:

202 2219 276 2271 qui
295 2218 478 2270 diligunt
497 2220 685 2262 salutare
703 2226 836 2262 tuum.

251 2275 348 2326 Ego
389 2280 534 2317 autem
575 2277 801 2319 mendicus
842 2291 938 2319 sum
978 2283 1022 2319 et

200 2344 382 2396 pauper:
413 2333 437 2359 *
465 2333 679 2374 Dominus
713 2334 923 2376 sollicitus
955 2339 1021 2376 est

200 2401 296 2430 11161.

252 2444 439 2496 Adiutor
451 2457 585 2494 meus,
601 2450 644 2487 et
658 2448 885 2498 protector
897 2460 1020 2490 meus

201 2506 249 2542 tu
268 2513 328 2542 es:
346 2502 370 2528 *
388 2501 508 2542 Deus
526 2514 648 2543 meus
667 2515 721 2544 ne
739 2503 990 2546 tardaveris.

252 2557 467 2610 Requiem
487 2559 704 2599 aeternam.

255 2614 351 2653 Ant.
395 2614 677 2667 complaceat
707 2614 788 2656 tibi
823 2615 1020 2666 Domine,

201 2676 249 2713 ut
268 2672 426 2725 eripias
443 2684 528 2712 me:
546 2671 732 2712 Domine
747 2670 803 2712 ad
818 2671 1019 2723 adjuvan-

204 2728 307 2770 dum
326 2741 395 2770 me
415 2728 594 2780 respice.

1123 306 1221 344 Ant.
1267 302 1380 342 Sana
1417 300 1603 342 Domine
1639 301 1663 326 *
1703 300 1890 341 animam

1069 369 1220 407 meam,
1241 357 1341 409 quia
1359 357 1541 410 peccavi
1558 356 1649 399 tibi.

1340 415 1535 456 Psalmus
1555 418 1625 456 40.

1074 470 1280 575 Beatus
1306 469 1380 523 qui
1412 468 1612 520 intelligit
1637 481 1768 521 super
1796 469 1890 520 ege-

1163 539 1281 576 num,
1320 531 1364 568 et
1399 529 1653 578 pauperem:
1685 525 1708 551 *
1742 525 1786 566 in
1821 523 1891 566 die

1069 583 1183 624 mala
1201 582 1403 624 liberabit
1424 594 1523 624 eum
1541 581 1766 623 Dominus.

1121 639 1334 680 Dominus
1354 640 1584 680 conservet
1603 650 1711 687 eum,
1731 641 1775 679 et
1788 637 1891 678 vivi-

1070 695 1172 737 ficet
1191 708 1300 746 eum,
1324 700 1368 738 et
1385 695 1563 737 beatum
1581 694 1712 736 faciat
1731 706 1830 735 611111
1847 693 1890 734 in

1071 756 1202 794 terra:
1221 753 1244 777 *
1265 757 1308 794 et
1332 764 1421 793 non
1445 749 1590 793 tradat
1616 763 1714 792 eum
1738 749 1783 790 in
1806 748 1892 790 ani-

1071 821 1187 849 mam
1205 808 1477 849 inimicorum
1496 808 1596 859 ejus.

1122 865 1335 906 D6minus
1368 876 1499 917 opem
1531 863 1642 905 ferat
1673 862 1735 903 illi
1763 874 1893 914 super

1070 920 1231 962 lectum
1263 919 1429 962 doloris
1461 920 1566 971 ejus:
1593 920 1617 946 *
1644 919 1893 960 universum

1074 982 1257 1019 stratum
1278 978 1367 1030 ejus
1385 975 1571 1018 versasti
1585 975 1629 1016 in
1642 975 1893 1017 infirmitate

1073 1046 1174 1086 ejus.

1123 1090 1218 1141 Ego
1239 1089 1342 1132 dixi:
1361 1089 1549 1131 D6mine
1567 1088 1774 1130 miserere
1792 1087 1893 1129 mei:

1072 1149 1095 1175 *
1124 1159 1229 1188 sana
1257 1146 1446 1187 animam
1471 1157 1628 1195 meam,
1662 1144 1764 1196 quia
1793 1156 1892 1196 pec-

1073 1203 1169 1246 cavi
1188 1202 1278 1245 tibi.

1123 1259 1291 1301 Inimici
1315 1258 1401 1300 mei
1423 1258 1625 1300 dixerunt
1642 1257 1756 1298 mala
1773 1255 1893 1297 mihi:

1072 1317 1096 1342 *
1117 1315 1291 1369 quando
1316 1315 1542 1364 morietur,
1571 1319 1614 1356 et
1635 1312 1797 1367 peribit
1818 1324 1893 1354 no-

1072 1386 1172 1414 men
1193 1372 1303 1425 ejus?

1123 1430 1181 1471 Et
1213 1429 1250 1470 si
1280 1427 1607 1480 ingrediebatur
1637 1431 1686 1468 ut
1715 1423 1895 1475 videret,

1073 1499 1184 1527 vana
1212 1484 1492 1538 loquebatur,
1519 1485 1543 1510 *
1571 1496 1647 1525 cor
1678 1483 1767 1535 ejus
1794 1494 1894 1523 con-

1073 1542 1270 1594 gregavit
1288 1541 1560 1593 iniquitatem
1581 1539 1673 1582 sibi.

1124 1598 1442 1649 Egrediebatur
1469 1598 1604 1647 foras,
1627 1598 1650 1623 *
1677 1600 1720 1638 et
1746 1595 1895 1648 loque-

1072 1655 1200 1697 batur
1218 1655 1261 1695 in
1279 1654 1480 1707 idipsum.

1124 1711 1373 1753 Adversum
1413 1723 1483 1752 me
1526 1708 1811 1751 susurrabant
1851 1720 1894 1750 o-

1073 1781 1196 1810 mnes
1220 1767 1381 1808 inimici
1403 1767 1503 1808 mei:
1521 1767 1545 1792 *
1569 1765 1802 1808 adversum
1825 1777 1895 1806 me

1074 1823 1329 1876 cogitabant
1346 1823 1461 1864 mala
1479 1822 1595 1864 mihi.

1124 1880 1321 1923 Verbum
1351 1880 1547 1932 iniquum
1578 1878 1896 1920 constituerunt

1074 1937 1305 1980 adversum
1323 1949 1407 1978 me:
1421 1938 1445 1964 *
1459 1935 1684 1987 Numquid
1704 1934 1780 1987 qui
1798 1933 1894 1976 dor-

1073 1995 1152 2036 mit
1170 2007 1257 2036 non
1277 1993 1450 2045 adjiciet
1468 1998 1517 2035 ut
1534 1989 1758 2043 resurgat?

1125 2051 1298 2093 Etenim
1315 2050 1448 2092 homo
1467 2050 1588 2103 pacis
1606 2061 1728 2098 meae,
1746 2048 1790 2089 in
1808 2059 1895 2100 quo

1070 2108 1261 2161 'speraviz
1279 2108 1303 2134 *
1325 2107 1398 2159 qui
1420 2105 1579 2148 edebat
1603 2117 1739 2158 panes
1761 2116 1895 2153 meos,

1073 2164 1367 2216 magnificavit
1391 2175 1523 2216 super
1551 2175 1622 2204 me
1648 2160 1895 2214 supplanta·

1074 2221 1249 2263 tionem.

1125 2278 1194 2319 Tu
1212 2282 1358 2319 autem
1371 2276 1560 2318 Damine
1577 2275 1784 2316 miserere
1799 2274 1895 2324 mei,

1075 2339 1119 2376 et
1137 2334 1350 2376 resuscita
1367 2346 1453 2375 me:
1467 2333 1491 2359 *
1507 2337 1551 2374 et
1568 2331 1806 2373 retribuam
1823 2330 1896 2372 eis.

1125 2391 1176 2431 In
1207 2390 1291 2432 hoc
1325 2389 1511 2440 cognovi
1544 2387 1750 2440 quoniam
1775 2386 1895 2428 volu-

1074 2448 1146 2489 isti
1175 2459 1260 2488 me:
1283 2447 1307 2472 *
1334 2447 1540 2499 qu6niam
1571 2457 1659 2486 non
1690 2443 1897 2496 gaudebit

1074 2506 1271 2544 mimicus
1289 2516 1411 2545 meus
1430 2515 1562 2555 super
1579 2514 1660 2542 me.

1125 2560 1196 2601 Me
1221 2564 1367 2601 autem
1396 2564 1580 2612 propter
1604 2556 1896 2599 innoccntiam

1075 2616 1322 2668 suscepisti:
1340 2617 1364 2642 *
1389 2620 1433 2657 et
1461 2613 1729 2656 confirmasti
1754 2625 1824 2654 me
1850 2612 1894 2652 in

1075 2674 1314 2725 conspectu
1331 2677 1407 2713 tuo
1427 2672 1471 2712 in
1490 2673 1711 2713 aeternum.

1125 2728 1389 2770 Benedictus
1429 2728 1643 2769 Dominus
1678 2726 1799 2768 Deus
1835 2725 1894 2766 Is-
