2040 2976
189 199 233 232 34
915 194 974 226 Ad
999 194 1163 226 Sextum.

242 293 339 333 Fiat
362 287 660 331 misericordia
683 292 759 327 tua
787 291 835 326 ut
859 297 1010 326 conso-

1120 279 1168 331 V.
1194 279 1382 330 Adiutor
1408 289 1532 317 meus
1552 279 1665 324 esto,
1690 286 1746 315 ne
1771 272 1892 314 dere-

191 350 302 390 letur
338 359 422 394 me,
459 346 482 370 *
519 342 757 385 seeundum
791 341 1011 392 elequium
1063 338 1234 388 linquas
1267 347 1347 375 me.
1403 336 1452 387 R.
1483 331 1641 382 Neque
1674 328 1892 381 despicias

193 411 312 446 tuum
332 413 458 442 servo
478 405 566 441 tuo.

244 458 430 500 Veniant
453 455 558 496 mihi
582 454 884 495 miserationes
913 456 1011 499 tuae,

193 521 236 556 et
255 515 411 554 vivam:
430 513 452 537 *
475 511 575 563 quia
599 511 668 552 lex
690 515 764 551 tua
784 508 1011 550 meditatio

193 582 287 611 mea
308 574 385 610 est.

245 622 574 665 Confundantur
602 621 794 674 superbi,
824 620 924 672 quia
953 619 1012 659 in-

193 683 303 732 juste
323 679 596 730 iniquitatem
616 678 810 719 fecerunt
828 677 871 716 in
891 688 975 716 me:
989 675 1012 699 *

194 749 274 786 ego
300 740 445 776 autem
471 733 706 775 exercebor
730 733 772 773 in
797 730 1012 772 mandatis

194 793 291 833 tuis.

246 848 565 888 Convertantur
592 844 697 885 mihi
724 845 927 885 timentes
955 847 1013 883 te:

194 905 217 929 *
238 909 281 944 et
302 903 374 954 qui
394 903 606 942 noverunt
626 900 872 941 testimonia
892 905 977 940 tua.

247 959 343 999 Fiat
367 971 441 998 eor
465 970 607 998 meum
627 956 950 998 immaculatum
971 955 1013 994 in

195 1012 571 1066 justificationibus
586 1013 681 1060 tuis,
701 1013 723 1036 *
744 1016 790 1052 ut
808 1024 895 1052 non
915 1023 1013 1052 eon-

196 1070 361 1111 fundar.

250 1129 345 1167 Ant.
379 1126 567 1176 Alleluia,
587 1125 766 1175 alleluja,
794 1123 973 1173 alleluia.

246 1198 416 1237 Sequens
435 1194 556 1235 Capit.
583 1198 617 1225 et
644 1192 717 1224 alia
736 1192 772 1224 in
792 1191 878 1224 aliis
896 1190 1012 1223 Horis

195 1244 371 1276 dicuntur
404 1243 437 1275 in
470 1242 576 1274 Dom.
604 1251 622 1273 a
656 1240 716 1272 ΙΙΙ.
749 1244 837 1281 post
863 1238 1012 1271 Pcntcc.

196 1302 314 1332 nsque
334 1290 378 1323 ad
400 1290 626 1322 Adventum.
654 1286 913 1329 Responsoria
932 1286 1012 1318 bre-

196 1339 254 1370 via
282 1338 392 1370 ctiam
421 1336 553 1369 eodem
579 1341 748 1377 tempore
775 1334 950 1367 similiter
978 1339 1013 1367 et

195 1397 279 1427 quac
305 1396 407 1427 sequ.
436 1385 471 1416 in
499 1383 619 1416 feriali
646 1383 792 1415 Officio

246 1439 500 1491 Capitulum.
653 1440 679 1477 1.
700 1439 850 1477 Joann.
871 1439 906 1475 4.
929 1448 961 1475 e.

196 1496 360 1598 Deus
376 1497 534 1538 caritas
554 1502 635 1538 est:
655 1502 698 1537 et
719 1497 793 1548 qui
808 1500 954 1537 manet
973 1497 1017 1536 in

301 1553 493 1601 caritate,
506 1553 550 1592 in
559 1553 655 1593 Deo
671 1557 828 1601 manet,
843 1557 887 1593 et
897 1552 1018 1593 Deus

199 1609 243 1649 in
261 1621 325 1649 eo.

249 1664 297 1714 Rg.
318 1662 377 1702 br.
410 1663 573 1704 Inclina
598 1676 673 1704 eor
692 1676 837 1704 meum
855 1663 976 1704 Deus
992 1663 1013 1684 *

199 1719 249 1759 In
257 1718 503 1760 testimonia
510 1724 595 1760 tua.
610 1719 784 1760 Inclina.
796 1716 844 1766 Y.
855 1719 1019 1761 Averte

201 1774 351 1815 oculos
366 1787 499 1823 meos,
514 1788 568 1815 ne
583 1774 758 1816 videant
769 1775 1019 1816 vanitatem:

201 1831 244 1870 in
268 1830 336 1870 via
360 1835 435 1870 tua
458 1831 628 1871 vivifica
651 1844 731 1872 me.
771 1831 832 1871 In.
871 1831 1020 1873 Gloria

201 1886 330 1926 Patri.
358 1886 531 1927 Inclina.

250 1938 298 1988 δ”.
338 1941 431 1991 Ego
465 1941 568 1991 dixi,
600 1942 787 1983 Domine
814 1943 1020 1985 miserere

201 1997 297 2037 mei.
320 1999 368 2048 Ru
399 1997 512 2038 Sana
531 1997 718 2038 animam
737 2011 895 2048 meam,
921 2000 1021 2051 quia

202 2052 381 2103 peccavi
400 2053 489 2094 tibi.

254 2112 297 2150 ln
342 2110 472 2149 feriali
517 2110 672 2149 Officio
714 2122 791 2160 per
834 2109 1016 2149 Annum.

202 2167 297 2206 Ant.
344 2162 493 2204 Deduc
519 2176 588 2205 me
612 2164 800 2206 D6mine
827 2165 870 2205 in
899 2167 1021 2207 semi-

203 2222 292 2258 tam
311 2218 613 2260 mandatorum
631 2222 815 2261 tuorum.

252 2289 507 2339 Capitulum.
681 2289 834 2328 Jerem.
858 2289 910 2327 17.
933 2302 964 2327 c.

205 2340 354 2447 Sana
373 2360 441 2388 me
456 2348 642 2389 Demine
662 2354 705 2390 et
720 2350 922 2391 sanAbor:
942 2351 1022 2392 sal-

291 2415 392 2443 vum
410 2416 478 2444 me
494 2403 571 2452 fac,
587 2409 630 2445 et
645 2404 790 2446 salvus
807 2419 897 2447 ero:
919 2409 1022 2459 quo-

204 2457 317 2497 niam
337 2457 429 2498 laus
449 2472 545 2500 mea
564 2465 611 2500 tu
631 2473 688 2501 es.

257 2518 301 2567 Η.
315 2517 373 2555 br.
394 2515 505 2555 Sana
516 2516 702 2556 animam
716 2519 898 2566 meam,*
913 2519 1023 2568 Quia

204 2570 381 2620 peccavi
414 2570 502 2611 tibi.
547 2571 669 2612 Sana.
707 2572 755 2620 δ”.
791 2573 885 2623 Ego
919 2573 1023 2622 dixi,

206 2624 391 2666 Domine
411 2627 616 2668 miserere
639 2628 735 2669 mei.
768 2629 888 2678 Quia.
922 2630 1023 2671 (ilo-

205 2679 267 2720 ria
286 2680 414 2722 Patri.
442 2682 564 2723 Sana.

1064 405 1132 433 me
1152 392 1272 432 Deus
1293 388 1497 430 salutaris
1516 399 1651 427 meus.

1119 462 1282 504 Quando
1314 460 1362 495 ad
1387 460 1517 494 Matut.
1550 458 1664 492 dictae
1696 462 1784 492 sunt
1808 457 1896 491 Pre-

1068 523 1145 550 ces,
1183 510 1230 544 ad
1260 509 1447 550 Tertiam,
1487 508 1645 541 Sextam
1676 510 1713 540 et
1742 505 1895 539 Nonam

1067 559 1177 593 flexis
1203 557 1366 600 genibus
1392 555 1550 588 dicitur:

1163 614 1255 666 yrie
1289 612 1465 653 eleison.
1509 609 1686 653 Christe
1719 609 1895 651 eleison.

1196 669 1327 721 Kyrie
1347 667 1524 709 eleison.

1120 727 1245 766 Pater
1264 730 1425 766 noster.
1450 726 1633 763 secreto.

1120 778 1169 829 V.
1186 782 1242 822 Et
1260 794 1314 822 ne
1333 792 1414 820 nos
1434 778 1618 820 inducas
1633 778 1678 818 in
1692 777 1895 819 tentatio-

1066 851 1175 878 nem.
1206 839 1256 890 R.
1272 835 1359 878 Sed
1376 835 1515 876 libera
1534 847 1615 875 nos
1635 847 1662 875 a
1680 833 1810 874 malo.

1122 890 1171 941 V'.
1194 893 1383 934 Domine
1407 892 1529 932 Deus
1554 891 1767 931 virtutum
1795 902 1896 931 con-

1067 951 1187 990 verte
1215 962 1308 989 nos.
1360 951 1410 1001 R.
1435 948 1492 988 Et
1525 945 1710 988 ostende
1739 945 1897 987 faciem

1067 1010 1197 1054 tuam,
1219 1010 1263 1046 et
1283 1004 1393 1045 salvi
1412 1004 1585 1044 erimus.

1123 1059 1171 1110 ‚vt
1192 1061 1392 1110 Exsurge
1412 1059 1603 1108 Christe,
1628 1057 1786 1110 adjuva
1803 1069 1897 1099 nos.

1072 1121 1119 1172 Rg.
1149 1117 1206 1158 Et
1237 1116 1374 1157 libera
1405 1128 1487 1156 nos
1519 1119 1705 1167 propter
1735 1126 1897 1155 nomen

1068 1178 1201 1214 tuum.

1121 1227 1171 1278 V
1214 1228 1404 1269 Do'mine
1450 1226 1610 1268 exaudi
1651 1226 1899 1268 orationem

1067 1297 1220 1326 meam.
1266 1287 1314 1337 Ιςι.
1343 1285 1400 1325 Et
1428 1283 1593 1325 clamor
1620 1295 1745 1324 meus
1772 1281 1830 1324 ad
1853 1286 1899 1323 te

1068 1341 1224 1382 veniat.

1122 1396 1170 1447 V
1205 1396 1422 1437 Deminus
1459 1395 1701 1437 vobiscum.
1750 1398 1801 1450 R.
1841 1394 1900 1436 Et

1070 1465 1167 1493 eum
1188 1453 1346 1504 spiritu
1363 1457 1453 1493 tuo.

1117 1522 1288 1556 Oremus.
1316 1522 1448 1556 Oratio
1474 1519 1721 1555 conveniens.

1286 1593 1290 1594 ν
1313 1593 1317 1595 -
1353 1582 1692 1605 *ᾗΘω--ῇ-

1324 1644 1403 1685 Aa
1430 1626 1648 1686 sextam.

1130 1713 1258 1751 Pater
1276 1716 1438 1752 noster.
1467 1713 1562 1753 Ave
1579 1710 1730 1751 Maria.

1125 1768 1246 1807 Deus
1265 1767 1308 1807 in
1328 1766 1602 1819 adjutorium.
1622 1766 1682 1807 14.

1378 1834 1589 1884 Hymnus.

1097 1886 1308 1990 Rector
1327 1892 1497 1940 potens,
1517 1900 1652 1929 verax
1670 1887 1804 1936 Deus,

1208 1943 1291 1992 Qui
1310 1945 1533 1996 temperas
1552 1956 1700 1985 rerum
1718 1943 1849 1992 vices,

1149 1998 1393 2051 Splendore
1412 2012 1539 2041 mane
1558 1999 1790 2050 illuminas,

1150 2055 1206 2096 Et
1225 2055 1398 2105 ignibus
1417 2055 1660 2097 meridiem:

1105 2123 1341 2171 Exstingue
1361 2121 1560 2162 flammas
1578 2120 1731 2169 litium,

1151 2176 1287 2217 Aufer
1307 2176 1499 2218 calorem
1518 2176 1710 2225 nexium,

1152 2231 1310 2273 Confer
1331 2232 1518 2274 salutem
1537 2234 1785 2285 corporum,

1151 2288 1402 2340 Veramque
1422 2301 1578 2341 pacem
1598 2287 1808 2329 cordium.

1104 2353 1281 2401 Praesta,
1299 2353 1431 2394 Pater
1449 2353 1657 2405 piissime,

1151 2408 1358 2460 Patrique
1378 2421 1560 2460 compar
1578 2409 1728 2458 Unice,

1153 2463 1261 2504 Cum
1279 2465 1444 2516 Spiritu
1461 2464 1682 2505 Paraclito

1153 2520 1358 2571 Regnans
1376 2533 1456 2572 per
1476 2533 1605 2562 omne
1625 2518 1846 2561 saeculum.

1241 2592 1248 2602 »
1384 2576 1538 2617 Amen.

1132 2634 1173 2672 ln
1207 2634 1329 2672 Hom.
1358 2646 1436 2683 per
1468 2633 1650 2671 Annum.
1691 2631 1790 2670 Ant.
1832 2629 1904 2670 ΑΙ-

1075 2687 1213 2739 leluja.
