2040 2976
627 199 697 233 Die
722 199 774 232 25.
794 197 899 232 ιῘ11111.
947 198 981 231 S.
1006 197 1146 231 Jacobi
1171 197 1363 239 Apostoli.

143 313 242 342 eum
268 299 455 340 daxerat
481 297 537 339 ad
561 296 770 345 tribunal,
797 294 971 336 fortiter

142 355 400 419 martyrium
411 354 673 396 subeuntem
684 352 878 400 vidisset,
894 354 972 391 sta-

141 412 221 454 tim
236 424 283 453 se
298 416 342 453 et
351 411 447 463 ipse
460 409 756 451 Christianum
767 419 864 449 esse
879 419 972 459 pro-

142 468 285 510 fessus
305 472 383 508 est.

195 538 246 590 R.
263 536 392 578 Beati
410 535 526 585 estis,
548 547 648 576 cum
665 508 972 575 maledixerint

143 593 271 634 vobis
284 592 496 641 homines,
516 595 560 632 et
573 589 796 643 persecati
809 602 890 630 vos
909 589 971 630 fu—

145 650 271 699 erint,
296 653 340 690 et
359 648 549 690 dixerint
569 659 698 689 omne
716 645 880 687 malum
899 645 971 687 ad-

143 708 319 747 versum
347 718 446 755 vos,
478 703 756 752 mentientes,
787 706 973 755 propter

143 775 228 803 m:e
248 761 271 785 *
286 761 488 803 Gaudete
508 765 553 801 et
572 758 800 809 exsultate,
822 758 972 823 quoni-

144 832 215 859 am
242 831 412 860 merces
440 822 587 858 vestra
616 816 799 868 copiosa
831 819 898 856 est
929 815 973 855 in

144 875 280 916 coelis.
320 867 370 919 V
391 875 500 916 Cum
529 885 611 914 vos
637 870 810 913 oderint
836 871 973 912 homi-

144 944 238 981 1105,
273 936 316 973 et
344 944 444 972 cum
471 928 771 982 separaverint
799 941 897 979 vos,
931 932 975 969 et

144 987 524 1040 exprobraverint,
573 990 617 1027 et
654 985 859 1036 ejecerint
899 997 973 1026 no-

143 1056 244 1085 men
258 1049 454 1085 vestrum
463 1047 689 1093 tamquam
703 1042 867 1082 malum
881 1054 975 1094 pro-

143 1105 243 1151 pter
270 1100 428 1140 Filium
453 1098 655 1139 hominis.

145 1157 373 1198 exsultate.

449 1239 600 1280 Lectio
622 1240 673 1279 vi.

228 1300 258 1342 d
287 1299 551 1353 supplicium
579 1311 678 1340 cum
704 1299 974 1350 raperentur,

255 1356 383 1409 petiit
418 1355 491 1396 1110
529 1368 554 1396 3
585 1354 754 1396 Jacobo
787 1355 974 1396 veniam:

147 1426 277 1465 quem
295 1413 317 1453 J
323 1411 489 1453 acobus
515 1411 753 1460 osculatus,
780 1411 888 1460 Pax,
915 1411 974 1451 in-

146 1469 254 1521 quit,
285 1468 366 1511 tibi
394 1468 459 1509 sit.
510 1469 666 1519 Itaque
693 1469 878 1519 uterque
909 1472 976 1508 est

145 1526 289 1567 securi
307 1528 560 1578 percussus,
587 1537 687 1565 cum
711 1524 846 1576 paulo
873 1530 975 1566 ante

144 1583 168 1623 J
172 1582 337 1624 acobus
348 1581 639 1634 paralyticum
651 1583 860 1622 sanasset.
880 1581 976 1621 Cor-

144 1652 228 1692 pus
278 1639 370 1691 ejus
420 1639 579 1690 postea
630 1637 976 1690 Compostellam

145 1695 407 1736 translatum
440 1698 523 1745 est,
555 1693 632 1735 ubi
665 1707 835 1735 summa
866 1694 975 1735 cele-

144 1750 306 1792 britate
331 1750 505 1799 colitur,
534 1749 896 1791 convenientibus
923 1763 976 1791 eo

145 1807 371 1858 religionis
391 1811 435 1848 et
450 1807 543 1848 voti
558 1819 690 1848 causa
710 1819 764 1847 ex
778 1811 876 1847 toto
891 1811 975 1847 ter-

146 1865 294 1904 rarum
324 1862 432 1904 orbe
458 1863 715 1915 peregrinis.
763 1862 977 1903 Memoria

146 1919 285 1972 ipsius
321 1919 480 1961 natalis
516 1918 733 1960 hodierno
771 1918 860 1968 die,
904 1918 978 1970 qui

146 1975 446 2017 translationis
471 1975 565 2017 dies
591 1980 673 2025 est,
698 1975 753 2016 ab
778 1974 978 2016 Ecclesia

148 2031 411 2081 celebratur,
438 2045 538 2073 cum
559 2031 656 2084 ipse
683 2031 799 2075 circa
817 2031 978 2072 festum

146 2087 330 2129 Paschae
360 2088 528 2140 primus
557 2087 879 2140 Apostolorum
910 2088 934 2128 J
937 2100 976 2129 e-

148 2143 380 2196 rosolymis
407 2145 591 2197 profuso
619 2144 829 2195 sanguine
857 2144 976 2185 testi-

148 2200 344 2241 monium
361 2200 386 2241 J
389 2213 467 2241 esu
486 2200 663 2242 Christo
684 2199 866 2242 dederit.

204 2269 256 2320 Rz.
277 2269 358 2310 Isti
381 2274 481 2311 sunt
499 2270 843 2322 triumphatores
869 2273 913 2310 et
936 2282 976 2309 a-

148 2325 250 2366 mici
274 2325 373 2374 Dei,
403 2325 477 2377 qui
505 2327 835 2367 contemnentes
857 2325 979 2376 jussa

149 2381 413 2434 principum,
440 2383 692 2423 meruerunt
715 2381 897 2433 praemia
923 2393 977 2421 30-

149 2439 287 2479 terna:
314 2438 337 2462 *
351 2437 486 2479 Modo
507 2439 786 2485 coronantur,
806 2441 849 2478 et
869 2439 978 2478 acci-

149 2494 275 2546 piunt
293 2494 496 2545 palmam.
528 2488 578 2539 V.
595 2493 676 2535 Isti
695 2498 795 2533 sunt
817 2492 891 2544 qui
908 2506 978 2534 ve-

149 2551 307 2591 nerunt
338 2563 392 2591 ex
419 2562 578 2600 magna
603 2548 903 2598 tribulatione,
936 2554 980 2590 et

149 2605 350 2647 laverunt
383 2606 519 2647 stolas
554 2617 655 2646 suas
691 2605 735 2645 in
769 2605 979 2656 sanguine

151 2662 277 2713 Agni.
326 2661 462 2703 Modo
496 2663 775 2703 coronantur.
831 2660 980 2702 Gloria

150 2718 280 2760 Patri.
315 2718 451 2759 Modo
472 2719 751 2759 coronantur.

307 2858 369 2882 Pars
386 2858 494 2881 AEstiva.

697 1097 899 1139 Gaudete
931 1103 974 1139 et
1144 1114 1155 1154 3

1248 306 1298 345 In
1316 306 1387 345 111.
1407 306 1631 345 Nocturno

1028 373 1179 435 Lectio
1200 375 1340 415 sancti
1362 375 1589 426 Evangelii
1612 376 1855 418 secundum

1307 431 1576 473 Matthaeum.

1132 502 1284 543 Lectio
1306 502 1373 541 vii.
1507 501 1610 552 Cap
1627 501 1696 539 20.
1715 513 1748 540 0.

1023 565 1100 672 In
1123 570 1198 611 illo
1222 572 1438 623 tempore:
1473 572 1675 612 Accessit
1702 572 1759 613 ad
1788 573 1855 614 .Ῐο-

1099 640 1196 668 511111
1236 632 1377 668 mater
1420 627 1610 669 filiorum
1646 628 1857 670 Zebedaei

1026 697 1127 724 cum
1151 683 1252 724 filiis
1280 683 1386 733 suis,
1414 682 1604 725 adorans
1634 690 1677 726 et
1700 690 1857 737 petens

1026 740 1200 792 aliquid
1212 739 1267 781 ab
1289 752 1353 781 eo.
1389 740 1446 781 Et
1465 740 1644 793 reliqua.

1167 831 1358 873 Homilia
1378 831 1517 873 sancti
1536 832 1561 872 J
1564 833 1716 873 oannis

1288 888 1602 940 Chrysostomi.

1160 958 1331 991 Homilia
1355 960 1407 991 (jo
1435 958 1470 990 111
1498 956 1634 990 Matth
1631 965 1733 989 cum.

1123 1031 1218 1083 11011
1236 1018 1438 1060 turbetur
1458 1018 1705 1070 quisquam,
1728 1020 1765 1060 si
1785 1020 1857 1062 ad-

1180 1088 1232 1116 eo
1248 1075 1534 1128 imperfectos
1551 1075 1735 1117 dicimus
1749 1077 1861 1141 Apo-

1179 1131 1319 1173 stolos
1346 1132 1496 1172 fuisse:
1523 1132 1718 1173 nondum
1746 1133 1860 1174 enim

1027 1188 1286 1241 mysterium
1308 1188 1449 1229 crucis
1475 1193 1568 1229 erat
1588 1192 1859 1230 consumma-

1027 1250 1140 1294 tum,
1184 1244 1380 1286 nondum
1417 1244 1558 1295 gratia
1594 1245 1782 1297 Spiritus
1817 1246 1861 1285 in

1029 1301 1165 1342 corda
1179 1301 1378 1353 ipsorum
1392 1301 1546 1341 infusa.
1579 1300 1709 1350 Quod
1726 1301 1763 1342 si
1778 1302 1859 1343 vir-

1028 1361 1168 1399 tatem
1188 1357 1387 1409 ipsorum
1408 1356 1578 1398 discere
1599 1358 1733 1409 cupis,
1758 1370 1859 1409 qua-

1028 1413 1102 1455 105
1129 1419 1233 1466 post
1270 1413 1419 1454 datam
1454 1414 1640 1463 gratiam
1672 1414 1860 1466 Spiritus

1029 1470 1205 1519 faerint‚
1243 1469 1492 1519 considera,
1531 1475 1573 1511 et
1610 1469 1780 1511 videbis
1817 1483 1860 1511 o-

1028 1539 1173 1567 mnem
1199 1525 1254 1567 ab
1279 1526 1366 1566 illis
1389 1528 1645 1578 perversam
1669 1525 1860 1567 affectio-

1028 1595 1129 1624 nem
1157 1582 1291 1623 fuisse
1316 1584 1579 1634 superatam.
1619 1583 1716 1623 Hac
1746 1583 1860 1623 enim

1030 1639 1086 1680 de
1106 1652 1238 1680 causa
1258 1641 1411 1680 eorum
1432 1638 1566 1680 modo
1586 1639 1860 1691 imperfectio

1030 1696 1262 1746 revelatur,
1281 1700 1330 1736 ut
1345 1697 1498 1748 aperte
1513 1698 1744 1748 percipere
1760 1708 1861 1748 pos-

1031 1753 1106 1802 sis,
1135 1752 1288 1804 quales
1313 1751 1461 1793 subito
1486 1765 1566 1804 per
1591 1752 1780 1803 gratiam
1805 1752 1861 1792 ef-

1030 1809 1132 1850 fecti
1168 1809 1355 1849 fuerunt.
1410 1808 1540 1857 Quod
1580 1808 1714 1857 igitur
1757 1808 1863 1848 nihil

1031 1864 1228 1917 spiritale
1251 1864 1478 1917 petebant,
1504 1877 1586 1905 nec
1612 1864 1667 1905 de
1693 1864 1863 1905 coelesti

1030 1933 1167 1971 regno
1197 1921 1439 1972 quidquam
1467 1920 1735 1971 cogitabant,
1765 1933 1862 1972 per-

1031 1979 1233 2029 spicuum
1265 1981 1342 2018 est.
1390 1976 1478 2018 Sed
1510 1981 1657 2018 tamen
1688 1977 1861 2028 inspici-

1031 2035 1154 2074 amus
1175 2034 1306 2074 etiam
1326 2032 1553 2084 quomodo
1573 2033 1796 2082 accedant,
1819 2038 1863 2074 et

1033 2089 1140 2141 quid
1172 2089 1331 2131 dicant.
1381 2089 1616 2139 Volumus,
1648 2090 1862 2141 inquiunt,

1031 2151 1080 2187 ut
1102 2145 1414 2197 quodcl'imque
1433 2146 1707 2197 petierimus,
1727 2145 1863 2186 facias

1032 2201 1171 2243 nobis.
1222 2201 1295 2243 Ad
1333 2201 1453 2254 quod
1491 2201 1707 2252 Christus,
1748 2201 1864 2251 Quid

1032 2257 1186 2299 vultis?
1231 2257 1478 2310 respondit:
1522 2271 1612 2299 non
1655 2259 1863 2309 ignorans

1033 2318 1162 2363 certe,
1182 2312 1261 2355 sed
1280 2319 1329 2355 ut
1344 2325 1420 2355 eos
1435 2313 1707 2366 respondere
1723 2318 1863 2364 cogat,

1033 2374 1077 2410 et
1090 2369 1215 2410 ulcus
1232 2369 1420 2421 detegat,
1439 2374 1482 2410 et
1498 2370 1561 2411 ita
1574 2369 1863 2411 medicamen-

1033 2429 1127 2465 tum
1146 2427 1353 2477 apponat.

1086 2497 1136 2548 R.
1161 2495 1242 2536 Isti
1267 2499 1367 2536 sunt
1394 2495 1469 2547 qui
1487 2495 1686 2537 viventes
1710 2495 1753 2535 in
1773 2507 1862 2535 031·-

1032 2563 1104 2614 ne,
1140 2551 1451 2603 plantaverunt
1487 2550 1731 2592 Ecclesiam
1767 2552 1862 2590 san-

1033 2606 1162 2657 guine
1181 2619 1276 2648 suo:
1298 2608 1321 2631 *
1341 2606 1535 2648 Calicem
1549 2605 1726 2647 Domini
1745 2605 1862 2646 bibe-

1032 2667 1149 2712 runt,
1169 2666 1213 2703 et
1232 2662 1361 2703 amici
1380 2662 1465 2703 Dei
1483 2662 1587 2702 facti
1606 2665 1716 2702 sunt.
1743 2654 1793 2705 V.
1811 2661 1863 2700 In

1034 2730 1211 2759 omnem
1226 2722 1389 2759 terram
1404 2718 1539 2759 exivit
1553 2729 1687 2758 sonus
1699 2718 1862 2766 eorum,

1589 2844 1655 2876 29⁸
