2040 2976
534 199 604 232 Die
632 199 681 233 12.
706 199 812 232 Julii.
860 201 894 233 S.
920 199 1084 233 Joannis
1111 198 1312 232 Gualbcrti
1336 198 1511 232 Abbatis.

166 293 394 336 Pontificis
424 293 717 343 mansionem,
753 294 882 336 titulo
920 294 998 335 Pa-

167 350 299 392 storis
319 348 497 400 dicavit,
523 355 567 392 et
592 350 635 390 in
661 362 748 402 qua
767 363 887 403 saepe
906 363 999 392 rem

169 420 339 448 sacram
364 406 482 456 fecit,
518 411 562 448 et
591 407 755 448 multos
781 407 837 448 ad
865 407 999 449 fidem

167 465 407 505 conversos
439 463 702 516 baptizavit,
735 477 787 505 ac
819 463 863 505 in
895 463 998 505 fide-

166 521 271 562 lium
308 524 537 562 numerum
575 520 821 573 adscripsit.
883 521 998 562 Dum

167 591 273 619 vero
302 578 407 619 boni
433 578 630 619 Pastoris
659 591 816 619 munus
844 578 998 626 obiret,
1056 581 1093 635 [ᾖ
1122 579 1125 583 ’

166 635 263 676 fuso
301 647 383 687 pro
421 635 511 675 suis
549 634 705 676 ovibus
742 640 786 676 et
818 635 998 676 Summo

166 691 351 733 Pastore
380 691 555 733 Christo
584 692 813 743 sanguine,
840 695 998 745 marty-

166 749 231 790 rio
252 751 489 790 coronatus
509 754 576 790 est
597 749 749 801 quinto
765 748 871 790 Idus
885 749 909 789 J
912 749 999 798 ulii,

166 818 218 846 ac
235 805 436 858 sepultus
455 806 499 846 in
518 806 751 847 Vaticano.

219 863 282 904 Te
301 862 445 904 Deum
464 861 708 904 laudamus.
725 862 783 902 13.

219 920 289 961 Ad
305 920 439 961 Laud.
466 921 565 961 Ant.
592 919 675 970 Qui
695 919 790 961 odit
810 919 998 960 animam

167 989 290 1017 suam
308 977 352 1017 in
371 976 457 1018 hoc
471 975 648 1025 mundo,
668 976 711 1016 in
726 976 860 1017 vitam
875 978 997 1018 aeter-

167 1046 267 1074 nam
288 1033 482 1075 custodit
501 1046 609 1074 eam.
890 1071 893 1075 .

221 1085 270 1136 W.
321 1091 472 1132 Justus
522 1095 570 1131 ut
619 1090 766 1142 palma
812 1090 998 1132 florebit.

168 1148 219 1200 R.
257 1148 377 1189 Sicut
410 1147 568 1189 cedrus
602 1146 759 1189 Libani
791 1147 998 1201 multipli-

167 1204 348 1246 cabitur.

439 1284 523 1326 Die
542 1285 600 1325 12.
619 1284 643 1325 J
646 1284 732 1326 ulii.

198 1349 240 1390 S.
260 1349 291 1390 J
293 1348 471 1389 oannis
492 1348 754 1390 Gualberti
774 1349 973 1391 Abbatis.

498 1407 663 1450 Duplex.

223 1459 358 1493 Omnia
392 1460 437 1494 dc
469 1461 613 1494 Comm.
645 1460 753 1494 Conf.
784 1470 861 1493 non
890 1459 999 1494 Pont.

167 1507 236 1551 [67]
265 1514 405 1550 practer
428 1519 533 1551 sequ.

504 1560 667 1602 Oratio.

213 1617 456 1659 ntercessio
489 1629 587 1666 nos,
625 1619 877 1668 quaesumus
910 1617 998 1658 Do-

221 1674 348 1724 mine,
358 1673 478 1716 beati
488 1674 513 1714 J
516 1674 669 1714 oannis
682 1673 871 1715 Abbatis
883 1686 997 1715 com-

166 1730 361 1773 mendet:
401 1735 450 1772 ut
483 1729 603 1782 quod
635 1730 799 1772 nostris
832 1730 999 1771 meritis

166 1801 254 1829 non
274 1787 482 1836 valemus,
503 1788 594 1839 ejus
612 1787 861 1840 patrocinio
882 1799 998 1829 asse-

170 1847 365 1897 quamur.
392 1844 477 1885 Per
496 1844 747 1885 Dominum.

222 1903 267 1936 Et
297 1902 335 1935 fit
364 1912 561 1935 commem.
590 1901 647 1935 Ss.
672 1901 843 1936 Naboris
871 1906 907 1935 et
932 1902 997 1936 Fc-

170 1951 256 1985 licis
281 1951 388 1984 Mart.

222 2000 320 2038 Ant.
358 1998 548 2038 Istorum
579 2002 646 2039 est
675 1997 790 2038 enim
818 2009 1001 2048 regnum

169 2053 393 2103 coelorum,
410 2053 484 2105 qui
497 2055 856 2106 contempserunt
866 2054 1002 2096 vitam

168 2109 334 2161 mundi,
365 2115 408 2151 et
426 2112 724 2162 pervenerunt
744 2110 801 2151 ad
819 2111 1001 2163 praemia

170 2167 309 2218 regni,
342 2172 386 2208 et
417 2167 618 2209 laverunt
649 2167 785 2209 stolas
821 2181 922 2209 suas
957 2168 1001 2209 in

169 2224 378 2274 sanguine
398 2224 525 2275 Agni.

225 2279 276 2330 W.
298 2280 530 2322 Laetamini
554 2281 598 2321 in
623 2282 832 2330 Domino,
862 2286 905 2323 et
931 2294 1001 2323 ex-

169 2336 329 2378 sultate
359 2337 469 2388 justi.
520 2339 569 2389 R.
596 2337 653 2378 Et
681 2338 929 2388 gloriamini
957 2351 1000 2379 0-

168 2406 292 2435 mnes
311 2394 420 2435 recti
440 2393 585 2435 corde.

509 2450 674 2491 Oratio.

169 2503 383 2610 Praesta
420 2509 671 2559 quaesumus
707 2507 910 2549 Domine:
954 2514 1003 2551 ut

265 2564 378 2606 sicut
394 2577 476 2606 nos
492 2566 745 2605 sanctorum
760 2564 1002 2616 Martyrum

169 2623 346 2663 tuorum
360 2620 553 2662 Neboris
574 2626 617 2661 et
632 2620 790 2661 Felicis
806 2620 1003 2663 natalitia

171 2677 437 2720 celebranda
455 2690 545 2719 non
564 2676 790 2726 deserunt,
814 2677 874 2719 ita
899 2678 1002 2728 iugi-

169 2741 237 2777 ter
252 2734 472 2786 suffragiis
487 2734 760 2776 comitentur.
779 2734 864 2775 Per
875 2734 1002 2774 Dfim.

1103 295 1145 329 In
1178 295 1204 330 Ι.
1237 297 1437 330 Nocturno
1471 295 1674 330 Lectiones
1707 295 1753 329 de
1783 295 1881 330 Scri-

1053 349 1164 387 ptura
1190 348 1423 379 occurrente.

1277 404 1325 442 In
1353 404 1403 442 ΙΙ.
1432 403 1656 442 Nocturno.

1354 464 1508 505 Lectio
1528 463 1581 504 iv.

1061 549 1086 571 η
1125 535 1153 573 ,ε
1166 523 1329 563 oannes
1350 522 1618 564 Gualbertus
1642 523 1880 566 Florentiae

1149 599 1159 621 π
1179 578 1318 632 vnobili
1337 581 1496 629 genere
1517 584 1657 629 ortus,‚
1684 579 1788 621 dum
1806 594 1880 634 pa—

1119 654 1142 656 r*
1182 635 1238 676 tri
1265 635 1516 688 obsequens
1535 649 1628 678 rem
1647 636 1880 679 militarem

1052 692 1264 744 sequitur,
1293 692 1409 743 ogo,
1436 694 1591 734 {micus
1621 693 1711 744 ejus
1736 693 1881 744 frater,

1052 748 1268 790 occiditur
1305 762 1329 790 a
1367 752 1709 801 consanguineo:
1751 763 1881 803 quem

1052 818 1150 847 cum
1170 805 1313 846 solum
1334 811 1378 847 et
1396 806 1607 848 inermem
1628 811 1782 848 sancto
1801 807 1880 848 Pa-

1051 863 1254 903 rasceves
1274 862 1345 904 die
1364 863 1389 903 J
1392 865 1557 904 oannes
1582 863 1714 904 armis
1735 876 1787 905 ac
1806 864 1882 905 mi·

1050 918 1201 960 litibus
1238 919 1427 971 stipatus
1465 919 1646 961 obvium
1681 919 1882 969 haberet,

1050 975 1135 1027 ubi,
1151 981 1307 1017 neuter
1332 976 1519 1017 alterum
1547 978 1724 1028 poterat
1751 976 1882 1018 decli-

1050 1034 1171 1081 nare,
1219 1031 1276 1074 ob
1310 1038 1474 1073 sanctae
1509 1033 1651 1074 crucis
1683 1035 1882 1075 reveren-

1050 1089 1166 1137 tiam,
1184 1102 1316 1141 quam
1330 1088 1551 1131 homicida
1563 1090 1762 1142 supplex,
1778 1102 1885 1131 mor-

1050 1151 1140 1187 tem
1159 1146 1330 1198 jamjam
1351 1145 1588 1195 subiturus,
1616 1146 1807 1188 brachiis
1831 1147 1883 1187 si-

1051 1201 1232 1253 gnabat,
1260 1202 1397 1244 vitam
1422 1202 1461 1244 ei
1486 1202 1725 1244 clementer
1742 1201 1883 1244 indul-

1051 1265 1135 1310 get.
1163 1259 1305 1301 Hoste
1319 1259 1363 1299 in
1378 1259 1558 1300 fratrem
1573 1261 1766 1312 recepto,
1785 1261 1884 1312 pro-

1051 1317 1217 1357 ximum
1259 1315 1400 1357 sancti
1436 1315 1629 1357 Miniatis
1671 1315 1884 1368 templum

1052 1376 1258 1415 oraturus
1277 1372 1534 1424 ingreditur,
1558 1372 1634 1414 ubi
1653 1372 1883 1414 adoratam

1053 1429 1262 1471 Crucifixi
1286 1429 1522 1487 imaginem
1547 1433 1681 1482 caput
1705 1429 1788 1471 sibi
1811 1430 1884 1470 fie-

1053 1492 1171 1528 ctere
1205 1486 1433 1539 conspicit.
1475 1487 1573 1537 Quo
1606 1486 1795 1527 mirabili
1826 1486 1884 1528 fa-

1053 1549 1124 1586 cto
1151 1545 1380 1595 permotus
1406 1543 1616 1593 Joannes,
1644 1543 1741 1584 Deo
1768 1546 1884 1584 exin·

1052 1600 1119 1647 de,
1141 1600 1271 1642 etiam
1290 1599 1427 1641 invito
1447 1605 1584 1652 patre,
1603 1599 1791 1642 militare
1810 1599 1882 1642 de-

1052 1657 1208 1706 cernit,
1237 1661 1370 1708 atque
1395 1655 1560 1698 ibidem
1582 1657 1776 1709 propriis
1801 1656 1884 1698 sibi

1051 1714 1253 1755 manibus
1280 1726 1453 1755 comam
1474 1713 1690 1764 totondit,
1718 1726 1770 1755 ac
1793 1726 1883 1755 mo-

1051 1770 1269 1812 nasticum
1288 1769 1488 1811 habitum
1507 1769 1662 1812 induit:
1682 1770 1885 1822 adeoque

1052 1828 1137 1880 piis
1164 1840 1216 1868 ac
1250 1826 1470 1878 religiosis
1498 1827 1734 1869 virtutibus
1761 1827 1886 1869 brevi

1054 1888 1273 1933 coruscat,
1297 1889 1345 1925 ut
1364 1883 1514 1924 multis
1534 1896 1582 1925 se
1602 1883 1885 1937 perfectionis

1054 1941 1277 1994 specimen
1319 1953 1372 1982 ac
1411 1953 1612 1982 normam
1647 1940 1885 1993 praeberet3

1053 1999 1115 2040 ita
1133 2003 1196 2047 ut,
1216 1996 1413 2050 ejusdem
1432 1997 1520 2038 loci
1540 1996 1715 2039 Abbate
1736 1997 1883 2039 defun-

1054 2060 1146 2104 ct0‚
1173 2053 1394 2096 communi
1414 2054 1608 2095 omnium
1627 2060 1734 2096 voto
1754 2055 1798 2095 in
1817 2067 1885 2096 su-

1053 2112 1274 2164 periorem
1294 2110 1541 2161 eligeretur.
1568 2111 1628 2152 At
1647 2111 1731 2152 Dei
1750 2111 1884 2152 famu-

1053 2169 1122 2210 lus
1151 2168 1332 2221 cupiens
1358 2166 1541 2208 subesse
1561 2167 1725 2220 potius,
1755 2180 1886 2219 quam

1053 2226 1264 2278 praeesse,
1293 2224 1349 2265 ad
1372 2224 1539 2275 majora
1565 2224 1711 2265 divina
1736 2224 1885 2265 volun-

1053 2284 1144 2324 tate
1190 2282 1390 2322 servatus
1436 2280 1493 2322 ad
1539 2280 1886 2322 Camaldulensis

1055 2338 1188 2380 eremi
1214 2337 1404 2379 incolam
1429 2337 1728 2379 Romualdum
1755 2336 1886 2390 profi-

1055 2395 1246 2437 ciscitur:
1276 2407 1301 2435 a
1331 2407 1419 2447 quo
1448 2394 1652 2436 coelicum
1677 2394 1745 2435 sui
1767 2393 1885 2435 insti-

1053 2452 1138 2494 tuti
1161 2451 1414 2494 vaticinium
1439 2451 1614 2504 accipit:
1641 2455 1735 2492 tum
1759 2463 1886 2491 suum

1055 2508 1255 2550 ordinem
1290 2507 1371 2549 sub
1400 2507 1552 2558 regula
1579 2507 1719 2548 sancti
1747 2507 1884 2547 Bene-

1056 2564 1162 2607 dicti
1195 2564 1314 2618 apud
1341 2564 1607 2606 Umbrosam
1639 2562 1797 2605 vallem
1824 2562 1885 2603 in-

1056 2622 1207 2663 stituit.

1110 2681 1160 2732 R.
1190 2679 1439 2719 Honestum
1464 2677 1567 2718 fecit
1590 2676 1711 2717 illum
1736 2675 1885 2717 Domi-

1055 2747 1151 2785 nus,
1177 2740 1221 2776 et
1240 2733 1478 2776 custodivit
1497 2745 1596 2775 eum
1615 2732 1670 2774 ab
1690 2732 1884 2782 inimicis,
