2040 2976
554 198 625 232 Dic
650 200 680 233 9.
706 199 883 241 Augusti.
922 200 957 234 S.
982 199 1161 243 Emygdii
1186 199 1313 242 Episc.
1340 203 1376 233 et
1398 199 1505 233 Mart.

482 294 692 344 Hymnus.

223 362 400 401 mperas
424 363 544 398 saxo,
563 351 740 392 latitans
759 353 941 404 repente

254 406 455 459 Lympha
479 408 715 476 consurgit,
739 409 915 450 fluitans
939 422 1003 450 sa-

228 519 369 562 Fonte
394 464 612 573 bapffiffl'
637 520 918 573 populosque
941 521 1002 562 lu-

329 582 684 675 Flumiggrsagcro.

177 697 368 739 Pectoris
388 697 523 740 duros
543 699 689 740 silices
708 699 884 751 repelle,

226 753 416 796 Saxeum
436 754 582 797 cordis
599 754 755 797 tumidi
775 756 966 806 rigorem

228 811 432 862 Contere,
478 817 525 854 ut
570 811 724 854 sordes
769 812 1002 853 lacrimosa

485 882 665 911 manans

327 924 492 967 Abluat
510 926 638 968 unda.

177 987 274 1029 Non
293 989 420 1031 times
440 991 548 1031 saevi
567 991 734 1033 rabiem
751 991 936 1044 tyranni,

225 1045 445 1098 Sanguine
470 1046 627 1098 effuso,
651 1051 864 1099 generose
890 1048 1000 1089 Mar-

482 1108 568 1156 tyr:

226 1159 338 1209 Quin
356 1159 436 1202 tibi
453 1161 697 1203 abscissum
713 1166 845 1215 caput
861 1174 1001 1214 usque

484 1217 541 1259 ad
561 1231 658 1259 aras

329 1273 530 1315 Mortuus
550 1274 690 1316 effers.

172 1335 300 1379 Nunc
322 1339 615 1392 triumphator
642 1353 775 1394 super
798 1347 916 1383 astra
934 1353 997 1382 re-

483 1410 634 1448 gnans,

224 1452 432 1494 Semitam
452 1453 580 1495 nobis
605 1453 861 1507 aditumque
879 1468 1000 1497 mon-

482 1515 587 1552 stra:

225 1565 455 1618 supplices
482 1565 640 1609 ductor
659 1568 832 1618 genitos
853 1571 1001 1621 super-

482 1637 550 1664 nis

327 1678 514 1721 Sedibus
533 1680 654 1722 infer.

175 1744 351 1785 Annuat
370 1745 484 1787 coelo
504 1746 635 1788 Pater
653 1751 785 1798 atque
804 1747 956 1797 Natus,

224 1790 382 1850 Afiuat,
403 1814 584 1854 compar
603 1803 832 1856 utriusque
852 1805 1000 1854 virtus,

223 1856 410 1908 Spiritus
429 1859 553 1909 votis,
573 1859 694 1900 Deus
714 1873 825 1901 unus
845 1861 962 1902 omni

327 1913 560 1967 Temporis
579 1928 687 1957 aevo.
715 1916 867 1959 Amen.

403 1988 452 2027 In
479 1988 508 2026 I.
537 1987 759 2027 Nocturno.

223 2050 320 2089 Ant.
342 2048 553 2092 Circuivit
570 2055 742 2102 terram,
767 2056 811 2093 et
829 2065 997 2104 peram-

172 2102 339 2146 bulavit
367 2118 479 2156 eam,
507 2112 556 2148 ut
583 2113 732 2149 notam
761 2109 926 2151 faceret
954 2110 997 2150 in

172 2161 347 2213 populis
376 2162 559 2212 gloriam
586 2164 681 2205 Dei.

219 2219 280 2254 Ps.
302 2220 417 2254 trium
433 2220 543 2255 Noct.
566 2220 613 2255 de
630 2221 735 2255 Com.
754 2221 868 2255 unius
885 2220 993 2255 Mart.

224 2274 319 2314 Ant.
367 2272 545 2317 Virtute
591 2289 747 2328 magna
782 2277 998 2321 reddebat

171 2329 468 2371 testimonium
500 2333 658 2373 summi
689 2333 790 2384 Dei,
823 2339 867 2376 et
892 2335 918 2376 J
920 2348 997 2377 esu

173 2385 332 2428 Christi
359 2387 536 2429 Domini
563 2390 713 2430 nostri.

223 2443 319 2484 Ant.
340 2444 521 2485 Confusi
535 2450 645 2495 sunt,
662 2446 736 2497 qui
751 2446 997 2490 adorabant

171 2499 407 2552 sculptilia,
440 2505 484 2542 et
517 2501 591 2553 qui
621 2502 922 2552 gloriabantur
952 2504 995 2544 in

171 2555 413 2598 simulacris
442 2557 543 2598 suis.

220 2610 269 2660 V.
310 2612 461 2654 Gloria
499 2620 542 2656 et
573 2614 741 2656 honore
772 2618 995 2659 coronasti

170 2680 271 2708 eum
302 2669 501 2712 Domine.
548 2671 597 2721 Rv.
637 2672 693 2713 Et
729 2673 995 2715 constituisti

170 2736 270 2765 eum
287 2738 421 2778 super
436 2729 573 2779 opera
590 2730 796 2770 manuum
812 2731 995 2771 tuarum.

1198 299 1266 338 De
1294 296 1406 338 libro
1434 297 1744 341 Ecclesiastici.

1133 352 1286 393 Lectio
1308 351 1330 391 i.
1644 354 1747 405 Cap.
1766 353 1804 392 5.

1060 410 1155 460 51³1>ssss
1174 421 1212 455 ,ie
1233 410 1432 461 sequaris
1456 410 1500 450 in
1525 410 1782 454 fortitudine
1807 418 1883 454 tua

1079 420 1177 535 [l
1206 466 1608 518 concupiscentiam
1635 468 1781 510 cordis
1803 469 1882 511 tui:

1070 515 1181 542 -ᾎᾸ
1205 527 1249 564 et
1272 535 1325 564 ne
1350 521 1528 564 dixeris:
1551 525 1786 574 Quomodo
1804 528 1881 578 po-

1054 576 1142 618 tui?
1167 583 1243 620 aut
1267 579 1364 631 quis
1387 592 1458 621 me
1476 580 1676 632 subjiciet
1699 587 1883 635 propter

1054 634 1170 676 facta
1195 634 1316 677 mea?
1362 636 1484 678 Deus
1513 637 1628 678 enim
1655 637 1882 681 vindicans

1054 691 1306 734 vindicabit.
1336 692 1405 734 Ne
1425 693 1602 735 dixeris:
1621 695 1819 746 Peccavi‚
1838 701 1883 738 et

1056 746 1161 799 quid
1191 749 1297 790 mihi
1329 750 1490 792 accidit
1520 749 1668 793 triste?
1713 751 1882 794 Altissi—

1054 817 1150 845 mus
1170 806 1286 847 enim
1305 812 1372 848 est
1387 807 1562 859 patiens
1577 807 1787 850 redditor.
1813 810 1881 851 De

1053 861 1295 914 propitiato
1323 866 1509 916 peccato
1542 864 1634 906 noli
1665 877 1762 908 esse
1789 866 1881 909 sine

1053 923 1185 969 metU,
1202 932 1346 972 neque
1365 920 1544 972 adjicias
1563 924 1795 974 peccatum
1814 936 1881 965 su-

1052 987 1133 1027 per
1155 979 1399 1028 peccatum.
1433 978 1489 1019 Et
1513 991 1568 1020 ne
1593 978 1729 1020 dicas:
1754 980 1881 1022 Mise-

1052 1032 1165 1074 ratio
1192 1033 1370 1075 Domini
1396 1047 1554 1086 magna
1582 1040 1662 1086 est,
1689 1036 1880 1079 multitu-

1054 1087 1167 1130 dinis
1186 1093 1470 1142 peccatorum
1489 1094 1688 1133 meorum
1705 1093 1881 1135 misere-

1052 1145 1179 1187 bitur.
1210 1147 1515 1190 Misericordia
1539 1149 1653 1190 enim
1676 1155 1720 1192 et
1742 1150 1807 1191 ira
1825 1151 1880 1193 ab

1052 1201 1127 1243 illo
1152 1203 1240 1245 cito
1263 1204 1526 1256 proximant,
1553 1210 1596 1247 et
1619 1206 1663 1246 in
1680 1209 1882 1259 peccato-

1053 1271 1123 1300 res
1142 1261 1323 1313 respicit
1341 1261 1405 1302 ira
1423 1261 1548 1303 illius.

1106 1316 1157 1367 R.
1183 1316 1400 1368 Egressus
1425 1323 1493 1360 est
1518 1318 1573 1360 de
1596 1323 1714 1361 terra
1738 1333 1816 1361 sua
1840 1325 1883 1362 et

1055 1371 1110 1414 de
1139 1374 1402 1425 cognatione
1430 1388 1522 1416 sua:
1556 1374 1579 1398 '⁸¹
1610 1376 1667 1418 Et
1695 1377 1813 1419 venit
1839 1377 1883 1417 in

1053 1434 1217 1470 terram
1268 1443 1400 1483 quam
1451 1434 1774 1475 monstraverat
1821 1433 1884 1474 illi

1054 1486 1186 1528 Deus.
1209 1483 1260 1533 V.
1274 1487 1335 1529 Ut
1350 1489 1627 1532 annuntiaret
1639 1489 1752 1531 inter
1769 1490 1880 1532 Gen-

1053 1546 1121 1584 tes
1142 1545 1277 1595 opera
1296 1544 1398 1596 ejus.
1425 1545 1482 1586 Et
1501 1546 1630 1587 venit.

1130 1598 1283 1639 Lectio
1304 1598 1343 1638 ii.
1555 1599 1658 1651 Cap.
1679 1601 1742 1640 lO.
1763 1598 1802 1640 b.

1053 1649 1257 1755 Initium
1281 1658 1423 1700 omnis
1446 1659 1621 1711 peccati
1644 1663 1711 1701 est
1733 1661 1881 1712 super-

1130 1712 1216 1754 bia:
1236 1714 1311 1765 qui
1323 1715 1514 1756 tenuerit
1527 1715 1656 1766 illam,
1674 1715 1881 1769 adimple-

1053 1767 1170 1810 bitur
1192 1770 1449 1821 maledictis‚
1473 1776 1517 1813 et
1535 1771 1763 1814 subvertet
1782 1785 1881 1814 eum

1052 1825 1096 1866 in
1131 1826 1274 1868 finem.
1318 1828 1561 1880 Propterea
1592 1828 1881 1871 exhonoravit

1053 1882 1268 1925 Dominus
1299 1886 1542 1926 conventus
1573 1885 1802 1936 malorum,
1837 1891 1881 1928 et

1053 1938 1272 1982 destruxit
1298 1954 1375 1983 eos
1399 1954 1540 1994 usque
1563 1942 1608 1983 in
1631 1942 1774 1984 finem.
1807 1943 1879 1985 Se—

1052 1995 1131 2038 des
1160 1996 1322 2039 ducum
1346 1998 1637 2051 superborum
1662 1998 1880 2041 destruxit

1051 2053 1184 2103 Deus,
1203 2058 1247 2096 et
1265 2053 1420 2096 sedere
1439 2055 1542 2097 fecit
1560 2056 1689 2097 mites
1705 2068 1788 2109 pro
1804 2056 1878 2098 eis.

1051 2109 1243 2152 Radices
1266 2111 1460 2161 gentium
1479 2111 1769 2164 superbarum
1787 2111 1878 2154 are-

1050 2165 1153 2207 fecit
1171 2167 1303 2217 Deus,
1324 2172 1367 2209 et
1385 2167 1600 2220 plantavit
1619 2168 1805 2210 humiles
1825 2182 1879 2211 ex

1049 2222 1159 2274 ipsis
1203 2223 1419 2274 gentibus.
1479 2224 1640 2266 Terras
1684 2226 1878 2276 gentium

1050 2280 1207 2321 evertit
1239 2280 1472 2331 Dominus,
1504 2286 1548 2322 et
1579 2280 1774 2334 perdidit
1803 2295 1878 2324 eas

1049 2348 1190 2387 usque
1217 2336 1274 2378 ad
1300 2335 1640 2379 fundamentum.

1102 2393 1152 2444 R.
1170 2393 1374 2435 Directus
1395 2398 1462 2435 est
1480 2394 1524 2434 in
1544 2394 1876 2437 conversionem

1051 2449 1269 2499 Gentium,
1288 2450 1311 2474 *
1333 2450 1389 2491 Et
1408 2450 1508 2491 tulit
1526 2449 1877 2493 abominationes

1048 2505 1298 2558 impietatis.
1327 2500 1376 2551 V.
1391 2505 1500 2547 Zelo
1518 2506 1687 2548 zelatus
1707 2512 1775 2549 est
1791 2521 1875 2560 pro

1048 2562 1239 2603 Domino
1258 2562 1367 2603 Deo.
1395 2562 1452 2604 Et
1469 2562 1579 2604 tulit.
1819 2569 1826 2577 ’

1127 2614 1279 2656 Lectio
1300 2614 1354 2655 iii.
1562 2614 1665 2666 Cap.
1683 2614 1742 2654 16.
1762 2625 1797 2654 c.

1055 2665 1203 2771 Non
1223 2674 1358 2716 dicas:
1377 2675 1418 2716 A
1437 2675 1534 2717 Deo
1554 2675 1812 2725 abscondar,
1831 2681 1875 2718 et

1170 2743 1225 2772 ex
1248 2744 1418 2773 summo
1443 2732 1540 2783 quis
1559 2732 1646 2774 mei
1662 2734 1872 2774 memora-
