2040 2976
771 222 981 256 Commune
1007 221 1121 255 unius
1147 221 1338 264 Martyris.

229 316 420 359 Homilia
441 316 582 358 sancti
600 315 759 357 Hilarii
775 315 998 369 Episcopi.

199 384 409 418 Comment.
429 384 465 418 in
484 384 724 421 Matthaeum.
751 396 831 419 can.
858 385 913 419 l().
939 389 1027 427 post

523 434 700 468 medium.

234 491 305 539 {²2:7¹
317 512 319 515 -
332 484 504 526 ominus
525 484 643 526 diem
658 483 807 536 judicii
822 483 1027 533 ostendit,

211 541 300 596 ,ᾗεῖῇὲ
357 554 457 593 quae
499 541 748 583 abstrusam
787 540 1027 582 voluntatis

211 589 320 623 44”
356 602 521 639 nostrae
567 597 880 639 conscientiam
928 609 1027 649 pro-

197 654 287 696 det:
317 658 361 696 et
389 666 440 695 ea
469 666 568 706 quae
596 666 711 695 nunc
736 653 911 695 occalta
939 653 1026 694 exi—

197 711 447 760 stimantur,
499 710 598 752 luce
638 710 905 762 cognitionis
947 712 1024 762 pu-

195 766 324 809 blicae
353 766 542 817 deteget.
589 767 730 818 Igitur
758 779 847 807 non
874 766 1027 815 minas,

196 836 285 865 non
309 823 509 873 consilia,
536 835 624 864 non
648 824 896 875 potestates
916 822 1026 863 inse-

196 880 410 922 ctantium
440 884 592 921 monet
625 892 723 921 esse
751 878 1026 920 metuendas:

197 937 300 989 quia
326 936 421 978 dies
445 936 594 989 iudicii
618 936 737 977 nulla
761 935 857 977 haec
882 935 1027 985 fuisse,

196 998 330 1045 atque
365 993 512 1034 inania
545 992 770 1034 revelabit.
822 992 879 1033 Et
906 991 1028 1043 quod

197 1049 298 1091 dico
328 1049 455 1091 vobis
489 1049 532 1089 in
565 1049 777 1100 tenebris,
815 1048 948 1090 dicite
982 1048 1027 1088 in

195 1106 377 1147 lumine:
419 1111 462 1147 et
491 1105 612 1157 quod
644 1106 688 1146 in
719 1117 825 1147 aure
854 1103 1027 1154 auditis,

195 1161 436 1214 praedicate
462 1174 594 1214 super
621 1166 750 1203 tecta.
795 1161 898 1202 Non
923 1160 1026 1212 legi-

195 1231 292 1259 mus
313 1218 552 1259 Dominum
581 1218 760 1259 solitum
790 1217 926 1258 fuisse
951 1218 1027 1258 no-

196 1274 340 1316 ctibus
369 1274 672 1324 sermocinari,
708 1279 751 1316 et
780 1274 1027 1315 doctrinam

195 1331 239 1371 in
275 1330 470 1372 tenebris
506 1330 763 1372 tradidisse:
809 1329 890 1372 sed
926 1330 1028 1382 quia

196 1388 338 1429 omnis
363 1401 509 1429 sermo
531 1388 621 1440 ejus
640 1386 889 1429 carnalibus
908 1388 1026 1428 tene·

194 1444 287 1485 brae
313 1449 424 1494 sunt,
452 1449 495 1486 et
519 1444 703 1486 verbum
729 1445 820 1496 ejus
844 1442 1026 1485 infideli-

194 1500 278 1542 bus
297 1513 385 1542 nox
406 1506 483 1542 est.

250 1565 300 1617 Κ.
339 1561 513 1602 Corc'ma
549 1564 682 1602 aurea
722 1573 855 1613 super
892 1563 1026 1612 caput

197 1618 302 1670 ejus:
328 1622 350 1646 *
378 1618 602 1670 Expressa
621 1618 746 1669 signo
768 1616 1027 1666 sanctitatis,

196 1674 337 1725 gloria
351 1673 541 1724 honoris,
556 1679 599 1715 et
614 1686 728 1726 opus
746 1671 1027 1714 fortitadinis.

199 1728 249 1781 V.
289 1730 507 1781 Quoniam
546 1730 802 1783 praevenisti
841 1742 941 1770 eum
983 1729 1028 1769 in

196 1786 580 1828 benedictionibus
601 1785 857 1835 dulcedinis,
879 1787 1027 1838 posui-

199 1843 255 1884 sti
282 1843 325 1884 in
354 1843 498 1895 capite
527 1843 617 1895 ejus
646 1844 857 1884 coronam
884 1841 940 1883 de
967 1841 1026 1883 la-

198 1899 302 1952 pide
321 1899 532 1952 pretioso.
559 1900 794 1952 Expressa.

484 1973 637 2014 Lectio
658 1974 743 2013 viii.

244 2035 377 2082 taque
404 2029 450 2071 id
480 2030 600 2082 quod
629 2043 654 2071 a
683 2043 731 2071 se
759 2029 925 2071 dictum
951 2034 1028 2078 est,

282 2099 382 2127 cum
412 2086 617 2128 libertate
648 2086 754 2128 fidei
786 2090 830 2128 et
862 2085 1028 2127 confes-

200 2142 336 2183 sionis
370 2142 462 2184 vult
501 2155 599 2184 esse
634 2142 916 2194 loquendum.
959 2142 1028 2184 Id—

199 2201 318 2240 circo
348 2211 446 2250 quae
479 2199 523 2239 in
555 2199 750 2241 tenebris
782 2199 900 2241 dicta
927 2203 1028 2241 sunt

198 2254 431 2307 praedicari
450 2255 575 2306 jussit
594 2255 638 2296 in
655 2255 835 2297 lumine:
859 2261 908 2298 ut
928 2269 1028 2308 quae

200 2313 373 2352 secreto
420 2311 589 2352 aurium
630 2315 867 2353 commissa
917 2317 1028 2362 sunt,

200 2379 333 2420 super
350 2371 479 2416 tecta,
498 2367 545 2409 id
561 2372 638 2417 est,
659 2369 834 2410 excelso
848 2368 1028 2421 loquen-

198 2424 310 2466 tium
349 2424 573 2476 praeconio
614 2424 858 2467 audiantur.
918 2425 1028 2467 Con-

199 2482 365 2522 stanter
400 2480 516 2521 enim
547 2480 631 2521 Dei
664 2481 901 2532 ingerenda
929 2494 1027 2532 cog-

199 2537 307 2578 nitio
334 2540 417 2586 est,
451 2541 495 2578 et
521 2536 788 2588 profundum
814 2538 1028 2580 doctrinae

1084 315 1350 366 evangelicae
1399 317 1619 357 secretum
1662 315 1707 356 in
1750 315 1915 357 himine

1085 371 1415 424 praedicationis
1441 370 1701 424 apostolicae
1719 371 1915 414 revelan-

1084 428 1206 470 dum:
1250 441 1339 469 non
1371 428 1578 470 timentes
1610 440 1707 478 606,
1753 428 1915 480 quibus

1084 497 1184 526 cum
1204 484 1259 526 sit
1277 484 1456 526 licentia
1474 485 1519 525 in
1539 486 1739 538 corpora,
1766 489 1915 526 tamen

1083 541 1127 582 in
1154 541 1343 582 animam
1368 542 1435 593 jus
1459 541 1629 582 nullum
1655 545 1738 583 est:
1766 540 1847 583 sed
1864 541 1914 582 ti-

1082 599 1252 639 mentes
1278 598 1428 650 potius
1447 598 1609 648 Deum,
1637 597 1709 639 cui
1731 597 1915 650 perden-

1083 654 1152 696 dae
1172 655 1215 695 in
1233 654 1434 705 gehenna
1453 659 1498 696 et
1517 655 1675 696 animae
1695 658 1739 696 et
1760 655 1915 707 carpo-

1082 711 1141 752 ris
1161 711 1218 752 sit
1235 713 1447 763 potestas.

1137 772 1185 822 Ιζι.
1213 768 1299 809 Hic
1319 772 1387 809 est
1406 780 1510 810 vere
1529 767 1708 820 Martyr,
1738 766 1815 819 qui
1831 780 1914 820 pro

1083 823 1246 865 Christi
1282 824 1458 866 nomine
1495 824 1754 875 sanguinem
1786 837 1916 865 suum

1082 879 1212 922 fudit:
1238 885 1260 907 *
1299 882 1383 931 Qui
1418 881 1559 922 minas
1595 880 1790 933 jadicum
1825 893 1915 922 non

1083 937 1242 988 timuit,
1271 951 1353 980 nec
1370 939 1558 980 terrenae
1579 937 1806 989 dignitatis
1823 937 1914 988 glo-

1082 993 1192 1035 riam
1212 995 1427 1047 quaesivit,
1454 994 1534 1036 sed
1553 994 1611 1036 ad
1630 994 1830 1036 coelestia
1850 1006 1915 1036 re-

1082 1062 1168 1101 gna
1194 1051 1407 1103 pervenit.
1446 1048 1496 1100 V.
1526 1051 1702 1093 Justum
1731 1050 1915 1093 dedaxit

1081 1106 1298 1149 Dominus
1316 1120 1396 1161 per
1416 1108 1510 1149 vias
1530 1113 1686 1158 rectas,
1707 1112 1752 1149 et
1771 1109 1915 1149 osten-

1082 1161 1146 1204 dit
1177 1163 1240 1205 illi
1271 1177 1456 1216 regnum
1487 1165 1582 1206 Dei.
1623 1164 1719 1216 Qui.
1760 1164 1916 1206 Gloria

1083 1220 1214 1262 Patri.
1252 1221 1348 1272 Qui.

1386 1288 1539 1329 Lectio
1558 1288 1612 1327 ix.

1082 1341 1284 1448 Nolite
1310 1348 1465 1390 timere
1493 1360 1571 1390 606
1601 1347 1677 1400 qui
1706 1347 1916 1390 occidunt
1945 1368 1949 1372 ·

1198 1417 1372 1457 corpus.
1416 1404 1577 1447 Nullus
1600 1404 1733 1456 igitur
1758 1406 1913 1458 corpo-

1080 1474 1178 1502 rum
1196 1463 1453 1503 nostrorum
1473 1474 1602 1503 casus
1622 1466 1690 1503 est
1710 1461 1914 1515 pertime-

1081 1518 1288 1568 scendus,
1315 1531 1459 1570 neque
1478 1518 1594 1560 ullus
1611 1517 1914 1560 interimendae

1081 1575 1223 1616 carnis
1284 1574 1582 1617 admittendus
1641 1579 1709 1616 est
1767 1574 1915 1617 dolor:

1083 1630 1259 1683 quando
1275 1644 1357 1684 pro
1377 1634 1546 1673 naturae
1566 1644 1658 1673 suae
1678 1636 1813 1683 atque
1832 1633 1914 1673 ori-

1080 1687 1193 1738 ginis
1216 1687 1471 1730 conditic'me
1495 1687 1709 1738 resolata,
1742 1688 1788 1729 in
1814 1688 1914 1730 sub-

1082 1744 1288 1786 stantiam
1316 1744 1554 1797 spiritualis
1583 1744 1741 1786 animae
1772 1744 1913 1786 refun-

1082 1800 1221 1842 datur.
1265 1801 1323 1843 Et
1359 1801 1461 1854 quia
1505 1801 1718 1843 doctrinis
1749 1800 1914 1843 talibus

1082 1858 1368 1899 confirmatos
1393 1859 1574 1910 op6rtet
1600 1857 1786 1900 liberam
1813 1870 1913 1900 con-

1082 1913 1234 1956 fitendi
1270 1914 1355 1956 Dei
1401 1913 1565 1956 habe're
1610 1914 1914 1965 constantiam,

1083 1971 1215 2012 etiam
1253 1970 1573 2022 conditic'mem,
1624 1983 1711 2023 qua
1746 1973 1913 2014 tenere-

1081 2041 1199 2077 mur,
1236 2027 1412 2079 adjecit:
1446 2030 1710 2079 negatarum
1737 2040 1785 2070 se
1814 2040 1914 2070 eum

1081 2084 1204 2126 Patri
1232 2084 1277 2124 in
1305 2084 1446 2134 coelis,
1484 2084 1558 2136 qui
1586 2097 1635 2126 se
1661 2084 1914 2126 hominibus

1082 2141 1127 2181 in
1154 2145 1273 2182 terra
1299 2143 1520 2193 negasset:
1554 2154 1654 2183 eum
1677 2153 1813 2194 porro
1839 2141 1914 2193 qui

1083 2198 1311 2239 confessus
1336 2210 1486 2239 coram
1508 2197 1761 2240 hominibus
1785 2211 1833 2240 se
1851 2198 1914 2239 fu-

1082 2257 1206 2304 isset,
1243 2267 1269 2295 a
1295 2267 1343 2296 se
1371 2254 1415 2295 in
1444 2254 1569 2296 coelis
1598 2253 1915 2296 confitendum:

1084 2311 1324 2364 qualesque
1351 2323 1433 2352 nos
1460 2311 1650 2353 nominis
1676 2311 1744 2353 sui
1776 2315 1915 2353 testes

1082 2367 1334 2409 hominibus
1366 2367 1619 2419 fuissemus,
1655 2367 1733 2409 tali
1763 2380 1845 2409 nos
1873 2380 1914 2408 a·

1082 2423 1175 2476 pud
1188 2424 1333 2466 Deum
1351 2424 1529 2466 Patrem
1548 2424 1803 2467 testimonio
1823 2424 1914 2476 ejus

1082 2484 1253 2522 usuros.

1141 2538 1202 2580 Te
1220 2538 1366 2579 Deum
1386 2537 1629 2580 laudamus.
1647 2539 1706 2580 13.
