2040 2976
319 308 509 350 llomih'a
536 310 677 350 sancfi
704 309 862 350 Hilarii

476 365 698 418 Episcopi.

256 434 297 467 In
323 433 534 467 Comment.
562 434 598 466 in
626 433 757 467 Matth.
784 444 864 467 can.
889 436 919 467 6.

180 509 185 542 3
209 515 244 537 μ»
273 488 549 531 landimenta
563 489 810 540 verborum,
826 496 870 532 et
884 503 1002 531 man-

181 552 185 596 }
215 538 274 601 «ᾖ
307 544 551 587 suetudinis
577 546 900 588 simulationem
928 546 1001 588 ad-

174 595 275 625 -ἕᾌ
307 606 459 643 monet
478 601 623 643 fructu
641 603 911 654 operationis
932 615 1002 644 ex-

170 656 305 709 pendi
345 659 569 709 oportere3
610 663 659 699 ut
699 671 787 699 non
830 658 1001 710 qualem

172 713 269 764 quis
293 713 439 754 verbis
464 713 635 763 referat,
659 713 739 756 sed
759 715 934 766 qualem
956 727 1003 756 se

171 769 304 810 rebus
333 769 504 818 efficiat,
532 772 800 822 spectemus:
831 771 934 822 quia
960 771 1003 811 in

171 825 319 867 multis
339 828 501 868 vestitu
521 827 669 867 ovium
688 826 834 868 rabies
853 827 1004 879 lupina

172 882 432 932 contegitur.
459 883 576 933 Ergo
596 887 645 923 ut
664 883 802 935 spinae
823 896 943 932 uvas,
957 888 1004 924 ut

170 937 320 979 tribuli
355 938 464 979 ficus
498 950 586 979 non
620 940 845 989 generant,
880 944 924 982 et
957 945 1005 981 ut

171 994 332 1045 iniquae
370 994 552 1035 arbores
589 994 712 1035 utilia
747 1008 881 1047 poma
916 1009 1005 1037 non

173 1049 373 1090 afferunt:
392 1050 453 1091 ita
471 1063 526 1091 ne
541 1050 585 1091 in
599 1050 694 1091 istis
711 1051 889 1102 quidem
905 1065 1005 1093 con·

173 1107 328 1147 sistere
349 1105 481 1147 docet
495 1105 601 1148 boni
621 1108 769 1160 operis
790 1107 1005 1159 effectum,

173 1166 217 1202 et
257 1161 424 1202 idcirco
472 1174 625 1203 omnes
668 1164 1006 1214 cognoscendos

173 1230 271 1258 esse
302 1216 357 1259 de
389 1217 615 1259 fructibus.
656 1219 860 1271 Regnum
892 1221 1007 1261 enim

173 1273 388 1314 coelorum
434 1273 530 1314 sola
575 1274 815 1316 verborum
860 1276 1007 1318 officia

172 1342 260 1370 non
298 1329 512 1371 obtinent:
545 1343 689 1382 neque
724 1332 798 1383 qui
830 1332 1007 1375 dixerit:

172 1385 371 1435 Domine,
390 1386 590 1436 Domine,
609 1386 752 1428 haeres
775 1387 890 1429 illius
911 1390 1005 1431 erit.

457 1460 608 1500 Lectio
631 1460 713 1499 viii.

175 1502 336 1626 Quid
356 1523 470 1566 enim
488 1525 632 1566 meriti
652 1531 718 1567 est
732 1526 924 1568 Domino
945 1527 1005 1569 di-

287 1593 396 1630 cere,
423 1580 634 1622 Domine?
667 1582 895 1634 Numquid
918 1584 1006 1625 Do-

174 1635 317 1677 minus
337 1649 425 1677 non
446 1637 538 1686 erit,
562 1638 645 1678 nisi
670 1638 800 1681 fuerit
820 1639 963 1681 dictus
983 1653 1008 1682 a

174 1691 325 1733 nobis?
354 1693 413 1734 Et
430 1706 528 1744 quae
549 1693 683 1735 officii
703 1695 913 1737 sanctitas
929 1702 1007 1746 est,

176 1748 363 1789 nominis
382 1750 663 1801 nuncupatio,
689 1763 789 1791 cum
813 1752 1008 1794 coelestis

175 1804 298 1854 regni
317 1804 400 1846 iter
415 1805 669 1847 obedientia
688 1808 838 1859 potius
856 1808 1007 1850 volun-

174 1860 279 1900 tatis
306 1860 405 1910 Dei,
439 1874 527 1903 non
563 1864 833 1915 nuncupatio
862 1877 1006 1917 reper-

174 1919 275 1957 tura
299 1916 377 1958 sit?
411 1917 537 1959 Multi
565 1918 670 1959 mihi
698 1919 845 1961 dicent
866 1921 910 1961 in
933 1921 1007 1962 illa

177 1971 262 2013 die:
277 1972 466 2015 Domine
480 1974 681 2024 Domine,
701 1989 845 2018 nonne
866 1978 910 2017 in
929 1982 1006 2020 tuo

177 2028 352 2070 nomine
405 2030 791 2083 prophetavimus?
861 2034 1007 2075 Etiam

176 2097 292 2125 nunc
316 2086 807 2140 pseudoprophetarum
831 2089 1006 2131 fraudu-

176 2139 371 2190 lentiam,
404 2147 447 2183 et
474 2142 807 2196 hypocritarum
834 2146 1006 2187 simula-

176 2198 323 2238 menta
339 2198 610 2249 condemnat,
634 2201 708 2252 qui
722 2202 907 2252 gloriam
923 2202 1006 2244 sibi

180 2265 234 2293 ex
254 2253 377 2295 verbi
395 2255 555 2297 virtute
574 2261 857 2308 praesumunt,
872 2259 915 2299 in
931 2258 1006 2300 do-

178 2311 329 2350 ctrinae
349 2311 594 2363 prophetia,
619 2318 663 2354 et
689 2312 1007 2356 daemoniorum

178 2365 295 2462 fubga,
324 2371 368 2407 et
393 2367 641 2410 istiusmodi
666 2371 850 2421 operum
875 2371 1007 2412 virtu-

177 2421 210 2462 ti
243 2433 306 2462 us.

483 2486 635 2526 Lectio
656 2487 710 2527 ix.

252 2556 358 2602 tque
373 2551 475 2594 hinc
489 2552 574 2594 sibi
593 2566 775 2604 regnum
795 2554 1007 2596 coelorum

290 2608 566 2660 pollicentur:
587 2611 713 2661 quasi
730 2623 836 2652 vero
856 2613 1008 2652 eorum

179 2663 347 2716 aliquid
364 2666 594 2718 proprium
614 2666 681 2715 sit,
705 2679 805 2718 quae
824 2667 1006 2718 loquun-

179 2725 251 2762 tur
275 2725 350 2762 aut
373 2721 547 2767 faciunt,
575 2727 618 2763 et
641 2735 729 2764 non
755 2723 901 2764 omnia
927 2723 1007 2764 vir-

669 215 869 249 Dominica
897 216 995 249 ΥΙΙΙ.
1022 222 1111 258 post
1136 216 1400 250 Pentecosten.

1053 314 1124 350 tus
1163 308 1247 349 Dei
1286 307 1491 349 invocata
1531 307 1746 360 perficiat:
1787 321 1886 350 cum

1054 364 1269 406 doctrinae
1298 363 1524 405 scientiam
1555 363 1688 406 lectio
1721 364 1886 413 afferat,

1055 420 1273 461 daemOnia
1301 419 1463 462 Christi
1489 432 1651 462 nomen
1682 420 1886 472 exagitet.

1054 477 1123 517 De
1146 482 1299 518 nostro
1325 476 1456 526 igitur
1482 481 1551 517 est
1575 476 1707 518 beata
1732 476 1806 518 illa
1830 489 1884 518 ae-

1054 533 1238 574 ternitas
1252 531 1558 585 promerenda,
1567 531 1885 585 praestandum-

1057 602 1141 641 que
1160 594 1228 630 est
1247 589 1414 641 aliquid
1439 601 1493 630 ex
1515 589 1712 642 proprio,
1735 594 1784 631 ut
1809 588 1885 631 bo-

1055 658 1160 686 num
1187 645 1388 694 velimus,
1421 645 1585 686 malum
1620 657 1750 686 omne
1781 645 1886 687 vite-

1055 714 1172 751 mus,
1213 704 1398 753 totoque
1445 701 1606 742 affectu
1649 701 1888 754 praeceptis

1057 757 1311 799 coelestibus
1333 758 1701 810 obtemperemus,
1721 770 1773 799 ac
1791 757 1887 799 tali-

1056 813 1139 855 bus
1166 814 1321 855 officiis
1351 814 1515 864 cogniti
1539 814 1638 855 Deo
1667 813 1818 855 simus:
1847 827 1888 855 a·

1057 874 1300 922 gamusque
1319 871 1470 923 potius
1491 869 1614 922 quod
1631 869 1737 919 vult,
1757 883 1887 922 quam

1058 925 1180 978 quod
1204 932 1355 979 potest
1378 927 1627 978 gloriemur,
1651 926 1888 979 repudians

1058 995 1136 1024 eos
1151 997 1203 1025 ac
1218 983 1447 1037 repellens,
1463 996 1576 1035 quos
1595 996 1621 1024 a
1639 983 1889 1034 cognitione

1058 1052 1148 1090 sua,
1167 1042 1304 1092 opera
1322 1040 1566 1091 iniquitatis
1586 1039 1838 1081 averterint.

1113 1107 1176 1147 Te
1192 1105 1337 1146 Deum
1355 1104 1597 1146 laudamus.
1615 1106 1675 1146 13.

1112 1179 1183 1221 Ad
1212 1180 1374 1221 Bened.
1411 1181 1511 1220 Ant.
1559 1177 1784 1220 Attendite
1814 1179 1839 1204 *
1866 1191 1892 1220 a

1059 1234 1180 1275 falsis
1215 1233 1468 1287 prophetis,
1510 1235 1584 1287 qui
1618 1235 1798 1277 veniunt
1834 1234 1892 1277 ad

1059 1302 1140 1331 vos
1158 1290 1203 1331 in
1222 1290 1496 1332 vestimentis
1515 1291 1675 1341 ovium,
1694 1291 1892 1333 intrinse-

1061 1359 1137 1388 cus
1175 1351 1322 1388 autem
1358 1352 1459 1389 sunt
1494 1347 1588 1400 lupi
1625 1349 1826 1399 rapaces:
1867 1360 1893 1388 a

1060 1403 1275 1445 fructibus
1306 1406 1460 1450 eorum
1493 1404 1775 1454 cognoscetis
1805 1416 1893 1454 eOS,

1060 1459 1244 1511 alleluja.

1112 1525 1163 1575 V.
1190 1528 1406 1570 Dominus
1439 1529 1652 1580 regnavit,
1686 1528 1894 1570 decorem

1060 1583 1212 1626 induit.
1243 1586 1293 1637 Ην.
1319 1584 1468 1627 Induit
1486 1585 1705 1626 Dominus
1722 1584 1892 1627 fortitu-

1062 1640 1220 1691 dinem,
1241 1646 1285 1682 et
1302 1641 1535 1693 praecinxit
1557 1653 1604 1682 se
1623 1640 1798 1682 virtute.

1112 1709 1185 1751 Ad
1204 1710 1377 1761 Magnif.
1406 1711 1505 1752 Ant.
1541 1710 1640 1751 Non
1658 1713 1809 1762 potest
1829 1722 1893 1751 ar-

1059 1766 1144 1808 bor
1171 1767 1195 1792 *
1223 1766 1342 1808 bona
1369 1767 1537 1809 fructus
1569 1765 1711 1807 malos
1738 1765 1894 1817 facere,

1060 1835 1142 1864 nec
1170 1822 1303 1864 arbor
1330 1822 1447 1864 mala
1471 1822 1642 1864 fructus
1665 1821 1808 1864 bonos
1833 1821 1893 1864 fa-

1061 1891 1176 1920 cere:
1204 1880 1346 1920 omnis
1374 1878 1518 1930 arbor,
1547 1891 1646 1931 quae
1673 1891 1763 1920 non
1789 1878 1894 1921 facit

1061 1935 1250 1977 fructum
1284 1935 1467 1985 bonum,
1501 1934 1742 1984 excidetur,
1774 1939 1819 1977 et
1849 1935 1894 1976 in

1059 1991 1205 2043 ignem
1224 1992 1434 2041 mittetur,
1453 1991 1636 2044 alleluja.

1116 2056 1167 2108 V.
1182 2058 1409 2109 Dirigatur
1422 2057 1611 2098 Domine
1627 2056 1770 2098 oratio
1782 2068 1892 2099 mea.

1064 2119 1115 2171 R.
1147 2116 1269 2157 Sicut
1309 2114 1534 2155 incensum
1568 2113 1614 2153 in
1650 2113 1893 2164 conspectu

1061 2177 1150 2213 tuo.

1323 2255 1635 2284 ψ

1253 2343 1531 2393 Dominica
1563 2341 1703 2391 VIII.

1172 2414 1315 2460 post
1356 2408 1792 2449 Pentecosten.

1403 2487 1568 2529 Oratio.

1065 2549 1262 2654 Ergire
1288 2554 1433 2603 nobis,
1463 2555 1714 2606 quaesumus
1741 2551 1891 2592 Domi-

1165 2624 1231 2661 ne,
1251 2623 1427 2664 semper
1446 2609 1648 2663 spiritum
1668 2606 1891 2660 cogitandi

1063 2679 1161 2718 quae
1203 2672 1325 2709 recta
1362 2672 1478 2716 sunt,
1512 2664 1732 2718 propitius
1768 2668 1813 2705 et
1849 2676 1890 2704 a·

1061 2723 1207 2774 gendi:
1226 2729 1274 2766 ut
1294 2723 1369 2775 qui
1387 2723 1481 2764 sine
1499 2727 1544 2764 te
1564 2733 1662 2762 esse
1683 2733 1772 2762 non
1790 2722 1887 2772 pos-
