2040 2976
477 180 547 214 Die
572 180 631 214 ΒΟ.
655 179 772 213 Junii.
819 178 861 212 In
887 178 1092 212 Commem.
1119 176 1153 209 S.
1179 176 1288 209 Pauli
1316 175 1508 217 Apostoli.

133 274 183 324 V.
219 278 340 319 Deus
374 283 418 320 et
448 278 579 318 Pater
611 275 788 317 Domini
820 273 961 315 nostri

133 334 158 374 J
160 346 237 375 esu
254 333 415 376 Christi
435 334 517 376 scit
536 333 637 386 quia
655 345 743 374 non
762 331 961 372 mentior.

134 390 191 432 Et
210 403 235 431 a
253 390 471 432 fratribus.
496 390 648 431 Gloria
661 388 792 430 Patri.
815 387 873 429 Et
888 387 961 428 sic.

434 455 588 496 Lectio
608 454 662 494 ix.

136 499 312 623 Quod
344 516 381 557 si
413 515 545 558 rebus
574 514 683 568 ipsis
708 513 754 556 id
778 513 839 555 ita
866 512 961 553 fieri

236 572 387 614 videre
402 571 638 621 desideras,
657 570 754 622 lege
771 570 962 611 Actuum

135 629 453 682 Apostolorum
496 628 669 670 librum:
719 625 961 680 perspicies

135 686 347 739 profecto,
365 698 465 727 cum
483 697 604 738 saepe
618 684 642 725 J
643 683 873 726 udaeorum
886 684 962 735 po-

134 742 264 795 pulus
299 742 343 783 in
379 741 624 794 Apostolos
665 739 963 789 insurrexerit,

136 812 188 841 ac
207 798 362 841 dentes
381 798 615 847 exacuerit,
632 797 731 839 illos
747 795 965 838 columbae

137 855 462 908 simplicitatem
475 853 700 904 imitando,
720 858 763 895 et
779 866 878 894 cum
893 852 963 894 de-

136 912 251 954 centi
269 911 487 954 modestia
505 908 832 964 respondendo,
855 910 964 950 iram

136 969 334 1021 ipsorum
370 970 641 1021 superasse‚'
663 967 856 1008 furorem
894 979 963 1007 ex-

137 1025 572 1078 stinxisse,impetum
580 1022 841 1066 retardasse.
852 1023 967 1064 Nam

138 1094 237 1123 cum
273 1081 335 1122 illi
372 1080 582 1122 dicerent:
618 1080 776 1122 Nonne
812 1079 964 1132 praeci-

136 1137 297 1190 piendo
322 1137 615 1190 praecepimus
638 1136 782 1187 vobis,
807 1149 862 1177 ne
889 1136 963 1177 do-

139 1194 296 1236 ceretis
327 1194 371 1235 in
403 1193 579 1235 nomine
611 1192 723 1235 isto?
766 1192 966 1245 quamvis

137 1251 362 1292 innumera
384 1255 568 1303 possent
592 1250 723 1292 edere
746 1249 966 1298 miracula,

138 1307 243 1348 nihil
270 1312 417 1349 tamen
445 1309 651 1360 asperum
678 1319 821 1359 neque
850 1305 965 1347 dixe-

139 1369 253 1414 runt,
281 1376 425 1416 neque
453 1363 663 1414 fecerunt;
692 1361 771 1404 sed
799 1375 967 1404 summa

139 1433 239 1462 cum
274 1419 611 1462 mansuetudine
647 1418 966 1472 respondentes

140 1476 358 1519 dicebant:
385 1476 429 1518 Si
447 1477 608 1528 justum
628 1481 695 1518 est
713 1488 794 1517 vos
814 1474 967 1517 audire

139 1533 278 1584 magis
297 1545 428 1585 quam
446 1533 606 1582 Deum,
631 1532 833 1584 judicate.
866 1532 966 1573 Per-

139 1589 323 1642 spexisti
367 1588 693 1642 simplicitatem
739 1587 968 1637 colombae,

138 1645 240 1688 vide
277 1658 392 1687 nunc
429 1646 646 1699 serpentis
678 1644 968 1697 prudentiam.

139 1703 241 1744 Non
261 1702 374 1744 enim
390 1704 638 1755 possumus,
656 1701 867 1754 inquiunt,
886 1714 968 1742 nos

141 1772 241 1812 quae
277 1757 464 1801 vidimus
503 1764 547 1801 et
583 1757 844 1808 audivimus,
880 1770 969 1799 non

139 1815 272 1868 loqui.
330 1814 393 1857 Te
411 1815 555 1858 Deum
574 1815 816 1856 laudamus.
841 1815 899 1856 13.

403 1897 482 1939 Ad
509 1896 704 1938 Laudes

347 1954 399 1985 et
434 1959 535 1994 per
569 1948 766 1983 Horas.

194 2006 296 2047 Ant.
322 2006 353 2046 1.
388 2005 482 2060 Ego
517 2007 728 2060 plantavi,
755 2007 779 2033 *
806 2004 970 2058 Apollo

142 2063 315 2115 rigavit,
340 2064 462 2106 Deus
485 2070 632 2106 autem
654 2064 971 2105 incrementum

145 2119 277 2170 dedit,
296 2119 478 2173 alleluja.

194 2181 264 2223 Ps.
283 2181 495 2222 Dominus
515 2179 726 2232 regnavit.
746 2180 805 2220 14.

195 2241 231 2281 2.
259 2241 469 2284 Libenter
493 2241 717 2294 gloriabor
742 2241 766 2266 *
790 2240 834 2280 in
858 2239 971 2279 infir-

143 2297 367 2340 mitatibus
386 2299 509 2348 meis,
535 2302 583 2340 ut
605 2296 820 2339 inhabitet
838 2296 882 2336 in
900 2308 970 2337 me

143 2353 281 2396 virtus
302 2354 474 2396 Christi.

197 2417 234 2457 3.
258 2416 410 2457 Gratia
429 2415 514 2456 Dei
533 2414 556 2440 *
575 2414 620 2454 in
638 2426 708 2455 me
727 2415 867 2454 vacua
885 2424 974 2453 non

145 2473 241 2524 fuit,
266 2471 346 2514 sed
369 2471 512 2522 gratia
536 2471 822 2522 ejus‘semper
840 2468 885 2508 in
903 2480 973 2509 me

145 2534 302 2572 manet.

199 2590 237 2629 4.
264 2587 471 2631 Damasci
494 2587 764 2640 praepositus
783 2586 807 2611 *
831 2585 974 2636 gentis

146 2647 296 2688 Aretae
337 2645 453 2696 regis
492 2643 632 2684 voluit
670 2655 740 2684 me
776 2654 973 2694 compre-

146 2701 353 2744 hendere:
389 2714 414 2742 a
450 2699 656 2741 fratribus
690 2711 770 2751 per
803 2711 975 2739 murum

304 2842 368 2866 Pars
384 2840 493 2865 AEstiva.

1014 272 1231 314 demissus
1245 284 1342 313 sum
1355 271 1399 311 in
1415 275 1581 324 sporta,
1597 276 1640 312 et
1651 270 1714 311 sic
1725 269 1845 311 evasi

1013 342 1168 370 manus
1187 330 1279 380 ejus
1298 329 1341 368 in
1360 328 1536 369 nomine
1553 327 1741 368 Domini.
1896 376 1897 381 Ἰ

1071 387 1108 426 5.
1149 385 1233 426 Ter
1262 384 1397 436 virgis
1424 396 1567 425 caesus
1592 396 1705 424 sum:
1731 383 1755 408 *
1781 395 1845 424 se-

1014 441 1101 484 mel
1120 441 1341 494 lapidatus
1361 454 1471 482 sum:
1490 446 1558 483 ter
1573 439 1846 490 naufragium
1896 450 1898 452 ·

1015 498 1178 552 pertuli
1195 510 1278 550 pro
1299 497 1459 540 Christi
1479 498 1664 539 nomine.

1069 562 1330 614 Capitulum.
1525 564 1559 602 2.
1577 563 1685 603 Tim.
1702 565 1738 603 4.
1755 564 1793 604 b.

1017 619 1232 726 Bonum
1244 627 1467 667 certamen
1479 626 1656 675 certavi,
1672 638 1848 667 cursum

1116 682 1427 731 consummavi,
1444 681 1577 724 fidem
1593 682 1775 724 servavi.
1796 683 1846 722 In

1018 737 1189 790 reliquo
1223 739 1418 791 reposita
1453 744 1519 781 est
1550 739 1656 780 mihi
1684 741 1848 780 corona

1018 795 1210 846 justitiae,
1238 808 1370 848 quam
1394 795 1552 838 reddet
1574 795 1681 837 mihi
1699 795 1848 837 Domi-

1018 864 1100 892 nus
1120 852 1164 892 in
1182 851 1255 893 illa
1276 853 1346 894 die
1366 854 1504 906 justus
1524 852 1665 905 judex,

1331 913 1542 964 Hymnus.

1125 972 1290 1014 xsultet
1310 971 1430 1014 orbis
1448 971 1634 1023 gaudiis:

1150 1029 1321 1070 Coelum
1338 1029 1522 1070 resultet
1539 1027 1759 1070 laudibus:

1097 1085 1417 1138 Apostolorum
1435 1085 1621 1136 gloriam

1097 1141 1248 1183 Tellus
1269 1146 1312 1183 et
1331 1147 1449 1184 astra
1470 1141 1716 1183 concinunt.

1047 1204 1141 1244 Vos
1160 1203 1422 1245 saeculorum
1441 1203 1617 1256 judices,

1098 1261 1155 1301 Et
1173 1273 1277 1302 vera
1296 1260 1446 1302 mundi
1464 1260 1642 1301 lumina:

1098 1317 1228 1358 Votis
1248 1319 1480 1369 precamur
1500 1315 1710 1365 cordium,

1098 1372 1261 1415 Audite
1280 1386 1414 1415 voces
1434 1373 1695 1425 supplicum.

1050 1434 1132 1482 Qui
1150 1434 1315 1487 templa
1334 1434 1435 1476 coeli
1455 1433 1669 1483 clauditis,

1098 1492 1315 1543 Serasque
1335 1491 1472 1533 verbo
1493 1491 1674 1540 solvitis,

1095 1548 1194 1590 'Nos
1214 1561 1239 1589 a
1257 1549 1385 1589 reatu
1403 1548 1560 1589 noxios

1098 1605 1219 1646 Solvi
1237 1604 1394 1656 jubete,
1415 1607 1677 1656 quaesumus.

1050 1666 1281 1718 Praecepta
1302 1678 1489 1717 quorum
1507 1665 1709 1718 protinus

1098 1721 1305 1773 Languor
1324 1722 1533 1774 salusque
1553 1722 1761 1763 sentiunt:

1101 1779 1260 1820 Sanate
1279 1783 1448 1820 mentes
1467 1776 1711 1829 languidas:

1101 1836 1272 1886 Augete
1292 1848 1374 1876 nos
1394 1834 1641 1877 virtutibus.

1055 1895 1117 1945 Ut,
1137 1909 1236 1937 cum
1255 1895 1416 1937 redibit
1436 1895 1599 1937 arbiter

1099 1953 1150 1992 In
1169 1952 1255 1993 fine
1275 1951 1475 1993 Christus
1495 1951 1656 2000 saeculi,

1099 2008 1195 2049 Nos
1215 2008 1469 2060 sempiterni
1489 2007 1638 2059 gaudii

1102 2063 1326 2106 Concedat
1346 2077 1443 2106 esse
1464 2067 1704 2117 compotes.

1053 2125 1183 2174 Patri,
1203 2125 1418 2177 simulque
1436 2125 1560 2174 Filio,

1102 2181 1292 2233 Tibique
1311 2186 1461 2223 sancte
1481 2181 1680 2234 Spiritus,

1101 2238 1222 2279 Sicut
1242 2237 1332 2287 fuit,
1352 2238 1408 2279 sit
1425 2238 1582 2290 jugiter

1103 2293 1291 2335 Saeclum
1305 2307 1384 2346 per
1396 2307 1525 2336 omne
1535 2294 1686 2346 gloria.
1702 2294 1854 2335 Amen.

1080 2351 1130 2402 V.
1159 2355 1229 2395 Tu
1262 2367 1309 2396 es
1334 2367 1412 2398 vas
1442 2354 1669 2396 electionis
1703 2359 1853 2395 sancte

1025 2411 1160 2453 Paule
1202 2410 1430 2463 Apostole.
1488 2411 1539 2462 Rv.
1581 2409 1854 2452 Praedicator

1026 2467 1222 2510 veritatis
1240 2467 1284 2508 in
1301 2467 1506 2509 universo
1526 2465 1702 2508 mun'do.

1081 2528 1153 2569 Ad
1177 2526 1339 2569 Bened.
1370 2527 1468 2568 Ant.
1497 2527 1592 2570 Vos
1619 2527 1694 2580 qui
1716 2525 1855 2568 secuti

1028 2585 1132 2627 estis
1150 2597 1231 2635 me,
1251 2583 1462 2627 sedebitis
1483 2597 1615 2636 super
1634 2582 1774 2631 sedes,
1795 2582 1854 2633 ju-

1028 2641 1226 2683 dicantes
1260 2641 1496 2683 duodecim
1527 2640 1668 2682 tribus
1700 2637 1853 2687 Israel,

1028 2697 1134 2740 dicit
1153 2698 1381 2739 Dominus.

1579 2823 1620 2856 25
