2040 2976
193 209 240 244 98
789 207 957 238 &abbatim
985 204 1030 236 mi
1061 203 1291 235 Matutinum.

246 304 364 345 Misit
387 301 608 350 tenebras,
633 306 677 342 et
701 299 971 341 obscuravit:
990 299 1013 325 *

196 366 239 402 et
259 372 345 400 non
365 357 646 400 exacerbavit
663 358 887 398 sermunes
902 367 1014 395 suos.

247 415 471 457 Convertit
506 426 641 465 aquas
671 415 822 454 eerum
849 413 893 452 in
921 413 1014 452 san-

195 472 383 523 guinem:
402 473 426 497 ¹⁸¹
446 475 489 511 et
507 469 671 511 occidit
689 469 832 522 pisces
853 470 1015 509 eorum.

247 527 396 569 Edidit
429 532 547 568 terra
581 528 733 567 eorum
764 538 892 566 ranas
919 526 943 550 *
970 524 1014 564 in

195 583 493 637 penetralibus
512 595 664 634 regum
683 582 889 634 ipsorum.

247 640 383 690 Dixit,
417 644 460 680 et
488 639 605 680 venit
633 640 893 690 coenomyia:
921 639 943 663 *
973 642 1016 678 et

197 696 348 737 cinifes
376 697 419 736 in
450 695 650 736 omnibus
675 694 834 735 finibus
854 696 1016 734 eorum.

248 752 402 793 Posuit
442 751 612 804 pluvias
656 753 807 792 eurum
846 749 1015 801 grandi-

199 822 315 850 nem:
357 810 379 835 *
419 809 563 859 ignem
604 806 932 848 comburentem
973 806 1016 846 in

198 870 314 906 terra
342 865 547 917 ipsorum.

251 922 306 962 Et
337 921 554 973 permissit
586 922 733 960 vineas
766 921 937 967 eorum,
974 923 1017 959 et

199 977 408 1018 ficulneas
437 979 603 1018 eorum:
626 976 648 1000 *
668 980 711 1016 et
739 975 943 1016 contrivit
971 974 1016 1014 li-

199 1047 330 1084 gnum
359 1033 508 1074 finium
537 1035 697 1073 eorum.

252 1090 389 1138 Dixit,
418 1094 461 1130 et
488 1089 607 1130 venit
634 1088 820 1137 locusta,
849 1092 892 1128 et
919 1086 1017 1128 bru·
1039 1092 1042 1146 j

201 1145 318 1194 chus,
343 1147 366 1172 *
388 1146 507 1197 cujus
537 1158 623 1185 non
649 1150 741 1185 erat
769 1147 984 1185 numerus.

252 1202 307 1242 Et
323 1201 514 1243 comedit
528 1214 657 1242 omne
669 1201 833 1242 foenum
848 1201 1019 1242 interra

201 1260 364 1299 eorum:
393 1259 415 1284 *
444 1263 487 1299 et
515 1257 707 1299 comedit
734 1270 906 1298 omnem
935 1256 1018 1297 fru-

200 1319 318 1355 ctum
336 1319 466 1355 terrae
484 1315 644 1355 eurum.

251 1370 307 1411 Et
339 1371 556 1422 permissit
593 1383 720 1411 omne
757 1370 1018 1423 primogeni-

200 1432 291 1468 tum
328 1427 370 1466 in
405 1431 522 1467 terra
555 1429 722 1468 eorum:
751 1427 774 1452 *
802 1427 1018 1479 primitias

201 1482 339 1523 omnis
363 1482 527 1523 laberis
556 1485 715 1524 eerum.

251 1539 307 1579 Et
339 1538 489 1580 eduxit
523 1552 598 1580 eos
631 1552 729 1580 cum
765 1541 946 1591 argento
976 1544 1019 1580 et

202 1607 325 1635 auro:
353 1596 376 1621 *
405 1600 448 1636 et
483 1608 570 1636 non
608 1601 700 1637 erat
737 1596 781 1636 in
816 1595 1018 1637 tribubus

203 1652 352 1691 eorum
379 1651 584 1692 infirmus.

253 1707 422 1749 Laetata
450 1713 517 1749 est
543 1709 760 1761 AEgyptus
798 1709 842 1749 in
878 1709 1018 1762 profe-

204 1763 346 1805 ctione
375 1766 538 1804 cerum:
565 1766 588 1791 *
616 1765 718 1816 quia
745 1764 942 1807 incubuit
969 1766 1018 1807 ti-

202 1831 295 1860 mor
323 1822 473 1861 e6rum
501 1833 631 1873 super
660 1834 747 1862 eos.

254 1876 474 1928 Expandit
509 1876 667 1918 nubem
707 1878 751 1918 in
783 1878 1020 1930 protectio-

204 1944 302 1996 nem
324 1935 484 1982 eorum,
505 1935 527 1959 *
547 1938 589 1974 et
609 1934 753 1985 ignem
780 1939 827 1975 ut
855 1934 1020 1975 luceret

205 2000 267 2029 e1s
294 2001 372 2040 per
400 1994 583 2030 noctem.

254 2044 494 2094 Petierunt,
528 2051 571 2087 et
603 2046 721 2088 venit
754 2046 970 2087 coturnix:
998 2048 1021 2074 *

205 2105 248 2142 et
274 2114 385 2152 pane
413 2101 513 2143 coeli
542 2102 755 2144 saturavit
783 2115 871 2144 eos.

255 2157 428 2210 Dirupit
452 2163 632 2210 petram,
661 2165 705 2201 et
735 2159 953 2200 fluxerunt
980 2171 1021 2199 a·

204 2225 316 2264 quae:
338 2216 361 2240 *
380 2213 579 2256 abierunt
606 2216 649 2256 in
679 2216 797 2257 sicco
828 2215 1021 2265 flumina,

254 2271 466 2320 Quoniam
494 2284 660 2313 memor
684 2273 766 2313 fuit
784 2271 907 2313 verbi
927 2284 1021 2312 san-

203 2326 262 2367 cti
295 2327 375 2375 sui,
403 2328 425 2351 *
454 2327 572 2379 quod
606 2328 758 2370 habuit
794 2327 850 2369 ad
884 2327 1022 2369 Abra-

202 2381 301 2423 ham
329 2386 510 2435 puerum
539 2398 674 2426 suum.

253 2439 308 2479 Et
333 2438 482 2481 eduxit
504 2441 715 2493 populum
740 2454 867 2482 suum
887 2440 931 2480 in
953 2454 1022 2482 ex-

203 2495 452 2545 sultafiOne,
488 2499 511 2523 *
546 2503 590 2539 et
633 2498 798 2539 electos
836 2509 940 2538 suos
980 2498 1023 2538 in

201 2551 362 2593 laetitia.

253 2609 308 2650 Et
328 2609 449 2651 dedit
469 2611 554 2652 illis
576 2613 778 2663 regiones
800 2611 1023 2654 Gentium:

202 2666 224 2690 *
250 2670 292 2707 et
321 2665 495 2707 labores
523 2669 787 2722 populorum
814 2667 1022 2722 possede-

143 2733 145 2736 ·
203 2726 318 2763 runt:

1118 297 1178 338 Ut
1189 294 1440 337 custodiant
1449 293 1783 346 justificatiOnes
1791 293 1893 345 ejus,

1067 356 1090 380 *
1108 358 1152 395 et
1170 352 1311 404 legem
1331 351 1422 402 ejus
1442 352 1678 402 requirant.

1109 419 1144 457 Α
1152 424 1206 457 nt.
1228 415 1419 457 Benedic
1432 415 1574 456 anima
1582 414 1890 456 meaDomino.

1117 485 1215 523 Ant.
1242 480 1384 522 Visita
1400 492 1492 521 nos.
1838 497 1840 499 ·

1330 568 1523 607 Psalmus
1545 568 1635 607 105.

1153 633 1396 675 onfitemini
1406 634 1596 674 Demino
1606 633 1813 685 queniam
1820 631 1895 674 bo-

1152 704 1248 732 nus:
1264 692 1287 717 *
1304 690 1510 742 quoniam
1528 690 1570 730 in
1593 688 1803 731 saeculum
1819 688 1894 730 mi-

1069 746 1309 789 sericerdia
1329 747 1429 799 ejus.

1121 805 1228 855 Quis
1247 804 1453 856 loquetur
1467 802 1691 856 potentias
1706 802 1896 851 Domini,

1070 863 1092 888 *
1113 860 1284 902 auditas
1303 860 1435 902 faciet
1449 872 1601 901 omnes
1616 858 1768 901 laudes
1783 856 1896 911 ejus?

1121 917 1268 966 Beati,
1297 917 1371 969 qui
1399 916 1654 958 custodiunt
1679 914 1897 971 judicium,

1070 976 1093 1001 *
1114 979 1157 1015 et
1175 974 1340 1015 faciunt
1359 973 1568 1025 justitiam
1586 973 1631 1014 in
1651 972 1770 1014 omni
1790 973 1896 1013 tem-

1070 1043 1188 1083 pore.

1122 1087 1343 1128 Memento
1372 1086 1514 1127 nostri
1536 1085 1726 1127 Demine
1754 1085 1799 1125 in
1825 1084 1897 1126 be-

1070 1143 1291 1196 neplacito
1319 1142 1473 1196 populi
1501 1142 1580 1184 tui:
1608 1143 1631 1167 *
1659 1142 1789 1183 visita
1814 1153 1898 1182 nos

1070 1201 1113 1242 in
1134 1200 1317 1242 salutari
1334 1205 1427 1241 tuo:

1122 1256 1195 1298 Ad
1209 1255 1448 1298 videndum
1463 1256 1508 1296 in
1522 1254 1721 1297 bonitate
1739 1254 1898 1296 electo·

1071 1327 1167 1355 rum
1186 1310 1374 1362 tuorum,
1394 1311 1452 1354 ad
1470 1311 1710 1354 laetandum
1729 1311 1774 1352 in
1791 1310 1898 1352 laeti—

1070 1371 1132 1412 tia
1158 1370 1302 1421 gentis
1329 1375 1433 1410 tuae:
1456 1371 1480 1396 *
1502 1374 1550 1410 ut
1578 1368 1770 1410 lauderis
1797 1380 1899 1409 cum

1039 1405 1043 1452 ¹
1071 1426 1333 1468 haereditate
1353 1430 1438 1467 tua.

1122 1484 1407 1525 Peccavimus
1449 1495 1549 1524 cum
1582 1481 1783 1534 patribus
1824 1493 1899 1522 no—

1072 1540 1190 1582 stris:
1208 1540 1406 1591 *injuste
1426 1539 1604 1590 egimus,
1622 1538 1899 1590 iniquitatem

1072 1597 1264 1639 fecimus.

1123 1654 1279 1695 Patres
1298 1652 1439 1694 nostri
1459 1652 1503 1692 in
1518 1652 1715 1704 AEgypto
1731 1663 1821 1692 non
1839 1651 1899 1692 in-

1072 1710 1337 1752 tellexerunt
1380 1707 1598 1750 mirabilia
1641 1712 1734 1749 tua:
1759 1708 1784 1733 *
1812 1719 1901 1748 non

1074 1767 1249 1808 fuerunt
1269 1767 1486 1807 memores
1507 1763 1799 1806 multitudinis
1823 1763 1899 1804 mi-

1073 1822 1328 1865 sericerdiae
1348 1827 1449 1864 tuae.

1124 1880 1182 1921 Et
1214 1879 1497 1920 irritaverunt
1532 1876 1820 1919 ascendentes
1855 1875 1900 1917 in

1074 1948 1205 1985 mare,
1224 1936 1247 1961 *
1266 1935 1387 1977 Mare
1406 1933 1598 1976 rubrum.

1124 1992 1182 2034 Et
1209 1991 1396 2033 salvavit
1424 2003 1502 2032 eos
1530 1993 1715 2043 propter
1738 2001 1899 2030 nomen

1074 2062 1215 2090 suum:
1242 2049 1266 2074 *
1293 2053 1342 2089 ut
1375 2052 1526 2089 notam
1553 2046 1718 2088 faceret
1745 2046 1898 2098 poten-

1074 2106 1181 2146 tiam
1205 2117 1338 2146 suam.

1126 2162 1183 2203 Et
1214 2160 1431 2214 increpuit
1462 2159 1584 2201 Mare
1617 2158 1813 2208 rubrum,
1856 2162 1900 2200 et

1075 2218 1343 2259 exsiccatum
1372 2221 1453 2258 est:
1479 2218 1503 2243 *
1532 2220 1577 2258 et
1611 2215 1795 2258 deduxit
1823 2227 1899 2257 eos

1075 2274 1117 2314 in
1136 2274 1307 2327 abyssis
1327 2273 1441 2315 sicut
1460 2273 1505 2314 in
1525 2272 1713 2314 deserto.

1125 2331 1182 2372 Et
1203 2330 1389 2372 salvavit
1414 2342 1492 2371 eos
1517 2328 1572 2371 de
1596 2342 1727 2370 manu
1751 2328 1899 2370 odien-

1073 2388 1198 2428 tium:
1227 2389 1250 2414 *
1280 2392 1323 2428 et
1354 2385 1539 2428 redemit
1573 2397 1650 2427 eos
1682 2385 1737 2427 de
1770 2397 1899 2426 manu

1073 2443 1246 2485 inimici.
1823 2482 1828 2489 ,

1125 2501 1180 2541 Et
1200 2500 1374 2552 operuit
1396 2511 1510 2550 aqua
1530 2498 1792 2540 tribulantes
1809 2509 1900 2539 eos:

1073 2557 1095 2581 *
1115 2570 1223 2597 unus
1244 2569 1298 2598 ex
1318 2556 1380 2597 eis
1402 2568 1487 2596 non
1508 2555 1727 2597 remansit.

1125 2613 1180 2653 Et
1206 2611 1489 2654 crediderunt
1514 2611 1659 2653 verbis
1685 2612 1790 2663 ejus:
1812 2613 1835 2638 *
1856 2615 1899 2652 et

1075 2668 1362 2711 laudaverunt
1379 2668 1554 2710 laudem
1574 2668 1675 2719 ejus.

1127 2725 1223 2767 Cito
1239 2726 1446 2775 fecerunt,
1461 2724 1586 2766 obliti
1602 2728 1702 2765 sunt
1717 2725 1900 2776 eperum
