2040 2976
656 218 826 251 Sabbato
854 222 938 250 ante
966 215 1206 250 Dominicam
1231 216 1256 249 1.
1285 216 1459 257 Augusti.

480 310 770 347 Sabbata

328 368 392 407 De
416 364 529 406 libro
556 369 713 416 quarto
738 364 920 416 Regum.

259 427 410 467 Lectio
431 428 455 467 i.
605 427 707 479 Cap.
722 428 787 467 24.
804 426 843 467 d.
860 432 902 467 et
917 427 980 466 25.

586 486 630 523 et
661 481 849 534 primum
878 494 1035 523 annum

221 540 311 566 ‚·
341 539 484 580 aetatis
505 537 696 580 habebat
712 537 918 580 Sedecias
938 551 1036 580 cum

206 597 391 647 regnare
411 597 634 647 coepisset,
659 600 701 636 et
719 593 922 636 undecim
941 595 1035 636 afiis

207 652 407 704 regnavit
424 652 469 692 in
487 651 747 693 Jerusalem:
771 664 930 693 nomen
948 665 1035 693 ma-

207 709 285 750 tris
305 709 395 760 ejus
415 713 510 750 erat
528 708 706 757 Amital,
726 707 815 748 filia
833 708 857 749 J
861 710 1035 749 eremiae

208 764 263 807 de
289 765 454 807 Lobna.
492 765 549 806 Et
575 765 678 806 fecit
701 764 863 806 malum
887 777 1036 806 coram

207 822 415 872 Domino,
442 823 561 874 juxta
585 822 730 863 omnia
753 834 852 873 quae
871 820 1036 863 fecerat

208 878 395 920 Joakim.
436 878 715 919 Irascebatur
747 877 861 919 enim
887 877 1035 919 Domi-

207 949 289 976 nus
327 940 479 977 eontra
514 934 757 976 Jerusalem
798 939 841 975 et
883 939 1036 976 contra

206 992 382 1043 Judam,
410 991 552 1034 donec
575 992 807 1044 projiceret
831 1003 908 1032 eos
933 1004 958 1032 a
977 991 1035 1032 fa-

207 1050 273 1092 cie
293 1063 387 1091 sua:
413 1050 682 1100 recessitque
701 1047 907 1089 Sedecias
927 1061 953 1089 a
970 1060 1034 1090 re-

206 1119 260 1158 ge
291 1105 541 1159 Babylonis.
583 1105 767 1147 Factum
795 1109 862 1146 est
890 1109 1036 1146 autem

208 1176 320 1205 anno
348 1175 465 1204 nono
493 1162 615 1214 regni
644 1162 752 1214 ejus,
783 1173 933 1202 mense
962 1161 1034 1203 de-

208 1221 340 1269 cimo,
382 1219 551 1261 decima
588 1218 659 1261 die
696 1218 875 1268 mensis,
916 1219 1035 1260 venit

206 1275 622 1318 Nabuchodonosor
659 1288 738 1317 rex
777 1274 1035 1327 Babylonis,

205 1333 300 1386 ipse
326 1339 370 1375 et
394 1333 533 1374 omnis
558 1332 774 1374 exercitus
794 1333 885 1384 ejus
903 1332 947 1373 in
966 1332 991 1372 J
994 1345 1034 1374 e-

206 1389 411 1439 rusalem,
440 1394 483 1431 et
512 1388 895 1431 circumdederunt
924 1401 1036 1431 eam:

206 1452 249 1488 et
292 1447 602 1488 exstruxerunt
642 1446 687 1487 in
724 1445 908 1487 circuitu
945 1447 1035 1498 ejus

206 1503 482 1544 munitiones.
524 1503 581 1544 Et
610 1502 757 1544 clausa
786 1507 853 1544 est
881 1502 1035 1551 civitas

206 1564 339 1611 atque
354 1559 515 1601 vallata
529 1572 669 1611 usque
685 1559 742 1600 ad
756 1559 1036 1601 undecimum

206 1628 366 1656 annum
402 1616 518 1666 regis
557 1615 770 1665 Sedeciae‚
810 1629 927 1658 nona
964 1615 1035 1658 die

205 1672 381 1713 mensis:
407 1672 728 1725 praevaluitque
754 1673 890 1714 fames
915 1673 959 1714 in
979 1673 1034 1715 ci-

206 1728 353 1778 vitate,
366 1741 448 1770 nec
463 1734 556 1771 erat
571 1730 696 1781 panis
709 1730 878 1782 populo
894 1735 1035 1772 terrae.

260 1788 310 1839 R.
335 1785 532 1826 Peccavi.
554 1786 640 1826 179.

516 1845 667 1887 Lectio
688 1846 725 1885 ii.

336 1897 580 1951 interrupta
613 1904 679 1941 est
712 1900 880 1941 civitas:
913 1905 957 1942 et
992 1914 1035 1942 o-

303 1967 425 1995 mnes
451 1955 533 1995 viri
558 1955 795 1998 bellatores
821 1962 951 1999 nocte
974 1957 1035 1999 fu-

206 2012 362 2061 gerunt
390 2024 469 2064 per
497 2011 612 2053 viam
640 2017 798 2066 portae,
837 2026 935 2066 quae
969 2019 1036 2056 est

205 2067 317 2109 inter
337 2066 559 2120 duplicem
581 2082 754 2110 murum
777 2068 834 2111 ad
859 2070 1036 2112 hortum

207 2124 336 2175 regis.
369 2125 517 2188 (porro
544 2124 740 2167 Chaldaei
771 2125 1036 2170 obsidebant

206 2179 250 2220 in
273 2180 456 2222 circuitu
481 2181 732 2234 civitatemz)
758 2183 867 2234 fugit
887 2186 1036 2237 itaque

206 2235 412 2279 Sedecias
437 2250 517 2290 per
543 2238 674 2288 viam,
703 2252 803 2292 quae
832 2239 953 2283 ducit
979 2241 1035 2284 ad

207 2294 471 2346 campestria
503 2295 759 2337 solitudinis
804 2297 862 2338 Et
887 2310 1033 2351 perse-

206 2353 334 2391 cutus
372 2355 439 2392 est
477 2351 694 2393 exercitus
728 2352 1035 2396 Chaldaeorum

206 2419 371 2458 regem,
404 2407 826 2462 comprehenditque
861 2423 960 2452 eum
991 2411 1035 2452 in

205 2462 386 2515 planitie
406 2463 431 2504 J
433 2463 594 2505 ericho:
619 2469 662 2506 et
681 2478 833 2507 omnes
852 2465 1034 2509 bellato-

206 2532 292 2570 res,
333 2519 406 2572 qui
442 2525 565 2561 erant
602 2533 701 2562 cum
736 2534 807 2571 eo,
846 2521 1035 2575 dispersi

207 2581 324 2625 sunt,
350 2582 393 2618 et
417 2576 686 2629 reliquerunt
711 2591 820 2620 eum.
863 2579 1034 2632 Appre-

206 2633 391 2674 hensum
418 2646 523 2684 ergo
552 2647 700 2685 regem
733 2634 951 2677 duxerunt
978 2636 1034 2678 ad

206 2702 356 2741 regem
374 2689 617 2742 Babylonis
640 2691 683 2731 in
702 2691 933 2733 Reblatha:
961 2693 1034 2744 qui

204 2745 380 2788 locutus
407 2751 474 2788 est
502 2759 601 2788 cum
630 2760 682 2789 eo
710 2747 925 2799 judicium.
966 2749 1032 2789 Fi-

1088 311 1172 352 lios
1196 314 1343 352 autem
1359 309 1557 352 Sedeciae
1581 310 1743 352 occidit
1768 323 1918 353 coram

1089 379 1153 417 e0‚
1173 372 1217 409 et
1232 366 1386 409 oculos
1401 367 1492 419 ejus
1508 365 1672 418 effodit,
1690 367 1918 419 vinxitque

1088 436 1188 465 eum
1213 423 1395 474 catenis,
1423 428 1468 465 et
1496 422 1680 466 adduxit
1704 424 1749 465 in
1773 423 1916 476 Baby·

1087 481 1244 522 Ionem.

1140 541 1190 592 R».
1216 537 1447 580 Exaudisti
1465 538 1666 580 Domine.
1685 538 1778 578 180.

1390 604 1542 645 Lectio
1563 603 1617 644 iii.

1088 660 1295 766 Mense
1316 664 1484 717 quinto,
1504 663 1691 717 septima
1709 663 1781 706 die
1799 677 1916 706 men-

1206 721 1281 772 sis,
1306 721 1403 774 ipse
1427 725 1496 763 est
1519 733 1655 762 annus
1680 733 1821 763 nonus
1845 720 1917 763 de-

1089 778 1226 819 cimus
1254 778 1370 829 regis
1398 777 1655 830 Babylonis:
1683 778 1803 820 venit
1830 777 1917 820 Na-

1086 833 1311 876 buzardan
1331 835 1541 888 princeps
1566 834 1802 885 exercitus,
1829 847 1916 877 ser-

1087 900 1168 933 vus
1187 891 1303 944 regis
1321 891 1577 944 BabyloniS,
1600 891 1644 932 in
1662 891 1917 934 Jerusalem.

1087 949 1144 991 Et
1177 947 1404 991 succendit
1438 947 1618 990 domum
1648 947 1840 999 Domini,
1874 954 1917 992 et

1089 1004 1269 1047 domum
1283 1005 1413 1057 regis:
1433 1010 1477 1047 et
1491 1005 1649 1047 domos
1663 1005 1917 1071 Jerusalem,

1088 1063 1352 1115 omnemque
1367 1061 1548 1104 domum
1563 1062 1829 1104 combussit
1817 1062 1917 1114 1gni.

1086 1119 1143 1161 Et
1178 1132 1328 1161 muros
1364 1119 1610 1161 Jerusalem
1650 1119 1694 1160 in
1731 1119 1917 1161 circuitu

1088 1175 1305 1218 destruxit
1324 1176 1466 1218 omnis
1485 1176 1703 1218 exercitus
1719 1175 1916 1219 Chaldae-

1088 1235 1228 1283 orum,
1258 1233 1332 1286 qui
1356 1238 1449 1276 erat
1473 1246 1573 1275 cum
1591 1233 1790 1286 principe
1809 1233 1917 1274 mili-

1086 1294 1190 1331 tum.
1225 1290 1459 1342 Reliquam
1483 1295 1629 1332 autem
1646 1290 1802 1343 populi
1819 1302 1917 1344 par-

1087 1351 1195 1397 tem,
1229 1359 1328 1399 quae
1355 1349 1625 1389 remanserat
1651 1348 1695 1388 in
1729 1347 1917 1398 civitate,

1089 1409 1132 1445 et
1158 1403 1382 1456 perfugas,
1412 1403 1487 1457 qui
1511 1403 1836 1455 transfugerant
1861 1403 1918 1445 ad

1087 1473 1237 1511 regem
1254 1460 1510 1513 Babylonis,
1531 1466 1574 1502 et
1593 1460 1809 1514 reliquum
1827 1460 1917 1502 vul-

1087 1530 1168 1568 gus
1211 1517 1436 1560 transtulit
1470 1517 1768 1560 Nabuzardan
1802 1517 1917 1571 prin·

1088 1587 1195 1627 ceps
1229 1574 1407 1616 militiae.
1460 1575 1518 1616 Et
1554 1573 1610 1616 de
1646 1573 1916 1627 pauperibus

1086 1635 1218 1673 terrae
1243 1631 1421 1684 reliquit
1445 1631 1656 1673 vinitores
1685 1636 1730 1673 et
1752 1633 1917 1683 agrico-

1086 1687 1162 1729 las.
1199 1688 1438 1730 Columnas
1463 1692 1611 1730 autem
1634 1689 1789 1739 aereaS,
1818 1700 1918 1740 quae

1087 1750 1212 1787 erant
1230 1745 1275 1786 in
1299 1744 1467 1797 templo
1488 1744 1682 1794 Domini,
1708 1749 1753 1786 et
1775 1743 1917 1790 bases,

1086 1806 1131 1843 et
1149 1814 1270 1843 mare
1286 1804 1460 1852 aereum,
1480 1800 1601 1854 quod
1616 1805 1710 1843 erat
1723 1801 1768 1842 in
1783 1799 1917 1843 domo

1084 1858 1279 1910 Domini,
1307 1858 1614 1910 confregerunt
1633 1856 1847 1907 Chaldaei,
1873 1861 1918 1899 et

1083 1915 1401 1957 transtulerunt
1438 1928 1500 1957 aes
1537 1927 1666 1957 omne
1696 1913 1742 1955 in
1773 1913 1916 1967 Baby-

1083 1971 1242 2013 Ionem.

1142 2031 1192 2083 R».
1215 2028 1334 2071 Audi
1350 2029 1551 2071 Domine.
1570 2029 1663 2069 180.

1364 2149 1392 2187 S
1410 2161 1436 2187 a
1451 2151 1478 2187 b
1496 2150 1522 2187 b
1541 2161 1567 2187 a
1582 2154 1600 2186 t
1616 2161 1642 2187 o

1171 2206 1271 2240 ante
1292 2198 1567 2244 Dominicam
1588 2198 1618 2237 I.
1639 2197 1839 2248 Augusti.

1141 2268 1195 2302 Ea
1222 2272 1347 2302 autem
1373 2267 1512 2301 dicitur
1536 2267 1562 2300 Ι.
1587 2265 1791 2300 Dominica
1816 2276 1917 2300 men—

1090 2317 1163 2355 sis,
1196 2327 1282 2360 quae
1308 2321 1365 2350 est
1395 2316 1432 2349 in
1460 2315 1668 2355 Kalendis,
1700 2315 1763 2349 vel
1787 2314 1917 2358 proxi-

1089 2366 1188 2399 mior
1212 2365 1402 2399 Kalendis
1425 2364 1528 2398 illius
1554 2365 1714 2398 mensis:
1744 2365 1795 2398 ita
1820 2368 1860 2398 ut
1885 2363 1918 2397 si

1090 2414 1280 2448 Kalendae
1304 2413 1445 2447 fuerint
1470 2413 1532 2455 IL,
1557 2413 1621 2447 111.
1647 2418 1683 2447 et
1706 2413 1769 2447 IV.
1794 2412 1917 2453 Feria,

1091 2467 1179 2496 tunc
1204 2462 1229 2496 Ι.
1251 2462 1456 2495 Dominica
1483 2462 1637 2502 mensis,
1663 2461 1700 2495 in
1724 2472 1799 2505 qua
1817 2461 1918 2496 liber

1091 2511 1300 2554 scripturae
1326 2510 1568 2544 inchoandus
1594 2510 1765 2553 ponitur,
1791 2514 1849 2543 est
1873 2519 1918 2543 ea

1092 2569 1178 2601 quae
1195 2559 1381 2602 praecedit
1400 2559 1608 2593 Kalendas,
1641 2558 1707 2593 Sin
1731 2562 1856 2592 autem
1872 2557 1917 2591 V.

1092 2612 1128 2641 ct
1147 2607 1209 2642 VI.
1232 2608 1353 2642 Feria.
1380 2609 1438 2641 vel
1466 2608 1654 2649 Sabbato,
1679 2612 1737 2641 est
1760 2617 1803 2641 ea
1830 2617 1918 2650 quae

1093 2656 1275 2698 sequitur.
1305 2656 1352 2690 Et
1371 2656 1406 2689 in
1427 2656 1597 2690 Sabbato
1616 2655 1850 2698 praecedenti
1869 2654 1918 2688 ad

1092 2703 1328 2745 Magnificat,
1360 2709 1529 2747 ponatur
1552 2704 1638 2737 Ant.
1670 2703 1774 2737 illius
1800 2703 1918 2737 histo-

1093 2751 1174 2789 riam
1201 2753 1345 2787 omissa
1367 2753 1442 2786 alia
1464 2762 1550 2796 quae
1574 2752 1669 2786 forte
1692 2755 1917 2785 occurreret.
