<?xml version="1.0" encoding="UTF-8"?>
<!DOCTYPE html PUBLIC "-//W3C//DTD XHTML 1.0 Transitional//EN"
    "http://www.w3.org/TR/xhtml1/DTD/xhtml1-transitional.dtd">
<html xmlns="http://www.w3.org/1999/xhtml" xml:lang="en" lang="en">
 <head>
  <title>
</title>
<meta http-equiv="Content-Type" content="text/html;charset=utf-8" />
  <meta name='ocr-system' content='tesseract 3.04.00' />
  <meta name='ocr-capabilities' content='ocr_page ocr_carea ocr_par ocr_line ocrx_word'/>
</head>
<body>
  <div class='ocr_page' id='page_1' title='image "./p3breviariumroma00cathuoft_0576.png"; bbox 0 0 2040 2976; ppageno 0'>
   <div class='ocr_carea' id='block_1_1' title="bbox 510 202 1605 245">
    <p class='ocr_par' dir='ltr' id='par_1_1' title="bbox 510 202 1605 245">
     <span class='ocr_line' id='line_1_1' title="bbox 510 202 1605 245; baseline 0 -9"><span class='ocrx_word' id='word_1_1' title='bbox 510 203 580 236; x_wconf 86' lang='lat' dir='ltr'>Dic</span> <span class='ocrx_word' id='word_1_2' title='bbox 597 203 652 236; x_wconf 43' lang='lat'>28.</span> <span class='ocrx_word' id='word_1_3' title='bbox 672 203 847 245; x_wconf 59' lang='lat' dir='ltr'>Augusti.</span> <span class='ocrx_word' id='word_1_4' title='bbox 876 204 910 237; x_wconf 73' lang='lat' dir='ltr'>S.</span> <span class='ocrx_word' id='word_1_5' title='bbox 931 203 1140 245; x_wconf 71' lang='lat' dir='ltr'>Augustini</span> <span class='ocrx_word' id='word_1_6' title='bbox 1158 203 1296 245; x_wconf 78' lang='lat' dir='ltr'>Episc..</span> <span class='ocrx_word' id='word_1_7' title='bbox 1315 203 1423 236; x_wconf 78' lang='lat' dir='ltr'>Cons.</span> <span class='ocrx_word' id='word_1_8' title='bbox 1443 207 1479 236; x_wconf 86' lang='lat' dir='ltr'>et</span> <span class='ocrx_word' id='word_1_9' title='bbox 1496 202 1605 236; x_wconf 90' lang='lat' dir='ltr'>Doct.</span> 
     </span>
    </p>
   </div>
   <div class='ocr_carea' id='block_1_2' title="bbox 183 299 1017 1712">
    <p class='ocr_par' dir='ltr' id='par_1_2' title="bbox 187 299 1015 408">
     <span class='ocr_line' id='line_1_2' title="bbox 188 299 1015 353; baseline -0.001 -11"><span class='ocrx_word' id='word_1_10' title='bbox 188 301 376 342; x_wconf 75' lang='lat' dir='ltr'>animam</span> <span class='ocrx_word' id='word_1_11' title='bbox 409 299 620 350; x_wconf 86' lang='lat' dir='ltr'>ostendit,</span> <span class='ocrx_word' id='word_1_12' title='bbox 651 305 700 341; x_wconf 88' lang='lat' dir='ltr'>ut</span> <span class='ocrx_word' id='word_1_13' title='bbox 730 313 875 353; x_wconf 91' lang='lat' dir='ltr'>neque</span> <span class='ocrx_word' id='word_1_14' title='bbox 902 301 1015 342; x_wconf 88' lang='lat' dir='ltr'>Filio</span> 
     </span>
     <span class='ocr_line' id='line_1_3' title="bbox 187 356 549 408; baseline -0.006 -10"><span class='ocrx_word' id='word_1_15' title='bbox 187 369 267 398; x_wconf 89' lang='lat' dir='ltr'>suo</span> <span class='ocrx_word' id='word_1_16' title='bbox 288 356 549 408; x_wconf 89' lang='lat' dir='ltr'>pepercerit.</span> 
     </span>
    </p>

    <p class='ocr_par' dir='ltr' id='par_1_3' title="bbox 186 416 1017 852">
     <span class='ocr_line' id='line_1_4' title="bbox 238 416 1016 470; baseline 0.004 -15"><span class='ocrx_word' id='word_1_17' title='bbox 238 418 287 467; x_wconf 61' lang='lat' dir='ltr'>Rg.</span> <span class='ocrx_word' id='word_1_18' title='bbox 319 416 413 457; x_wconf 88' lang='lat' dir='ltr'>Sint</span> <span class='ocrx_word' id='word_1_19' title='bbox 445 416 581 458; x_wconf 91' lang='lat' dir='ltr'>lumbi</span> <span class='ocrx_word' id='word_1_20' title='bbox 611 417 747 458; x_wconf 89' lang='lat' dir='ltr'>vestri</span> <span class='ocrx_word' id='word_1_21' title='bbox 779 418 1016 470; x_wconf 85' lang='lat' dir='ltr'>praecincti,</span> 
     </span>
     <span class='ocr_line' id='line_1_5' title="bbox 187 472 1017 515; baseline 0 -1"><span class='ocrx_word' id='word_1_22' title='bbox 187 478 230 514; x_wconf 92' lang='lat' dir='ltr'>et</span> <span class='ocrx_word' id='word_1_23' title='bbox 266 473 457 514; x_wconf 84' lang='lat' dir='ltr'>lucernae</span> <span class='ocrx_word' id='word_1_24' title='bbox 495 472 701 515; x_wconf 86' lang='lat' dir='ltr'>ardentes</span> <span class='ocrx_word' id='word_1_25' title='bbox 738 474 782 514; x_wconf 90' lang='lat' dir='ltr'>in</span> <span class='ocrx_word' id='word_1_26' title='bbox 815 473 1017 515; x_wconf 81' lang='lat' dir='ltr'>manibus</span> 
     </span>
     <span class='ocr_line' id='line_1_6' title="bbox 186 529 1016 571; baseline -0.001 -1"><span class='ocrx_word' id='word_1_27' title='bbox 186 529 359 571; x_wconf 88' lang='lat' dir='ltr'>vestris:</span> <span class='ocrx_word' id='word_1_28' title='bbox 391 531 412 552; x_wconf 83' lang='grc'>*</span> <span class='ocrx_word' id='word_1_29' title='bbox 442 530 499 571; x_wconf 92' lang='lat' dir='ltr'>Et</span> <span class='ocrx_word' id='word_1_30' title='bbox 527 542 608 571; x_wconf 88' lang='lat' dir='ltr'>vos</span> <span class='ocrx_word' id='word_1_31' title='bbox 636 530 801 571; x_wconf 89' lang='lat' dir='ltr'>similes</span> <span class='ocrx_word' id='word_1_32' title='bbox 833 529 1016 571; x_wconf 82' lang='lat' dir='ltr'>homini-</span> 
     </span>
     <span class='ocr_line' id='line_1_7' title="bbox 187 585 1016 638; baseline -0.001 -11"><span class='ocrx_word' id='word_1_33' title='bbox 187 585 267 627; x_wconf 87' lang='lat' dir='ltr'>bus</span> <span class='ocrx_word' id='word_1_34' title='bbox 300 585 659 638; x_wconf 68' lang='lat' dir='ltr'>exspectantibus</span> <span class='ocrx_word' id='word_1_35' title='bbox 691 586 918 627; x_wconf 89' lang='lat' dir='ltr'>dominum</span> <span class='ocrx_word' id='word_1_36' title='bbox 948 599 1016 627; x_wconf 87' lang='lat' dir='ltr'>su·</span> 
     </span>
     <span class='ocr_line' id='line_1_8' title="bbox 186 641 1017 699; baseline 0 -17"><span class='ocrx_word' id='word_1_37' title='bbox 186 655 274 699; x_wconf 82' lang='lat' dir='ltr'>um,</span> <span class='ocrx_word' id='word_1_38' title='bbox 308 641 485 694; x_wconf 88' lang='lat' dir='ltr'>quando</span> <span class='ocrx_word' id='word_1_39' title='bbox 514 645 762 684; x_wconf 76' lang='lat' dir='ltr'>revertatur</span> <span class='ocrx_word' id='word_1_40' title='bbox 789 655 814 683; x_wconf 87' lang='lat' dir='ltr'>a</span> <span class='ocrx_word' id='word_1_41' title='bbox 841 642 1017 694; x_wconf 77' lang='lat' dir='ltr'>nuptiis.</span> 
     </span>
     <span class='ocr_line' id='line_1_9' title="bbox 188 696 1017 750; baseline 0.002 -14"><span class='ocrx_word' id='word_1_42' title='bbox 188 696 235 742; x_wconf 58' lang='lat' dir='ltr'>Y.</span> <span class='ocrx_word' id='word_1_43' title='bbox 256 697 447 747; x_wconf 70' lang='lat' dir='ltr'>Vigilate</span> <span class='ocrx_word' id='word_1_44' title='bbox 467 710 588 749; x_wconf 86' lang='lat' dir='ltr'>ergo,</span> <span class='ocrx_word' id='word_1_45' title='bbox 613 699 714 750; x_wconf 93' lang='lat' dir='ltr'>quia</span> <span class='ocrx_word' id='word_1_46' title='bbox 732 698 912 740; x_wconf 89' lang='lat' dir='ltr'>nescitis</span> <span class='ocrx_word' id='word_1_47' title='bbox 931 710 1017 749; x_wconf 88' lang='lat' dir='ltr'>qua</span> 
     </span>
     <span class='ocr_line' id='line_1_10' title="bbox 187 753 1016 797; baseline 0.004 -3"><span class='ocrx_word' id='word_1_48' title='bbox 187 754 295 795; x_wconf 91' lang='lat' dir='ltr'>hora</span> <span class='ocrx_word' id='word_1_49' title='bbox 313 754 530 795; x_wconf 91' lang='lat' dir='ltr'>Dominus</span> <span class='ocrx_word' id='word_1_50' title='bbox 550 759 696 796; x_wconf 91' lang='lat' dir='ltr'>vester</span> <span class='ocrx_word' id='word_1_51' title='bbox 715 757 927 796; x_wconf 83' lang='lat' dir='ltr'>venturus</span> <span class='ocrx_word' id='word_1_52' title='bbox 948 753 1016 797; x_wconf 88' lang='lat' dir='ltr'>sit.</span> 
     </span>
     <span class='ocr_line' id='line_1_11' title="bbox 187 810 688 852; baseline 0.002 -2"><span class='ocrx_word' id='word_1_53' title='bbox 187 811 252 851; x_wconf 86' lang='lat' dir='ltr'>Et.</span> <span class='ocrx_word' id='word_1_54' title='bbox 287 810 439 851; x_wconf 89' lang='lat' dir='ltr'>Gloria</span> <span class='ocrx_word' id='word_1_55' title='bbox 456 810 587 852; x_wconf 88' lang='lat' dir='ltr'>Patri.</span> <span class='ocrx_word' id='word_1_56' title='bbox 622 811 688 852; x_wconf 92' lang='lat' dir='ltr'>Et.</span> 
     </span>
    </p>

    <p class='ocr_par' dir='ltr' id='par_1_4' title="bbox 486 869 712 910">
     <span class='ocr_line' id='line_1_12' title="bbox 486 869 712 910; baseline 0 -1"><span class='ocrx_word' id='word_1_57' title='bbox 486 869 637 910; x_wconf 84' lang='lat' dir='ltr'>Lectio</span> <span class='ocrx_word' id='word_1_58' title='bbox 658 870 712 909; x_wconf 85' lang='lat' dir='ltr'>ix.</span> 
     </span>
    </p>

    <p class='ocr_par' dir='ltr' id='par_1_5' title="bbox 255 930 1016 972">
     <span class='ocr_line' id='line_1_13' title="bbox 255 930 1016 972; baseline 0.003 -2"><span class='ocrx_word' id='word_1_59' title='bbox 255 930 269 970; x_wconf 93' lang='lat' dir='ltr'>i</span> <span class='ocrx_word' id='word_1_60' title='bbox 302 942 389 971; x_wconf 92' lang='lat' dir='ltr'>non</span> <span class='ocrx_word' id='word_1_61' title='bbox 422 935 490 972; x_wconf 89' lang='lat' dir='ltr'>est</span> <span class='ocrx_word' id='word_1_62' title='bbox 521 931 650 972; x_wconf 89' lang='lat' dir='ltr'>nobis</span> <span class='ocrx_word' id='word_1_63' title='bbox 685 932 790 972; x_wconf 87' lang='lat' dir='ltr'>satis</span> <span class='ocrx_word' id='word_1_64' title='bbox 819 931 876 972; x_wconf 89' lang='lat' dir='ltr'>ad</span> <span class='ocrx_word' id='word_1_65' title='bbox 904 931 1016 972; x_wconf 78' lang='lat' dir='ltr'>salu-</span> 
     </span>
    </p>

    <p class='ocr_par' dir='ltr' id='par_1_6' title="bbox 183 986 1017 1712">
     <span class='ocr_line' id='line_1_14' title="bbox 273 986 1016 1040; baseline 0.001 -13"><span class='ocrx_word' id='word_1_66' title='bbox 273 990 382 1035; x_wconf 86' lang='lat' dir='ltr'>tem,</span> <span class='ocrx_word' id='word_1_67' title='bbox 413 986 534 1038; x_wconf 93' lang='lat' dir='ltr'>quod</span> <span class='ocrx_word' id='word_1_68' title='bbox 561 987 759 1028; x_wconf 87' lang='lat' dir='ltr'>virtuose</span> <span class='ocrx_word' id='word_1_69' title='bbox 786 988 872 1040; x_wconf 91' lang='lat' dir='ltr'>ipsi</span> <span class='ocrx_word' id='word_1_70' title='bbox 900 988 1016 1028; x_wconf 76' lang='lat' dir='ltr'>viva·</span> 
     </span>
     <span class='ocr_line' id='line_1_15' title="bbox 188 1042 1017 1100; baseline 0.001 -17"><span class='ocrx_word' id='word_1_71' title='bbox 188 1055 302 1091; x_wconf 88' lang='lat' dir='ltr'>mus,</span> <span class='ocrx_word' id='word_1_72' title='bbox 327 1042 407 1084; x_wconf 90' lang='lat' dir='ltr'>sed</span> <span class='ocrx_word' id='word_1_73' title='bbox 427 1045 604 1095; x_wconf 92' lang='lat' dir='ltr'>oportet</span> <span class='ocrx_word' id='word_1_74' title='bbox 625 1043 811 1100; x_wconf 82' lang='lat' dir='ltr'>aliorum</span> <span class='ocrx_word' id='word_1_75' title='bbox 829 1043 1017 1085; x_wconf 80' lang='lat' dir='ltr'>salutem</span> 
     </span>
     <span class='ocr_line' id='line_1_16' title="bbox 188 1098 1016 1151; baseline 0.002 -13"><span class='ocrx_word' id='word_1_76' title='bbox 188 1110 235 1139; x_wconf 90' lang='lat' dir='ltr'>re</span> <span class='ocrx_word' id='word_1_77' title='bbox 251 1098 349 1150; x_wconf 89' lang='lat' dir='ltr'>ipsa</span> <span class='ocrx_word' id='word_1_78' title='bbox 370 1098 638 1149; x_wconf 82' lang='lat' dir='ltr'>desiderare3</span> <span class='ocrx_word' id='word_1_79' title='bbox 658 1113 758 1141; x_wconf 92' lang='lat' dir='ltr'>cum</span> <span class='ocrx_word' id='word_1_80' title='bbox 775 1112 919 1151; x_wconf 90' lang='lat' dir='ltr'>neque</span> <span class='ocrx_word' id='word_1_81' title='bbox 933 1112 1016 1141; x_wconf 91' lang='lat' dir='ltr'>nos</span> 
     </span>
     <span class='ocr_line' id='line_1_17' title="bbox 187 1154 1015 1207; baseline 0.004 -13"><span class='ocrx_word' id='word_1_82' title='bbox 187 1159 306 1195; x_wconf 92' lang='lat' dir='ltr'>recte</span> <span class='ocrx_word' id='word_1_83' title='bbox 325 1154 539 1205; x_wconf 69' lang='lat' dir='ltr'>vivamus,</span> <span class='ocrx_word' id='word_1_84' title='bbox 565 1168 710 1207; x_wconf 90' lang='lat' dir='ltr'>neque</span> <span class='ocrx_word' id='word_1_85' title='bbox 734 1156 845 1197; x_wconf 77' lang='lat' dir='ltr'>alios</span> <span class='ocrx_word' id='word_1_86' title='bbox 870 1155 1015 1197; x_wconf 88' lang='lat' dir='ltr'>horte-</span> 
     </span>
     <span class='ocr_line' id='line_1_18' title="bbox 184 1210 1015 1263; baseline 0.004 -13"><span class='ocrx_word' id='word_1_87' title='bbox 184 1223 295 1259; x_wconf 90' lang='lat' dir='ltr'>mur,</span> <span class='ocrx_word' id='word_1_88' title='bbox 335 1210 441 1262; x_wconf 93' lang='lat' dir='ltr'>quid</span> <span class='ocrx_word' id='word_1_89' title='bbox 477 1211 868 1263; x_wconf 84' lang='lat' dir='ltr'>respondebimus?</span> <span class='ocrx_word' id='word_1_90' title='bbox 906 1213 1015 1262; x_wconf 90' lang='lat' dir='ltr'>Quae</span> 
     </span>
     <span class='ocr_line' id='line_1_19' title="bbox 184 1265 1015 1320; baseline 0.002 -14"><span class='ocrx_word' id='word_1_91' title='bbox 184 1265 311 1307; x_wconf 87' lang='lat' dir='ltr'>nobis</span> <span class='ocrx_word' id='word_1_92' title='bbox 356 1279 459 1319; x_wconf 86' lang='lat' dir='ltr'>spes</span> <span class='ocrx_word' id='word_1_93' title='bbox 506 1267 658 1309; x_wconf 81' lang='lat' dir='ltr'>salutis</span> <span class='ocrx_word' id='word_1_94' title='bbox 699 1268 868 1320; x_wconf 87' lang='lat' dir='ltr'>reliqua</span> <span class='ocrx_word' id='word_1_95' title='bbox 909 1267 1015 1310; x_wconf 89' lang='lat' dir='ltr'>erit?</span> 
     </span>
     <span class='ocr_line' id='line_1_20' title="bbox 185 1321 1015 1376; baseline 0.004 -13"><span class='ocrx_word' id='word_1_96' title='bbox 185 1321 300 1372; x_wconf 87' lang='lat' dir='ltr'>Quid</span> <span class='ocrx_word' id='word_1_97' title='bbox 328 1323 482 1375; x_wconf 81' lang='lat' dir='ltr'>majus,</span> <span class='ocrx_word' id='word_1_98' title='bbox 523 1337 654 1376; x_wconf 87' lang='lat' dir='ltr'>quam</span> <span class='ocrx_word' id='word_1_99' title='bbox 683 1325 838 1365; x_wconf 79' lang='lat' dir='ltr'>animis</span> <span class='ocrx_word' id='word_1_100' title='bbox 866 1323 1015 1366; x_wconf 90' lang='lat' dir='ltr'>mode-</span> 
     </span>
     <span class='ocr_line' id='line_1_21' title="bbox 183 1379 1014 1431; baseline 0.004 -12"><span class='ocrx_word' id='word_1_101' title='bbox 183 1379 287 1429; x_wconf 82' lang='lat' dir='ltr'>rari,</span> <span class='ocrx_word' id='word_1_102' title='bbox 321 1392 451 1431; x_wconf 87' lang='lat' dir='ltr'>quam</span> <span class='ocrx_word' id='word_1_103' title='bbox 480 1380 913 1422; x_wconf 87' lang='lat' dir='ltr'>adolescentulorum</span> <span class='ocrx_word' id='word_1_104' title='bbox 938 1381 1014 1422; x_wconf 88' lang='lat' dir='ltr'>fin-</span> 
     </span>
     <span class='ocr_line' id='line_1_22' title="bbox 183 1434 1012 1489; baseline 0.002 -13"><span class='ocrx_word' id='word_1_105' title='bbox 183 1447 286 1485; x_wconf 84' lang='lat' dir='ltr'>gere</span> <span class='ocrx_word' id='word_1_106' title='bbox 314 1434 482 1477; x_wconf 87' lang='lat' dir='ltr'>mores?</span> <span class='ocrx_word' id='word_1_107' title='bbox 521 1436 651 1478; x_wconf 90' lang='lat' dir='ltr'>Omni</span> <span class='ocrx_word' id='word_1_108' title='bbox 685 1442 804 1479; x_wconf 90' lang='lat' dir='ltr'>certe</span> <span class='ocrx_word' id='word_1_109' title='bbox 830 1437 1012 1489; x_wconf 85' lang='lat' dir='ltr'>pictore,</span> 
     </span>
     <span class='ocr_line' id='line_1_23' title="bbox 184 1491 1014 1545; baseline 0.005 -14"><span class='ocrx_word' id='word_1_110' title='bbox 184 1491 301 1532; x_wconf 92' lang='lat' dir='ltr'>omni</span> <span class='ocrx_word' id='word_1_111' title='bbox 340 1497 458 1534; x_wconf 91' lang='lat' dir='ltr'>certe</span> <span class='ocrx_word' id='word_1_112' title='bbox 498 1494 730 1542; x_wconf 78' lang='lat' dir='ltr'>statuario,</span> <span class='ocrx_word' id='word_1_113' title='bbox 768 1496 1014 1545; x_wconf 90' lang='lat' dir='ltr'>ceterisque</span> 
     </span>
     <span class='ocr_line' id='line_1_24' title="bbox 183 1546 1015 1598; baseline 0.004 -11"><span class='ocrx_word' id='word_1_114' title='bbox 183 1546 434 1598; x_wconf 79' lang='lat' dir='ltr'>hujusmodi</span> <span class='ocrx_word' id='word_1_115' title='bbox 446 1548 648 1589; x_wconf 90' lang='lat' dir='ltr'>omnibus</span> <span class='ocrx_word' id='word_1_116' title='bbox 660 1549 1015 1591; x_wconf 81' lang='lat' dir='ltr'>excellentiorem</span> 
     </span>
     <span class='ocr_line' id='line_1_25' title="bbox 185 1603 1014 1656; baseline 0.005 -13"><span class='ocrx_word' id='word_1_117' title='bbox 185 1603 300 1644; x_wconf 93' lang='lat' dir='ltr'>hunc</span> <span class='ocrx_word' id='word_1_118' title='bbox 334 1603 467 1654; x_wconf 90' lang='lat' dir='ltr'>duco,</span> <span class='ocrx_word' id='word_1_119' title='bbox 501 1605 576 1656; x_wconf 93' lang='lat' dir='ltr'>qui</span> <span class='ocrx_word' id='word_1_120' title='bbox 608 1606 812 1656; x_wconf 78' lang='lat' dir='ltr'>juvenum</span> <span class='ocrx_word' id='word_1_121' title='bbox 845 1606 1014 1647; x_wconf 82' lang='lat' dir='ltr'>animos</span> 
     </span>
     <span class='ocr_line' id='line_1_26' title="bbox 185 1659 1014 1712; baseline 0.005 -13"><span class='ocrx_word' id='word_1_122' title='bbox 185 1659 348 1710; x_wconf 90' lang='lat' dir='ltr'>fingere</span> <span class='ocrx_word' id='word_1_123' title='bbox 367 1673 455 1701; x_wconf 92' lang='lat' dir='ltr'>non</span> <span class='ocrx_word' id='word_1_124' title='bbox 473 1661 654 1712; x_wconf 86' lang='lat' dir='ltr'>ignoret.</span> <span class='ocrx_word' id='word_1_125' title='bbox 696 1662 759 1703; x_wconf 91' lang='lat' dir='ltr'>Te</span> <span class='ocrx_word' id='word_1_126' title='bbox 779 1662 933 1704; x_wconf 91' lang='lat' dir='ltr'>Deum.</span> <span class='ocrx_word' id='word_1_127' title='bbox 957 1663 1014 1703; x_wconf 88' lang='lat'>13.</span> 
     </span>
    </p>
   </div>
   <div class='ocr_carea' id='block_1_3' title="bbox 188 1728 1014 1819">
    <p class='ocr_par' dir='ltr' id='par_1_7' title="bbox 188 1728 1014 1819">
     <span class='ocr_line' id='line_1_27' title="bbox 240 1728 1014 1774; baseline 0.006 -12"><span class='ocrx_word' id='word_1_128' title='bbox 240 1728 355 1771; x_wconf 85' lang='lat' dir='ltr'>Vesp.</span> <span class='ocrx_word' id='word_1_129' title='bbox 383 1740 402 1763; x_wconf 91' lang='lat' dir='ltr'>a</span> <span class='ocrx_word' id='word_1_130' title='bbox 422 1729 545 1772; x_wconf 85' lang='lat' dir='ltr'>Capit.</span> <span class='ocrx_word' id='word_1_131' title='bbox 573 1730 619 1764; x_wconf 87' lang='lat' dir='ltr'>de</span> <span class='ocrx_word' id='word_1_132' title='bbox 645 1742 750 1774; x_wconf 86' lang='lat' dir='ltr'>sequ.</span> <span class='ocrx_word' id='word_1_133' title='bbox 777 1742 861 1766; x_wconf 92' lang='lat' dir='ltr'>cum</span> <span class='ocrx_word' id='word_1_134' title='bbox 881 1743 1014 1767; x_wconf 87' lang='lat' dir='ltr'>comm.</span> 
     </span>
     <span class='ocr_line' id='line_1_28' title="bbox 188 1776 644 1819; baseline 0.004 -10"><span class='ocrx_word' id='word_1_135' title='bbox 188 1776 351 1819; x_wconf 59' lang='lat' dir='ltr'>praeced.</span> <span class='ocrx_word' id='word_1_136' title='bbox 377 1783 445 1810; x_wconf 83' lang='lat' dir='ltr'>etc.</span> <span class='ocrx_word' id='word_1_137' title='bbox 471 1782 511 1811; x_wconf 90' lang='lat' dir='ltr'>ut</span> <span class='ocrx_word' id='word_1_138' title='bbox 536 1778 644 1811; x_wconf 82' lang='lat' dir='ltr'>infra.</span> 
     </span>
    </p>
   </div>
   <div class='ocr_carea' id='block_1_4' title="bbox 409 1863 794 1916">
    <p class='ocr_par' dir='ltr' id='par_1_8' title="bbox 409 1863 794 1916">
     <span class='ocr_line' id='line_1_29' title="bbox 409 1863 794 1916; baseline 0.005 -12"><span class='ocrx_word' id='word_1_139' title='bbox 409 1863 492 1905; x_wconf 91' lang='lat' dir='ltr'>Die</span> <span class='ocrx_word' id='word_1_140' title='bbox 510 1865 576 1904; x_wconf 86' lang='lat'>28.</span> <span class='ocrx_word' id='word_1_141' title='bbox 595 1864 794 1916; x_wconf 82' lang='lat' dir='ltr'>Augusti.</span> 
     </span>
    </p>
   </div>
   <div class='ocr_carea' id='block_1_5' title="bbox 185 1930 1015 2527">
    <p class='ocr_par' dir='ltr' id='par_1_9' title="bbox 187 1930 1015 2092">
     <span class='ocr_line' id='line_1_30' title="bbox 187 1930 1015 1984; baseline 0.004 -13"><span class='ocrx_word' id='word_1_142' title='bbox 187 1930 230 1971; x_wconf 87' lang='lat' dir='ltr'>S.</span> <span class='ocrx_word' id='word_1_143' title='bbox 256 1930 527 1981; x_wconf 72' lang='lat' dir='ltr'>Augustini</span> <span class='ocrx_word' id='word_1_144' title='bbox 557 1933 783 1984; x_wconf 83' lang='lat' dir='ltr'>Episcopi.</span> <span class='ocrx_word' id='word_1_145' title='bbox 819 1933 941 1973; x_wconf 87' lang='lat' dir='ltr'>Conf.</span> <span class='ocrx_word' id='word_1_146' title='bbox 974 1940 1015 1974; x_wconf 90' lang='lat' dir='ltr'>et</span> 
     </span>
     <span class='ocr_line' id='line_1_31' title="bbox 472 1987 734 2029; baseline 0.011 -3"><span class='ocrx_word' id='word_1_147' title='bbox 472 1987 587 2028; x_wconf 86' lang='lat' dir='ltr'>Eccl.</span> <span class='ocrx_word' id='word_1_148' title='bbox 610 1989 734 2029; x_wconf 86' lang='lat' dir='ltr'>Doct.</span> 
     </span>
     <span class='ocr_line' id='line_1_32' title="bbox 520 2049 683 2092; baseline 0.006 -10"><span class='ocrx_word' id='word_1_149' title='bbox 520 2049 683 2092; x_wconf 81' lang='lat' dir='ltr'>Duplex.</span> 
     </span>
    </p>

    <p class='ocr_par' dir='ltr' id='par_1_10' title="bbox 188 2100 1014 2193">
     <span class='ocr_line' id='line_1_33' title="bbox 241 2100 1014 2148; baseline 0.009 -15"><span class='ocrx_word' id='word_1_150' title='bbox 241 2100 375 2135; x_wconf 87' lang='lat' dir='ltr'>Omnia</span> <span class='ocrx_word' id='word_1_151' title='bbox 406 2103 452 2136; x_wconf 88' lang='lat' dir='ltr'>de</span> <span class='ocrx_word' id='word_1_152' title='bbox 480 2103 623 2137; x_wconf 90' lang='lat' dir='ltr'>Comm.</span> <span class='ocrx_word' id='word_1_153' title='bbox 654 2104 762 2139; x_wconf 82' lang='lat' dir='ltr'>Conf.</span> <span class='ocrx_word' id='word_1_154' title='bbox 793 2106 900 2140; x_wconf 87' lang='lat' dir='ltr'>Pont.</span> <span class='ocrx_word' id='word_1_155' title='bbox 931 2104 1014 2148; x_wconf 83' lang='lat'>[49]‚</span> 
     </span>
     <span class='ocr_line' id='line_1_34' title="bbox 188 2151 562 2193; baseline 0.008 -11"><span class='ocrx_word' id='word_1_156' title='bbox 188 2154 328 2191; x_wconf 78' lang='lat' dir='ltr'>practer</span> <span class='ocrx_word' id='word_1_157' title='bbox 352 2151 562 2193; x_wconf 76' lang='lat' dir='ltr'>sequentia.</span> 
     </span>
    </p>

    <p class='ocr_par' dir='ltr' id='par_1_11' title="bbox 240 2203 873 2251">
     <span class='ocr_line' id='line_1_35' title="bbox 240 2203 873 2251; baseline 0.008 -15"><span class='ocrx_word' id='word_1_158' title='bbox 240 2203 281 2237; x_wconf 90' lang='lat' dir='ltr'>In</span> <span class='ocrx_word' id='word_1_159' title='bbox 308 2204 479 2248; x_wconf 83' lang='lat' dir='ltr'>utrisque</span> <span class='ocrx_word' id='word_1_160' title='bbox 503 2206 619 2249; x_wconf 78' lang='lat' dir='ltr'>Vesp.</span> <span class='ocrx_word' id='word_1_161' title='bbox 646 2207 695 2241; x_wconf 86' lang='lat' dir='ltr'>ad</span> <span class='ocrx_word' id='word_1_162' title='bbox 720 2208 873 2251; x_wconf 75' lang='lat' dir='ltr'>Magnif.</span> 
     </span>
    </p>

    <p class='ocr_par' dir='ltr' id='par_1_12' title="bbox 185 2254 1014 2474">
     <span class='ocr_line' id='line_1_36' title="bbox 241 2254 1014 2310; baseline 0.01 -16"><span class='ocrx_word' id='word_1_163' title='bbox 241 2255 340 2295; x_wconf 89' lang='lat' dir='ltr'>Ant.</span> <span class='ocrx_word' id='word_1_164' title='bbox 363 2255 400 2296; x_wconf 93' lang='lat' dir='ltr'>O</span> <span class='ocrx_word' id='word_1_165' title='bbox 417 2254 586 2298; x_wconf 90' lang='lat' dir='ltr'>Doctor</span> <span class='ocrx_word' id='word_1_166' title='bbox 606 2258 782 2310; x_wconf 91' lang='lat' dir='ltr'>optime,</span> <span class='ocrx_word' id='word_1_167' title='bbox 801 2258 1014 2302; x_wconf 82' lang='lat' dir='ltr'>Ecclesiae</span> 
     </span>
     <span class='ocr_line' id='line_1_37' title="bbox 186 2310 1014 2366; baseline 0.011 -17"><span class='ocrx_word' id='word_1_168' title='bbox 186 2314 354 2350; x_wconf 83' lang='lat' dir='ltr'>sanctae</span> <span class='ocrx_word' id='word_1_169' title='bbox 385 2310 548 2362; x_wconf 86' lang='lat' dir='ltr'>lumen,</span> <span class='ocrx_word' id='word_1_170' title='bbox 588 2313 719 2356; x_wconf 80' lang='lat' dir='ltr'>beate</span> <span class='ocrx_word' id='word_1_171' title='bbox 754 2315 1014 2366; x_wconf 84' lang='lat' dir='ltr'>Augustine‚</span> 
     </span>
     <span class='ocr_line' id='line_1_38' title="bbox 186 2364 1014 2424; baseline 0.011 -18"><span class='ocrx_word' id='word_1_172' title='bbox 186 2364 346 2407; x_wconf 87' lang='lat' dir='ltr'>divinae</span> <span class='ocrx_word' id='word_1_173' title='bbox 389 2366 498 2417; x_wconf 85' lang='lat' dir='ltr'>legis</span> <span class='ocrx_word' id='word_1_174' title='bbox 542 2371 727 2420; x_wconf 79' lang='lat' dir='ltr'>amator,</span> <span class='ocrx_word' id='word_1_175' title='bbox 773 2370 1014 2424; x_wconf 79' lang='lat' dir='ltr'>deprecare</span> 
     </span>
     <span class='ocr_line' id='line_1_39' title="bbox 185 2422 703 2474; baseline 0.012 -13"><span class='ocrx_word' id='word_1_176' title='bbox 185 2434 268 2474; x_wconf 89' lang='lat' dir='ltr'>pro</span> <span class='ocrx_word' id='word_1_177' title='bbox 287 2422 415 2464; x_wconf 83' lang='lat' dir='ltr'>nobis</span> <span class='ocrx_word' id='word_1_178' title='bbox 435 2423 592 2465; x_wconf 90' lang='lat' dir='ltr'>Filium</span> <span class='ocrx_word' id='word_1_179' title='bbox 610 2425 703 2467; x_wconf 93' lang='lat' dir='ltr'>Dei.</span> 
     </span>
    </p>

    <p class='ocr_par' dir='ltr' id='par_1_13' title="bbox 523 2486 687 2527">
     <span class='ocr_line' id='line_1_40' title="bbox 523 2486 687 2527; baseline 0 -1"><span class='ocrx_word' id='word_1_180' title='bbox 523 2486 687 2527; x_wconf 83' lang='lat' dir='ltr'>Oratio.</span> 
     </span>
    </p>
   </div>
   <div class='ocr_carea' id='block_1_6' title="bbox 264 2543 1015 2600">
    <p class='ocr_par' dir='ltr' id='par_1_14' title="bbox 264 2543 1015 2600">
     <span class='ocr_line' id='line_1_41' title="bbox 264 2543 1015 2600; baseline 0.008 -15"><span class='ocrx_word' id='word_1_181' title='bbox 264 2543 392 2586; x_wconf 86' lang='lat' dir='ltr'>desto</span> <span class='ocrx_word' id='word_1_182' title='bbox 420 2546 814 2598; x_wconf 86' lang='lat' dir='ltr'>supplicationibus</span> <span class='ocrx_word' id='word_1_183' title='bbox 841 2550 1015 2600; x_wconf 85' lang='lat' dir='ltr'>nostris,</span> 
     </span>
    </p>
   </div>
   <div class='ocr_carea' id='block_1_7' title="bbox 186 2603 1168 2768">
    <p class='ocr_par' dir='ltr' id='par_1_15' title="bbox 186 2603 1168 2768">
     <span class='ocr_line' id='line_1_42' title="bbox 298 2603 1150 2658; baseline 0.009 -18"><span class='ocrx_word' id='word_1_184' title='bbox 298 2603 577 2653; x_wconf 86' lang='lat' dir='ltr'>omnipotens</span> <span class='ocrx_word' id='word_1_185' title='bbox 610 2603 747 2644; x_wconf 89' lang='lat' dir='ltr'>Deus:</span> <span class='ocrx_word' id='word_1_186' title='bbox 779 2610 823 2645; x_wconf 91' lang='lat' dir='ltr'>et</span> <span class='ocrx_word' id='word_1_187' title='bbox 856 2605 1015 2656; x_wconf 88' lang='lat' dir='ltr'>quibus</span> <span class='ocrx_word' id='word_1_188' title='bbox 1080 2614 1150 2658; x_wconf 53' lang='grc' dir='ltr'>ὃς</span> 
     </span>
     <span class='ocr_line' id='line_1_43' title="bbox 186 2655 1154 2721; baseline 0.006 -24"><span class='ocrx_word' id='word_1_189' title='bbox 186 2655 392 2698; x_wconf 81' lang='lat' dir='ltr'>fiduciam</span> <span class='ocrx_word' id='word_1_190' title='bbox 418 2657 650 2710; x_wconf 77' lang='lat' dir='ltr'>sperandae</span> <span class='ocrx_word' id='word_1_191' title='bbox 672 2660 852 2711; x_wconf 79' lang='lat' dir='ltr'>pietatis</span> <span class='ocrx_word' id='word_1_192' title='bbox 877 2661 1014 2702; x_wconf 83' lang='lat' dir='ltr'>indul·</span> <span class='ocrx_word' id='word_1_193' title='bbox 1077 2659 1092 2717; x_wconf 50' lang='grc' dir='ltr'>’ζ’</span> <span class='ocrx_word' id='word_1_194' title='bbox 1111 2663 1154 2721; x_wconf 44' lang='lat'>31</span> 
     </span>
     <span class='ocr_line' id='line_1_44' title="bbox 186 2713 1168 2768; baseline 0.006 -13"><span class='ocrx_word' id='word_1_195' title='bbox 186 2725 275 2763; x_wconf 86' lang='lat' dir='ltr'>ges,</span> <span class='ocrx_word' id='word_1_196' title='bbox 295 2713 594 2757; x_wconf 75' lang='lat' dir='ltr'>intercedente</span> <span class='ocrx_word' id='word_1_197' title='bbox 612 2715 745 2758; x_wconf 72' lang='lat' dir='ltr'>beeto</span> <span class='ocrx_word' id='word_1_198' title='bbox 766 2718 1015 2768; x_wconf 85' lang='lat' dir='ltr'>Augustino</span> <span class='ocrx_word' id='word_1_199' title='bbox 1075 2724 1077 2731; x_wconf 64' lang='lat'><strong><em>⁴</em></strong></span> <span class='ocrx_word' id='word_1_200' title='bbox 1127 2714 1136 2729; x_wconf 67' lang='lat'><strong>¹</strong></span> <span class='ocrx_word' id='word_1_201' title='bbox 1159 2726 1168 2734; x_wconf 78' lang='lat'><strong>⁴</strong></span> 
     </span>
    </p>
   </div>
   <div class='ocr_carea' id='block_1_8' title="bbox 1068 299 1901 351">
    <p class='ocr_par' dir='ltr' id='par_1_16' title="bbox 1068 299 1901 351">
     <span class='ocr_line' id='line_1_45' title="bbox 1068 299 1901 351; baseline 0.002 -11"><span class='ocrx_word' id='word_1_202' title='bbox 1068 299 1332 341; x_wconf 88' lang='lat' dir='ltr'>Confessore</span> <span class='ocrx_word' id='word_1_203' title='bbox 1381 304 1459 341; x_wconf 92' lang='lat' dir='ltr'>tuo</span> <span class='ocrx_word' id='word_1_204' title='bbox 1509 303 1643 351; x_wconf 89' lang='lat' dir='ltr'>atque</span> <span class='ocrx_word' id='word_1_205' title='bbox 1688 300 1901 342; x_wconf 91' lang='lat' dir='ltr'>Pontifice</span> 
     </span>
    </p>
   </div>
   <div class='ocr_carea' id='block_1_9' title="bbox 1068 355 1904 2346">
    <p class='ocr_par' dir='ltr' id='par_1_17' title="bbox 1068 355 1900 463">
     <span class='ocr_line' id='line_1_46' title="bbox 1068 355 1900 399; baseline 0.004 -3"><span class='ocrx_word' id='word_1_206' title='bbox 1068 357 1291 397; x_wconf 77' lang='lat' dir='ltr'>consuetae</span> <span class='ocrx_word' id='word_1_207' title='bbox 1319 355 1635 398; x_wconf 80' lang='lat' dir='ltr'>misericordiae</span> <span class='ocrx_word' id='word_1_208' title='bbox 1658 356 1804 399; x_wconf 85' lang='lat' dir='ltr'>tribue</span> <span class='ocrx_word' id='word_1_209' title='bbox 1828 356 1900 399; x_wconf 92' lang='lat' dir='ltr'>be-</span> 
     </span>
     <span class='ocr_line' id='line_1_47' title="bbox 1068 411 1841 463; baseline 0.003 -11"><span class='ocrx_word' id='word_1_210' title='bbox 1068 414 1224 463; x_wconf 86' lang='lat' dir='ltr'>nignus</span> <span class='ocrx_word' id='word_1_211' title='bbox 1244 411 1460 454; x_wconf 82' lang='lat' dir='ltr'>eflectum.</span> <span class='ocrx_word' id='word_1_212' title='bbox 1487 413 1573 453; x_wconf 91' lang='lat' dir='ltr'>Per</span> <span class='ocrx_word' id='word_1_213' title='bbox 1590 413 1841 456; x_wconf 90' lang='lat' dir='ltr'>Dominum.</span> 
     </span>
    </p>

    <p class='ocr_par' dir='ltr' id='par_1_18' title="bbox 1126 476 1651 519">
     <span class='ocr_line' id='line_1_48' title="bbox 1126 476 1651 519; baseline -0.002 -8"><span class='ocrx_word' id='word_1_214' title='bbox 1126 478 1172 512; x_wconf 87' lang='lat' dir='ltr'>Et</span> <span class='ocrx_word' id='word_1_215' title='bbox 1198 478 1237 511; x_wconf 81' lang='lat' dir='ltr'>fit</span> <span class='ocrx_word' id='word_1_216' title='bbox 1262 487 1459 511; x_wconf 88' lang='lat' dir='ltr'>commem.</span> <span class='ocrx_word' id='word_1_217' title='bbox 1485 476 1651 519; x_wconf 84' lang='lat' dir='ltr'>praeced.</span> 
     </span>
    </p>

    <p class='ocr_par' dir='ltr' id='par_1_19' title="bbox 1070 529 1902 692">
     <span class='ocr_line' id='line_1_49' title="bbox 1124 529 1902 582; baseline 0.003 -13"><span class='ocrx_word' id='word_1_218' title='bbox 1124 531 1222 570; x_wconf 74' lang='lat' dir='ltr'>Ant.</span> <span class='ocrx_word' id='word_1_219' title='bbox 1244 529 1327 570; x_wconf 91' lang='lat' dir='ltr'>Hic</span> <span class='ocrx_word' id='word_1_220' title='bbox 1342 529 1409 571; x_wconf 89' lang='lat' dir='ltr'>vir</span> <span class='ocrx_word' id='word_1_221' title='bbox 1429 529 1677 582; x_wconf 89' lang='lat' dir='ltr'>despiciens</span> <span class='ocrx_word' id='word_1_222' title='bbox 1691 529 1902 571; x_wconf 90' lang='lat' dir='ltr'>mundum</span> 
     </span>
     <span class='ocr_line' id='line_1_50' title="bbox 1071 585 1902 638; baseline -0.001 -11"><span class='ocrx_word' id='word_1_223' title='bbox 1071 590 1114 627; x_wconf 92' lang='lat' dir='ltr'>et</span> <span class='ocrx_word' id='word_1_224' title='bbox 1155 587 1345 635; x_wconf 87' lang='lat' dir='ltr'>terrena,</span> <span class='ocrx_word' id='word_1_225' title='bbox 1388 586 1683 638; x_wconf 83' lang='lat' dir='ltr'>triumphans,</span> <span class='ocrx_word' id='word_1_226' title='bbox 1727 585 1902 628; x_wconf 88' lang='lat' dir='ltr'>divitias</span> 
     </span>
     <span class='ocr_line' id='line_1_51' title="bbox 1070 642 1672 692; baseline 0.002 -10"><span class='ocrx_word' id='word_1_227' title='bbox 1070 642 1185 682; x_wconf 86' lang='lat' dir='ltr'>coelo</span> <span class='ocrx_word' id='word_1_228' title='bbox 1206 642 1404 684; x_wconf 90' lang='lat' dir='ltr'>condidit</span> <span class='ocrx_word' id='word_1_229' title='bbox 1424 655 1511 692; x_wconf 88' lang='lat' dir='ltr'>ore,</span> <span class='ocrx_word' id='word_1_230' title='bbox 1530 655 1672 683; x_wconf 83' lang='lat' dir='ltr'>manu.</span> 
     </span>
    </p>

    <p class='ocr_par' dir='ltr' id='par_1_20' title="bbox 1069 698 1903 865">
     <span class='ocr_line' id='line_1_52' title="bbox 1124 698 1903 756; baseline 0.004 -14"><span class='ocrx_word' id='word_1_231' title='bbox 1124 698 1174 749; x_wconf 64' lang='lat' dir='ltr'>V.</span> <span class='ocrx_word' id='word_1_232' title='bbox 1190 702 1215 742; x_wconf 89' lang='lat' dir='ltr'><strong>J</strong></span> <span class='ocrx_word' id='word_1_233' title='bbox 1218 707 1365 743; x_wconf 89' lang='lat' dir='ltr'>ustum</span> <span class='ocrx_word' id='word_1_234' title='bbox 1385 703 1571 745; x_wconf 82' lang='lat' dir='ltr'>deduxit</span> <span class='ocrx_word' id='word_1_235' title='bbox 1587 703 1804 744; x_wconf 83' lang='lat' dir='ltr'>Dominus</span> <span class='ocrx_word' id='word_1_236' title='bbox 1822 716 1903 756; x_wconf 92' lang='lat' dir='ltr'>per</span> 
     </span>
     <span class='ocr_line' id='line_1_53' title="bbox 1069 758 1902 811; baseline 0.004 -13"><span class='ocrx_word' id='word_1_237' title='bbox 1069 758 1163 799; x_wconf 87' lang='lat' dir='ltr'>vias</span> <span class='ocrx_word' id='word_1_238' title='bbox 1182 763 1336 800; x_wconf 87' lang='lat' dir='ltr'>rectas.</span> <span class='ocrx_word' id='word_1_239' title='bbox 1380 760 1429 811; x_wconf 65' lang='lat' dir='ltr'>R.</span> <span class='ocrx_word' id='word_1_240' title='bbox 1452 760 1509 801; x_wconf 89' lang='lat' dir='ltr'>Et</span> <span class='ocrx_word' id='word_1_241' title='bbox 1535 758 1729 801; x_wconf 76' lang='lat' dir='ltr'>ostendit</span> <span class='ocrx_word' id='word_1_242' title='bbox 1752 759 1815 800; x_wconf 89' lang='lat' dir='ltr'>illi</span> <span class='ocrx_word' id='word_1_243' title='bbox 1838 772 1902 801; x_wconf 88' lang='lat' dir='ltr'>re-</span> 
     </span>
     <span class='ocr_line' id='line_1_54' title="bbox 1069 815 1316 865; baseline 0 -10"><span class='ocrx_word' id='word_1_244' title='bbox 1069 827 1203 865; x_wconf 88' lang='lat' dir='ltr'>gnum</span> <span class='ocrx_word' id='word_1_245' title='bbox 1221 815 1316 856; x_wconf 92' lang='lat' dir='ltr'>Dei.</span> 
     </span>
    </p>

    <p class='ocr_par' dir='ltr' id='par_1_21' title="bbox 1408 868 1572 909">
     <span class='ocr_line' id='line_1_55' title="bbox 1408 868 1572 909; baseline -0.012 0"><span class='ocrx_word' id='word_1_246' title='bbox 1408 868 1572 909; x_wconf 85' lang='lat' dir='ltr'>Oratio.</span> 
     </span>
    </p>

    <p class='ocr_par' dir='ltr' id='par_1_22' title="bbox 1159 927 1901 981">
     <span class='ocr_line' id='line_1_56' title="bbox 1159 927 1901 981; baseline 0.001 -12"><span class='ocrx_word' id='word_1_247' title='bbox 1159 941 1247 978; x_wconf 89' lang='lat' dir='ltr'>eus,</span> <span class='ocrx_word' id='word_1_248' title='bbox 1259 928 1334 980; x_wconf 92' lang='lat' dir='ltr'>qui</span> <span class='ocrx_word' id='word_1_249' title='bbox 1347 941 1427 980; x_wconf 89' lang='lat' dir='ltr'>per</span> <span class='ocrx_word' id='word_1_250' title='bbox 1443 933 1644 969; x_wconf 89' lang='lat' dir='ltr'>sanctum</span> <span class='ocrx_word' id='word_1_251' title='bbox 1659 927 1683 968; x_wconf 92' lang='lat' dir='ltr'><strong>J</strong></span> <span class='ocrx_word' id='word_1_252' title='bbox 1685 928 1901 981; x_wconf 90' lang='lat' dir='ltr'>osephum</span> 
     </span>
    </p>

    <p class='ocr_par' dir='ltr' id='par_1_23' title="bbox 1069 984 1904 1429">
     <span class='ocr_line' id='line_1_57' title="bbox 1184 984 1903 1034; baseline 0.001 -9"><span class='ocrx_word' id='word_1_253' title='bbox 1184 984 1496 1026; x_wconf 89' lang='lat' dir='ltr'>Confessorem</span> <span class='ocrx_word' id='word_1_254' title='bbox 1531 990 1671 1034; x_wconf 89' lang='lat' dir='ltr'>tuum,</span> <span class='ocrx_word' id='word_1_255' title='bbox 1714 984 1771 1026; x_wconf 91' lang='lat' dir='ltr'>ad</span> <span class='ocrx_word' id='word_1_256' title='bbox 1808 997 1903 1026; x_wconf 91' lang='lat' dir='ltr'>eru-</span> 
     </span>
     <span class='ocr_line' id='line_1_58' title="bbox 1071 1038 1904 1092; baseline 0.002 -12"><span class='ocrx_word' id='word_1_257' title='bbox 1071 1038 1276 1081; x_wconf 87' lang='lat' dir='ltr'>diendam</span> <span class='ocrx_word' id='word_1_258' title='bbox 1313 1041 1471 1092; x_wconf 89' lang='lat' dir='ltr'>spiritu</span> <span class='ocrx_word' id='word_1_259' title='bbox 1514 1039 1816 1091; x_wconf 83' lang='lat' dir='ltr'>intelligentiae</span> <span class='ocrx_word' id='word_1_260' title='bbox 1852 1054 1904 1082; x_wconf 88' lang='lat' dir='ltr'>ac</span> 
     </span>
     <span class='ocr_line' id='line_1_59' title="bbox 1069 1095 1903 1148; baseline 0.005 -13"><span class='ocrx_word' id='word_1_261' title='bbox 1069 1095 1248 1147; x_wconf 79' lang='lat' dir='ltr'>pietatis</span> <span class='ocrx_word' id='word_1_262' title='bbox 1266 1097 1553 1148; x_wconf 79' lang='lat' dir='ltr'>juventutem,</span> <span class='ocrx_word' id='word_1_263' title='bbox 1571 1108 1737 1138; x_wconf 90' lang='lat' dir='ltr'>novum</span> <span class='ocrx_word' id='word_1_264' title='bbox 1754 1097 1903 1139; x_wconf 88' lang='lat' dir='ltr'>Eccle-</span> 
     </span>
     <span class='ocr_line' id='line_1_60' title="bbox 1070 1151 1902 1205; baseline 0.004 -13"><span class='ocrx_word' id='word_1_265' title='bbox 1070 1151 1147 1193; x_wconf 87' lang='lat' dir='ltr'>siae</span> <span class='ocrx_word' id='word_1_266' title='bbox 1178 1157 1267 1194; x_wconf 87' lang='lat' dir='ltr'>tuae</span> <span class='ocrx_word' id='word_1_267' title='bbox 1295 1151 1540 1194; x_wconf 82' lang='lat' dir='ltr'>subsidium</span> <span class='ocrx_word' id='word_1_268' title='bbox 1568 1152 1808 1205; x_wconf 88' lang='lat' dir='ltr'>providere</span> <span class='ocrx_word' id='word_1_269' title='bbox 1841 1153 1902 1195; x_wconf 92' lang='lat' dir='ltr'>di-</span> 
     </span>
     <span class='ocr_line' id='line_1_61' title="bbox 1069 1210 1903 1261; baseline 0.004 -13"><span class='ocrx_word' id='word_1_270' title='bbox 1069 1210 1227 1259; x_wconf 78' lang='lat' dir='ltr'>gnatus</span> <span class='ocrx_word' id='word_1_271' title='bbox 1247 1221 1310 1250; x_wconf 88' lang='lat' dir='ltr'>es:</span> <span class='ocrx_word' id='word_1_272' title='bbox 1335 1213 1511 1261; x_wconf 85' lang='lat' dir='ltr'>praesta,</span> <span class='ocrx_word' id='word_1_273' title='bbox 1532 1211 1801 1261; x_wconf 71' lang='lat' dir='ltr'>quaesumus;</span> <span class='ocrx_word' id='word_1_274' title='bbox 1819 1222 1903 1251; x_wconf 92' lang='lat' dir='ltr'>nos</span> 
     </span>
     <span class='ocr_line' id='line_1_62' title="bbox 1069 1265 1903 1318; baseline 0.002 -13"><span class='ocrx_word' id='word_1_275' title='bbox 1069 1265 1162 1315; x_wconf 84' lang='lat' dir='ltr'>ejus</span> <span class='ocrx_word' id='word_1_276' title='bbox 1186 1265 1392 1318; x_wconf 85' lang='lat' dir='ltr'>exemplo</span> <span class='ocrx_word' id='word_1_277' title='bbox 1419 1270 1463 1307; x_wconf 91' lang='lat' dir='ltr'>et</span> <span class='ocrx_word' id='word_1_278' title='bbox 1481 1265 1816 1316; x_wconf 83' lang='lat' dir='ltr'>intercessione,</span> <span class='ocrx_word' id='word_1_279' title='bbox 1841 1266 1903 1308; x_wconf 89' lang='lat' dir='ltr'>ita</span> 
     </span>
     <span class='ocr_line' id='line_1_63' title="bbox 1069 1320 1902 1374; baseline 0.002 -13"><span class='ocrx_word' id='word_1_280' title='bbox 1069 1320 1214 1362; x_wconf 78' lang='lat' dir='ltr'>facere</span> <span class='ocrx_word' id='word_1_281' title='bbox 1241 1325 1285 1362; x_wconf 90' lang='lat' dir='ltr'>et</span> <span class='ocrx_word' id='word_1_282' title='bbox 1310 1320 1489 1371; x_wconf 91' lang='lat' dir='ltr'>docere,</span> <span class='ocrx_word' id='word_1_283' title='bbox 1516 1326 1566 1363; x_wconf 93' lang='lat' dir='ltr'>ut</span> <span class='ocrx_word' id='word_1_284' title='bbox 1590 1322 1775 1374; x_wconf 82' lang='lat' dir='ltr'>praemia</span> <span class='ocrx_word' id='word_1_285' title='bbox 1801 1335 1902 1364; x_wconf 92' lang='lat' dir='ltr'>con-</span> 
     </span>
     <span class='ocr_line' id='line_1_64' title="bbox 1069 1379 1511 1429; baseline 0.002 -11"><span class='ocrx_word' id='word_1_286' title='bbox 1069 1379 1307 1429; x_wconf 73' lang='lat' dir='ltr'>sequamur</span> <span class='ocrx_word' id='word_1_287' title='bbox 1335 1379 1511 1420; x_wconf 77' lang='lat' dir='ltr'>aeterna.</span> 
     </span>
    </p>

    <p class='ocr_par' dir='ltr' id='par_1_24' title="bbox 1126 1443 1700 1486">
     <span class='ocr_line' id='line_1_65' title="bbox 1126 1443 1700 1486; baseline 0.002 -9"><span class='ocrx_word' id='word_1_288' title='bbox 1126 1444 1276 1478; x_wconf 81' lang='lat' dir='ltr'>Deinde</span> <span class='ocrx_word' id='word_1_289' title='bbox 1302 1444 1337 1478; x_wconf 90' lang='lat' dir='ltr'>S.</span> <span class='ocrx_word' id='word_1_290' title='bbox 1362 1443 1568 1486; x_wconf 85' lang='lat' dir='ltr'>Hermetis,</span> <span class='ocrx_word' id='word_1_291' title='bbox 1591 1443 1700 1478; x_wconf 88' lang='lat' dir='ltr'>Mart.</span> 
     </span>
    </p>

    <p class='ocr_par' dir='ltr' id='par_1_25' title="bbox 1069 1495 1904 1717">
     <span class='ocr_line' id='line_1_66' title="bbox 1125 1495 1904 1548; baseline 0.003 -12"><span class='ocrx_word' id='word_1_292' title='bbox 1125 1498 1224 1537; x_wconf 85' lang='lat' dir='ltr'>Ant.</span> <span class='ocrx_word' id='word_1_293' title='bbox 1246 1497 1330 1536; x_wconf 89' lang='lat' dir='ltr'>Iste</span> <span class='ocrx_word' id='word_1_294' title='bbox 1347 1500 1524 1537; x_wconf 87' lang='lat' dir='ltr'>sanctus</span> <span class='ocrx_word' id='word_1_295' title='bbox 1533 1495 1726 1548; x_wconf 88' lang='lat' dir='ltr'>prolege</span> <span class='ocrx_word' id='word_1_296' title='bbox 1736 1496 1822 1538; x_wconf 92' lang='lat' dir='ltr'>Dei</span> <span class='ocrx_word' id='word_1_297' title='bbox 1837 1496 1904 1538; x_wconf 90' lang='lat' dir='ltr'>sui</span> 
     </span>
     <span class='ocr_line' id='line_1_67' title="bbox 1069 1551 1903 1603; baseline 0.004 -11"><span class='ocrx_word' id='word_1_298' title='bbox 1069 1551 1253 1592; x_wconf 81' lang='lat' dir='ltr'>certavit</span> <span class='ocrx_word' id='word_1_299' title='bbox 1267 1564 1407 1603; x_wconf 92' lang='lat' dir='ltr'>usque</span> <span class='ocrx_word' id='word_1_300' title='bbox 1423 1551 1480 1593; x_wconf 91' lang='lat' dir='ltr'>ad</span> <span class='ocrx_word' id='word_1_301' title='bbox 1494 1557 1694 1602; x_wconf 90' lang='lat' dir='ltr'>mortem,</span> <span class='ocrx_word' id='word_1_302' title='bbox 1710 1558 1754 1594; x_wconf 91' lang='lat' dir='ltr'>et</span> <span class='ocrx_word' id='word_1_303' title='bbox 1769 1565 1794 1593; x_wconf 92' lang='lat' dir='ltr'>a</span> <span class='ocrx_word' id='word_1_304' title='bbox 1809 1565 1903 1595; x_wconf 89' lang='lat' dir='ltr'>ver-</span> 
     </span>
     <span class='ocr_line' id='line_1_68' title="bbox 1069 1607 1903 1660; baseline 0.002 -12"><span class='ocrx_word' id='word_1_305' title='bbox 1069 1607 1138 1648; x_wconf 91' lang='lat' dir='ltr'>bis</span> <span class='ocrx_word' id='word_1_306' title='bbox 1156 1608 1393 1660; x_wconf 90' lang='lat' dir='ltr'>impiorum</span> <span class='ocrx_word' id='word_1_307' title='bbox 1411 1621 1501 1649; x_wconf 93' lang='lat' dir='ltr'>non</span> <span class='ocrx_word' id='word_1_308' title='bbox 1516 1608 1675 1650; x_wconf 84' lang='lat' dir='ltr'>timuit:</span> <span class='ocrx_word' id='word_1_309' title='bbox 1694 1608 1903 1652; x_wconf 76' lang='lat' dir='ltr'>fundatus</span> 
     </span>
     <span class='ocr_line' id='line_1_69' title="bbox 1069 1664 1845 1717; baseline 0.004 -13"><span class='ocrx_word' id='word_1_310' title='bbox 1069 1664 1185 1705; x_wconf 90' lang='lat' dir='ltr'>enim</span> <span class='ocrx_word' id='word_1_311' title='bbox 1205 1669 1299 1705; x_wconf 88' lang='lat' dir='ltr'>erat</span> <span class='ocrx_word' id='word_1_312' title='bbox 1318 1677 1451 1717; x_wconf 90' lang='lat' dir='ltr'>supra</span> <span class='ocrx_word' id='word_1_313' title='bbox 1470 1665 1643 1706; x_wconf 89' lang='lat' dir='ltr'>firmam</span> <span class='ocrx_word' id='word_1_314' title='bbox 1661 1670 1845 1717; x_wconf 90' lang='lat' dir='ltr'>petram.</span> 
     </span>
    </p>

    <p class='ocr_par' dir='ltr' id='par_1_26' title="bbox 1068 1720 1903 1892">
     <span class='ocr_line' id='line_1_70' title="bbox 1125 1720 1903 1770; baseline 0.005 -6"><span class='ocrx_word' id='word_1_315' title='bbox 1125 1720 1174 1770; x_wconf 61' lang='lat' dir='ltr'>Y.</span> <span class='ocrx_word' id='word_1_316' title='bbox 1214 1725 1367 1766; x_wconf 80' lang='lat' dir='ltr'>Gloria</span> <span class='ocrx_word' id='word_1_317' title='bbox 1398 1731 1443 1768; x_wconf 92' lang='lat' dir='ltr'>et</span> <span class='ocrx_word' id='word_1_318' title='bbox 1474 1726 1644 1768; x_wconf 91' lang='lat' dir='ltr'>honore</span> <span class='ocrx_word' id='word_1_319' title='bbox 1677 1728 1903 1769; x_wconf 73' lang='lat' dir='ltr'>coronasti</span> 
     </span>
     <span class='ocr_line' id='line_1_71' title="bbox 1069 1781 1903 1838; baseline 0.007 -17"><span class='ocrx_word' id='word_1_320' title='bbox 1069 1794 1169 1822; x_wconf 92' lang='lat' dir='ltr'>eum</span> <span class='ocrx_word' id='word_1_321' title='bbox 1204 1781 1404 1824; x_wconf 90' lang='lat' dir='ltr'>Domine.</span> <span class='ocrx_word' id='word_1_322' title='bbox 1469 1787 1518 1838; x_wconf 68' lang='lat' dir='ltr'>R.</span> <span class='ocrx_word' id='word_1_323' title='bbox 1545 1783 1604 1825; x_wconf 94' lang='lat' dir='ltr'>Et</span> <span class='ocrx_word' id='word_1_324' title='bbox 1635 1785 1903 1827; x_wconf 85' lang='lat' dir='ltr'>constituisti</span> 
     </span>
     <span class='ocr_line' id='line_1_72' title="bbox 1068 1841 1902 1892; baseline 0.006 -14"><span class='ocrx_word' id='word_1_325' title='bbox 1068 1850 1169 1879; x_wconf 92' lang='lat' dir='ltr'>eum</span> <span class='ocrx_word' id='word_1_326' title='bbox 1188 1850 1322 1890; x_wconf 84' lang='lat' dir='ltr'>super</span> <span class='ocrx_word' id='word_1_327' title='bbox 1341 1841 1478 1892; x_wconf 89' lang='lat' dir='ltr'>opera</span> <span class='ocrx_word' id='word_1_328' title='bbox 1492 1841 1702 1881; x_wconf 74' lang='lat' dir='ltr'>manuum</span> <span class='ocrx_word' id='word_1_329' title='bbox 1714 1843 1902 1883; x_wconf 73' lang='lat' dir='ltr'>tuarum.</span> 
     </span>
    </p>

    <p class='ocr_par' dir='ltr' id='par_1_27' title="bbox 1068 1907 1902 2299">
     <span class='ocr_line' id='line_1_73' title="bbox 1407 1907 1572 1948; baseline -0.012 0"><span class='ocrx_word' id='word_1_330' title='bbox 1407 1907 1572 1948; x_wconf 84' lang='lat' dir='ltr'>Oratio.</span> 
     </span>
     <span class='ocr_line' id='line_1_74' title="bbox 1159 1964 1902 2017; baseline 0.005 -12"><span class='ocrx_word' id='word_1_331' title='bbox 1159 1976 1252 2015; x_wconf 87' lang='lat' dir='ltr'>eus,</span> <span class='ocrx_word' id='word_1_332' title='bbox 1299 1964 1373 2017; x_wconf 89' lang='lat' dir='ltr'>qui</span> <span class='ocrx_word' id='word_1_333' title='bbox 1421 1964 1602 2007; x_wconf 78' lang='lat' dir='ltr'>beatum</span> <span class='ocrx_word' id='word_1_334' title='bbox 1644 1966 1902 2009; x_wconf 81' lang='lat' dir='ltr'>Hermetem</span> 
     </span>
     <span class='ocr_line' id='line_1_75' title="bbox 1179 2020 1902 2073; baseline 0.007 -12"><span class='ocrx_word' id='word_1_335' title='bbox 1179 2020 1420 2073; x_wconf 81' lang='lat' dir='ltr'>Martyrem</span> <span class='ocrx_word' id='word_1_336' title='bbox 1450 2026 1575 2064; x_wconf 88' lang='lat' dir='ltr'>tuum</span> <span class='ocrx_word' id='word_1_337' title='bbox 1606 2022 1768 2065; x_wconf 79' lang='lat' dir='ltr'>virtute</span> <span class='ocrx_word' id='word_1_338' title='bbox 1801 2036 1902 2066; x_wconf 91' lang='lat' dir='ltr'>con-</span> 
     </span>
     <span class='ocr_line' id='line_1_76' title="bbox 1068 2077 1902 2130; baseline 0.005 -12"><span class='ocrx_word' id='word_1_339' title='bbox 1068 2077 1242 2119; x_wconf 78' lang='lat' dir='ltr'>stantiae</span> <span class='ocrx_word' id='word_1_340' title='bbox 1272 2078 1550 2130; x_wconf 22' lang='lat' dir='ltr'>inlpassione</span> <span class='ocrx_word' id='word_1_341' title='bbox 1579 2078 1820 2122; x_wconf 77' lang='lat' dir='ltr'>roborasti:</span> <span class='ocrx_word' id='word_1_342' title='bbox 1848 2093 1902 2122; x_wconf 86' lang='lat' dir='ltr'>ex</span> 
     </span>
     <span class='ocr_line' id='line_1_77' title="bbox 1068 2133 1901 2190; baseline 0.005 -15"><span class='ocrx_word' id='word_1_343' title='bbox 1068 2134 1160 2186; x_wconf 90' lang='lat' dir='ltr'>ejus</span> <span class='ocrx_word' id='word_1_344' title='bbox 1195 2133 1323 2176; x_wconf 85' lang='lat' dir='ltr'>n0bis</span> <span class='ocrx_word' id='word_1_345' title='bbox 1360 2135 1605 2177; x_wconf 85' lang='lat' dir='ltr'>imitatione</span> <span class='ocrx_word' id='word_1_346' title='bbox 1641 2135 1787 2178; x_wconf 85' lang='lat' dir='ltr'>tribue</span> <span class='ocrx_word' id='word_1_347' title='bbox 1817 2149 1901 2190; x_wconf 91' lang='lat' dir='ltr'>pro</span> 
     </span>
     <span class='ocr_line' id='line_1_78' title="bbox 1068 2191 1901 2247; baseline 0.005 -16"><span class='ocrx_word' id='word_1_348' title='bbox 1068 2192 1218 2232; x_wconf 91' lang='lat' dir='ltr'>amore</span> <span class='ocrx_word' id='word_1_349' title='bbox 1243 2195 1321 2232; x_wconf 90' lang='lat' dir='ltr'>tuo</span> <span class='ocrx_word' id='word_1_350' title='bbox 1345 2193 1563 2244; x_wconf 80' lang='lat' dir='ltr'>pr6spera</span> <span class='ocrx_word' id='word_1_351' title='bbox 1585 2191 1738 2235; x_wconf 88' lang='lat' dir='ltr'>mundi</span> <span class='ocrx_word' id='word_1_352' title='bbox 1757 2193 1901 2247; x_wconf 90' lang='lat' dir='ltr'>despi-</span> 
     </span>
     <span class='ocr_line' id='line_1_79' title="bbox 1068 2247 1901 2299; baseline 0.004 -11"><span class='ocrx_word' id='word_1_353' title='bbox 1068 2259 1186 2297; x_wconf 88' lang='lat' dir='ltr'>cere,</span> <span class='ocrx_word' id='word_1_354' title='bbox 1216 2251 1259 2288; x_wconf 85' lang='lat' dir='ltr'>et</span> <span class='ocrx_word' id='word_1_355' title='bbox 1282 2247 1401 2288; x_wconf 86' lang='lat' dir='ltr'>nulla</span> <span class='ocrx_word' id='word_1_356' title='bbox 1427 2249 1519 2299; x_wconf 85' lang='lat' dir='ltr'>ejus</span> <span class='ocrx_word' id='word_1_357' title='bbox 1544 2249 1732 2291; x_wconf 85' lang='lat' dir='ltr'>adversa</span> <span class='ocrx_word' id='word_1_358' title='bbox 1756 2249 1901 2291; x_wconf 92' lang='lat' dir='ltr'>formi-</span> 
     </span>
    </p>

    <p class='ocr_par' dir='ltr' id='par_1_28' title="bbox 1069 2303 1589 2346">
     <span class='ocr_line' id='line_1_80' title="bbox 1069 2303 1589 2346; baseline 0.004 -2"><span class='ocrx_word' id='word_1_359' title='bbox 1069 2303 1186 2345; x_wconf 74' lang='lat' dir='ltr'>dare.</span> <span class='ocrx_word' id='word_1_360' title='bbox 1236 2305 1321 2346; x_wconf 92' lang='lat' dir='ltr'>Per</span> <span class='ocrx_word' id='word_1_361' title='bbox 1340 2305 1589 2346; x_wconf 89' lang='lat' dir='ltr'>Dominum.</span> 
     </span>
    </p>
   </div>
   <div class='ocr_carea' id='block_1_10' title="bbox 1073 2374 1900 2466">
    <p class='ocr_par' dir='ltr' id='par_1_29' title="bbox 1073 2374 1900 2466">
     <span class='ocr_line' id='line_1_81' title="bbox 1126 2374 1900 2420; baseline 0.006 -13"><span class='ocrx_word' id='word_1_362' title='bbox 1126 2375 1167 2408; x_wconf 87' lang='lat' dir='ltr'>In</span> <span class='ocrx_word' id='word_1_363' title='bbox 1204 2375 1229 2408; x_wconf 93' lang='lat' dir='ltr'>I.</span> <span class='ocrx_word' id='word_1_364' title='bbox 1263 2374 1474 2408; x_wconf 88' lang='lat' dir='ltr'>Nocturno.</span> <span class='ocrx_word' id='word_1_365' title='bbox 1515 2375 1615 2409; x_wconf 87' lang='lat' dir='ltr'>Lect.</span> <span class='ocrx_word' id='word_1_366' title='bbox 1652 2375 1900 2420; x_wconf 85' lang='lat' dir='ltr'>Sapientiam.</span> 
     </span>
     <span class='ocr_line' id='line_1_82' title="bbox 1073 2422 1512 2466; baseline 0 -9"><span class='ocrx_word' id='word_1_367' title='bbox 1073 2424 1119 2457; x_wconf 88' lang='lat' dir='ltr'>dc</span> <span class='ocrx_word' id='word_1_368' title='bbox 1145 2424 1289 2457; x_wconf 84' lang='lat' dir='ltr'>Comm.</span> <span class='ocrx_word' id='word_1_369' title='bbox 1316 2422 1424 2457; x_wconf 90' lang='lat' dir='ltr'>Doct.</span> <span class='ocrx_word' id='word_1_370' title='bbox 1442 2423 1512 2466; x_wconf 85' lang='lat'>[62]</span> 
     </span>
    </p>
   </div>
   <div class='ocr_carea' id='block_1_11' title="bbox 1118 2492 1901 2775">
    <p class='ocr_par' dir='ltr' id='par_1_30' title="bbox 1118 2492 1901 2775">
     <span class='ocr_line' id='line_1_83' title="bbox 1299 2492 1679 2532; baseline 0.003 -1"><span class='ocrx_word' id='word_1_371' title='bbox 1299 2492 1349 2531; x_wconf 92' lang='lat' dir='ltr'>In</span> <span class='ocrx_word' id='word_1_372' title='bbox 1376 2493 1427 2532; x_wconf 93' lang='lat' dir='ltr'>II.</span> <span class='ocrx_word' id='word_1_373' title='bbox 1455 2493 1679 2532; x_wconf 80' lang='lat' dir='ltr'>Nocturno.</span> 
     </span>
     <span class='ocr_line' id='line_1_84' title="bbox 1375 2553 1844 2594; baseline -0.004 0"><span class='ocrx_word' id='word_1_374' title='bbox 1375 2553 1527 2594; x_wconf 91' lang='lat' dir='ltr'>Lectio</span> <span class='ocrx_word' id='word_1_375' title='bbox 1547 2554 1599 2594; x_wconf 86' lang='lat' dir='ltr'>iv.</span> <span class='ocrx_word' id='word_1_376' title='bbox 1837 2575 1844 2584; x_wconf 93' lang='lat'><strong>·</strong></span> 
     </span>
     <span class='ocr_line' id='line_1_85' title="bbox 1118 2610 1901 2666; baseline 0.003 -17"><span class='ocrx_word' id='word_1_377' title='bbox 1118 2627 1129 2654; x_wconf 59' lang='grc' dir='ltr'>,κ</span> <span class='ocrx_word' id='word_1_378' title='bbox 1140 2651 1144 2660; x_wconf 60' lang='grc'>,</span> <span class='ocrx_word' id='word_1_379' title='bbox 1157 2621 1204 2666; x_wconf 95' lang='lat'><em>3</em></span> <span class='ocrx_word' id='word_1_380' title='bbox 1221 2611 1462 2660; x_wconf 77' lang='lat' dir='ltr'>ugustinus,</span> <span class='ocrx_word' id='word_1_381' title='bbox 1482 2611 1675 2661; x_wconf 79' lang='lat' dir='ltr'>Tagaste</span> <span class='ocrx_word' id='word_1_382' title='bbox 1694 2611 1736 2652; x_wconf 92' lang='lat' dir='ltr'>in</span> <span class='ocrx_word' id='word_1_383' title='bbox 1753 2610 1901 2652; x_wconf 88' lang='lat' dir='ltr'>Africa</span> 
     </span>
     <span class='ocr_line' id='line_1_86' title="bbox 1238 2665 1900 2719; baseline 0.001 -12.904"><span class='ocrx_word' id='word_1_384' title='bbox 1238 2665 1434 2708; x_wconf 90' lang='lat' dir='ltr'>honestis</span> <span class='ocrx_word' id='word_1_385' title='bbox 1466 2667 1722 2719; x_wconf 89' lang='lat' dir='ltr'>parentibus</span> <span class='ocrx_word' id='word_1_386' title='bbox 1755 2671 1900 2714; x_wconf 84' lang='lat' dir='ltr'>natus,</span> 
     </span>
     <span class='ocr_line' id='line_1_87' title="bbox 1165 2719 1901 2775; baseline 0.003 -13"><span class='ocrx_word' id='word_1_387' title='bbox 1165 2719 1209 2747; x_wconf 45' lang='lat'>²⁴</span> <span class='ocrx_word' id='word_1_388' title='bbox 1238 2735 1289 2763; x_wconf 89' lang='lat' dir='ltr'>ac</span> <span class='ocrx_word' id='word_1_389' title='bbox 1326 2736 1435 2775; x_wconf 91' lang='lat' dir='ltr'>puer</span> <span class='ocrx_word' id='word_1_390' title='bbox 1478 2723 1704 2766; x_wconf 76' lang='lat' dir='ltr'>docilitate</span> <span class='ocrx_word' id='word_1_391' title='bbox 1741 2723 1901 2774; x_wconf 88' lang='lat' dir='ltr'>ingenii</span> 
     </span>
    </p>
   </div>
   <div class='ocr_carea' id='block_1_12' title="bbox 128 144 1964 2830">
    <p class='ocr_par' dir='ltr' id='par_1_31' title="bbox 128 144 1964 2830">
     <span class='ocr_line' id='line_1_88' title="bbox 128 144 1964 2830; baseline 0 0"><span class='ocrx_word' id='word_1_392' title='bbox 128 144 1964 2830; x_wconf 95' lang='lat' dir='ltr'> </span> 
     </span>
    </p>
   </div>
  </div>
 </body>
</html>
