2040 2976
185 308 278 349 vias
298 312 457 357 rectas,
482 312 526 349 et
544 307 738 350 ostendit
756 307 818 348 illi
837 321 1019 360 regnum

186 364 279 405 Dei.
307 363 364 405 Et
385 363 517 406 dedit.

496 422 647 461 Lectio
671 436 706 460 v.

275 481 294 518 t
322 488 428 517 vero
458 490 505 518 se
538 476 595 518 ad
626 478 869 519 animarum
900 477 1020 519 lucra

295 533 378 574 rite
398 533 619 583 formaret,
644 533 889 575 subsidium
907 534 1019 576 litte-

134 603 139 636 ε
186 591 344 638 rarum,
370 602 396 630 a
418 590 703 640 grammatica
724 591 837 632 inter
855 594 1021 643 pueros

187 648 383 696 exorsus,
403 646 613 688 adhibere
633 647 795 688 statuit.
824 647 1021 699 Cumque

134 429 139 449 Ι

134 642 139 735 1
186 702 293 744 nihil
320 703 496 744 interim
528 705 752 745 omitteret
785 703 840 744 de
872 702 1020 745 stadio

134 737 140 848 Ι
187 759 341 800 alienae
357 759 522 810 salutis,
537 760 696 801 mirum
712 765 790 809 est,
807 773 916 812 quas
930 759 1021 801 ubi-

135 850 139 874 ,
188 829 274 868 que
297 816 499 857 locorum
522 819 741 857 aeramnas
762 829 814 858 ac
832 816 1022 858 ludibria

135 880 140 931 ζ
188 872 479 922 devoraverit,
499 874 741 925 asperrima
758 886 959 925 quaeque,
979 878 1023 914 et

188 929 361 970 vincula
376 935 419 971 et
434 930 619 972 verbera
633 942 747 982 pene
763 929 820 970 ad
834 934 1023 971 mortem

187 999 328 1038 usque
373 988 629 1039 perpessus:
677 986 836 1039 quibus
875 991 1023 1028 tamen

187 1042 319 1094 longe
342 1043 470 1095 plura
492 1056 575 1096 pro
596 1043 775 1085 Domini
798 1043 865 1083 sui
883 1042 1024 1094 gloria

188 1112 363 1152 semper
397 1100 645 1152 expetebat.
689 1100 877 1141 Lutetiae
905 1100 1023 1140 Pari-

137 1185 142 1203 .
188 1156 352 1198 siorum
367 1155 583 1207 adjunctis
598 1156 682 1197 sibi
702 1169 756 1198 ex
774 1156 849 1197 illa
869 1155 1023 1198 acade-

137 1205 143 1311 Ι
188 1215 276 1253 mia
295 1213 516 1253 variarum
542 1213 769 1255 nationum
793 1213 925 1254 sociis
949 1225 1023 1254 no-

188 1282 299 1318 vem,
321 1269 395 1321 qui
415 1282 567 1311 omnes
588 1270 746 1311 artium
760 1269 1023 1320 magisteriis

137 1314 143 1344 ¹
189 1331 233 1367 et
279 1325 517 1377 theologiae
567 1326 779 1377 gradibus
831 1326 1025 1377 insignes

189 1387 328 1432 erant,
354 1383 518 1424 ibidem
543 1383 586 1423 in
611 1388 761 1425 monte
780 1383 1025 1434 Martyrum

188 1439 333 1492 prima
379 1439 547 1481 ordinis
584 1439 870 1481 fundamenta
907 1440 1025 1491 jecit:

191 1508 322 1547 quem
346 1499 505 1548 postea
523 1497 681 1537 Romae
700 1497 945 1545 instituens,
969 1496 1026 1537 ad

140 1548 144 1563 ¹
189 1552 273 1594 tria
318 1555 530 1594 consueta
577 1558 735 1604 quarto
773 1551 928 1594 addito
969 1552 1025 1594 de

140 1565 146 1647 ἱ
188 1609 472 1650 Missionibus
493 1614 607 1657 voto,
626 1609 730 1650 Sedi
749 1609 1025 1661 Apostolicae

141 1649 146 1690 ¹
191 1666 354 1707 arctius
370 1666 619 1707 adstrinxit:
635 1671 678 1707 et
693 1666 855 1707 Paulus
870 1666 1026 1707 tertius

190 1723 332 1775 primo
346 1723 514 1775 recepit
527 1723 906 1774 confirmavitque:
921 1735 1026 1764 mox

192 1778 266 1819 alii
294 1778 534 1820 Pontifices
562 1791 614 1820 ac
640 1777 901 1820 Tridentina
929 1781 1025 1831 syn-

192 1834 305 1876 odus
320 1835 579 1888 probavere.
599 1835 702 1887 Ipse
717 1840 875 1884 autem,
889 1835 1026 1876 misso

192 1891 248 1933 ad
262 1891 597 1944 praedicandum
607 1891 728 1932 Indis
739 1891 1027 1942 Evangelium

193 1954 346 1989 sancto
362 1949 598 1990 Francisco
614 1949 822 1997 Xaverio,
842 1947 1027 2000 aliisque

192 2005 235 2045 in
265 2004 372 2046 alias
399 2005 551 2046 mundi
578 2005 733 2058 plagas
766 2005 824 2046 ad
855 2004 1026 2055 religio-

193 2073 294 2102 nem
338 2062 674 2113 propagandam
703 2061 1027 2111 disseminatis,

194 2117 381 2159 ethnicae
428 2118 734 2171 superstitioni
780 2118 1028 2170 haeresique

194 2173 359 2215 bellum
383 2174 554 2225 indixit,
582 2187 636 2217 eo
661 2176 872 2216 successu
891 2174 1027 2216 conti-

194 2233 386 2280 nuatum,
401 2235 449 2273 ut
463 2237 671 2273 constans
686 2232 819 2273 fuerit
833 2233 1029 2273 omnium

195 2300 363 2337 sensus,
388 2288 520 2329 etiam
541 2288 775 2329 Pontificio
801 2287 1028 2329 confirma-

195 2349 267 2385 tus
286 2344 479 2393 oraculo,
500 2344 644 2385 Deum
663 2345 777 2386 sicut
797 2344 908 2385 alios
933 2343 1029 2385 aliis

146 2330 152 2480 Ι
195 2400 483 2453 temporibus,
509 2406 687 2442 sanctos
710 2401 842 2450 viros,
865 2401 926 2442 ita
944 2400 1028 2441 Lu-

147 2481 153 2520 ,
196 2457 335 2505 thero,
358 2456 642 2509 ejusdemque
661 2457 875 2509 te'mporis
893 2456 1029 2498 haere-

197 2513 307 2563 ticis,
326 2513 544 2565 Ignatium
570 2519 614 2554 et
633 2513 878 2554 institutam
901 2513 955 2554 ab
976 2525 1029 2554 eo

198 2570 466 2612 Societatem
486 2569 712 2621 objecisse.

254 2630 302 2678 Rg.
328 2627 510 2669 Amavit
529 2639 629 2668 eum
646 2626 879 2675 DominuS,
899 2631 944 2667 et
963 2639 1030 2667 or-

198 2685 319 2726 navit
354 2697 467 2726 eum:
504 2683 665 2725 stolam
701 2682 853 2734 gloriae
891 2681 1031 2723 induit

199 2755 310 2792 eum,
341 2739 361 2758 *
388 2741 445 2782 Et
473 2739 530 2782 ad
556 2744 710 2792 portas
738 2737 933 2793 paradisi
961 2750 1031 2780 co-

183 213 250 247 454
650 214 717 246 Dic¹
743 214 792 246 51³1.
819 213 923 246 iulii.
972 214 1005 245 S.
1032 212 1168 253 Ignatii
1197 211 1454 244 (Ionfcssoris.

1073 309 1247 350 ronavit
1267 321 1378 351 eum.
1406 307 1456 358 X.
1476 309 1625 352 Induit
1640 323 1740 352 eum
1756 311 1906 352 Domi-

1072 377 1154 405 nus
1181 365 1365 406 loricam
1388 365 1504 416 fidei,
1533 370 1577 408 et
1599 367 1772 408 ornavit
1796 380 1906 409 eum.

1072 421 1130 463 Et
1149 420 1205 462 ad
1224 426 1388 474 portas.

1378 486 1530 526 Lectio
1552 486 1603 525 vi.

1078 536 1203 645 Sed
1222 537 1266 578 in
1286 538 1440 590 primis
1458 538 1571 579 inter
1585 538 1828 581 catholicos
1846 539 1907 581 in-

1178 596 1378 636 staurare
1413 595 1628 647 pietatem
1666 608 1784 637 curae
1816 596 1908 638 fuit.

1074 649 1362 702 Templorum
1387 650 1518 700 nitor,
1545 650 1799 693 catechismi
1822 657 1907 694 tra-

1076 705 1203 756 ditio,
1236 707 1498 748 concionum
1531 719 1582 748 ac
1614 711 1908 750 sacramento-

1074 775 1172 803 rum
1198 763 1446 815 frequentia
1470 763 1525 804 ab
1551 764 1650 816 ipso
1669 764 1907 806 incremen-

1074 823 1168 860 tum
1188 821 1411 872 accepere.
1442 820 1546 873 Ipse
1566 821 1730 873 apertis
1745 821 1909 874 ubique

1076 875 1277 917 locorum
1314 877 1370 918 ad
1405 877 1677 928 juventutem
1712 877 1909 919 erudien-

1077 932 1179 974 dam
1205 933 1248 973 in
1275 933 1432 975 litteris
1461 946 1513 975 ac
1539 934 1708 987 pietate
1733 936 1909 986 gymna-

1077 989 1168 1039 siis,
1203 990 1361 1032 erectis
1394 991 1551 1032 Romae
1587 991 1911 1032 Germanorum

1078 1046 1276 1097 collegio,
1295 1046 1408 1088 male
1427 1049 1664 1099 nuptarum
1681 1052 1725 1088 et
1742 1048 1911 1100 pericli-

1077 1103 1265 1144 tantium
1287 1103 1535 1156 puellarum
1559 1103 1786 1153 coenobiiS,
1810 1105 1910 1146 utri-

1078 1162 1218 1212 usque
1230 1172 1360 1201 sexus
1369 1166 1460 1202 tam
1472 1160 1771 1213 orphanorum
1781 1173 1913 1212 quam

1079 1216 1495 1258 catechumenorum
1532 1216 1754 1266 domibus,
1800 1216 1911 1258 aliis-

1081 1285 1166 1324 que
1197 1273 1376 1325 pietatis
1409 1273 1635 1326 operibus,
1665 1273 1913 1314 indefessus

1078 1329 1301 1371 lucrandis
1320 1330 1418 1371 Deo
1439 1330 1594 1371 animis
1613 1329 1820 1380 instabat3
1840 1342 1912 1371 au-

1080 1385 1197 1427 ditus
1231 1385 1470 1439 aliquando
1509 1386 1671 1436 dicere,
1709 1387 1754 1428 Si
1788 1387 1911 1439 optio

1080 1441 1275 1493 daretur,
1307 1443 1437 1485 malle
1466 1457 1514 1485 se
1542 1442 1825 1485 beatitudinis
1852 1442 1913 1483 in-

1081 1501 1251 1541 certum
1275 1503 1436 1550 vivere,
1460 1506 1504 1542 et
1530 1500 1705 1542 interim
1729 1500 1826 1541 Deo
1852 1499 1913 1540 in·

1080 1558 1254 1607 servire,
1262 1561 1306 1598 et
1314 1557 1618 1609 proximorum
1629 1556 1770 1604 saluti,
1781 1569 1914 1608 quam

1081 1618 1248 1654 certum
1259 1613 1455 1664 ejusdem
1465 1613 1620 1664 gloriae
1631 1613 1781 1654 statim
1790 1613 1913 1654 mori.

1079 1669 1128 1710 In
1150 1668 1376 1711 daemones
1395 1670 1555 1711 mirum
1569 1669 1766 1711 exercuit
1778 1669 1912 1722 impe-

1079 1726 1201 1767 rium.
1233 1726 1418 1769 Vultum
1436 1727 1527 1778 ejus
1547 1726 1720 1768 coelesti
1733 1726 1832 1767 luce
1849 1738 1913 1767 ra-

1080 1782 1275 1825 diantem
1298 1788 1476 1825 sanctus
1499 1783 1732 1835 Philippus
1753 1782 1914 1824 Nerius

1080 1839 1241 1892 aliique
1265 1841 1550 1892 conspexere.
1587 1839 1790 1891 Denique
1811 1840 1914 1880 aeta-

1081 1897 1137 1938 tis
1157 1909 1271 1938 anno
1293 1897 1568 1947 sexagesimo
1586 1896 1738 1948 quinto
1754 1894 1811 1937 ad
1823 1895 1914 1936 Do-

1081 1953 1186 1994 mini
1202 1954 1269 1994 sui
1285 1953 1547 2006 amplexum,
1568 1953 1689 2005 cujus
1702 1953 1915 2004 majorem

1081 2010 1267 2060 gloriam
1294 2010 1338 2050 in
1372 2022 1450 2051 ore
1482 2022 1658 2062 semper
1688 2007 1915 2058 habuerat,

1082 2079 1255 2119 semper
1270 2066 1315 2106 in
1331 2065 1534 2108 omnibus
1550 2067 1796 2118 quaesierat,
1813 2064 1915 2106 emi-

1081 2123 1234 2173 gravit.
1278 2123 1419 2173 Quem
1448 2122 1690 2173 Gregorius
1720 2121 1915 2163 decimus

1083 2179 1271 2231 quintus,
1294 2179 1464 2230 magnis
1490 2179 1534 2220 in
1558 2178 1803 2220 Ecclesiam
1828 2178 1915 2218 me-

1082 2236 1177 2278 ritis
1197 2242 1240 2278 et
1258 2235 1483 2277 miraculis
1498 2235 1723 2284 illustrem,
1743 2235 1914 2275 sancto-

1083 2306 1179 2334 rum
1198 2292 1322 2334 fastis
1342 2291 1588 2344 adscripsit.

1139 2354 1189 2404 Rz.
1204 2354 1294 2395 Iste
1312 2353 1459 2394 homo.
1478 2352 1558 2405 [72]

1141 2428 1179 2461 ln
1206 2427 1266 2460 111.
1292 2426 1488 2459 Not-turno
1515 2425 1686 2459 Ilomilia
1712 2425 1749 2457 in
1772 2424 1916 2466 Evang.

1090 2475 1316 2520 1)esignavit
1331 2475 1532 2510 Dominus.
1561 2478 1733 2515 utsupra
1758 2472 1795 2505 in
1819 2472 1917 2505 festo

1087 2526 1121 2557 S.
1148 2523 1339 2556 vincentii
1375 2533 1393 2555 a
1428 2522 1549 2555 Paulo
1576 2520 1823 2555 Confessoris
1855 2520 1917 2553 dic

1091 2575 1140 2605 14³.
1165 2571 1270 2604 Julii.
1290 2572 1365 2606 432.

1143 2625 1326 2667 vespm-au
1345 2623 1391 2656 dc
1414 2622 1591 2665 sequenti
1613 2631 1698 2655 cum
1720 2629 1916 2654 commem.

1089 2672 1309 2714 assignatis.

1344 2727 1657 2754 mmiowk—
