2040 2976
622 204 687 236 Die
718 204 771 236 11),
799 203 970 243 Augusti.
1020 203 1053 234 S.
1082 197 1406 246 1.21i11·c1³tii)1;11·t.

212 305 356 345 Pones
384 315 460 344 003
487 308 536 344 ut
563 302 782 344 clibanum
809 302 920 353 ignis
943 301 986 341 in

161 363 358 413 tempore
383 359 528 400 vultus
552 359 629 400 tui:
652 359 685 392 *·
700 359 914 399 Dominus
944 357 986 397 in

161 417 224 457 ira
244 428 322 457 sua
341 414 620 457 conturbabit
639 427 727 464 003,
747 420 791 456 et
807 414 986 456 devora-

162 473 226 515 bit
245 485 321 514 eos
340 472 462 522 ignis.
974 476 977 478 ·

214 530 422 570 Fructum
442 530 594 569 eorum
614 527 668 569 de
683 532 799 568 terra
813 525 986 579 perdes:

161 587 184 612 *
201 591 244 628 et
263 598 411 627 semen
431 586 582 627 eorum
597 597 623 625 a
637 584 737 624 filiis
752 583 986 624 hominum.

214 646 429 697 Quoniam
481 644 808 686 declinaverunt
852 644 895 684 in
943 647 986 684 te

162 703 289 744 mala:
307 703 331 727 *
351 702 653 753 cogitaverunt
673 700 862 749 consilia,
887 713 986 752 quae

162 772 249 801 non
267 761 505 812 potuerunt
525 758 729 799 stabilire.

215 815 429 866 Quoniam
464 827 603 867 pones
639 827 715 855 eos
748 813 940 855 dorsum:
964 813 987 838 *

162 873 205 913 in
224 872 417 924 reliquiis
435 872 521 912 tuis
535 869 806 924 praeparabis
821 868 988 910 vultum

164 931 326 970 eorum.

215 984 419 1026 Exaltare
430 985 526 1025 Dfie
539 984 582 1024 in
595 984 754 1025 virtute
765 988 853 1024 tua:
864 982 886 1007 *
899 995 989 1023 can-

163 1041 352 1083 tabimus
370 1044 413 1082 et
431 1040 666 1093 psallemus
681 1040 864 1080 virtutes
880 1043 988 1080 tuas.

217 1106 315 1144 Ant.
351 1103 649 1153 Interrogatus
681 1097 724 1142 te
751 1099 989 1141 Dominum

164 1158 390 1200 confessus
406 1171 513 1207 sum,
528 1160 701 1199 assatus
717 1156 880 1208 gratias
894 1168 988 1206 ago.

220 1216 266 1267 δ”.
283 1219 442 1270 Magna
461 1223 528 1260 est
546 1219 685 1270 gloria
704 1219 795 1270 ejus
814 1218 857 1258 in
877 1216 988 1258 salu-

163 1276 246 1317 tari
273 1281 362 1317 tuo.
412 1278 459 1327 hssn
487 1274 684 1316 Gloriam
712 1280 756 1316 et
782 1286 988 1325 magnum

164 1332 370 1374 decorem
388 1332 587 1384 impones
608 1344 740 1384 super
760 1343 870 1372 eum.

169 1406 317 1447 Lectio
338 1406 476 1447 sancti
497 1405 723 1456 Evangelii
747 1405 989 1446 secundum

464 1462 489 1503 J
491 1464 688 1503 oannem.
767 1461 771 1464 ⁴

243 1523 391 1563 Lectio
415 1522 481 1561 vii.
679 1519 782 1570 Cap.
799 1520 855 1558 12.
874 1518 913 1558 d.

163 1578 239 1684 In
268 1583 342 1624 illo
370 1585 586 1635 tempore:
620 1583 742 1624 Dixit
769 1583 896 1624 Jesus
928 1583 988 1624 di-

229 1639 408 1692 scipulis
433 1639 537 1680 suis:
562 1639 713 1689 Amen,
737 1652 864 1680 amen
890 1638 989 1681 dico

164 1695 301 1745 vobis,
320 1695 401 1736 nisi
414 1708 596 1747 granum
610 1696 814 1738 frumenti
828 1695 991 1738 cadens

165 1753 209 1792 in
233 1757 405 1802 terram,
430 1754 650 1793 mortuum
673 1752 818 1803 fuerit3
846 1753 991 1805 ipsum

166 1808 308 1849 solum
326 1814 483 1850 manet.
511 1809 567 1850 Et
586 1808 764 1861 reliqua.

272 1882 460 1924 Homilia
488 1883 627 1925 sancti
654 1882 888 1934 Augustini

466 1939 690 1992 Episcopi.

270 2002 392 2035 Tract.
410 2003 459 2035 51.
480 2002 516 2035 in
535 2002 684 2038 Joann..
703 2003 774 2036 sub
792 2002 889 2035 med.

239 2065 275 2096 ,·
289 2064 366 2103 pse
389 2052 604 2093 Dominus
627 2052 652 2093 J
654 2065 754 2093 esus
779 2057 873 2094 erat
897 2065 990 2104 gra-

177 2108 209 2162 55]
244 2106 276 2166 ξ
305 2121 406 2148 1111111
429 2108 795 2159 mortificandum,
820 2115 864 2151 et
885 2109 991 2151 mul-

190 2172 194 2175 ’
239 2165 268 2177 ’“
305 2163 606 2215 tiplicandum:
639 2166 992 2208 mortificandum

166 2219 424 2262 infidelitate
469 2221 738 2272 Judaeorum,
786 2223 992 2276 multipli-

169 2274 358 2317 candum
371 2275 459 2318 fide
473 2278 747 2330 populorum.
773 2279 798 2320 J
801 2293 871 2321 am
885 2292 991 2322 vero

169 2331 404 2373 exhortans
419 2332 476 2374 ad
490 2334 705 2384 passionis
720 2349 811 2377 suae
821 2339 993 2384 ,sectan-

88 2428 92 2429 γ
118 2405 121 2407 Α
170 2387 226 2429 da
251 2388 443 2439 vestigia,
469 2390 551 2439 Qui
576 2396 703 2441 amat,
729 2392 880 2444 inquit,
905 2394 991 2434 ani-

168 2457 285 2485 mam
299 2456 433 2495 suam,
447 2444 603 2497 perdet
619 2459 725 2488 eam.
745 2447 874 2498 Quod
888 2449 992 2490 duo—

168 2500 251 2542 bus
286 2500 432 2542 modis
476 2502 658 2552 intelligi
694 2509 852 2555 potest.
910 2505 994 2555 Qui

169 2562 297 2607 amat,
321 2557 493 2610 perdet:
518 2557 563 2599 id
587 2563 663 2607 est,
687 2560 723 2600 si
742 2572 872 2609 amas,
898 2574 993 2613 per-

170 2612 260 2655 des.
287 2613 332 2655 Si
351 2614 475 2666 cupis
495 2614 629 2656 vitam
646 2617 796 2658 tenere
815 2617 858 2657 in
875 2617 992 2658 Chri-

170 2676 251 2719 sto,
276 2669 366 2712 noli
390 2676 578 2712 mortem
596 2671 749 2713 timere
774 2685 855 2724 pro
876 2673 993 2714 Chri-

170 2731 253 2768 sto.
305 2727 417 2769 Item
454 2727 539 2768 alio
576 2728 725 2770 modo:
762 2730 845 2780 Qui
880 2735 995 2772 amat

1040 298 1227 339 animam
1260 309 1401 346 suam,
1436 294 1597 348 perdet
1633 308 1744 337 eam:
1780 294 1871 337 noli

1040 356 1204 403 amare,
1236 364 1291 394 ne
1322 351 1501 405 perdas:
1533 352 1624 394 noli
1653 354 1800 393 amare
1826 351 1886 392 in>

1038 411 1121 452 hac
1140 410 1240 459 vita,
1263 422 1318 451 110
1341 409 1503 462 perdas
1522 409 1567 450 in
1586 411 1751 454 aeterna
1769 408 1871 450 vita.

1098 475 1211 531 R..1n
1230 473 1440 516 craticula
1464 479 1508 515 te
1527 473 1671 515 Deum
1691 485 1781 515 non
1799 485 1870 514 ne-

1039 531 1150 581 gavi,
1179 538 1201 560 *
1223 531 1280 572 Et
1306 529 1362 572 acl
1388 531 1533 581 ignem
1557 529 1804 583 applicatus
1827 534 1871 571 te

1039 586 1275 629 Dominum
1294 587 1319 628 J
1320 599 1443 628 esum
1461 586 1683 628 Christum
1703 586 1869 627 confes-

1040 658 1114 685 sus
1138 657 1244 685 sum.
1276 643 1326 694 Y.
1351 643 1556 685 Probasti
1582 643 1771 684 Domine
1794 654 1872 684 cor

1039 713 1196 750 meum,
1216 705 1260 742 et
1277 700 1465 742 visitasti
1480 705 1622 741 nocte.
1650 700 1717 741 Et.

1329 778 1481 818 Lectio
1504 777 1587 816 viii.

1138 853 1191 882 00
1211 846 1368 891 autem,
1390 838 1511 892 quod
1530 840 1752 893 posterius
1772 839 1873 889 dixi,

1159 898 1298 948 magis
1317 897 1481 939 habere
1497 895 1670 938 videtur
1689 899 1871 948 evange-

1041 955 1150 1000 licus
1166 968 1330 996 sensus.
1358 953 1565 1006 Sequitur
1580 953 1712 995 enim:
1727 954 1784 995 Et
1799 954 1874 1006 qui

1043 1011 1137 1054 odit
1160 1011 1349 1053 animam
1374 1023 1498 1051 suam
1522 1009 1565 1050 in
1588 1009 1674 1051 1100
1697 1010 1873 1060 1111111ᾱο,

1042 1069 1085 1109 111
1117 1068 1252 1110 vitam
1288 1069 1499 1109 aeternam
1537 1066 1731 1108 custodit
1766 1079 1873 1108 eam.

1042 1126 1171 1176 Ergo,
1199 1123 1319 1178 quod
1344 1137 1478 1176 supra
1501 1123 1668 1166 dictum
1694 1129 1772 1174 est,
1799 1124 1874 1175 qui

1042 1187 1170 1231 amat,
1197 1180 1549 1232 subintelligitur,
1576 1180 1620 1221 in
1642 1179 1729 1222 hoc
1751 1193 1872 1221 mun-

1042 1237 1112 1288 do,
1137 1238 1234 1291 ipse
1256 1237 1409 1290 utique
1432 1237 1606 1290 perdet:
1630 1236 1705 1290 qui
1727 1242 1875 1279 autem

1042 1294 1147 1344 odit,
1162 1294 1315 1346 utique
1330 1294 1374 1335 in
1388 1293 1474 1335 hoc
1487 1293 1664 1343 mundo,
1679 1293 1727 1334 in
1737 1293 1873 1336 vitam

1042 1353 1251 1392 aeternam
1282 1351 1378 1404 ipse
1408 1350 1602 1405 custodit
1635 1363 1742 1392 eam.
1783 1350 1872 1391 Ma-

1041 1421 1126 1460 gna
1146 1413 1190 1449 et
1208 1408 1319 1449 mira
1338 1407 1564 1457 sententia,
1589 1406 1872 1460 quemadmo-

1042 1464 1147 1506 dum
1172 1465 1228 1506 sit
1250 1464 1440 1506 hominis
1463 1464 1507 1505 in
1533 1464 1724 1505 animam
1749 1477 1874 1505 suam

1042 1534 1165 1563 amor
1190 1526 1238 1563 ut
1260 1523 1426 1575 pereat,
1452 1521 1603 1563 odium
1627 1533 1683 1563 ne
1708 1522 1874 1574 pereat.

1042 1578 1086 1619 Si
1113 1578 1228 1620 male
1257 1578 1490 1627 amaveris,
1521 1582 1626 1619 tune
1656 1577 1805 1619 odisti:
1837 1577 1874 1620 si

1042 1635 1154 1677 bene
1181 1634 1344 1685 oderis,
1370 1640 1476 1677 tunc
1500 1635 1668 1677 amasti.
1703 1634 1874 1677 Felices
1932 1682 1938 1690 ,

1045 1693 1119 1745 qui
1144 1691 1331 1734 oderunt
1357 1691 1668 1743 custodiendo,
1694 1705 1750 1734 ne
1775 1704 1872 1745 per-

1044 1748 1149 1791 dant
1168 1748 1370 1791 amando.
1776 1803 1779 1806 Δ

1099 1817 1150 1867 R.
1171 1814 1209 1864 O
1229 1815 1487 1868 Hippolyte,
1513 1815 1551 1856 si
1570 1813 1812 1857 credideris
1830 1815 1875 1855 in

1042 1871 1281 1913 Dominum
1312 1872 1462 1914 Jesum
1492 1872 1728 1922 Christum,
1764 1871 1788 1896 *
1816 1871 1875 1913 Et

1043 1927 1275 1970 thesauros
1308 1929 1390 1971 tibi
1422 1928 1627 1979 ostendo,
1665 1933 1709 1971 et
1740 1928 1875 1970 vitam

1044 1986 1253 2026 aeternam
1267 1987 1493 2037 promitto.
1523 1980 1573 2030 V.
1583 1985 1749 2027 Beatus
1762 1985 1873 2027 Lau-

1043 2041 1207 2083 rentius
1242 2042 1491 2095 Hippolyto
1533 2042 1658 2084 dixit:
1698 2042 1743 2083 Si
1783 2054 1873 2084 cre-

1044 2097 1112 2139 dis
1136 2098 1181 2138 in
1206 2099 1444 2140 Dominum
1466 2099 1491 2140 J
1495 2111 1617 2141 esum
1642 2099 1874 2140 Christum.

1044 2154 1101 2196 Et
1115 2153 1358 2196 thesauros.
1387 2155 1539 2197 Gloria
1553 2156 1685 2197 Patri.
1713 2154 1771 2197 Et
1783 2153 1874 2196 the·

1045 2214 1212 2253 sauros.

1350 2271 1502 2311 Lectio
1522 2271 1575 2310 ix.

1049 2331 1177 2438 Sed·
1190 2333 1292 2376 vide
1315 2347 1370 2376 ne
1393 2334 1473 2376 tibi
1497 2334 1719 2388 subrepat,
1744 2339 1793 2376 ut
1813 2339 1874 2376 te-

1132 2393 1284 2444 ipsum
1306 2391 1418 2433 ‘velis
1443 2392 1703 2441 interimere,
1728 2391 1790 2432 sic
1815 2391 1875 2431 111-

1045 2446 1284 2498 telligendo
1323 2447 1443 2500 quod
1477 2447 1614 2490 debes
1649 2447 1798 2490 odisse
1831 2447 1875 2488 in

1044 2504 1130 2546 hoc
1162 2505 1326 2546 mundo
1359 2506 1548 2547 animam
1578 2511 1711 2548 tuam.
1760 2505 1876 2546 Hinc

1047 2561 1161 2602 enim
1195 2562 1374 2613 quidam
1405 2563 1582 2614 maligni
1614 2567 1748 2614 atque
1779 2573 1876 2614 per-

1045 2618 1160 2659 versi
1178 2618 1389 2669 homines,
1414 2624 1458 2661 et
1478 2620 1522 2660 in
1545 2619 1704 2672 seipsis
1723 2616 1874 2659 crude-

1046 2673 1176 2715 liores
1223 2680 1266 2716 et
1300 2675 1605 2717 sceleratiores
1639 2673 1874 2716 homicidae

1047 2732 1232 2773 flammis
1256 2745 1303 2774 se
1330 2732 1511 2783 donant,
1540 2732 1667 2785 aquis
1691 2744 1739 2774 se
1763 2744 1874 2784 prae-
