2040 2976
735 180 846 214 Feria
872 181 984 214 tertia
1010 181 1059 214 ad
1083 181 1289 224 Vesperas.

210 275 417 327 Laqueus
446 278 660 317 contritus
691 280 773 325 est,
793 276 817 302 *
836 280 879 317 et
906 289 989 317 nos

158 331 333 373 liberati
355 345 514 373 sumus.

210 387 491 439 Adiutorium
519 393 719 430 nostrum
744 389 787 429 in
812 388 988 430 nomine

157 444 348 494 Domini,
368 445 391 470 *
413 445 487 496 qui
516 445 620 486 fecit
648 445 810 486 coelum
839 450 883 486 et
905 450 988 486 ter-

157 513 261 540 ram.

206 557 307 596 Ant.
328 556 611 608 Adiutorium
628 561 829 598 nostrum
848 557 892 597 in
911 559 986 597 no·
1021 572 1027 580 ·

157 612 274 653 mine
293 613 481 653 Domini.

208 670 306 710 Ant.
338 668 540 710 Benefac.

412 726 612 767 Psalmus
638 728 722 766 124.

244 780 289 820 ui
316 780 545 822 confidunt
569 781 614 821 in
633 780 847 830 Domino,
874 781 987 821 sicut

259 848 387 877 mons
421 836 542 877 Sion:
566 838 589 862 *
617 849 706 877 non
741 838 986 878 commove-

155 891 274 933 bitur
302 893 346 932 in
375 895 602 944 aeternum,
641 893 716 944 qui
744 893 915 934 habitat
942 893 987 933 in

155 948 408 990 Jerusalem.

208 1004 382 1046 Montes
402 1005 445 1046 in
465 1006 650 1047 circuitu
670 1007 775 1058 ejus:
795 1006 818 1031 *
838 1011 881 1046 et
898 1005 986 1046 Do-

155 1061 298 1101 minus
331 1061 374 1101 in
410 1062 595 1103 circuitu
627 1061 782 1114 populi
811 1062 893 1111 sui,
932 1074 986 1102 ex

155 1116 240 1158 hoc
258 1130 374 1158 nunc
394 1122 438 1159 61
459 1118 665 1170 usquein
685 1117 906 1159 saeculum.

208 1173 320 1222 Quia
333 1186 422 1214 non
440 1174 659 1226 relinquet
669 1175 886 1215 Dominus
902 1175 984 1215 vir-

154 1242 254 1280 gam
272 1232 558 1281 peccaterum
583 1243 717 1283 super
741 1235 906 1271 sortem
926 1233 984 1283 ju-

155 1287 341 1326 storum:
369 1286 392 1312 *
421 1291 470 1327 ut
497 1299 586 1327 non
613 1286 853 1328 extendant
882 1288 984 1339 justi

155 1341 212 1382 ad
231 1341 508 1393 iniquitatem
527 1356 682 1384 manus
703 1356 816 1384 suas.

207 1398 398 1439 Benefac
422 1399 612 1440 Domine
640 1398 782 1449 bonis,
803 1400 826 1424 *
848 1404 892 1440 et
919 1413 983 1441 re-

155 1453 238 1494 ctis
259 1454 404 1495 corde.

205 1510 490 1552 Declinantes
515 1515 662 1552 autem
684 1512 730 1552 in
754 1511 983 1563 obligatio-

153 1578 232 1607 nes
269 1565 461 1608 adducet
494 1567 711 1609 Dominus
747 1580 846 1609 cum
880 1581 982 1620 ope-

153 1621 352 1663 rantibus
367 1623 673 1677 iniquitatem:
691 1624 715 1650 *
734 1637 822 1676 pax
851 1637 983 1677 super

153 1678 301 1719 Israel.

201 1735 301 1776 Ant.
333 1735 526 1777 Benefac
549 1736 740 1778 Domine
764 1737 910 1787 bonis,
939 1742 983 1778 et

152 1790 286 1832 rectis
307 1791 453 1833 corde.

199 1847 300 1888 Ant.
338 1848 459 1889 Facti
478 1862 639 1890 sumus.

406 1904 606 1945 Psalmus
633 1906 717 1945 125.

148 1954 233 2060 In
266 1960 566 2001 convertendo
595 1960 811 2002 Dominus
846 1962 980 2014 capti-

217 2015 400 2056 vitatem
418 2016 540 2057 Sion:
557 2017 581 2043 *
601 2017 705 2058 facti
729 2031 878 2059 sumus
901 2018 980 2059 sic-

152 2075 200 2112 ut
220 2071 454 2113 consolati:

204 2127 329 2168 Tunc
370 2128 587 2180 repletum
625 2133 692 2170 est
727 2129 890 2180 gaudio
930 2142 980 2170 os

152 2187 367 2224 nostrum:
386 2184 409 2210 *
435 2189 478 2226 et
498 2184 646 2235 lingua
668 2190 820 2226 nostra
840 2186 980 2227 exsul-

152 2238 330 2280 tatione.

204 2294 329 2335 Tunc
350 2295 497 2337 dicent
515 2297 628 2338 inter
645 2297 826 2338 Gentes:
846 2298 869 2323 *
890 2298 979 2338 Ma-

152 2350 376 2401 gnificavit
390 2351 606 2393 Dominus
625 2353 769 2394 facere
787 2366 885 2394 cum
906 2354 979 2394 618.

1809 182 1871 217 113

1093 276 1260 317 Euntes
1288 276 1410 318 ibant
1438 283 1481 319 et
1510 278 1689 329 flebant,
1721 279 1745 304 *
1773 278 1869 319 mit-

1041 334 1183 373 tentes
1204 333 1370 373 semina
1394 347 1482 374 sua.
1839 333 1842 337 ’

1093 388 1334 429 Venientes
1375 395 1520 430 autem
1557 391 1732 432 venient
1770 403 1869 431 cum

1042 444 1351 494 exsultatione,
1376 446 1399 471 *
1421 448 1646 497 portantes
1674 449 1868 499 manipu-

1040 500 1108 541 los
1133 513 1248 542 suos.
1758 536 1760 539 ,

1097 565 1195 604 Ant.
1234 562 1357 603 Facti
1390 575 1539 603 sumus
1573 563 1685 604 sicut
1715 576 1867 605 601150-

1040 618 1129 659 lati.

1092 689 1351 741 Capitulum.
1593 690 1645 729 ΙΙ.
1668 691 1761 730 Cor.
1785 693 1812 730 1.

1124 749 1351 791 enedictus
1379 750 1516 798 Deus,
1551 754 1594 789 et
1620 749 1752 789 Pater
1779 749 1866 789 Do-

1139 806 1245 846 mini
1262 805 1401 846 nostri
1420 805 1444 845 J
1447 818 1524 846 esu
1543 804 1717 854 Christi,
1736 805 1867 845 Pater

1039 861 1460 910 misericordiarum,
1496 866 1540 902 et
1573 861 1695 902 Deus
1730 863 1866 901 totius

1040 918 1371 966 consolationis,
1402 918 1475 969 qui
1505 917 1759 958 consolatur
1787 929 1867 957 nos

1039 974 1083 1014 in
1103 974 1222 1015 omni
1239 974 1523 1015 tribulatione
1543 978 1704 1014 1105113.

1351 1046 1560 1096 Hymnus.

1144 1103 1293 1143 elh'iris
1315 1103 1427 1144 alme
1448 1103 1673 1152 Conditor,

1159 1159 1311 1200 Mundi
1334 1159 1478 1200 solum
1500 1159 1573 1211 qui
1595 1161 1815 1211 separans,

1115 1215 1260 1256 Pulsis
1280 1228 1408 1267 aquae
1427 1215 1651 1264 molestiis,

1101 1271 1299 1312 -Terram
1320 1271 1482 1313 dedisti
1505 1271 1788 1312 immobilem:

1068 1342 1124 1382 Ut
1144 1354 1321 1392 germen
1342 1346 1494 1393 aptum
1513 1341 1753 1393 proferens,

1114 1397 1264 1438 Fulvis
1285 1397 1447 1438 decora
1468 1396 1661 1446 floribus,

1114 1453 1340 1494 Foecunda
1361 1453 1504 1494 fructu
1524 1456 1711 1501 sisteret,

1114 1510 1384 1561 Pastiimque
1403 1514 1575 1561 gratum
1595 1508 1810 1549 redderet.

1062 1579 1222 1620 Mentis
1245 1582 1440 1631 perustae
1462 1578 1642 1620 vulnera

1114 1635 1279 1676 Munda
1297 1635 1443 1676 virore
1462 1635 1632 1686 greitiae:
1681 1639 1689 1648 “

1113 1692 1173 1733 Ut
1192 1692 1308 1732 facta
1328 1691 1434 1732 fletu
1453 1691 1607 1740 diluat,

1113 1748 1352 1799 Motusque
1371 1760 1534 1800 pravos
1554 1750 1726 1788 atterat.

1064 1817 1203 1858 Jussis
1222 1817 1310 1858 tuis
1331 1817 1622 1868 obtemperet:

1112 1873 1256 1914 Nullis
1277 1873 1404 1913 malis
1425 1872 1718 1924 approximet:

1113 1930 1251 1970 Bonis
1270 1929 1430 1981 repleri
1451 1928 1656 1979 gaudeat,

1112 1986 1169 2026 Et
1186 1986 1342 2026 mortis
1362 1985 1497 2026 ictum
1516 1984 1694 2025 nesciat.

1059 2055 1240 2103 Praesta,
1262 2055 1393 2095 Pater
1412 2053 1621 2105 piissime,

1108 2111 1318 2162 Patrique
1338 2123 1519 2162 compar
1538 2109 1687 2158 Unice,

1113 2167 1221 2207 Cum
1240 2166 1405 2218 Spiritu
1424 2165 1645 2218 Paraclito

1111 2223 1318 2274 Regnans
1338 2235 1416 2274 per
1439 2235 1567 2263 omne
1587 2221 1805 2262 saeculum.

1343 2278 1496 2319 Amen.

1083 2336 1133 2387 V.
1153 2339 1379 2390 Dirigatur
1390 2338 1579 2379 Domine
1595 2338 1737 2378 oratio
1753 2350 1860 2377 mea.

204 2406 502 2457 Magnifieavit
515 2408 731 2449 DOminus
746 2409 889 2450 faeere
905 2422 978 2450 no·
1030 2397 1079 2448 R.
1091 2395 1211 2436 Sicut
1223 2395 1448 2436 incensum
1458 2395 1502 2435 in
1513 2395 1757 2446 conspectu
1767 2397 1856 2433 tuo.

151 2461 338 2503 biscum:
356 2463 380 2488 *
400 2463 503 2504 facti
523 2476 672 2505 sumus
692 2464 905 2505 laetantes.

1080 2456 1152 2497 Ad
1172 2456 1347 2507 Magnis.
1377 2457 1477 2497 Ant.
1506 2454 1713 2495 Exsultet
1732 2454 1755 2478 *
1776 2454 1858 2503 spi-

205 2518 424 2559 Converte
452 2519 641 2561 Ds‘nnine
676 2521 978 2572 captivitatem
1032 2511 1142 2552 ritus
1161 2524 1285 2552 meus
1306 2511 1350 2550 in
1369 2511 1466 2552 Deo
1488 2509 1667 2551 salutari
1687 2521 1797 2549 meo.

151 2579 359 2623 nostram,
378 2576 401 2600 *
423 2575 536 2616 sicut
554 2580 726 2616 torrens
743 2577 786 2616 in
800 2576 978 2618 Austro.

1078 2576 1233 2617 Preces,
1266 2578 1299 2611 51
1330 2577 1505 2611 dieendae
1538 2576 1627 2610 sint.
1668 2575 1853 2608 habentur

205 2630 288 2680 Qui
323 2631 539 2672 seminant
572 2631 615 2671 in
647 2631 855 2682 lacrimis,
883 2634 907 2659 *
933 2633 977 2674 in
1029 2634 1147 2667 supra
1171 2625 1210 2658 in
1234 2624 1350 2668 VCSP·
1381 2624 1462 2658 Fer.
1488 2623 1532 2657 Π·
1561 2621 1640 2656 ῙῙΟ·

153 2686 445 2728 exsultatione
464 2692 641 2729 metent.

1236 2693 1651 2723 —dffifflfflff
