<?xml version="1.0" encoding="UTF-8"?>
<!DOCTYPE html PUBLIC "-//W3C//DTD XHTML 1.0 Transitional//EN"
    "http://www.w3.org/TR/xhtml1/DTD/xhtml1-transitional.dtd">
<html xmlns="http://www.w3.org/1999/xhtml" xml:lang="en" lang="en">
 <head>
  <title>
</title>
<meta http-equiv="Content-Type" content="text/html;charset=utf-8" />
  <meta name='ocr-system' content='tesseract 3.04.00' />
  <meta name='ocr-capabilities' content='ocr_page ocr_carea ocr_par ocr_line ocrx_word'/>
</head>
<body>
  <div class='ocr_page' id='page_1' title='image "./p3breviariumroma00cathuoft_0534.png"; bbox 0 0 2040 2976; ppageno 0'>
   <div class='ocr_carea' id='block_1_1' title="bbox 453 206 803 249">
    <p class='ocr_par' dir='ltr' id='par_1_1' title="bbox 453 206 803 249">
     <span class='ocr_line' id='line_1_1' title="bbox 453 206 803 249; baseline -0.003 -9"><span class='ocrx_word' id='word_1_1' title='bbox 453 206 525 240; x_wconf 92' lang='lat' dir='ltr'>Die</span> <span class='ocrx_word' id='word_1_2' title='bbox 551 206 600 240; x_wconf 87' lang='lat'>13.</span> <span class='ocrx_word' id='word_1_3' title='bbox 625 206 803 249; x_wconf 84' lang='lat' dir='ltr'>Augusti.</span> 
     </span>
    </p>
   </div>
   <div class='ocr_carea' id='block_1_2' title="bbox 179 298 1007 632">
    <p class='ocr_par' dir='ltr' id='par_1_2' title="bbox 179 298 1007 632">
     <span class='ocr_line' id='line_1_2' title="bbox 180 298 1007 351; baseline 0 -11"><span class='ocrx_word' id='word_1_4' title='bbox 180 302 477 351; x_wconf 89' lang='lat' dir='ltr'>unusquisque</span> <span class='ocrx_word' id='word_1_5' title='bbox 492 299 689 340; x_wconf 83' lang='lat' dir='ltr'><strong>minister</strong></span> <span class='ocrx_word' id='word_1_6' title='bbox 705 298 876 349; x_wconf 88' lang='lat' dir='ltr'>Christi,</span> <span class='ocrx_word' id='word_1_7' title='bbox 891 298 1007 340; x_wconf 91' lang='lat' dir='ltr'>unde</span> 
     </span>
     <span class='ocr_line' id='line_1_3' title="bbox 180 354 1005 397; baseline -0.001 0"><span class='ocrx_word' id='word_1_8' title='bbox 180 361 246 397; x_wconf 90' lang='lat' dir='ltr'>est</span> <span class='ocrx_word' id='word_1_9' title='bbox 265 356 462 396; x_wconf 84' lang='lat' dir='ltr'><strong>minister</strong></span> <span class='ocrx_word' id='word_1_10' title='bbox 485 360 529 396; x_wconf 91' lang='lat' dir='ltr'>et</span> <span class='ocrx_word' id='word_1_11' title='bbox 549 354 760 397; x_wconf 90' lang='lat' dir='ltr'>Christus.</span> <span class='ocrx_word' id='word_1_12' title='bbox 792 356 864 397; x_wconf 89' lang='lat' dir='ltr'>Sic</span> <span class='ocrx_word' id='word_1_13' title='bbox 886 355 1005 396; x_wconf 92' lang='lat' dir='ltr'>mini-</span> 
     </span>
     <span class='ocr_line' id='line_1_4' title="bbox 179 411 1005 454; baseline -0.001 -1"><span class='ocrx_word' id='word_1_14' title='bbox 179 414 390 454; x_wconf 91' lang='lat' dir='ltr'>strantem</span> <span class='ocrx_word' id='word_1_15' title='bbox 410 411 585 452; x_wconf 87' lang='lat' dir='ltr'>Christo</span> <span class='ocrx_word' id='word_1_16' title='bbox 605 411 915 453; x_wconf 90' lang='lat' dir='ltr'>honorificabit</span> <span class='ocrx_word' id='word_1_17' title='bbox 928 412 1005 452; x_wconf 90' lang='lat' dir='ltr'>Pa-</span> 
     </span>
     <span class='ocr_line' id='line_1_5' title="bbox 180 467 1006 519; baseline -0.001 -9"><span class='ocrx_word' id='word_1_18' title='bbox 180 475 246 510; x_wconf 90' lang='lat' dir='ltr'>ter</span> <span class='ocrx_word' id='word_1_19' title='bbox 272 469 362 519; x_wconf 90' lang='lat' dir='ltr'>ejus</span> <span class='ocrx_word' id='word_1_20' title='bbox 385 467 553 509; x_wconf 92' lang='lat' dir='ltr'>honore</span> <span class='ocrx_word' id='word_1_21' title='bbox 578 467 653 509; x_wconf 90' lang='lat' dir='ltr'>illo</span> <span class='ocrx_word' id='word_1_22' title='bbox 677 480 846 518; x_wconf 87' lang='lat' dir='ltr'>magno,</span> <span class='ocrx_word' id='word_1_23' title='bbox 875 473 923 509; x_wconf 88' lang='lat' dir='ltr'>ut</span> <span class='ocrx_word' id='word_1_24' title='bbox 950 468 1006 509; x_wconf 92' lang='lat' dir='ltr'>sit</span> 
     </span>
     <span class='ocr_line' id='line_1_6' title="bbox 180 523 1005 577; baseline -0.001 -11"><span class='ocrx_word' id='word_1_25' title='bbox 180 538 278 566; x_wconf 91' lang='lat' dir='ltr'>cum</span> <span class='ocrx_word' id='word_1_26' title='bbox 302 524 413 566; x_wconf 88' lang='lat' dir='ltr'>Filio</span> <span class='ocrx_word' id='word_1_27' title='bbox 440 525 541 577; x_wconf 91' lang='lat' dir='ltr'>ejus,</span> <span class='ocrx_word' id='word_1_28' title='bbox 567 537 649 565; x_wconf 90' lang='lat' dir='ltr'>nec</span> <span class='ocrx_word' id='word_1_29' title='bbox 671 537 878 576; x_wconf 86' lang='lat' dir='ltr'>umquam</span> <span class='ocrx_word' id='word_1_30' title='bbox 902 523 1005 565; x_wconf 87' lang='lat' dir='ltr'>defi-</span> 
     </span>
     <span class='ocr_line' id='line_1_7' title="bbox 180 581 592 632; baseline -0.005 -9"><span class='ocrx_word' id='word_1_31' title='bbox 180 582 266 623; x_wconf 90' lang='lat' dir='ltr'>ciat</span> <span class='ocrx_word' id='word_1_32' title='bbox 286 581 469 623; x_wconf 84' lang='lat' dir='ltr'>felicitas</span> <span class='ocrx_word' id='word_1_33' title='bbox 489 582 592 632; x_wconf 88' lang='lat' dir='ltr'>ejus.</span> 
     </span>
    </p>
   </div>
   <div class='ocr_carea' id='block_1_3' title="bbox 179 642 1011 1898">
    <p class='ocr_par' dir='ltr' id='par_1_3' title="bbox 230 642 721 755">
     <span class='ocr_line' id='line_1_8' title="bbox 230 642 703 696; baseline -0.002 -13"><span class='ocrx_word' id='word_1_34' title='bbox 230 645 281 696; x_wconf 68' lang='lat' dir='ltr'>R.</span> <span class='ocrx_word' id='word_1_35' title='bbox 300 643 350 683; x_wconf 91' lang='lat' dir='ltr'>In</span> <span class='ocrx_word' id='word_1_36' title='bbox 370 642 588 684; x_wconf 87' lang='lat' dir='ltr'>craticula.</span> <span class='ocrx_word' id='word_1_37' title='bbox 608 643 703 683; x_wconf 81' lang='lat'>496.</span> 
     </span>
     <span class='ocr_line' id='line_1_9' title="bbox 463 712 721 755; baseline -0.004 -2"><span class='ocrx_word' id='word_1_38' title='bbox 463 713 615 755; x_wconf 86' lang='lat' dir='ltr'>Lectio</span> <span class='ocrx_word' id='word_1_39' title='bbox 636 712 721 753; x_wconf 84' lang='lat' dir='ltr'>viii.</span> 
     </span>
    </p>

    <p class='ocr_par' dir='ltr' id='par_1_4' title="bbox 181 769 1006 877">
     <span class='ocr_line' id='line_1_10' title="bbox 181 769 1006 877; baseline -0.002 -63"><span class='ocrx_word' id='word_1_40' title='bbox 181 769 326 877; x_wconf 83' lang='lat' dir='ltr'>Cum</span> <span class='ocrx_word' id='word_1_41' title='bbox 348 785 453 824; x_wconf 87' lang='lat' dir='ltr'>ergo</span> <span class='ocrx_word' id='word_1_42' title='bbox 467 772 648 823; x_wconf 85' lang='lat' dir='ltr'>auditis,</span> <span class='ocrx_word' id='word_1_43' title='bbox 671 774 838 822; x_wconf 88' lang='lat' dir='ltr'>fratres,</span> <span class='ocrx_word' id='word_1_44' title='bbox 859 772 1006 813; x_wconf 90' lang='lat' dir='ltr'>Domi-</span> 
     </span>
    </p>

    <p class='ocr_par' dir='ltr' id='par_1_5' title="bbox 179 829 1011 1898">
     <span class='ocr_line' id='line_1_11' title="bbox 282 829 1007 880; baseline -0.003 -9"><span class='ocrx_word' id='word_1_45' title='bbox 282 843 387 871; x_wconf 89' lang='lat' dir='ltr'>num</span> <span class='ocrx_word' id='word_1_46' title='bbox 415 829 647 871; x_wconf 87' lang='lat' dir='ltr'>dicentem:</span> <span class='ocrx_word' id='word_1_47' title='bbox 678 829 763 871; x_wconf 90' lang='lat' dir='ltr'>Ubi</span> <span class='ocrx_word' id='word_1_48' title='bbox 791 842 873 880; x_wconf 87' lang='lat' dir='ltr'>ego</span> <span class='ocrx_word' id='word_1_49' title='bbox 900 842 1007 879; x_wconf 92' lang='lat' dir='ltr'>sum,</span> 
     </span>
     <span class='ocr_line' id='line_1_12' title="bbox 179 885 1007 934; baseline -0.001 -7"><span class='ocrx_word' id='word_1_50' title='bbox 179 886 268 927; x_wconf 90' lang='lat' dir='ltr'>illic</span> <span class='ocrx_word' id='word_1_51' title='bbox 296 892 339 928; x_wconf 91' lang='lat' dir='ltr'>et</span> <span class='ocrx_word' id='word_1_52' title='bbox 366 886 562 927; x_wconf 86' lang='lat' dir='ltr'>minister</span> <span class='ocrx_word' id='word_1_53' title='bbox 589 899 712 927; x_wconf 89' lang='lat' dir='ltr'>meus</span> <span class='ocrx_word' id='word_1_54' title='bbox 742 885 839 934; x_wconf 91' lang='lat' dir='ltr'>erit,</span> <span class='ocrx_word' id='word_1_55' title='bbox 871 885 1007 926; x_wconf 88' lang='lat' dir='ltr'>nolite</span> 
     </span>
     <span class='ocr_line' id='line_1_13' title="bbox 180 942 1007 995; baseline 0 -12"><span class='ocrx_word' id='word_1_56' title='bbox 180 942 486 984; x_wconf 89' lang='lat' dir='ltr'>tantummodo</span> <span class='ocrx_word' id='word_1_57' title='bbox 519 942 661 984; x_wconf 91' lang='lat' dir='ltr'>bonos</span> <span class='ocrx_word' id='word_1_58' title='bbox 694 944 930 995; x_wconf 91' lang='lat' dir='ltr'>episcopos</span> <span class='ocrx_word' id='word_1_59' title='bbox 963 946 1007 983; x_wconf 89' lang='lat' dir='ltr'>et</span> 
     </span>
     <span class='ocr_line' id='line_1_14' title="bbox 181 999 1005 1051; baseline -0.002 -11"><span class='ocrx_word' id='word_1_60' title='bbox 181 999 365 1040; x_wconf 89' lang='lat' dir='ltr'>clericos</span> <span class='ocrx_word' id='word_1_61' title='bbox 398 999 609 1050; x_wconf 85' lang='lat' dir='ltr'>cogitare:</span> <span class='ocrx_word' id='word_1_62' title='bbox 646 999 776 1040; x_wconf 91' lang='lat' dir='ltr'>etiam</span> <span class='ocrx_word' id='word_1_63' title='bbox 808 1010 889 1039; x_wconf 85' lang='lat' dir='ltr'>vos</span> <span class='ocrx_word' id='word_1_64' title='bbox 923 1010 1005 1051; x_wconf 93' lang='lat' dir='ltr'>pro</span> 
     </span>
     <span class='ocr_line' id='line_1_15' title="bbox 181 1053 1006 1105; baseline 0 -9"><span class='ocrx_word' id='word_1_65' title='bbox 181 1053 360 1097; x_wconf 92' lang='lat' dir='ltr'>modulo</span> <span class='ocrx_word' id='word_1_66' title='bbox 385 1060 533 1097; x_wconf 88' lang='lat' dir='ltr'>vestro</span> <span class='ocrx_word' id='word_1_67' title='bbox 557 1055 802 1100; x_wconf 87' lang='lat' dir='ltr'>ministrate</span> <span class='ocrx_word' id='word_1_68' title='bbox 822 1054 1006 1105; x_wconf 90' lang='lat' dir='ltr'>Christo,</span> 
     </span>
     <span class='ocr_line' id='line_1_16' title="bbox 181 1111 1006 1164; baseline -0.001 -11"><span class='ocrx_word' id='word_1_69' title='bbox 181 1111 293 1153; x_wconf 90' lang='lat' dir='ltr'>bene</span> <span class='ocrx_word' id='word_1_70' title='bbox 310 1111 509 1162; x_wconf 87' lang='lat' dir='ltr'>vivendo,</span> <span class='ocrx_word' id='word_1_71' title='bbox 531 1112 832 1164; x_wconf 90' lang='lat' dir='ltr'>eleemosynas</span> <span class='ocrx_word' id='word_1_72' title='bbox 851 1111 1006 1152; x_wconf 88' lang='lat' dir='ltr'>facien-</span> 
     </span>
     <span class='ocr_line' id='line_1_17' title="bbox 183 1167 1007 1220; baseline 0 -11"><span class='ocrx_word' id='word_1_73' title='bbox 183 1168 252 1218; x_wconf 84' lang='lat' dir='ltr'>do,</span> <span class='ocrx_word' id='word_1_74' title='bbox 276 1180 435 1209; x_wconf 91' lang='lat' dir='ltr'>nomen</span> <span class='ocrx_word' id='word_1_75' title='bbox 455 1167 787 1220; x_wconf 90' lang='lat' dir='ltr'>doctrinamque</span> <span class='ocrx_word' id='word_1_76' title='bbox 806 1169 896 1220; x_wconf 87' lang='lat' dir='ltr'>ejus</span> <span class='ocrx_word' id='word_1_77' title='bbox 918 1167 1007 1220; x_wconf 90' lang='lat' dir='ltr'>qui-</span> 
     </span>
     <span class='ocr_line' id='line_1_18' title="bbox 181 1224 1009 1277; baseline 0.001 -12"><span class='ocrx_word' id='word_1_78' title='bbox 181 1224 263 1265; x_wconf 94' lang='lat' dir='ltr'>bus</span> <span class='ocrx_word' id='word_1_79' title='bbox 307 1225 557 1276; x_wconf 90' lang='lat' dir='ltr'>potueritis,</span> <span class='ocrx_word' id='word_1_80' title='bbox 608 1224 907 1277; x_wconf 83' lang='lat' dir='ltr'>praedicando:</span> <span class='ocrx_word' id='word_1_81' title='bbox 961 1228 1009 1266; x_wconf 90' lang='lat' dir='ltr'>ut</span> 
     </span>
     <span class='ocr_line' id='line_1_19' title="bbox 182 1281 1010 1334; baseline 0.001 -13"><span class='ocrx_word' id='word_1_82' title='bbox 182 1283 479 1333; x_wconf 82' lang='lat' dir='ltr'>unusquisque</span> <span class='ocrx_word' id='word_1_83' title='bbox 524 1281 654 1322; x_wconf 87' lang='lat' dir='ltr'>etiam</span> <span class='ocrx_word' id='word_1_84' title='bbox 698 1281 1010 1334; x_wconf 83' lang='lat' dir='ltr'>paterfamilias</span> 
     </span>
     <span class='ocr_line' id='line_1_20' title="bbox 182 1337 1009 1390; baseline 0.001 -13"><span class='ocrx_word' id='word_1_85' title='bbox 182 1337 267 1378; x_wconf 95' lang='lat' dir='ltr'>hoc</span> <span class='ocrx_word' id='word_1_86' title='bbox 285 1337 459 1378; x_wconf 91' lang='lat' dir='ltr'>nomine</span> <span class='ocrx_word' id='word_1_87' title='bbox 478 1339 687 1388; x_wconf 86' lang='lat' dir='ltr'>agnoscat</span> <span class='ocrx_word' id='word_1_88' title='bbox 703 1339 937 1390; x_wconf 91' lang='lat' dir='ltr'>paternum</span> <span class='ocrx_word' id='word_1_89' title='bbox 952 1337 1009 1378; x_wconf 92' lang='lat' dir='ltr'>af-</span> 
     </span>
     <span class='ocr_line' id='line_1_21' title="bbox 183 1393 1008 1436; baseline 0.002 -2"><span class='ocrx_word' id='word_1_90' title='bbox 183 1393 343 1434; x_wconf 88' lang='lat' dir='ltr'>fectum</span> <span class='ocrx_word' id='word_1_91' title='bbox 363 1406 454 1435; x_wconf 88' lang='lat' dir='ltr'>suae</span> <span class='ocrx_word' id='word_1_92' title='bbox 469 1394 643 1436; x_wconf 87' lang='lat' dir='ltr'>familiae</span> <span class='ocrx_word' id='word_1_93' title='bbox 660 1407 708 1436; x_wconf 92' lang='lat' dir='ltr'>se</span> <span class='ocrx_word' id='word_1_94' title='bbox 724 1394 896 1436; x_wconf 88' lang='lat' dir='ltr'>debere.</span> <span class='ocrx_word' id='word_1_95' title='bbox 922 1395 1008 1436; x_wconf 90' lang='lat' dir='ltr'>Pro</span> 
     </span>
     <span class='ocr_line' id='line_1_22' title="bbox 184 1449 1010 1503; baseline 0.004 -13"><span class='ocrx_word' id='word_1_96' title='bbox 184 1449 373 1499; x_wconf 89' lang='lat' dir='ltr'>Christo,</span> <span class='ocrx_word' id='word_1_97' title='bbox 406 1455 450 1491; x_wconf 92' lang='lat' dir='ltr'>et</span> <span class='ocrx_word' id='word_1_98' title='bbox 480 1463 562 1503; x_wconf 91' lang='lat' dir='ltr'>pro</span> <span class='ocrx_word' id='word_1_99' title='bbox 595 1451 686 1492; x_wconf 87' lang='lat' dir='ltr'>vita</span> <span class='ocrx_word' id='word_1_100' title='bbox 714 1453 877 1492; x_wconf 83' lang='lat' dir='ltr'>aeterna</span> <span class='ocrx_word' id='word_1_101' title='bbox 905 1464 1010 1493; x_wconf 91' lang='lat' dir='ltr'>suos</span> 
     </span>
     <span class='ocr_line' id='line_1_23' title="bbox 184 1506 1010 1558; baseline 0.002 -11"><span class='ocrx_word' id='word_1_102' title='bbox 184 1519 335 1548; x_wconf 90' lang='lat' dir='ltr'>omnes</span> <span class='ocrx_word' id='word_1_103' title='bbox 350 1506 595 1557; x_wconf 87' lang='lat' dir='ltr'>admoneat,</span> <span class='ocrx_word' id='word_1_104' title='bbox 611 1507 780 1558; x_wconf 88' lang='lat' dir='ltr'>doceat,</span> <span class='ocrx_word' id='word_1_105' title='bbox 799 1508 1010 1558; x_wconf 90' lang='lat' dir='ltr'>hortetur,</span> 
     </span>
     <span class='ocr_line' id='line_1_24' title="bbox 184 1563 1010 1616; baseline 0.004 -13"><span class='ocrx_word' id='word_1_106' title='bbox 184 1563 403 1615; x_wconf 87' lang='lat' dir='ltr'>corripiat,</span> <span class='ocrx_word' id='word_1_107' title='bbox 416 1563 640 1616; x_wconf 87' lang='lat' dir='ltr'>impendat</span> <span class='ocrx_word' id='word_1_108' title='bbox 650 1564 1010 1614; x_wconf 79' lang='lat' dir='ltr'>benevolentiam,</span> 
     </span>
     <span class='ocr_line' id='line_1_25' title="bbox 185 1620 1010 1673; baseline 0.004 -13"><span class='ocrx_word' id='word_1_109' title='bbox 185 1621 388 1661; x_wconf 83' lang='lat' dir='ltr'>exerceat</span> <span class='ocrx_word' id='word_1_110' title='bbox 412 1620 700 1673; x_wconf 87' lang='lat' dir='ltr'>disciplinam:</span> <span class='ocrx_word' id='word_1_111' title='bbox 726 1621 786 1663; x_wconf 91' lang='lat' dir='ltr'>ita</span> <span class='ocrx_word' id='word_1_112' title='bbox 808 1621 851 1662; x_wconf 92' lang='lat' dir='ltr'>in</span> <span class='ocrx_word' id='word_1_113' title='bbox 877 1621 1010 1670; x_wconf 90' lang='lat' dir='ltr'>domo</span> 
     </span>
     <span class='ocr_line' id='line_1_26' title="bbox 185 1676 1010 1730; baseline 0.004 -13"><span class='ocrx_word' id='word_1_114' title='bbox 185 1689 263 1717; x_wconf 90' lang='lat' dir='ltr'>sua</span> <span class='ocrx_word' id='word_1_115' title='bbox 282 1676 637 1728; x_wconf 88' lang='lat' dir='ltr'>ecclesiasticum,</span> <span class='ocrx_word' id='word_1_116' title='bbox 663 1683 707 1720; x_wconf 91' lang='lat' dir='ltr'>et</span> <span class='ocrx_word' id='word_1_117' title='bbox 727 1678 1010 1730; x_wconf 91' lang='lat' dir='ltr'>quodammo-</span> 
     </span>
     <span class='ocr_line' id='line_1_27' title="bbox 185 1731 1011 1787; baseline 0.004 -14"><span class='ocrx_word' id='word_1_118' title='bbox 185 1731 244 1774; x_wconf 92' lang='lat' dir='ltr'>do</span> <span class='ocrx_word' id='word_1_119' title='bbox 281 1733 533 1786; x_wconf 78' lang='lat' dir='ltr'>episcopale</span> <span class='ocrx_word' id='word_1_120' title='bbox 574 1734 773 1787; x_wconf 91' lang='lat' dir='ltr'>implebit</span> <span class='ocrx_word' id='word_1_121' title='bbox 809 1734 1011 1785; x_wconf 88' lang='lat' dir='ltr'>officium,</span> 
     </span>
     <span class='ocr_line' id='line_1_28' title="bbox 186 1789 1011 1841; baseline 0.006 -12"><span class='ocrx_word' id='word_1_122' title='bbox 186 1789 436 1830; x_wconf 90' lang='lat' dir='ltr'>ministrans</span> <span class='ocrx_word' id='word_1_123' title='bbox 456 1790 643 1841; x_wconf 91' lang='lat' dir='ltr'>Christo,</span> <span class='ocrx_word' id='word_1_124' title='bbox 666 1796 713 1833; x_wconf 93' lang='lat' dir='ltr'>ut</span> <span class='ocrx_word' id='word_1_125' title='bbox 735 1791 779 1832; x_wconf 92' lang='lat' dir='ltr'>in</span> <span class='ocrx_word' id='word_1_126' title='bbox 799 1794 1011 1834; x_wconf 86' lang='lat' dir='ltr'>aeternum</span> 
     </span>
     <span class='ocr_line' id='line_1_29' title="bbox 187 1845 490 1898; baseline 0.007 -12"><span class='ocrx_word' id='word_1_127' title='bbox 187 1846 243 1887; x_wconf 88' lang='lat' dir='ltr'>sit</span> <span class='ocrx_word' id='word_1_128' title='bbox 263 1858 360 1887; x_wconf 92' lang='lat' dir='ltr'>cum</span> <span class='ocrx_word' id='word_1_129' title='bbox 380 1845 490 1898; x_wconf 91' lang='lat' dir='ltr'>ipso.</span> 
     </span>
    </p>
   </div>
   <div class='ocr_carea' id='block_1_4' title="bbox 207 1903 987 2083">
    <p class='ocr_par' dir='ltr' id='par_1_6' title="bbox 207 1903 987 2083">
     <span class='ocr_line' id='line_1_30' title="bbox 237 1903 733 1960; baseline 0.014 -17"><span class='ocrx_word' id='word_1_130' title='bbox 237 1903 287 1955; x_wconf 69' lang='lat' dir='ltr'>Rz.</span> <span class='ocrx_word' id='word_1_131' title='bbox 306 1906 343 1947; x_wconf 93' lang='lat' dir='ltr'>O</span> <span class='ocrx_word' id='word_1_132' title='bbox 364 1906 617 1960; x_wconf 84' lang='lat' dir='ltr'>Hippolyte.</span> <span class='ocrx_word' id='word_1_133' title='bbox 636 1909 733 1950; x_wconf 85' lang='lat'>496.</span> 
     </span>
     <span class='ocr_line' id='line_1_31' title="bbox 207 1980 987 2025; baseline 0.003 -11"><span class='ocrx_word' id='word_1_134' title='bbox 207 1980 281 2014; x_wconf 92' lang='lat' dir='ltr'>Pro</span> <span class='ocrx_word' id='word_1_135' title='bbox 298 1980 354 2015; x_wconf 87' lang='lat' dir='ltr'>Ss.</span> <span class='ocrx_word' id='word_1_136' title='bbox 372 1980 478 2015; x_wconf 86' lang='lat' dir='ltr'>Mart.</span> <span class='ocrx_word' id='word_1_137' title='bbox 496 1981 713 2025; x_wconf 87' lang='lat' dir='ltr'>Hippolyto</span> <span class='ocrx_word' id='word_1_138' title='bbox 732 1986 768 2016; x_wconf 91' lang='lat' dir='ltr'>et</span> <span class='ocrx_word' id='word_1_139' title='bbox 785 1981 987 2016; x_wconf 86' lang='lat' dir='ltr'>Cassiano.</span> 
     </span>
     <span class='ocr_line' id='line_1_32' title="bbox 486 2043 713 2083; baseline -0.004 0"><span class='ocrx_word' id='word_1_140' title='bbox 486 2043 639 2083; x_wconf 87' lang='lat' dir='ltr'>Lectio</span> <span class='ocrx_word' id='word_1_141' title='bbox 658 2043 713 2083; x_wconf 83' lang='lat' dir='ltr'>ix.</span> 
     </span>
    </p>
   </div>
   <div class='ocr_carea' id='block_1_5' title="bbox 214 2106 1009 2198">
    <p class='ocr_par' dir='ltr' id='par_1_7' title="bbox 214 2106 1009 2198">
     <span class='ocr_line' id='line_1_33' title="bbox 214 2106 1009 2198; baseline 0.008 -52"><span class='ocrx_word' id='word_1_142' title='bbox 214 2119 231 2154; x_wconf 55' lang='grc'>[-</span> <span class='ocrx_word' id='word_1_143' title='bbox 251 2106 512 2198; x_wconf 61' lang='lat' dir='ltr'>v&#39;ippolytus</span> <span class='ocrx_word' id='word_1_144' title='bbox 539 2120 564 2148; x_wconf 90' lang='lat' dir='ltr'>a</span> <span class='ocrx_word' id='word_1_145' title='bbox 593 2113 744 2150; x_wconf 88' lang='lat' dir='ltr'>sancto</span> <span class='ocrx_word' id='word_1_146' title='bbox 773 2108 1009 2152; x_wconf 88' lang='lat' dir='ltr'>Laurentio</span> 
     </span>
    </p>
   </div>
   <div class='ocr_carea' id='block_1_6' title="bbox 186 2122 1014 2774">
    <p class='ocr_par' dir='ltr' id='par_1_8' title="bbox 186 2122 1014 2774">
     <span class='ocr_line' id='line_1_34' title="bbox 198 2122 1012 2215; baseline 0.012 -17"><span class='ocrx_word' id='word_1_147' title='bbox 198 2122 259 2198; x_wconf 59' lang='grc'>11-’1</span> <span class='ocrx_word' id='word_1_148' title='bbox 305 2161 569 2214; x_wconf 86' lang='lat' dir='ltr'>baptizatus,</span> <span class='ocrx_word' id='word_1_149' title='bbox 606 2163 727 2206; x_wconf 92' lang='lat' dir='ltr'>domi</span> <span class='ocrx_word' id='word_1_150' title='bbox 760 2178 871 2215; x_wconf 88' lang='lat' dir='ltr'>suae,</span> <span class='ocrx_word' id='word_1_151' title='bbox 908 2165 1012 2208; x_wconf 92' lang='lat' dir='ltr'>dum</span> 
     </span>
     <span class='ocr_line' id='line_1_35' title="bbox 186 2217 1011 2274; baseline 0.007 -16"><span class='ocrx_word' id='word_1_152' title='bbox 186 2217 503 2260; x_wconf 90' lang='lat' dir='ltr'>Eucharistiam</span> <span class='ocrx_word' id='word_1_153' title='bbox 515 2222 716 2271; x_wconf 76' lang='lat' dir='ltr'>sumeret,</span> <span class='ocrx_word' id='word_1_154' title='bbox 728 2222 1011 2274; x_wconf 90' lang='lat' dir='ltr'>comprehen-</span> 
     </span>
     <span class='ocr_line' id='line_1_36' title="bbox 187 2274 1012 2331; baseline 0.007 -16"><span class='ocrx_word' id='word_1_155' title='bbox 187 2287 278 2323; x_wconf 92' lang='lat' dir='ltr'>sus,</span> <span class='ocrx_word' id='word_1_156' title='bbox 312 2279 356 2316; x_wconf 88' lang='lat' dir='ltr'>et</span> <span class='ocrx_word' id='word_1_157' title='bbox 389 2274 446 2316; x_wconf 92' lang='lat' dir='ltr'>ad</span> <span class='ocrx_word' id='word_1_158' title='bbox 472 2276 753 2318; x_wconf 78' lang='lat' dir='ltr'>Valerianum</span> <span class='ocrx_word' id='word_1_159' title='bbox 780 2278 1012 2331; x_wconf 90' lang='lat' dir='ltr'>imperato-</span> 
     </span>
     <span class='ocr_line' id='line_1_37' title="bbox 186 2329 1012 2381; baseline 0.007 -10"><span class='ocrx_word' id='word_1_160' title='bbox 186 2343 278 2372; x_wconf 91' lang='lat' dir='ltr'>rem</span> <span class='ocrx_word' id='word_1_161' title='bbox 303 2329 531 2381; x_wconf 82' lang='lat' dir='ltr'>adductuS,</span> <span class='ocrx_word' id='word_1_162' title='bbox 559 2332 614 2374; x_wconf 94' lang='lat' dir='ltr'>ab</span> <span class='ocrx_word' id='word_1_163' title='bbox 643 2346 696 2374; x_wconf 92' lang='lat' dir='ltr'>eo</span> <span class='ocrx_word' id='word_1_164' title='bbox 722 2334 777 2375; x_wconf 90' lang='lat' dir='ltr'>de</span> <span class='ocrx_word' id='word_1_165' title='bbox 801 2348 893 2376; x_wconf 84' lang='lat' dir='ltr'>suae</span> <span class='ocrx_word' id='word_1_166' title='bbox 915 2335 1012 2377; x_wconf 78' lang='lat' dir='ltr'>reli-</span> 
     </span>
     <span class='ocr_line' id='line_1_38' title="bbox 187 2387 1012 2442; baseline 0.01 -16"><span class='ocrx_word' id='word_1_167' title='bbox 187 2387 328 2437; x_wconf 88' lang='lat' dir='ltr'>gionis</span> <span class='ocrx_word' id='word_1_168' title='bbox 346 2387 619 2439; x_wconf 84' lang='lat' dir='ltr'>professione</span> <span class='ocrx_word' id='word_1_169' title='bbox 638 2388 942 2442; x_wconf 87' lang='lat' dir='ltr'>interrogatus,</span> <span class='ocrx_word' id='word_1_170' title='bbox 966 2391 1012 2433; x_wconf 86' lang='lat' dir='ltr'>li-</span> 
     </span>
     <span class='ocr_line' id='line_1_39' title="bbox 187 2442 1013 2497; baseline 0.007 -13"><span class='ocrx_word' id='word_1_171' title='bbox 187 2442 292 2484; x_wconf 89' lang='lat' dir='ltr'>bere</span> <span class='ocrx_word' id='word_1_172' title='bbox 311 2455 359 2484; x_wconf 90' lang='lat' dir='ltr'>se</span> <span class='ocrx_word' id='word_1_173' title='bbox 378 2443 671 2486; x_wconf 89' lang='lat' dir='ltr'>Christianum</span> <span class='ocrx_word' id='word_1_174' title='bbox 692 2446 917 2497; x_wconf 89' lang='lat' dir='ltr'>professus</span> <span class='ocrx_word' id='word_1_175' title='bbox 937 2454 1013 2490; x_wconf 89' lang='lat' dir='ltr'>est.</span> 
     </span>
     <span class='ocr_line' id='line_1_40' title="bbox 188 2498 1013 2556; baseline 0.01 -18"><span class='ocrx_word' id='word_1_176' title='bbox 188 2498 485 2548; x_wconf 80' lang='lat' dir='ltr'>Quamobrem</span> <span class='ocrx_word' id='word_1_177' title='bbox 503 2500 691 2543; x_wconf 88' lang='lat' dir='ltr'>fustibus</span> <span class='ocrx_word' id='word_1_178' title='bbox 707 2501 904 2544; x_wconf 75' lang='lat' dir='ltr'>caeditur:</span> <span class='ocrx_word' id='word_1_179' title='bbox 925 2505 1013 2556; x_wconf 91' lang='lat' dir='ltr'>qui-</span> 
     </span>
     <span class='ocr_line' id='line_1_41' title="bbox 187 2554 1014 2610; baseline 0.008 -15"><span class='ocrx_word' id='word_1_180' title='bbox 187 2554 270 2596; x_wconf 91' lang='lat' dir='ltr'>bus</span> <span class='ocrx_word' id='word_1_181' title='bbox 299 2554 343 2595; x_wconf 91' lang='lat' dir='ltr'>in</span> <span class='ocrx_word' id='word_1_182' title='bbox 370 2555 626 2598; x_wconf 85' lang='lat' dir='ltr'>verberibus</span> <span class='ocrx_word' id='word_1_183' title='bbox 659 2570 757 2599; x_wconf 92' lang='lat' dir='ltr'>cum</span> <span class='ocrx_word' id='word_1_184' title='bbox 785 2560 876 2610; x_wconf 87' lang='lat' dir='ltr'>ejus</span> <span class='ocrx_word' id='word_1_185' title='bbox 903 2561 1014 2602; x_wconf 90' lang='lat' dir='ltr'>fides</span> 
     </span>
     <span class='ocr_line' id='line_1_42' title="bbox 188 2611 1013 2664; baseline 0.006 -12"><span class='ocrx_word' id='word_1_186' title='bbox 188 2611 460 2653; x_wconf 79' lang='lat' dir='ltr'>constantior</span> <span class='ocrx_word' id='word_1_187' title='bbox 503 2612 786 2664; x_wconf 85' lang='lat' dir='ltr'>inveniretur,</span> <span class='ocrx_word' id='word_1_188' title='bbox 831 2618 1013 2657; x_wconf 87' lang='lat' dir='ltr'>muneri-</span> 
     </span>
     <span class='ocr_line' id='line_1_43' title="bbox 187 2666 1014 2721; baseline 0.007 -13"><span class='ocrx_word' id='word_1_189' title='bbox 187 2666 270 2709; x_wconf 89' lang='lat' dir='ltr'>bus</span> <span class='ocrx_word' id='word_1_190' title='bbox 287 2673 330 2708; x_wconf 91' lang='lat' dir='ltr'>et</span> <span class='ocrx_word' id='word_1_191' title='bbox 344 2667 559 2709; x_wconf 88' lang='lat' dir='ltr'>honorum</span> <span class='ocrx_word' id='word_1_192' title='bbox 570 2671 797 2721; x_wconf 88' lang='lat' dir='ltr'>promissis</span> <span class='ocrx_word' id='word_1_193' title='bbox 811 2675 1014 2714; x_wconf 87' lang='lat' dir='ltr'>tentatur.</span> 
     </span>
     <span class='ocr_line' id='line_1_44' title="bbox 188 2724 1014 2774; baseline 0.007 -10"><span class='ocrx_word' id='word_1_194' title='bbox 188 2724 297 2774; x_wconf 90' lang='lat' dir='ltr'>Quae</span> <span class='ocrx_word' id='word_1_195' title='bbox 326 2737 424 2765; x_wconf 92' lang='lat' dir='ltr'>cum</span> <span class='ocrx_word' id='word_1_196' title='bbox 458 2725 603 2766; x_wconf 90' lang='lat' dir='ltr'>omnia</span> <span class='ocrx_word' id='word_1_197' title='bbox 633 2726 795 2768; x_wconf 89' lang='lat' dir='ltr'>frustra</span> <span class='ocrx_word' id='word_1_198' title='bbox 823 2727 1014 2770; x_wconf 83' lang='lat' dir='ltr'>diceren-</span> 
     </span>
    </p>
   </div>
   <div class='ocr_carea' id='block_1_7' title="bbox 849 200 1602 245">
    <p class='ocr_par' dir='ltr' id='par_1_9' title="bbox 849 200 1602 245">
     <span class='ocr_line' id='line_1_45' title="bbox 849 200 1602 245; baseline -0.005 -6"><span class='ocrx_word' id='word_1_199' title='bbox 849 205 993 245; x_wconf 85' lang='lat' dir='ltr'>Quarta</span> <span class='ocrx_word' id='word_1_200' title='bbox 1019 204 1080 238; x_wconf 88' lang='lat' dir='ltr'>die</span> <span class='ocrx_word' id='word_1_201' title='bbox 1106 203 1205 237; x_wconf 84' lang='lat' dir='ltr'>infra</span> <span class='ocrx_word' id='word_1_202' title='bbox 1230 202 1309 237; x_wconf 92' lang='lat' dir='ltr'>Oct.</span> <span class='ocrx_word' id='word_1_203' title='bbox 1335 202 1371 237; x_wconf 92' lang='lat' dir='ltr'>S.</span> <span class='ocrx_word' id='word_1_204' title='bbox 1395 200 1602 236; x_wconf 88' lang='lat' dir='ltr'>Laurentii.</span> 
     </span>
    </p>
   </div>
   <div class='ocr_carea' id='block_1_8' title="bbox 1060 296 1894 1145">
    <p class='ocr_par' dir='ltr' id='par_1_10' title="bbox 1060 296 1894 1145">
     <span class='ocr_line' id='line_1_46' title="bbox 1060 296 1890 350; baseline -0.002 -10"><span class='ocrx_word' id='word_1_205' title='bbox 1060 304 1140 347; x_wconf 88' lang='lat' dir='ltr'>tur,</span> <span class='ocrx_word' id='word_1_206' title='bbox 1164 298 1375 350; x_wconf 81' lang='lat' dir='ltr'>praefecto</span> <span class='ocrx_word' id='word_1_207' title='bbox 1402 296 1670 339; x_wconf 86' lang='lat' dir='ltr'>occidendus</span> <span class='ocrx_word' id='word_1_208' title='bbox 1691 297 1890 340; x_wconf 84' lang='lat' dir='ltr'>traditur.</span> 
     </span>
     <span class='ocr_line' id='line_1_47' title="bbox 1061 353 1890 407; baseline 0.001 -12"><span class='ocrx_word' id='word_1_209' title='bbox 1061 355 1144 404; x_wconf 87' lang='lat' dir='ltr'>Qui</span> <span class='ocrx_word' id='word_1_210' title='bbox 1169 353 1350 395; x_wconf 92' lang='lat' dir='ltr'>domum</span> <span class='ocrx_word' id='word_1_211' title='bbox 1369 354 1604 407; x_wconf 83' lang='lat' dir='ltr'>Hippolyti</span> <span class='ocrx_word' id='word_1_212' title='bbox 1627 354 1817 405; x_wconf 84' lang='lat' dir='ltr'>veniens,</span> <span class='ocrx_word' id='word_1_213' title='bbox 1842 359 1890 396; x_wconf 89' lang='lat' dir='ltr'>ut</span> 
     </span>
     <span class='ocr_line' id='line_1_48' title="bbox 1060 410 1891 463; baseline 0.001 -12"><span class='ocrx_word' id='word_1_214' title='bbox 1060 412 1151 462; x_wconf 92' lang='lat' dir='ltr'>ejus</span> <span class='ocrx_word' id='word_1_215' title='bbox 1186 410 1420 453; x_wconf 89' lang='lat' dir='ltr'>facultates</span> <span class='ocrx_word' id='word_1_216' title='bbox 1454 410 1717 463; x_wconf 83' lang='lat' dir='ltr'>publicaret,</span> <span class='ocrx_word' id='word_1_217' title='bbox 1750 416 1891 453; x_wconf 91' lang='lat' dir='ltr'>totam</span> 
     </span>
     <span class='ocr_line' id='line_1_49' title="bbox 1062 467 1891 518; baseline 0.001 -11"><span class='ocrx_word' id='word_1_218' title='bbox 1062 467 1266 508; x_wconf 89' lang='lat' dir='ltr'>familiam</span> <span class='ocrx_word' id='word_1_219' title='bbox 1297 467 1579 509; x_wconf 86' lang='lat' dir='ltr'>christianam</span> <span class='ocrx_word' id='word_1_220' title='bbox 1607 480 1706 509; x_wconf 90' lang='lat' dir='ltr'>esse</span> <span class='ocrx_word' id='word_1_221' title='bbox 1730 469 1891 518; x_wconf 87' lang='lat' dir='ltr'>cogno-</span> 
     </span>
     <span class='ocr_line' id='line_1_50' title="bbox 1061 523 1891 576; baseline 0.001 -12"><span class='ocrx_word' id='word_1_222' title='bbox 1061 524 1158 565; x_wconf 91' lang='lat' dir='ltr'>scit:</span> <span class='ocrx_word' id='word_1_223' title='bbox 1178 529 1309 576; x_wconf 89' lang='lat' dir='ltr'>atque</span> <span class='ocrx_word' id='word_1_224' title='bbox 1328 524 1380 566; x_wconf 92' lang='lat' dir='ltr'>iis</span> <span class='ocrx_word' id='word_1_225' title='bbox 1401 537 1426 566; x_wconf 91' lang='lat' dir='ltr'>a</span> <span class='ocrx_word' id='word_1_226' title='bbox 1446 524 1683 566; x_wconf 89' lang='lat' dir='ltr'>christiana</span> <span class='ocrx_word' id='word_1_227' title='bbox 1702 523 1790 566; x_wconf 88' lang='lat' dir='ltr'>fide</span> <span class='ocrx_word' id='word_1_228' title='bbox 1806 523 1891 565; x_wconf 88' lang='lat' dir='ltr'>fru-</span> 
     </span>
     <span class='ocr_line' id='line_1_51' title="bbox 1061 579 1891 634; baseline 0.001 -13"><span class='ocrx_word' id='word_1_229' title='bbox 1061 586 1151 622; x_wconf 91' lang='lat' dir='ltr'>stra</span> <span class='ocrx_word' id='word_1_230' title='bbox 1178 579 1410 630; x_wconf 86' lang='lat' dir='ltr'>deterritis,</span> <span class='ocrx_word' id='word_1_231' title='bbox 1437 581 1627 633; x_wconf 90' lang='lat' dir='ltr'>primum</span> <span class='ocrx_word' id='word_1_232' title='bbox 1651 580 1891 634; x_wconf 85' lang='lat' dir='ltr'>plumbatis</span> 
     </span>
     <span class='ocr_line' id='line_1_52' title="bbox 1061 637 1891 690; baseline 0 -12"><span class='ocrx_word' id='word_1_233' title='bbox 1061 649 1175 678; x_wconf 89' lang='lat' dir='ltr'>caesa</span> <span class='ocrx_word' id='word_1_234' title='bbox 1204 637 1468 687; x_wconf 83' lang='lat' dir='ltr'>Concordia,</span> <span class='ocrx_word' id='word_1_235' title='bbox 1496 637 1730 690; x_wconf 91' lang='lat' dir='ltr'>Hippolyti</span> <span class='ocrx_word' id='word_1_236' title='bbox 1756 639 1891 679; x_wconf 91' lang='lat' dir='ltr'>nutri·</span> 
     </span>
     <span class='ocr_line' id='line_1_53' title="bbox 1061 693 1891 746; baseline 0 -11"><span class='ocrx_word' id='word_1_237' title='bbox 1061 706 1121 744; x_wconf 93' lang='lat' dir='ltr'>ce,</span> <span class='ocrx_word' id='word_1_238' title='bbox 1149 707 1247 746; x_wconf 86' lang='lat' dir='ltr'>quae</span> <span class='ocrx_word' id='word_1_239' title='bbox 1274 696 1444 736; x_wconf 89' lang='lat' dir='ltr'>ceteros</span> <span class='ocrx_word' id='word_1_240' title='bbox 1471 694 1770 744; x_wconf 85' lang='lat' dir='ltr'>confirmabat,</span> <span class='ocrx_word' id='word_1_241' title='bbox 1795 693 1891 735; x_wconf 88' lang='lat' dir='ltr'>reli-</span> 
     </span>
     <span class='ocr_line' id='line_1_54' title="bbox 1062 750 1891 803; baseline 0 -11"><span class='ocrx_word' id='word_1_242' title='bbox 1062 763 1174 803; x_wconf 93' lang='lat' dir='ltr'>quos</span> <span class='ocrx_word' id='word_1_243' title='bbox 1193 756 1317 793; x_wconf 82' lang='lat' dir='ltr'>extra</span> <span class='ocrx_word' id='word_1_244' title='bbox 1334 756 1511 803; x_wconf 89' lang='lat' dir='ltr'>portam</span> <span class='ocrx_word' id='word_1_245' title='bbox 1525 750 1801 793; x_wconf 90' lang='lat' dir='ltr'>Tiburtinam</span> <span class='ocrx_word' id='word_1_246' title='bbox 1821 763 1891 792; x_wconf 93' lang='lat' dir='ltr'>oc-</span> 
     </span>
     <span class='ocr_line' id='line_1_55' title="bbox 1062 807 1892 860; baseline 0 -11"><span class='ocrx_word' id='word_1_247' title='bbox 1062 808 1148 849; x_wconf 89' lang='lat' dir='ltr'>cidi</span> <span class='ocrx_word' id='word_1_248' title='bbox 1176 807 1306 859; x_wconf 91' lang='lat' dir='ltr'>jubet.</span> <span class='ocrx_word' id='word_1_249' title='bbox 1351 807 1639 860; x_wconf 90' lang='lat' dir='ltr'>Hippolytus,</span> <span class='ocrx_word' id='word_1_250' title='bbox 1666 807 1892 850; x_wconf 89' lang='lat' dir='ltr'>indomitis</span> 
     </span>
     <span class='ocr_line' id='line_1_56' title="bbox 1061 864 1894 918; baseline 0.001 -12"><span class='ocrx_word' id='word_1_251' title='bbox 1061 865 1186 916; x_wconf 90' lang='lat' dir='ltr'>equis</span> <span class='ocrx_word' id='word_1_252' title='bbox 1210 867 1412 917; x_wconf 85' lang='lat' dir='ltr'>raptatus</span> <span class='ocrx_word' id='word_1_253' title='bbox 1433 877 1515 918; x_wconf 91' lang='lat' dir='ltr'>per</span> <span class='ocrx_word' id='word_1_254' title='bbox 1539 864 1638 906; x_wconf 90' lang='lat' dir='ltr'>loca</span> <span class='ocrx_word' id='word_1_255' title='bbox 1656 864 1830 907; x_wconf 88' lang='lat' dir='ltr'>tribulis</span> <span class='ocrx_word' id='word_1_256' title='bbox 1849 870 1894 907; x_wconf 87' lang='lat' dir='ltr'>et</span> 
     </span>
     <span class='ocr_line' id='line_1_57' title="bbox 1062 921 1893 975; baseline 0.002 -13"><span class='ocrx_word' id='word_1_257' title='bbox 1062 921 1238 963; x_wconf 86' lang='lat' dir='ltr'>carduis</span> <span class='ocrx_word' id='word_1_258' title='bbox 1266 922 1452 971; x_wconf 93' lang='lat' dir='ltr'>consita,</span> <span class='ocrx_word' id='word_1_259' title='bbox 1480 921 1676 963; x_wconf 87' lang='lat' dir='ltr'>lacerato</span> <span class='ocrx_word' id='word_1_260' title='bbox 1704 923 1893 975; x_wconf 88' lang='lat' dir='ltr'>corpore</span> 
     </span>
     <span class='ocr_line' id='line_1_58' title="bbox 1062 977 1894 1031; baseline 0.002 -13"><span class='ocrx_word' id='word_1_261' title='bbox 1062 978 1262 1031; x_wconf 89' lang='lat' dir='ltr'>spiritum</span> <span class='ocrx_word' id='word_1_262' title='bbox 1271 978 1369 1020; x_wconf 91' lang='lat' dir='ltr'>Deo</span> <span class='ocrx_word' id='word_1_263' title='bbox 1385 977 1589 1028; x_wconf 80' lang='lat' dir='ltr'>reddidit,</span> <span class='ocrx_word' id='word_1_264' title='bbox 1602 980 1778 1031; x_wconf 88' lang='lat' dir='ltr'>unaque</span> <span class='ocrx_word' id='word_1_265' title='bbox 1794 990 1894 1020; x_wconf 91' lang='lat' dir='ltr'>cum</span> 
     </span>
     <span class='ocr_line' id='line_1_59' title="bbox 1062 1034 1894 1088; baseline 0.002 -13"><span class='ocrx_word' id='word_1_266' title='bbox 1062 1034 1242 1087; x_wconf 87' lang='lat' dir='ltr'>reliquis</span> <span class='ocrx_word' id='word_1_267' title='bbox 1274 1048 1300 1076; x_wconf 93' lang='lat' dir='ltr'>a</span> <span class='ocrx_word' id='word_1_268' title='bbox 1331 1035 1504 1076; x_wconf 88' lang='lat' dir='ltr'>Justino</span> <span class='ocrx_word' id='word_1_269' title='bbox 1538 1035 1802 1088; x_wconf 75' lang='lat' dir='ltr'>presbytero</span> <span class='ocrx_word' id='word_1_270' title='bbox 1837 1034 1894 1077; x_wconf 90' lang='lat' dir='ltr'>ad</span> 
     </span>
     <span class='ocr_line' id='line_1_60' title="bbox 1062 1091 1894 1145; baseline 0.001 -13"><span class='ocrx_word' id='word_1_271' title='bbox 1062 1104 1216 1142; x_wconf 85' lang='lat' dir='ltr'>agrum</span> <span class='ocrx_word' id='word_1_272' title='bbox 1234 1091 1461 1134; x_wconf 91' lang='lat' dir='ltr'>Veranum</span> <span class='ocrx_word' id='word_1_273' title='bbox 1480 1092 1681 1145; x_wconf 86' lang='lat' dir='ltr'>sepultus</span> <span class='ocrx_word' id='word_1_274' title='bbox 1699 1096 1778 1136; x_wconf 90' lang='lat' dir='ltr'>est.</span> <span class='ocrx_word' id='word_1_275' title='bbox 1811 1092 1894 1133; x_wconf 90' lang='lat' dir='ltr'>Ea—</span> 
     </span>
    </p>
   </div>
   <div class='ocr_carea' id='block_1_9' title="bbox 1044 1147 1893 1202">
    <p class='ocr_par' dir='ltr' id='par_1_11' title="bbox 1044 1147 1893 1202">
     <span class='ocr_line' id='line_1_61' title="bbox 1044 1147 1893 1202; baseline 0 -12"><span class='ocrx_word' id='word_1_276' title='bbox 1044 1147 1164 1190; x_wconf 89' lang='lat' dir='ltr'>dem</span> <span class='ocrx_word' id='word_1_277' title='bbox 1188 1147 1269 1199; x_wconf 89' lang='lat' dir='ltr'>die,</span> <span class='ocrx_word' id='word_1_278' title='bbox 1295 1148 1353 1190; x_wconf 92' lang='lat' dir='ltr'>ad</span> <span class='ocrx_word' id='word_1_279' title='bbox 1378 1149 1543 1190; x_wconf 92' lang='lat' dir='ltr'>Forum</span> <span class='ocrx_word' id='word_1_280' title='bbox 1568 1148 1712 1202; x_wconf 85' lang='lat' dir='ltr'>Syllae,</span> <span class='ocrx_word' id='word_1_281' title='bbox 1741 1147 1893 1191; x_wconf 90' lang='lat' dir='ltr'>crude-</span> 
     </span>
    </p>
   </div>
   <div class='ocr_carea' id='block_1_10' title="bbox 1062 1204 1896 1775">
    <p class='ocr_par' dir='ltr' id='par_1_12' title="bbox 1062 1204 1896 1656">
     <span class='ocr_line' id='line_1_62' title="bbox 1062 1204 1894 1258; baseline 0.002 -13"><span class='ocrx_word' id='word_1_282' title='bbox 1062 1204 1230 1246; x_wconf 84' lang='lat' dir='ltr'>lissimo</span> <span class='ocrx_word' id='word_1_283' title='bbox 1255 1204 1473 1258; x_wconf 91' lang='lat' dir='ltr'>supplicio</span> <span class='ocrx_word' id='word_1_284' title='bbox 1497 1204 1680 1247; x_wconf 86' lang='lat' dir='ltr'>affectus</span> <span class='ocrx_word' id='word_1_285' title='bbox 1704 1210 1772 1247; x_wconf 89' lang='lat' dir='ltr'>est</span> <span class='ocrx_word' id='word_1_286' title='bbox 1793 1205 1894 1247; x_wconf 90' lang='lat' dir='ltr'>Cas-</span> 
     </span>
     <span class='ocr_line' id='line_1_63' title="bbox 1063 1261 1896 1315; baseline 0.002 -13"><span class='ocrx_word' id='word_1_287' title='bbox 1063 1261 1210 1303; x_wconf 91' lang='lat' dir='ltr'>sianus</span> <span class='ocrx_word' id='word_1_288' title='bbox 1246 1261 1428 1314; x_wconf 87' lang='lat' dir='ltr'>Martyr:</span> <span class='ocrx_word' id='word_1_289' title='bbox 1471 1262 1561 1314; x_wconf 92' lang='lat' dir='ltr'>qui,</span> <span class='ocrx_word' id='word_1_290' title='bbox 1598 1262 1755 1304; x_wconf 89' lang='lat' dir='ltr'>vinctis</span> <span class='ocrx_word' id='word_1_291' title='bbox 1791 1266 1896 1315; x_wconf 91' lang='lat' dir='ltr'>post</span> 
     </span>
     <span class='ocr_line' id='line_1_64' title="bbox 1062 1318 1895 1372; baseline 0.001 -13"><span class='ocrx_word' id='word_1_292' title='bbox 1062 1323 1186 1368; x_wconf 85' lang='lat' dir='ltr'>terga</span> <span class='ocrx_word' id='word_1_293' title='bbox 1221 1318 1440 1369; x_wconf 88' lang='lat' dir='ltr'>manibus,</span> <span class='ocrx_word' id='word_1_294' title='bbox 1482 1320 1737 1372; x_wconf 91' lang='lat' dir='ltr'>puerorum,</span> <span class='ocrx_word' id='word_1_295' title='bbox 1782 1331 1895 1371; x_wconf 88' lang='lat' dir='ltr'>quos</span> 
     </span>
     <span class='ocr_line' id='line_1_65' title="bbox 1064 1374 1895 1428; baseline 0.001 -13"><span class='ocrx_word' id='word_1_296' title='bbox 1064 1374 1308 1425; x_wconf 88' lang='lat' dir='ltr'>erudiebat,</span> <span class='ocrx_word' id='word_1_297' title='bbox 1342 1375 1495 1417; x_wconf 90' lang='lat' dir='ltr'>ferreis</span> <span class='ocrx_word' id='word_1_298' title='bbox 1523 1375 1648 1428; x_wconf 90' lang='lat' dir='ltr'>stylis</span> <span class='ocrx_word' id='word_1_299' title='bbox 1676 1374 1895 1426; x_wconf 85' lang='lat' dir='ltr'>configen-</span> 
     </span>
     <span class='ocr_line' id='line_1_66' title="bbox 1064 1431 1896 1485; baseline 0.001 -13"><span class='ocrx_word' id='word_1_300' title='bbox 1064 1431 1146 1472; x_wconf 89' lang='lat' dir='ltr'>dus</span> <span class='ocrx_word' id='word_1_301' title='bbox 1192 1432 1661 1485; x_wconf 87' lang='lat' dir='ltr'>excarnificandusque</span> <span class='ocrx_word' id='word_1_302' title='bbox 1696 1431 1896 1475; x_wconf 89' lang='lat' dir='ltr'>traditur.</span> 
     </span>
     <span class='ocr_line' id='line_1_67' title="bbox 1064 1488 1896 1541; baseline 0.002 -12"><span class='ocrx_word' id='word_1_303' title='bbox 1064 1488 1260 1538; x_wconf 89' lang='lat' dir='ltr'>Quorum</span> <span class='ocrx_word' id='word_1_304' title='bbox 1286 1494 1451 1541; x_wconf 88' lang='lat' dir='ltr'>quanto</span> <span class='ocrx_word' id='word_1_305' title='bbox 1472 1494 1567 1531; x_wconf 89' lang='lat' dir='ltr'>erat</span> <span class='ocrx_word' id='word_1_306' title='bbox 1585 1489 1800 1531; x_wconf 84' lang='lat' dir='ltr'>infirmior</span> <span class='ocrx_word' id='word_1_307' title='bbox 1817 1489 1896 1539; x_wconf 79' lang='lat' dir='ltr'>viS,</span> 
     </span>
     <span class='ocr_line' id='line_1_68' title="bbox 1062 1545 1896 1599; baseline 0.002 -14"><span class='ocrx_word' id='word_1_308' title='bbox 1062 1550 1186 1586; x_wconf 91' lang='lat' dir='ltr'>tanto</span> <span class='ocrx_word' id='word_1_309' title='bbox 1216 1546 1307 1597; x_wconf 87' lang='lat' dir='ltr'>ejus</span> <span class='ocrx_word' id='word_1_310' title='bbox 1335 1559 1470 1599; x_wconf 88' lang='lat' dir='ltr'>poena</span> <span class='ocrx_word' id='word_1_311' title='bbox 1497 1546 1694 1599; x_wconf 81' lang='lat' dir='ltr'>martyrii</span> <span class='ocrx_word' id='word_1_312' title='bbox 1720 1545 1896 1598; x_wconf 88' lang='lat' dir='ltr'>gravior</span> 
     </span>
     <span class='ocr_line' id='line_1_69' title="bbox 1063 1601 1896 1656; baseline 0.002 -14"><span class='ocrx_word' id='word_1_313' title='bbox 1063 1614 1114 1642; x_wconf 92' lang='lat' dir='ltr'>ac</span> <span class='ocrx_word' id='word_1_314' title='bbox 1134 1601 1390 1652; x_wconf 81' lang='lat' dir='ltr'>diuturnior,</span> <span class='ocrx_word' id='word_1_315' title='bbox 1414 1603 1652 1656; x_wconf 91' lang='lat' dir='ltr'>palmaque</span> <span class='ocrx_word' id='word_1_316' title='bbox 1674 1602 1896 1646; x_wconf 78' lang='lat' dir='ltr'>illustrior.</span> 
     </span>
    </p>

    <p class='ocr_par' dir='ltr' id='par_1_13' title="bbox 1122 1661 1686 1706">
     <span class='ocr_line' id='line_1_70' title="bbox 1122 1661 1686 1706; baseline 0.005 -3"><span class='ocrx_word' id='word_1_317' title='bbox 1122 1661 1184 1704; x_wconf 91' lang='lat' dir='ltr'>Te</span> <span class='ocrx_word' id='word_1_318' title='bbox 1203 1663 1347 1704; x_wconf 92' lang='lat' dir='ltr'>Deum</span> <span class='ocrx_word' id='word_1_319' title='bbox 1364 1663 1608 1706; x_wconf 88' lang='lat' dir='ltr'>laudamus.</span> <span class='ocrx_word' id='word_1_320' title='bbox 1627 1665 1686 1706; x_wconf 89' lang='lat'>13.</span> 
     </span>
    </p>

    <p class='ocr_par' dir='ltr' id='par_1_14' title="bbox 1116 1731 1894 1775">
     <span class='ocr_line' id='line_1_71' title="bbox 1116 1731 1894 1775; baseline -0.006 -6"><span class='ocrx_word' id='word_1_321' title='bbox 1116 1734 1161 1768; x_wconf 88' lang='lat'>111</span> <span class='ocrx_word' id='word_1_322' title='bbox 1177 1734 1340 1769; x_wconf 90' lang='lat' dir='ltr'>Laudib.</span> <span class='ocrx_word' id='word_1_323' title='bbox 1362 1733 1404 1767; x_wconf 89' lang='lat' dir='ltr'>fit</span> <span class='ocrx_word' id='word_1_324' title='bbox 1419 1734 1577 1768; x_wconf 72' lang='lat' dir='ltr'>comem.</span> <span class='ocrx_word' id='word_1_325' title='bbox 1595 1732 1653 1767; x_wconf 91' lang='lat' dir='ltr'>Ss.</span> <span class='ocrx_word' id='word_1_326' title='bbox 1670 1731 1894 1775; x_wconf 89' lang='lat' dir='ltr'>Martyrum.</span> 
     </span>
    </p>
   </div>
   <div class='ocr_carea' id='block_1_11' title="bbox 1063 1791 1897 1960">
    <p class='ocr_par' dir='ltr' id='par_1_15' title="bbox 1063 1791 1897 1960">
     <span class='ocr_line' id='line_1_72' title="bbox 1119 1791 1897 1848; baseline 0.008 -18"><span class='ocrx_word' id='word_1_327' title='bbox 1119 1791 1219 1832; x_wconf 89' lang='lat' dir='ltr'>Ant.</span> <span class='ocrx_word' id='word_1_328' title='bbox 1238 1791 1388 1836; x_wconf 88' lang='lat' dir='ltr'>Vestri</span> <span class='ocrx_word' id='word_1_329' title='bbox 1406 1795 1555 1848; x_wconf 91' lang='lat' dir='ltr'>capilli</span> <span class='ocrx_word' id='word_1_330' title='bbox 1569 1795 1728 1848; x_wconf 91' lang='lat' dir='ltr'>capitis</span> <span class='ocrx_word' id='word_1_331' title='bbox 1743 1807 1897 1837; x_wconf 90' lang='lat' dir='ltr'>omnes</span> 
     </span>
     <span class='ocr_line' id='line_1_73' title="bbox 1064 1851 1895 1894; baseline 0.004 -4"><span class='ocrx_word' id='word_1_332' title='bbox 1064 1851 1281 1893; x_wconf 91' lang='lat' dir='ltr'>numerati</span> <span class='ocrx_word' id='word_1_333' title='bbox 1300 1856 1417 1892; x_wconf 91' lang='lat' dir='ltr'>sunt:</span> <span class='ocrx_word' id='word_1_334' title='bbox 1440 1851 1576 1894; x_wconf 88' lang='lat' dir='ltr'>nolite</span> <span class='ocrx_word' id='word_1_335' title='bbox 1595 1852 1766 1894; x_wconf 86' lang='lat' dir='ltr'>timere:</span> <span class='ocrx_word' id='word_1_336' title='bbox 1787 1851 1895 1893; x_wconf 89' lang='lat' dir='ltr'>mul-</span> 
     </span>
     <span class='ocr_line' id='line_1_74' title="bbox 1063 1907 1853 1960; baseline 0.003 -13"><span class='ocrx_word' id='word_1_337' title='bbox 1063 1907 1118 1948; x_wconf 90' lang='lat' dir='ltr'>tis</span> <span class='ocrx_word' id='word_1_338' title='bbox 1138 1907 1392 1960; x_wconf 78' lang='lat' dir='ltr'>passeribus</span> <span class='ocrx_word' id='word_1_339' title='bbox 1410 1908 1616 1951; x_wconf 90' lang='lat' dir='ltr'>meliores</span> <span class='ocrx_word' id='word_1_340' title='bbox 1635 1909 1742 1951; x_wconf 88' lang='lat' dir='ltr'>estis</span> <span class='ocrx_word' id='word_1_341' title='bbox 1759 1921 1853 1950; x_wconf 89' lang='lat' dir='ltr'>vos.</span> 
     </span>
    </p>
   </div>
   <div class='ocr_carea' id='block_1_12' title="bbox 1067 1965 1896 2078">
    <p class='ocr_par' dir='ltr' id='par_1_16' title="bbox 1067 1965 1896 2078">
     <span class='ocr_line' id='line_1_75' title="bbox 1117 1965 1896 2025; baseline 0.003 -12"><span class='ocrx_word' id='word_1_342' title='bbox 1117 1965 1169 2018; x_wconf 63' lang='lat' dir='ltr'>V·</span> <span class='ocrx_word' id='word_1_343' title='bbox 1190 1972 1487 2015; x_wconf 86' lang='lat' dir='ltr'>Exsultabunt</span> <span class='ocrx_word' id='word_1_344' title='bbox 1514 1974 1654 2016; x_wconf 88' lang='lat' dir='ltr'>sancti</span> <span class='ocrx_word' id='word_1_345' title='bbox 1678 1974 1722 2015; x_wconf 89' lang='lat' dir='ltr'>in</span> <span class='ocrx_word' id='word_1_346' title='bbox 1745 1973 1896 2025; x_wconf 87' lang='lat' dir='ltr'>gloria.</span> 
     </span>
     <span class='ocr_line' id='line_1_76' title="bbox 1067 2027 1843 2078; baseline 0.004 -9"><span class='ocrx_word' id='word_1_347' title='bbox 1067 2027 1118 2078; x_wconf 70' lang='lat' dir='ltr'>Rz.</span> <span class='ocrx_word' id='word_1_348' title='bbox 1132 2029 1422 2072; x_wconf 87' lang='lat' dir='ltr'>Laetabuntur</span> <span class='ocrx_word' id='word_1_349' title='bbox 1440 2030 1484 2071; x_wconf 92' lang='lat' dir='ltr'>in</span> <span class='ocrx_word' id='word_1_350' title='bbox 1504 2031 1722 2073; x_wconf 92' lang='lat' dir='ltr'>cubilibus</span> <span class='ocrx_word' id='word_1_351' title='bbox 1742 2032 1843 2072; x_wconf 87' lang='lat' dir='ltr'>suis.</span> 
     </span>
    </p>
   </div>
   <div class='ocr_carea' id='block_1_13' title="bbox 1118 2090 1897 2199">
    <p class='ocr_par' dir='ltr' id='par_1_17' title="bbox 1118 2090 1897 2199">
     <span class='ocr_line' id='line_1_77' title="bbox 1119 2090 1789 2143; baseline 0.001 -11"><span class='ocrx_word' id='word_1_352' title='bbox 1119 2091 1284 2132; x_wconf 87' lang='lat' dir='ltr'>Oratio.</span> <span class='ocrx_word' id='word_1_353' title='bbox 1311 2090 1383 2132; x_wconf 94' lang='lat' dir='ltr'>Da</span> <span class='ocrx_word' id='word_1_354' title='bbox 1403 2093 1666 2143; x_wconf 79' lang='lat' dir='ltr'>quaesumus.</span> <span class='ocrx_word' id='word_1_355' title='bbox 1687 2092 1789 2133; x_wconf 90' lang='lat'>502.</span> 
     </span>
     <span class='ocr_line' id='line_1_78' title="bbox 1118 2150 1897 2199; baseline -0.008 -8"><span class='ocrx_word' id='word_1_356' title='bbox 1118 2156 1163 2191; x_wconf 92' lang='lat' dir='ltr'>In</span> <span class='ocrx_word' id='word_1_357' title='bbox 1178 2155 1224 2190; x_wconf 89' lang='lat' dir='ltr'>H.</span> <span class='ocrx_word' id='word_1_358' title='bbox 1239 2154 1427 2199; x_wconf 90' lang='lat' dir='ltr'>Vesperis</span> <span class='ocrx_word' id='word_1_359' title='bbox 1448 2154 1490 2188; x_wconf 84' lang='lat' dir='ltr'>fit</span> <span class='ocrx_word' id='word_1_360' title='bbox 1511 2162 1709 2188; x_wconf 88' lang='lat' dir='ltr'>commem.</span> <span class='ocrx_word' id='word_1_361' title='bbox 1726 2151 1762 2187; x_wconf 91' lang='lat' dir='ltr'>S.</span> <span class='ocrx_word' id='word_1_362' title='bbox 1778 2150 1897 2186; x_wconf 87' lang='lat' dir='ltr'>Euse-</span> 
     </span>
    </p>
   </div>
   <div class='ocr_carea' id='block_1_14' title="bbox 1065 2204 1898 2786">
    <p class='ocr_par' dir='ltr' id='par_1_18' title="bbox 1065 2204 1247 2240">
     <span class='ocr_line' id='line_1_79' title="bbox 1065 2204 1247 2240; baseline -0.005 -1"><span class='ocrx_word' id='word_1_363' title='bbox 1065 2205 1121 2239; x_wconf 88' lang='lat' dir='ltr'>bii</span> <span class='ocrx_word' id='word_1_364' title='bbox 1138 2204 1247 2240; x_wconf 87' lang='lat' dir='ltr'>Conf.</span> 
     </span>
    </p>

    <p class='ocr_par' dir='ltr' id='par_1_19' title="bbox 1065 2261 1898 2428">
     <span class='ocr_line' id='line_1_80' title="bbox 1122 2261 1898 2319; baseline 0.009 -18"><span class='ocrx_word' id='word_1_365' title='bbox 1122 2261 1222 2302; x_wconf 83' lang='lat' dir='ltr'>Ant.</span> <span class='ocrx_word' id='word_1_366' title='bbox 1237 2261 1448 2306; x_wconf 90' lang='lat' dir='ltr'>Similabo</span> <span class='ocrx_word' id='word_1_367' title='bbox 1469 2277 1569 2306; x_wconf 91' lang='lat' dir='ltr'>eum</span> <span class='ocrx_word' id='word_1_368' title='bbox 1583 2265 1679 2308; x_wconf 81' lang='lat' dir='ltr'>viro</span> <span class='ocrx_word' id='word_1_369' title='bbox 1699 2266 1898 2319; x_wconf 83' lang='lat' dir='ltr'>sapienti,</span> 
     </span>
     <span class='ocr_line' id='line_1_81' title="bbox 1066 2319 1898 2376; baseline 0.007 -17"><span class='ocrx_word' id='word_1_370' title='bbox 1066 2320 1139 2371; x_wconf 91' lang='lat' dir='ltr'>qui</span> <span class='ocrx_word' id='word_1_371' title='bbox 1159 2319 1395 2363; x_wconf 82' lang='lat' dir='ltr'>aedificavit</span> <span class='ocrx_word' id='word_1_372' title='bbox 1417 2321 1597 2363; x_wconf 92' lang='lat' dir='ltr'>domum</span> <span class='ocrx_word' id='word_1_373' title='bbox 1621 2335 1744 2364; x_wconf 91' lang='lat' dir='ltr'>suam</span> <span class='ocrx_word' id='word_1_374' title='bbox 1765 2335 1898 2376; x_wconf 93' lang='lat' dir='ltr'>supra</span> 
     </span>
     <span class='ocr_line' id='line_1_82' title="bbox 1065 2380 1247 2428; baseline -0.005 -10"><span class='ocrx_word' id='word_1_375' title='bbox 1065 2380 1247 2428; x_wconf 89' lang='lat' dir='ltr'>petram.</span> 
     </span>
    </p>

    <p class='ocr_par' dir='ltr' id='par_1_20' title="bbox 1066 2429 1898 2598">
     <span class='ocr_line' id='line_1_83' title="bbox 1117 2429 1898 2489; baseline 0.009 -14"><span class='ocrx_word' id='word_1_376' title='bbox 1117 2429 1169 2482; x_wconf 66' lang='lat' dir='ltr'>V.</span> <span class='ocrx_word' id='word_1_377' title='bbox 1191 2437 1369 2479; x_wconf 90' lang='lat' dir='ltr'>Amavit</span> <span class='ocrx_word' id='word_1_378' title='bbox 1394 2451 1494 2480; x_wconf 93' lang='lat' dir='ltr'>eum</span> <span class='ocrx_word' id='word_1_379' title='bbox 1517 2439 1630 2489; x_wconf 63' lang='lat' dir='ltr'>Dr‘ls,</span> <span class='ocrx_word' id='word_1_380' title='bbox 1655 2445 1701 2482; x_wconf 91' lang='lat' dir='ltr'>et</span> <span class='ocrx_word' id='word_1_381' title='bbox 1725 2440 1898 2482; x_wconf 87' lang='lat' dir='ltr'>ornavit</span> 
     </span>
     <span class='ocr_line' id='line_1_84' title="bbox 1066 2491 1897 2547; baseline 0.004 -13"><span class='ocrx_word' id='word_1_382' title='bbox 1066 2506 1175 2535; x_wconf 90' lang='lat' dir='ltr'>eum.</span> <span class='ocrx_word' id='word_1_383' title='bbox 1204 2491 1256 2542; x_wconf 69' lang='lat' dir='ltr'>Rt-</span> <span class='ocrx_word' id='word_1_384' title='bbox 1268 2494 1436 2536; x_wconf 90' lang='lat' dir='ltr'>Stolam</span> <span class='ocrx_word' id='word_1_385' title='bbox 1454 2495 1608 2547; x_wconf 81' lang='lat' dir='ltr'>gloriae</span> <span class='ocrx_word' id='word_1_386' title='bbox 1627 2496 1769 2540; x_wconf 90' lang='lat' dir='ltr'>induit</span> <span class='ocrx_word' id='word_1_387' title='bbox 1786 2509 1897 2539; x_wconf 87' lang='lat' dir='ltr'>eum.</span> 
     </span>
     <span class='ocr_line' id='line_1_85' title="bbox 1401 2557 1566 2598; baseline -0.006 -1"><span class='ocrx_word' id='word_1_388' title='bbox 1401 2557 1566 2598; x_wconf 92' lang='lat' dir='ltr'>Oratio.</span> 
     </span>
    </p>

    <p class='ocr_par' dir='ltr' id='par_1_21' title="bbox 1067 2620 1897 2786">
     <span class='ocr_line' id='line_1_86' title="bbox 1154 2620 1896 2672; baseline 0.003 -12"><span class='ocrx_word' id='word_1_389' title='bbox 1154 2631 1243 2669; x_wconf 90' lang='lat' dir='ltr'>eus,</span> <span class='ocrx_word' id='word_1_390' title='bbox 1263 2621 1337 2672; x_wconf 92' lang='lat' dir='ltr'>qui</span> <span class='ocrx_word' id='word_1_391' title='bbox 1357 2633 1438 2662; x_wconf 93' lang='lat' dir='ltr'>nos</span> <span class='ocrx_word' id='word_1_392' title='bbox 1457 2620 1577 2663; x_wconf 91' lang='lat' dir='ltr'>beati</span> <span class='ocrx_word' id='word_1_393' title='bbox 1591 2621 1771 2663; x_wconf 88' lang='lat' dir='ltr'>Eusebii</span> <span class='ocrx_word' id='word_1_394' title='bbox 1786 2621 1896 2662; x_wconf 92' lang='lat' dir='ltr'>Con—</span> 
     </span>
     <span class='ocr_line' id='line_1_87' title="bbox 1172 2676 1897 2720; baseline 0.004 -4"><span class='ocrx_word' id='word_1_395' title='bbox 1172 2676 1353 2717; x_wconf 88' lang='lat' dir='ltr'>fessoris</span> <span class='ocrx_word' id='word_1_396' title='bbox 1374 2678 1438 2718; x_wconf 86' lang='lat' dir='ltr'>tui</span> <span class='ocrx_word' id='word_1_397' title='bbox 1458 2680 1601 2718; x_wconf 92' lang='lat' dir='ltr'>annua</span> <span class='ocrx_word' id='word_1_398' title='bbox 1619 2677 1897 2720; x_wconf 90' lang='lat' dir='ltr'>solemnitate</span> 
     </span>
     <span class='ocr_line' id='line_1_88' title="bbox 1067 2731 1895 2786; baseline 0.005 -14"><span class='ocrx_word' id='word_1_399' title='bbox 1067 2731 1281 2774; x_wconf 89' lang='lat' dir='ltr'>laetificas:</span> <span class='ocrx_word' id='word_1_400' title='bbox 1299 2733 1494 2776; x_wconf 86' lang='lat' dir='ltr'>concede</span> <span class='ocrx_word' id='word_1_401' title='bbox 1509 2734 1743 2786; x_wconf 79' lang='lat' dir='ltr'>propitius3</span> <span class='ocrx_word' id='word_1_402' title='bbox 1762 2739 1810 2776; x_wconf 90' lang='lat' dir='ltr'>ut</span> <span class='ocrx_word' id='word_1_403' title='bbox 1825 2747 1895 2776; x_wconf 92' lang='lat' dir='ltr'>cu-</span> 
     </span>
    </p>
   </div>
   <div class='ocr_carea' id='block_1_15' title="bbox 112 144 1964 2833">
    <p class='ocr_par' dir='ltr' id='par_1_22' title="bbox 112 144 1964 2833">
     <span class='ocr_line' id='line_1_89' title="bbox 112 144 1964 2833; baseline 0 0"><span class='ocrx_word' id='word_1_404' title='bbox 112 144 1964 2833; x_wconf 95' lang='lat' dir='ltr'> </span> 
     </span>
    </p>
   </div>
  </div>
 </body>
</html>
