2040 2976
494 208 563 241 Dic¹
588 208 639 241 24.
664 208 780 242 Junii.
829 210 869 242 In
897 209 1109 243 Nativitatc
1134 211 1169 242 S.
1194 208 1359 243 Joannis
1383 209 1582 252 Baptistae.

234 308 330 346 Ant.
368 303 433 345 Ad
458 304 605 345 omnia
632 317 731 357 quae
756 305 927 346 mittam
952 310 1008 354 te,

173 363 196 388 *
216 362 322 403 dicit
337 360 565 410 Dominus,
585 360 684 402 ibis:
703 374 758 402 ne
778 363 944 410 timeas,
965 366 1008 402 et

175 431 274 470 quae
300 416 571 458 mandavero
597 416 693 466 tibi,
728 417 924 470 loqueris
952 417 1008 459 ad

174 488 263 516 eos.

462 523 662 564 Psalmus
690 525 727 563 2.

180 556 365 680 Quare
405 583 674 624 fremuerunt
705 582 890 632 Gentes,
918 584 941 610 *
966 587 1010 624 et

278 639 434 692 populi
453 638 654 681 meditati
671 644 772 680 sunt
791 638 956 680 inania?

226 697 473 738 Astiterunt
496 708 623 747 reges
646 700 793 745 terrae,
822 700 867 736 et
894 697 1009 748 prin-

175 753 296 805 cipes
330 754 630 794 convenerunt
659 752 703 792 in
728 765 863 793 unum
887 753 911 779 *
937 750 1009 793 ad-

174 811 327 850 versus
338 809 586 859 Dominum,
608 814 651 850 et
666 808 878 850 adversus
891 807 1010 849 Chri-

174 871 290 908 stum
311 867 412 918 ejus.

225 922 539 975 Dirumpamus
572 920 747 963 vincula
780 922 949 962 eorum:
986 920 1011 947 *

176 983 220 1020 et
247 978 530 1032 projiciamus
558 990 584 1019 a
611 977 740 1018 nobis
772 977 921 1029 jugum
947 976 1010 1028 ip-

176 1037 337 1076 sorum.
632 1042 639 1047 ’

227 1091 313 1141 Qui
348 1090 520 1131 habitat
555 1090 599 1130 in
641 1089 767 1131 coelis
809 1088 1011 1130 irridebit

177 1160 269 1189 eos:
283 1149 307 1175 *
323 1152 367 1189 et
383 1146 600 1188 Dominus
617 1145 906 1187 subsannabit
923 1157 1011 1186 eos.

228 1204 354 1245 Tunc
373 1203 580 1254 loquetur
601 1202 659 1244 ad
679 1215 758 1244 eos
777 1202 822 1242 in
840 1202 906 1242 ira
921 1214 1010 1251 sua,

175 1261 198 1286 *
221 1265 265 1301 et
284 1260 329 1300 in
348 1260 497 1300 furore
517 1271 598 1300 suo
619 1257 903 1300 conturbabit
924 1270 1011 1299 eos.

227 1316 324 1368 Ego
343 1320 491 1357 autem
508 1315 777 1356 constitutus
796 1327 894 1355 sum
913 1314 1011 1356 Rex

176 1372 231 1414 ab
275 1385 328 1414 eo
369 1385 502 1424 super
536 1372 643 1413 Sion
678 1376 875 1413 montem
916 1383 1011 1412 san-

177 1435 297 1471 ctum
313 1430 415 1481 ejus,
430 1429 453 1454 *
469 1427 718 1481 praedicans
737 1429 1012 1480 praeceptum

178 1498 280 1537 ejus.

228 1542 445 1583 Dominus
479 1541 591 1583 dixit
620 1541 678 1582 ad
705 1553 794 1582 me:
821 1541 846 1566 *
873 1539 1011 1580 Filius

177 1611 301 1640 meus
322 1611 368 1640 es
386 1604 448 1648 tu,
474 1611 556 1650 ego
574 1597 709 1639 hodie
728 1597 859 1649 genui
878 1601 933 1638 te.

228 1655 413 1696 Postula
433 1668 458 1696 a
476 1667 563 1704 me,
590 1659 634 1696 et
655 1654 772 1696 dabo
795 1653 878 1695 tibi
898 1654 1012 1695 Gen-

178 1716 246 1753 tes
279 1711 587 1752 haereditatem
621 1716 761 1760 tuam,
788 1711 812 1736 *
840 1715 884 1751 et
912 1722 1012 1763 pos-

180 1767 424 1809 sessionem
443 1772 565 1808 tuam
584 1767 796 1808 terminos
815 1771 960 1808 terrae.

232 1824 379 1875 Reges
409 1836 486 1865 eos
515 1824 559 1864 in
587 1823 712 1875 virga
737 1823 894 1872 ferrea,
918 1823 942 1848 *
969 1827 1013 1864 et

179 1885 407 1932 tamquam
421 1893 500 1921 vas
515 1879 638 1931 figuli
655 1879 905 1931 confringes
924 1891 1013 1920 eos.

231 1937 288 1977 Et
313 1949 427 1978 nunc
453 1949 580 1988 reges
607 1935 856 1988 intelligite:
874 1935 898 1961 *
919 1948 1012 1977 eru-

181 1992 334 2034 dimini
354 1993 429 2044 qui
448 1992 652 2044 judicatis
670 1997 845 2034 terram.

233 2049 404 2090 Servite
429 2048 622 2090 Domino
649 2048 693 2089 in
720 2048 895 2090 timore:
921 2049 945 2074 *
970 2052 1014 2089 et
1081 2073 1091 2092 v,
1118 2065 1158 2085 ,εκ

182 2105 402 2146 exsultate
423 2105 463 2146 ei
480 2118 580 2146 cum
597 2106 801 2146 tremore.

234 2161 570 2214 Apprehendite
608 2161 902 2213 disciplinam,
943 2172 1015 2202 ne-
1081 2171 1087 2179 ¹·
1119 2167 1144 2183 ‘ss

183 2217 361 2270 quando
399 2218 614 2259 irascatur
648 2217 885 2267 Dominus,
914 2217 938 2243 *
972 2220 1017 2258 et

182 2274 376 2326 pereatis
396 2273 452 2315 de
471 2274 542 2315 via
562 2276 684 2326 justa.

236 2330 347 2371 Cum
362 2330 575 2371 exarserit
596 2331 640 2371 in
654 2330 780 2372 brevi
797 2330 862 2371 ira
878 2330 982 2381 ejus,
993 2329 1017 2355 *

184 2386 305 2428 beati
325 2398 490 2436 omnes
511 2387 586 2438 qui
605 2386 835 2428 confidunt
851 2387 896 2426 in
917 2398 982 2427 eo.

239 2452 339 2491 Ant.
369 2445 439 2490 Ad
467 2447 612 2487 omnia
642 2459 741 2498 quae
766 2447 938 2488 mittam
963 2450 1018 2495 te,

185 2502 292 2544 dicit
310 2502 542 2552 Dominus,
570 2502 670 2544 ibis:
698 2516 752 2543 ne
771 2504 947 2552 timeas,
976 2507 1020 2543 et

186 2572 286 2612 quae
314 2558 584 2600 mandavero
613 2559 711 2608 tibi,
739 2558 934 2610 loqueris
963 2557 1021 2600 ad

186 2628 274 2657 eos.

240 2675 339 2715 Ant.
372 2675 436 2714 Ne
456 2673 612 2713 timeas
631 2673 655 2699 *
675 2684 700 2712 a
719 2671 831 2713 facie
857 2673 1020 2721 eorum,

188 2729 290 2780 quia
308 2740 391 2779 ego
410 2733 557 2770 tecum
577 2741 688 2778 sum,
709 2727 815 2769 dicit
834 2727 939 2768 Dfis.

1352 304 1553 344 Psalmus
1577 305 1613 344 3.

1157 367 1302 408 omine
1339 367 1445 419 quid
1479 367 1757 420 multiplicati
1794 374 1895 410 sunt

1167 423 1242 474 qui
1266 422 1479 464 tribulant
1507 423 1600 465 me?
1628 425 1652 449 *
1679 425 1807 466 multi
1834 425 1894 466 in-

1063 482 1248 531 surgunt
1267 478 1502 520 adversum
1522 492 1604 521 me.

1115 535 1242 576 Multi
1262 535 1415 577 dicunt
1434 536 1592 577 animae
1606 549 1733 578 meae:
1752 538 1776 565 *
1792 537 1894 579 Non

1064 596 1131 633 est
1151 591 1269 632 salus
1287 591 1373 644 ipsi
1391 591 1436 632 in
1454 592 1552 634 Deo
1573 593 1676 644 ejus.

1115 648 1184 689 Tu
1233 653 1382 689 autem
1426 648 1617 690 Domine
1662 650 1896 702 susceptor

1063 717 1188 746 meus
1209 717 1271 754 es,
1291 705 1315 730 *
1334 704 1474 755 gloria
1493 717 1608 755 mea,
1633 710 1676 747 et
1695 705 1896 747 exaltans

1064 766 1198 813 caput
1217 774 1375 804 meum.

1114 817 1241 859 Voce
1266 830 1365 858 mea
1390 817 1448 858 ad
1473 817 1711 858 Dominum
1740 817 1896 859 clama-

1063 873 1127 914 vi:
1158 874 1182 899 *
1215 878 1259 915 et
1291 873 1516 915 exaudivit
1552 886 1623 915 me
1654 873 1710 916 de
1746 878 1897 916 monte

1064 935 1217 972 sancto
1245 942 1336 971 suo.

1115 986 1212 1038 Ego
1237 986 1435 1037 dormivi,
1461 991 1505 1028 et
1529 989 1766 1039 soporatus
1781 999 1898 1027 sum:

1063 1043 1088 1069 *
1109 1047 1153 1084 et
1176 1043 1419 1094 exsurrexi,
1446 1043 1549 1095 quia
1568 1043 1783 1085 Dominus
1807 1056 1897 1084 sus-

1065 1099 1183 1151 cepit
1203 1112 1284 1141 me.

1115 1155 1219 1197 Non
1257 1155 1424 1198 timebo
1456 1156 1594 1197 millia
1629 1155 1786 1209 populi
1819 1155 1898 1197 cir-

1065 1211 1313 1254 cumdantis
1338 1225 1423 1254 me:
1442 1215 1467 1240 *
1487 1216 1674 1264 exsurge
1697 1211 1898 1262 Domine,

1066 1267 1237 1309 salvum
1258 1281 1329 1310 me
1349 1269 1418 1310 fac
1438 1269 1562 1310 Deus
1580 1281 1716 1310 meus.

1118 1325 1337 1374 Quoniam
1370 1330 1419 1366 tu
1455 1325 1714 1378 percussisti
1746 1337 1900 1366 omnes

1066 1380 1354 1423 adversantes
1373 1381 1481 1422 mihi
1496 1382 1590 1423 sine
1605 1393 1751 1423 causa:
1761 1382 1785 1408 *
1797 1380 1898 1422 den-

1065 1442 1134 1479 tes
1154 1440 1442 1490 peccatorum
1461 1437 1720 1479 contrivisti.

1118 1494 1299 1535 Domini
1319 1499 1387 1536 est
1412 1494 1546 1536 salus:
1562 1495 1587 1523 *
1607 1499 1651 1536 et
1671 1506 1805 1547 super
1822 1495 1899 1546 po-

1065 1551 1219 1603 pulum
1237 1556 1362 1592 tuum
1379 1551 1632 1594 benedictio
1652 1556 1739 1592 tua.

1121 1619 1221 1658 Ant.
1255 1618 1320 1658 Ne
1351 1619 1507 1659 timeas
1541 1629 1567 1658 a
1594 1616 1707 1658 facie
1736 1618 1900 1666 eorum,

1067 1673 1169 1724 quia
1196 1686 1278 1725 ego
1304 1679 1451 1716 tecum
1476 1687 1591 1724 sum,
1619 1672 1726 1715 dicit
1750 1673 1899 1714 Domi-

1066 1743 1161 1770 nus.

1087 1821 1091 1825 .
1124 1786 1174 1839 V.
1215 1791 1316 1833 Fuit
1356 1790 1491 1833 homo
1532 1791 1693 1833 missus
1730 1803 1756 1832 a
1792 1791 1902 1832 Deo.

1068 1849 1119 1900 R.
1147 1847 1227 1888 Cui
1251 1860 1413 1889 nomen
1440 1852 1534 1889 erat
1558 1848 1762 1890 Joannes.

1164 1929 1323 1981 Incipit
1339 1930 1364 1970 J
1367 1931 1553 1971 eremias
1571 1928 1807 1981 Propheta.

1122 1991 1275 2032 Lectio
1296 1992 1319 2030 i.
1700 1990 1804 2042 Cap.
1823 1991 1853 2029 1.

1083 2092 1093 2106 Ι.
1129 2086 1173 2108 w.
1201 2051 1330 2093 rerba
1366 2052 1391 2092 J
1394 2053 1569 2094 eremiae
1605 2050 1685 2091 filii
1722 2050 1903 2100 Helciae‚

1131 2094 1212 2170 ΨἏῙξ
1243 2108 1298 2150 de
1336 2108 1664 2158 sacerdotibus,
1706 2108 1782 2160 qui
1814 2107 1902 2148 fue-

1110 2180 1114 2183 *
1242 2170 1342 2207 runt
1364 2165 1409 2206 in
1429 2164 1673 2214 Anathoth,
1700 2164 1746 2204 in
1763 2163 1904 2205 Terra

1070 2222 1306 2274 Benjamin.
1348 2220 1480 2272 Quod
1511 2221 1677 2263 factum
1711 2225 1779 2262 est
1810 2232 1904 2261 ver-

1070 2278 1175 2320 bum
1211 2278 1390 2319 Domini
1426 2277 1483 2319 ad
1526 2291 1626 2319 eum
1660 2277 1705 2317 in
1748 2275 1904 2318 diebus

1070 2335 1205 2376 Josiae
1241 2334 1318 2375 filii
1353 2334 1500 2375 Amon
1537 2334 1653 2386 regis
1689 2332 1820 2383 Juda,
1860 2333 1905 2373 in

1070 2390 1377 2433 tertiodecimo
1407 2403 1521 2432 anno
1551 2390 1674 2442 regni
1705 2390 1806 2441 ejus.
1847 2389 1905 2430 Et

1072 2447 1235 2489 factum
1262 2451 1329 2488 est
1361 2447 1404 2487 in
1436 2446 1592 2488 diebus
1620 2445 1796 2487 Joakim
1827 2444 1905 2485 filii

1071 2504 1207 2544 Josiae
1236 2503 1352 2554 regis
1379 2502 1510 2553 Juda,
1547 2515 1690 2555 usque
1718 2500 1776 2543 ad
1805 2514 1904 2543 con-

1073 2560 1411 2601 summationem
1442 2559 1664 2601 undecimi
1700 2558 1800 2600 anni
1832 2559 1904 2599 Se-

1074 2615 1212 2658 deciae
1232 2615 1310 2657 filii
1329 2616 1353 2656 J
1356 2618 1463 2657 osiae
1481 2616 1597 2667 regis
1617 2614 1746 2664 Juda,
1764 2627 1905 2665 usque

1074 2671 1131 2713 ad
1150 2672 1579 2723 transmigrationem
1591 2670 1843 2720 Jerusalem,
1861 2670 1906 2710 in

1073 2740 1225 2770 mense
1251 2728 1418 2780 quinto.
1453 2728 1510 2769 Et
1534 2727 1698 2769 factum
1722 2731 1789 2768 est
1811 2739 1905 2768 ver-
