2040 2976
465 308 659 348 I'salmus
683 309 764 347 123.

293 361 346 402 isi
374 362 476 414 quia
502 362 717 404 Dominus
750 366 844 404 erat
875 362 919 403 in
950 374 1024 403 no-

315 418 401 468 bis,
429 418 547 460 dicat
573 432 688 460 nunc
712 418 866 460 Israel:
893 419 916 445 *
944 418 1026 459 nisi

201 475 302 528 quia
320 475 535 517 Dominus
555 480 648 517 erat
667 475 710 516 in
729 475 867 525 nobis,

251 532 359 573 Cum
374 535 658 583 exsurgerent
668 531 866 574 homines
879 532 922 572 in
932 544 1025 581 nos,

199 590 222 615 *
241 588 354 630 forte
375 588 501 630 vivos
522 588 809 639 deglutissent
827 601 923 630 nos:

252 645 361 687 Cum
384 645 644 687 irasceretur
666 645 786 686 furor
811 647 962 686 eorum
981 644 1024 685 in

198 714 297 751 nos,
324 703 348 729 *
376 701 559 743 forsitan
585 714 699 754 aqua
724 701 1025 743 absorbuisset

198 771 290 800 nos.

249 815 512 856 Torrentem
558 814 838 867 pertransivit
883 814 1026 854 anima

198 877 366 913 nostra:
393 874 417 899 *
443 871 624 913 forsitan
650 873 959 924 pertransisset
983 872 1024 911 a·

198 929 315 969 nima
333 933 482 969 nostra
501 940 659 981 aquam
678 926 1008 968 intolerabilem.

250 984 517 1026 Benedictus
543 984 758 1025 Dominus
786 985 809 1010 *
839 984 913 1036 qui
937 996 1025 1025 non

199 1041 321 1083 dedit
347 1053 442 1091 nos,
472 1041 516 1081 in
544 1040 794 1101 captionem
823 1039 1025 1081 dentibus

199 1100 362 1139 eorum.

250 1155 408 1195 Anima
436 1159 586 1196 nostra
614 1154 726 1195 sicut
753 1165 906 1206 passer
935 1154 1024 1194 ere-

198 1216 275 1264 pta
295 1216 361 1253 est
379 1212 403 1238 *
423 1209 477 1252 de
496 1210 654 1262 laqueo
675 1210 941 1252 venantium:

249 1267 453 1320 Laqueus
479 1269 692 1309 contritus
718 1271 800 1317 est,
826 1267 850 1293 *
876 1271 920 1308 et
943 1278 1024 1307 nos

198 1323 370 1366 liberati
389 1337 549 1366 sumus.

249 1380 526 1434 Adiutorium
555 1384 754 1422 nostrum
781 1379 824 1420 in
849 1379 1024 1421 nomine

198 1438 294 1487 Dfii,
314 1439 337 1463 *
357 1438 431 1490 qui
451 1437 552 1480 fecit
572 1436 733 1479 coelum
752 1441 795 1478 et
814 1441 987 1478 terram.

251 1494 403 1536 Gloria
420 1494 550 1536 Patri.

464 1558 657 1597 Psalmus
678 1559 761 1597 124.

282 1612 326 1653 ui
354 1611 579 1653 confidunt
607 1611 650 1651 in
678 1611 885 1660 Domino,
913 1610 1026 1652 sicut

303 1681 428 1709 mons
455 1667 578 1709 Sion:
610 1668 633 1692 *
664 1680 751 1709 non
780 1668 1024 1708 commove-

182 1725 316 1768 bitur
347 1726 391 1766 in
423 1726 653 1774 aeternum,
686 1724 760 1776 qui
787 1723 955 1766 habitat
981 1723 1026 1764 in

199 1782 450 1823 Jerusalem.

251 1838 425 1880 Montes
444 1838 691 1879 incircuitu
710 1837 815 1889 ejus:
833 1838 857 1863 *
877 1841 920 1878 et
938 1836 1025 1877 Do-

199 1895 340 1936 minus
372 1895 416 1935 in
453 1895 637 1936 circuitu
666 1893 819 1947 populi
850 1893 935 1943 sui,
972 1905 1026 1934 ex

199 1951 285 1993 hoc
302 1965 417 1993 nunc
437 1956 481 1994 et
497 1964 638 2004 usque
657 1951 700 1991 in
720 1949 939 1992 saeculum.

253 2009 363 2058 Quia
382 2021 470 2050 non
484 2008 700 2060 relinquet
715 2007 931 2048 Dominus
945 2006 1026 2047 vir-

201 2078 300 2116 gam
324 2065 608 2118 peccatorum
631 2077 764 2122 super
785 2069 948 2105 sortem
969 2063 1027 2115 ju-

203 2123 385 2163 storum:
416 2124 439 2149 *
469 2127 518 2163 ut
547 2132 635 2163 non
666 2120 901 2163 extendant
927 2119 1027 2172 justi

202 2177 259 2219 ad
278 2178 549 2230 iniquitatem
567 2191 721 2219 manus
740 2190 853 2219 suas.

254 2234 444 2276 Benefac
466 2235 654 2276 Domine
676 2234 820 2283 bonis,
847 2235 871 2259 ¹⁸¹
897 2238 941 2275 et
963 2246 1027 2275 re-

203 2291 284 2333 ctis
303 2289 446 2332 corde.

254 2347 535 2389 Declinantes
562 2352 707 2389 autem
731 2347 775 2388 in
801 2346 1028 2399 obligatio-

202 2417 280 2446 nes
315 2402 506 2445 adducet
541 2404 755 2445 Dominus
792 2417 891 2445 cum
926 2416 1028 2457 ope-

203 2460 401 2502 rantibus
425 2460 714 2512 iniquitatem:
738 2462 762 2487 *
785 2473 873 2513 pax
897 2472 1030 2513 super

204 2517 351 2558 Israel.

257 2573 410 2616 Gloria
429 2573 560 2615 Patri.

256 2632 353 2671 Ant.
402 2632 453 2670 ln
490 2629 674 2671 odorem
710 2630 1030 2680 unguentorum

203 2689 378 2728 tuorum
416 2686 649 2727 currimus:
692 2684 1030 2727 adolescentulae

204 2743 450 2785 dilexerunt
469 2747 513 2784 te
534 2742 671 2783 nimis.

698 212 872 245 Officium
899 222 1058 254 parvum
1085 211 1124 244 Β.
1151 210 1282 243 Mariae
1308 210 1411 251 Yirg.

1132 302 1391 354 Capitulum.
1579 302 1709 343 Eccli.
1727 304 1792 343 24.
1813 302 1851 343 b.

1158 364 1175 400 t
1209 358 1402 402 radicavi
1430 360 1473 401 in
1505 360 1672 414 populo
1698 360 1903 403 honorifi-

1175 418 1292 466 cato,
1318 422 1362 458 et
1386 417 1430 458 in
1455 422 1581 470 parte
1603 417 1687 459 Dei
1709 417 1795 459 mei
1816 416 1903 459 hae-

1077 471 1240 514 reditas
1283 473 1421 524 illius,
1466 478 1510 516 et
1550 474 1594 514 in
1634 473 1904 527 plenitudine

1078 531 1331 571 sanctorum
1351 529 1546 572 detentio
1565 542 1674 572 mea.

1133 590 1182 629 R
1206 586 1303 628 Deo
1323 587 1498 638 gratias.

1132 642 1181 692 V
1212 642 1468 685 Benedicta
1485 648 1534 685 tu
1566 643 1610 684 in
1639 642 1905 685 mulieribus.

1081 703 1131 753 R.
1141 699 1198 740 Et
1208 699 1467 742 benedictus
1479 700 1646 741 fructus
1656 699 1820 741 ventris
1830 699 1904 741 tui.

1133 756 1264 808 Kyrie
1292 756 1468 798 eleison.
1522 755 1695 800 Christe
1727 755 1905 797 eleison.

1083 813 1212 883 Kyrie
1233 813 1408 855 eleison.

1134 865 1183 917 Y!
1217 870 1433 911 Dominus
1469 869 1709 912 vobiscum.
1762 872 1813 924 R.
1847 869 1905 910 Et

1078 938 1177 967 cum
1195 926 1352 979 spiritu
1371 932 1459 969 tuo.

1415 991 1577 1033 Oratio.

1152 1044 1320 1086 oncede
1334 1045 1584 1087 misericors
1598 1045 1730 1094 Deus,
1747 1043 1904 1096 fragili-

1173 1101 1254 1143 tati
1277 1106 1441 1143 nostrae
1464 1100 1734 1154 praesidium:
1759 1105 1808 1142 ut
1831 1099 1905 1152 qui

1077 1162 1241 1198 sanctae
1269 1158 1354 1199 Dei
1382 1157 1618 1199 Genitricis
1649 1156 1905 1199 memoriam

1077 1214 1258 1265 agimus,
1277 1214 1604 1256 intercessionis
1624 1215 1714 1266 ejus
1732 1212 1904 1263 auxilio,

1077 1283 1102 1311 a
1121 1271 1284 1312 nostris
1298 1270 1599 1324 iniquitatibus
1614 1271 1905 1322 resurgamus.

1075 1327 1161 1369 Per
1180 1326 1383 1369 eumdem
1402 1327 1649 1369 Dominum.

1355 1397 1423 1434 Ad
1445 1398 1628 1434 Nonam.

1136 1458 1224 1495 Ave
1243 1454 1393 1496 Maria.

1133 1512 1183 1563 V.
1206 1515 1328 1557 Deus
1346 1516 1390 1556 in
1410 1515 1683 1568 adjutorium.

1389 1579 1599 1629 Hymnus.

1206 1638 1390 1687 emento‚
1409 1650 1554 1679 rerum
1573 1635 1795 1686 Conditor,

1231 1694 1385 1736 Nostri
1405 1693 1525 1747 quod
1544 1694 1649 1735 olim
1670 1691 1880 1745 corporis,

1155 1750 1334 1794 Sacrata
1353 1751 1408 1793 ab
1428 1751 1528 1793 alvo
1547 1750 1742 1802 Virginis

1154 1807 1390 1851 Nascendo
1409 1808 1595 1851 formam
1613 1805 1866 1860 sumpseris.

1108 1877 1240 1917 Maria
1257 1875 1398 1916 Mater
1416 1874 1581 1926 gratiae,

1155 1930 1308 1972 Dulcis
1326 1944 1486 1984 parens
1506 1929 1761 1980 clementiae,

1157 1988 1226 2030 Tu
1245 2001 1326 2030 nos
1346 1988 1400 2030 ab
1421 1987 1550 2030 hoste
1568 1989 1764 2041 protege,

1155 2044 1212 2086 Et
1231 2045 1386 2087 mortis
1403 2044 1514 2087 hora
1534 2044 1719 2097 suscipe.

1107 2112 1222 2160 Jesu,
1239 2110 1319 2152 tibi
1341 2110 1396 2152 sit
1414 2110 1563 2162 gloria,

1158 2166 1241 2217 Qui
1260 2172 1388 2209 natus
1405 2180 1453 2208 es
1473 2166 1528 2209 de
1549 2165 1738 2218 Virgine,

1157 2223 1266 2265 Cum
1284 2224 1425 2274 Patre,
1445 2228 1490 2265 et
1509 2223 1624 2265 almo
1643 2221 1817 2276 Spiritu,

1155 2281 1206 2322 In
1226 2280 1492 2333 sempiterna
1508 2279 1680 2322 saecula.
1708 2278 1861 2320 Amen.

1134 2344 1231 2383 Ant.
1260 2340 1446 2383 Pulchra
1466 2354 1523 2382 es.

1282 2400 1284 2402 ’
1339 2403 1537 2444 Psalmus
1557 2403 1642 2443 125.

1091 2474 1129 2516 {effi
1152 2475 1190 2513 [ἐξ
1205 2473 1232 2500 n
1266 2458 1563 2501 convertendo
1592 2457 1807 2499 Dominus
1839 2469 1906 2498 ca-

1103 2557 1125 2577 s
1152 2514 1191 2569 Η,
1222 2516 1469 2569 ptivitatem
1496 2515 1620 2557 Sion:
1651 2515 1675 2540 *
1708 2513 1811 2562 facti
1840 2525 1907 2554 su-

1094 2574 1125 2592 *
1223 2585 1320 2614 mus
1341 2572 1453 2614 sicut
1473 2570 1702 2613 consolati:
1832 2583 1838 2589 ·

1134 2629 1259 2670 Tunc
1273 2629 1489 2682 repletum
1504 2633 1571 2670 est
1585 2627 1746 2679 gaudio
1764 2639 1814 2668 os
1832 2638 1906 2667 no-

1083 2690 1236 2727 strum:
1263 2686 1287 2711 *
1317 2690 1360 2727 et
1386 2685 1534 2736 lingua
1552 2689 1703 2726 nostra
1722 2682 1906 2725 exsulta·
1964 2726 1967 2727 ⁷

1081 2742 1211 2783 tione.
