2040 2976
497 182 568 217 Die
590 183 642 217 26.
667 182 783 216 Junii.
831 181 888 216 Ss.
914 181 1079 216 Joannis
1105 186 1141 215 et
1161 181 1272 216 Pauli
1297 182 1516 226 Martyrum.

160 288 204 325 et
217 282 527 324 miraculorum
536 282 652 323 fama
662 282 855 338 allectos.
874 282 989 324 Nam

158 340 268 381 muti
277 339 509 392 loquelam,
523 338 644 380 surdi
655 337 862 388 auditum,
879 337 989 379 aridi

157 396 369 448 vigorem,
409 396 621 448 varioque
660 400 703 436 et
739 394 988 436 immedica-

159 452 235 494 bili
262 452 420 494 morbo
454 452 722 501 laborantes,
754 451 988 493 sanitatem

158 509 296 561 ipsius
350 509 662 550 intercessione
715 509 987 560 receperunt.

158 566 335 618 Aquam
364 565 410 606 in
440 565 589 607 vinum
620 565 854 614 convertit,
886 564 986 605 alia-

159 634 244 674 que
273 621 503 675 complura
530 621 748 663 mirabilia
778 621 986 674 patravit:

156 679 270 720 inter
284 691 383 731 quae
393 677 503 721 illud
513 691 601 720 non
612 677 838 727 silendum,
856 677 987 730 quod,

157 734 411 776 muliercula
435 734 493 776 ad
516 736 607 787 ejus
631 735 878 777 castitatem
897 739 986 775 ten-

157 791 338 834 tandam
362 791 513 842 missa,
541 792 585 832 in
609 790 864 833 ardentibus
888 803 986 843 pru-

156 848 223 889 nis
250 847 373 888 humi
400 848 550 890 stratis
578 848 764 890 illaesum
792 860 840 889 se
866 847 986 889 volu-

156 904 277 946 tavit.
303 904 372 946 De
394 917 480 957 qua
496 918 544 947 re
563 905 725 947 certior
743 905 885 946 factus
899 905 985 945 Ro-

155 961 301 1012 gerius
329 960 543 1014 Neapolis
571 974 666 1011 rex,
700 962 745 1002 in
772 975 988 1003 summam

155 1017 237 1058 viri
263 1017 348 1059 Dei
380 1018 710 1060 venerationem
742 1017 987 1060 adducitur.

155 1073 345 1116 Demum
378 1076 581 1128 tempore
613 1075 680 1116 sui
708 1075 856 1117 Obitus
884 1074 987 1125 regi,

156 1130 341 1182 aliisque
384 1132 697 1184 praenuntiato,
747 1131 986 1172 innumeris

155 1186 392 1229 virtutibus
420 1192 464 1230 et
490 1188 713 1230 miraculis
741 1188 885 1229 clarus
911 1187 986 1229 ob-

157 1242 363 1286 dormivit
387 1244 432 1285 in
455 1245 664 1295 Domino,
694 1257 807 1286 anno
834 1244 987 1286 salutis

156 1299 388 1342 millesimo
426 1301 665 1342 centesimo
706 1300 986 1353 quadragesi-

157 1369 230 1398 mo
250 1356 456 1399 secundo.
490 1360 540 1413 R.
567 1359 658 1400 Iste
678 1358 824 1400 homo.
844 1357 923 1410 [72]

203 1425 245 1459 In
270 1425 334 1459 ΙΙΙ.
356 1425 554 1461 Nocturno
580 1427 751 1462 Homilia
776 1428 814 1462 in
834 1428 979 1471 Evang.

151 1473 255 1509 Ecce
279 1483 352 1509 nos
375 1474 611 1519 reliquimus.
636 1476 683 1510 de
709 1476 853 1511 Comm.
878 1477 979 1511 Abb.

153 1522 181 1556 1.
205 1522 304 1557 loeo.
337 1522 418 1566 [80]

203 1578 247 1613 In
266 1579 386 1614 Laud.
411 1590 607 1616 commem.
631 1581 789 1616 Octavae
811 1581 846 1616 S.
863 1583 980 1617 Joan-

156 1626 227 1662 nis.
258 1627 347 1662 Ant.
379 1628 571 1672 Apertum
599 1632 666 1663 est.
698 1625 742 1671 V.
779 1629 857 1663 Iste
889 1638 986 1672 puer

156 1685 330 1719 magnus.
354 1675 497 1711 Oratio.
522 1677 642 1720 Deus,
667 1676 743 1720 qui.
767 1677 842 1712 357.

203 1731 319 1775 Vesp.
345 1742 366 1766 a
388 1732 511 1776 Capit.
538 1733 585 1767 de
611 1743 717 1776 sequ.
740 1743 825 1767 cum
846 1744 980 1768 comm.

150 1788 266 1822 praec.
291 1784 327 1814 et
350 1779 430 1815 Oct.
455 1780 491 1815 S.
516 1781 654 1815 Joann.

416 1868 499 1909 Die
519 1869 586 1909 26.
604 1868 629 1908 J
630 1869 729 1910 unii.

173 1943 244 1986 Ss.
261 1942 293 1984 J
293 1945 472 1986 oannis
486 1951 530 1986 et
555 1945 701 1988 Pauli
712 1944 963 1996 Martyrum.

483 2010 647 2053 Duplex.

204 2073 341 2109 Omnia
374 2075 421 2109 de
452 2075 655 2110 Communi
690 2076 839 2119 plurim.
873 2075 979 2109 Mart.

157 2122 226 2167 [35]
244 2126 387 2166 praeter
411 2133 517 2167 sequ.

369 2198 430 2239 In
455 2199 492 2240 Ι.
521 2199 773 2250 vesperis.

203 2260 367 2302 Quando
390 2262 567 2298 dicendae
585 2267 674 2297 sunt
691 2263 866 2305 integrae,
892 2262 979 2295 Ant.

152 2307 199 2342 de
227 2309 348 2344 Laud.
384 2312 459 2347 363.
500 2311 560 2345 Ps.
593 2315 634 2346 ut
665 2312 703 2345 in
734 2311 759 2344 I.
784 2310 900 2353 Vesp.
932 2309 979 2343 de

150 2355 295 2391 Comm.
319 2359 457 2402 Apost.
494 2360 541 2404 [2]

229 2417 490 2470 Capitulum.
746 2419 845 2470 Sap.
865 2419 902 2458 3.

150 2477 424 2585 JustOrum
461 2485 617 2527 animae
656 2486 700 2527 in
735 2498 866 2526 manu
900 2486 985 2527 Dei

249 2546 365 2591 sunt,
399 2546 442 2583 et
473 2554 561 2582 non
591 2547 743 2592 tanget
770 2541 870 2582 illos
897 2546 983 2583 tor-

158 2599 353 2639 mentum
380 2597 545 2639 mortis.
585 2597 683 2639 Visi
715 2602 815 2639 sunt
847 2597 984 2638 oculis

158 2653 453 2706 insipientium
476 2653 602 2695 mori:
629 2653 691 2694 illi
715 2658 862 2695 autem
886 2659 985 2696 sunt

152 2722 203 2750 ·1n
219 2722 341 2762 pace.

1803 190 1870 225 359

1344 276 1555 326 Hymnus.

1036 330 1346 438 Sanctorum
1382 344 1547 386 meritis
1574 346 1736 398 inclyta
1767 350 1868 398 gau-

1351 399 1424 441 dia

1092 454 1340 506 Pangamus
1360 457 1478 507 socii,
1495 459 1706 510 gestaque
1725 460 1869 502 fortia:

1093 512 1295 554 Gliscens
1336 513 1420 555 fert
1458 514 1626 556 animus
1666 518 1868 568 premere

1352 570 1553 612 cantibus

1196 625 1429 667 Victorum
1446 639 1583 677 genus
1604 630 1827 681 Optimum.

1037 686 1099 727 Hi
1132 691 1248 736 sunt,
1286 699 1396 739 quos
1428 687 1549 730 fatue
1580 690 1768 733 mundus
1796 691 1868 732 ab·

1351 744 1534 795 horruit3

1092 799 1222 840 Hunc
1261 799 1406 842 fructu
1444 804 1645 852 vacuum,
1688 803 1870 845 floribus

1353 857 1522 899 aridum

1094 912 1410 966 Contempsere
1460 915 1523 956 tui
1568 916 1755 957 nominis
1807 920 1870 957 as-

1351 971 1482 1012 seclae

1196 1026 1220 1067 J
1223 1039 1301 1068 esu
1320 1027 1418 1069 Rex
1437 1027 1553 1070 bone
1574 1028 1780 1071 co'elitum.

1037 1091 1099 1131 Hi
1113 1104 1195 1144 pro
1211 1097 1255 1133 te
1270 1092 1415 1144 furias,
1431 1099 1564 1146 atque
1575 1094 1714 1135 minas
1725 1100 1871 1137 truces

1095 1148 1328 1191 Calcarunt
1372 1149 1617 1202 himinum,
1664 1154 1870 1204 saevaque

1352 1206 1552 1249 verbera:

1093 1263 1175 1304 His
1204 1263 1337 1305 cessit
1369 1263 1569 1305 lacerans
1598 1265 1769 1307 fortiter
1796 1269 1869 1307 un-

1350 1320 1462 1372 gula,

1195 1377 1290 1418 Nec
1310 1378 1475 1430 carpsit
1494 1379 1748 1430 penetralia.

1038 1441 1277 1484 Caeduntur
1296 1442 1455 1493 gladiis
1475 1457 1597 1485 more
1612 1444 1868 1486 bidentium:

1092 1499 1194 1540 Non
1221 1512 1416 1540 murmur
1439 1502 1632 1550 resonat,
1660 1514 1747 1543 non
1768 1514 1868 1554 que-

1095 1554 1100 1557 ’
1349 1556 1550 1607 rimonia;

1090 1611 1178 1654 Sed
1206 1611 1341 1654 corde
1369 1613 1595 1666 impavido
1615 1627 1736 1656 mens
1756 1614 1868 1656 bene

1351 1671 1528 1712 c6nscia

1196 1726 1438 1769 Conservat
1456 1727 1722 1780 patientiam.

1039 1792 1148 1840 Quae
1167 1803 1271 1840 VOX‚
1294 1804 1392 1843 quae
1412 1793 1576 1844 peterit
1594 1792 1740 1843 lingua
1759 1795 1867 1834 rete-

1351 1861 1467 1898 xere,

1091 1905 1200 1954 Quae
1218 1909 1266 1945 tu
1282 1904 1546 1957 Martyribus
1560 1908 1743 1947 munera
1758 1908 1867 1958 prae-

1349 1961 1502 2014 paras?

1091 2016 1231 2059 Rubri
1258 2030 1360 2058 nam
1384 2018 1521 2060 fluido
1551 2019 1762 2071 sanguine
1790 2020 1867 2062 ful-

1348 2074 1463 2126 gidis

1194 2129 1381 2182 Cingunt
1401 2133 1604 2185 tempora
1623 2132 1795 2174 laureis.

1037 2195 1101 2235 Te
1130 2207 1299 2236 summa
1332 2208 1358 2236 o
1387 2196 1556 2247 Deitas,
1588 2201 1763 2250 unaque
1790 2201 1868 2251 po-

1349 2253 1526 2303 scimus3

1090 2306 1150 2348 Ut
1174 2307 1327 2360 culpas
1351 2309 1518 2361 abigas,
1545 2311 1676 2352 noxia
1699 2311 1867 2354 subtra-

1348 2366 1437 2418 haS‚

1089 2420 1181 2462 Des
1205 2434 1361 2473 pacem
1387 2423 1576 2474 famulis,
1602 2428 1651 2482 ut
1673 2423 1753 2466 tibi
1775 2423 1865 2475 glo-

1347 2479 1456 2521 riam

1091 2534 1287 2576 Ariorum
1300 2535 1344 2576 in
1359 2536 1517 2578 seriem
1533 2541 1700 2578 canant.
1714 2536 1866 2576 Amen.

1087 2595 1139 2647 V.
1171 2599 1403 2641 Laetamini
1426 2601 1470 2641 in
1493 2601 1699 2649 D6mino‚
1727 2604 1771 2641 et
1795 2612 1864 2641 ex-

1038 2654 1198 2697 sultate
1225 2656 1337 2707 justi.
1384 2656 1434 2708 Rz.
1463 2657 1520 2699 Et
1546 2655 1792 2707 gloriamini
1820 2668 1863 2698 o-

1037 2724 1161 2753 mnes
1179 2712 1289 2754 recti
1307 2711 1452 2754 corde.
