2040 2976
530 211 599 244 Die
627 212 675 244 12.
701 211 818 244 Junii.
866 211 899 244 S.
925 211 1090 243 ,Ioannis
1117 222 1137 243 a
1164 210 1197 243 S.
1224 211 1408 244 Facundo
1435 211 1543 245 Conf.

183 314 310 359 esset,
329 309 418 350 vini
433 307 645 350 doliolum
659 308 758 361 ipso
774 307 1015 358 attingente

182 366 384 408 omnibus
407 364 633 406 monachis
657 377 738 417 per
761 377 922 406 annum
942 364 1014 405 ab·

181 422 297 464 unde
323 421 507 463 suffecit.
539 421 710 462 Exacto
735 420 925 462 tirocinii
944 433 1014 462 an-

180 491 255 529 no,
284 478 485 531 praefecti
512 479 631 530 iussu
658 490 816 518 munus
843 477 1015 519 concio-

181 534 316 576 nandi
363 534 569 587 suscepit.
645 534 924 576 Salmanticae
970 534 1015 575 id

181 591 396 644 temporis
436 590 549 632 adeo
589 591 781 632 cruentis
818 590 1015 632 factioni-

180 648 263 689 bus
282 647 440 697 divina,
460 647 739 699 humanaque
758 647 905 688 omnia
918 660 1015 700 per-

179 707 318 746 mixta
339 708 478 753 erant,
506 708 555 745 ut
580 703 760 755 singulis
778 705 1030 759 propemoffi

181 760 285 802 dum
295 760 417 801 horis
428 758 575 801 caedes
586 760 751 809 fierent,
768 764 812 801 et
822 760 1016 801 omnium

181 817 400 867 ordinum,
438 830 490 858 ac
523 816 771 869 praesertim
803 816 1017 857 nobilium

180 873 392 925 sanguine
417 886 506 914 non
533 873 615 914 viae
642 873 804 922 solum,
833 877 878 914 et
902 872 1016 923 fora,

181 930 262 971 sed
291 929 458 982 templa
488 929 620 971 etiam
648 928 958 971 redundarent.

234 988 281 1038 Rg.
310 986 490 1027 Amavit
510 998 611 1027 eum
630 986 862 1035 Dominus,
883 991 927 1027 et
948 999 1015 1027 or-

180 1043 301 1084 navit
336 1055 452 1084 eum:
494 1042 655 1083 stolam
687 1042 840 1093 gloriae
874 1041 1017 1084 induit

181 1112 291 1149 eum,
316 1101 337 1123 *
370 1100 427 1141 Et
454 1098 511 1140 ad
539 1104 693 1151 portas
722 1097 918 1151 paradisi
946 1111 1016 1140 co·

179 1156 354 1197 ronavit
373 1168 484 1197 eum.
504 1150 554 1201 Y.
580 1154 729 1196 Induit
749 1168 849 1196 eum
865 1155 1015 1196 Domi-

179 1225 262 1253 nus
287 1212 471 1253 loricam
496 1210 612 1260 fidei,
637 1215 681 1252 et
707 1211 882 1253 ornavit
905 1224 1016 1252 eum.

179 1268 237 1309 Et
259 1267 318 1310 ad
340 1274 505 1321 portas.
698 1267 703 1271 ’

482 1324 635 1365 Lectio
657 1324 710 1364 vi.

257 1386 275 1422 t
285 1381 310 1421 J
313 1383 490 1430 oannes,
500 1385 595 1421 tum
610 1379 908 1430 concionibus,
924 1385 1017 1421 tum

293 1437 480 1490 privatis
500 1436 733 1488 colloquiis
749 1436 910 1477 civium
928 1437 1015 1477 ani-

180 1507 276 1535 mos
291 1494 558 1543 demulcens,
578 1492 635 1534 ad
654 1493 1016 1545 tranquillitatem

181 1550 335 1592 urbem
360 1550 547 1592 reduxit.
588 1550 745 1591 Virum
769 1550 1016 1602 principem

181 1607 375 1659 graviter
413 1606 611 1656 offendit,
659 1606 780 1658 quod
819 1606 934 1647 illius
971 1607 1015 1647 in

181 1663 386 1705 subditos
449 1663 663 1704 saevitiam
733 1663 1016 1716 increpasset.

182 1721 279 1770 Qua
307 1720 362 1761 de
391 1732 524 1761 causa
554 1720 723 1771 equites
747 1719 860 1761 duos
879 1720 1015 1761 immi-

182 1777 249 1825 sit,
271 1777 345 1828 qui
365 1789 465 1817 eum
483 1776 527 1816 in
543 1776 697 1817 itinere
714 1775 1016 1826 confoderent,

181 1833 354 1884 jamque
370 1832 427 1873 ad
439 1833 583 1884 ipsum
595 1833 1017 1885 propinquaverant:

182 1902 299 1938 cum,
343 1891 525 1941 stupore
564 1887 773 1930 divinitus
809 1889 1016 1939 immisso,

182 1945 310 1986 simul
336 1958 435 1986 cum
460 1946 584 1997 equis
615 1945 862 1987 immobiles
887 1948 1016 1987 stete-

183 2006 301 2051 runt,
335 2001 478 2043 donec
510 2001 567 2043 ad
598 2001 737 2054 pedes
767 2002 906 2043 sancti
934 2003 1018 2044 viri

182 2058 426 2111 provoluti,
459 2058 636 2099 sceleris
665 2059 838 2099 veniam
865 2071 1016 2112 preca—

183 2116 345 2155 rentur.
386 2115 489 2166 Ipse
517 2127 694 2167 quoque
719 2115 927 2168 princeps
953 2128 1018 2157 re-

183 2171 364 2222 pentino
391 2172 560 2211 terrore
580 2171 827 2222 perculsus,
852 2172 937 2222 jam
963 2171 1018 2213 de

184 2225 324 2267 salute
345 2224 670 2278 desperaverat,
690 2240 791 2268 cum
806 2230 1017 2269 revocato

183 2282 369 2331 Joanne,
402 2282 506 2324 facti
540 2283 761 2335 poenitens
792 2284 1018 2325 incolumi-

183 2339 265 2380 tati
297 2337 497 2380 redditus
530 2344 608 2380 est.
662 2340 855 2381 Factiosi
886 2341 1019 2382 etiam

184 2393 400 2442 homines,
428 2406 528 2435 cum
557 2406 657 2435 eum
684 2395 872 2437 fustibus
899 2397 1018 2448 pete-

185 2455 300 2500 rent,
325 2449 518 2492 brachiis
543 2450 778 2502 diriguere,
812 2464 894 2493 nec
919 2457 1018 2494 ante

185 2506 372 2548 redditae
388 2507 508 2548 vires
529 2519 660 2558 quam
680 2506 829 2549 delicti
847 2508 1019 2549 veniam

184 2564 482 2615 precarentur.
526 2562 747 2604 Christum
771 2563 1020 2614 Dominum,

187 2617 293 2661 dum
327 2619 509 2660 Sacrum
541 2619 722 2668 faceret,
753 2621 1020 2671 praesentem

188 2675 403 2725 contueri,
426 2680 559 2727 atque
583 2687 638 2716 ex
657 2675 757 2727 ipso
778 2675 1020 2717 divinitatis

186 2731 307 2774 fonte
352 2730 553 2773 coelestia
596 2731 805 2782 mysteria
848 2731 1020 2772 haurire

1067 306 1234 348 solitus.
1289 305 1457 348 Abdita
1493 306 1640 348 cordis
1673 307 1901 360 inspicere,

1068 375 1119 404 ac
1155 362 1303 404 futura
1334 375 1435 404 raro
1468 365 1630 405 eventu
1661 366 1901 416 praesagire

1067 419 1275 470 frequens
1295 419 1358 460 illi
1376 419 1473 469 fuit,
1500 419 1738 472 fratrisque
1764 420 1902 462 filiam

1069 477 1326 527 septennem
1342 477 1563 517 mortuam
1579 476 1796 518 excitavit.
1815 477 1902 518 De-

1067 532 1201 584 nique
1229 532 1384 574 mortis
1414 530 1485 573 die
1513 533 1829 584 praenuntiato,
1858 537 1902 575 et

1067 588 1281 629 Ecclesiae
1307 588 1595 629 sacramentis
1615 587 1901 631 devotissime

1068 645 1302 697 susceptis,
1331 646 1576 686 extremum
1599 643 1717 686 diem
1735 645 1902 695 clausit,

1067 701 1218 742 multis
1247 705 1347 742 ante
1376 705 1420 742 et
1447 703 1552 753 pos't
1579 699 1748 742 obitum
1775 701 1903 742 mira-

1069 758 1179 799 culis
1194 758 1426 808 gloriosus.
1454 757 1624 807 Quibus
1642 757 1726 799 rite
1744 757 1903 810 proba-

1067 814 1125 856 tis
1151 814 1406 856 Alexander
1433 815 1619 855 octavus
1648 815 1903 855 sanctOrum

1069 874 1254 912 numero
1275 884 1373 913 eum
1395 869 1642 922 adscripsit.

1121 928 1171 978 Rg.
1198 928 1289 969 Iste
1307 927 1452 969 homo.
1481 926 1562 979 [72]

1122 988 1164 1021 In
1193 988 1254 1021 111.
1279 988 1479 1022 Nocturno
1508 988 1677 1022 llomilia
1700 988 1738 1021 in
1755 988 1901 1031 Evang.

1068 1035 1153 1070 Sint
1174 1035 1298 1070 lumbi
1320 1036 1453 1071 vestri.
1478 1036 1524 1070 dc
1543 1036 1679 1070 eodem
1698 1036 1903 1071 Communi

1070 1084 1096 1116 1.
1122 1083 1219 1117 loco.
1246 1083 1316 1128 [74]

1269 1144 1343 1177 Pro
1368 1144 1424 1179 Ss.
1451 1145 1699 1189 Martyribus.

1372 1201 1524 1241 Lectio
1545 1202 1599 1242 ix.

1071 1264 1343 1370 .asilides,
1364 1265 1561 1317 Cyrinus,
1580 1265 1734 1306 Nabor
1754 1271 1798 1307 et
1815 1265 1902 1307 Na-

1171 1322 1333 1371 zarius,
1361 1321 1554 1362 Romani
1575 1321 1754 1371 militeS,
1781 1321 1903 1363 nobi-

1067 1378 1132 1420 les
1147 1380 1318 1429 genere,
1335 1382 1379 1419 et
1392 1377 1556 1419 virtute
1569 1377 1775 1428 illustres,
1794 1377 1903 1419 chri-

1070 1436 1211 1477 stiana
1256 1435 1469 1486 religione
1520 1438 1746 1487 suscepta,
1805 1448 1904 1477 cum

1071 1492 1295 1534 Christum
1319 1491 1405 1532 Dei
1429 1490 1598 1540 Filium,
1622 1491 1903 1533 Diocletiano

1068 1548 1347 1601 imperatore,
1366 1546 1671 1600 praedicarent,
1691 1547 1746 1589 ab
1766 1549 1904 1589 Aure-

1068 1605 1129 1647 lio
1162 1605 1376 1658 praefecto
1410 1604 1543 1645 Urbis
1579 1603 1904 1656 comprehensi,

1070 1667 1114 1704 et
1136 1666 1186 1703 ut
1209 1661 1294 1703 diis
1318 1674 1442 1702 sacra
1461 1661 1659 1702 facerent
1678 1659 1904 1710 admoniti,

1070 1719 1162 1770 ejus
1176 1720 1293 1770 jussa
1309 1718 1652 1766 contemnentes,
1666 1717 1789 1758 missi
1805 1722 1906 1759 sunt

1069 1775 1112 1816 in
1158 1777 1392 1816 carcerem.
1447 1773 1618 1824 Quibus
1664 1773 1904 1824 orantibus,

1070 1844 1170 1873 cum
1197 1831 1344 1872 sabito
1374 1830 1617 1871 clarissima
1642 1829 1718 1870 lux
1746 1829 1904 1871 oborta

1070 1888 1265 1929 omnium
1284 1886 1440 1936 oculis,
1469 1886 1543 1938 qui
1560 1885 1726 1927 ibidem
1746 1891 1904 1936 essent,

1070 1946 1296 1986 carcerem
1324 1943 1644 1985 collustrasset:
1669 1942 1746 1984 illo
1774 1942 1904 1984 coele-

1070 2001 1127 2043 sti
1145 2000 1384 2054 splendore
1405 2001 1653 2041 commotus
1671 1998 1905 2040 Marcellus

1071 2057 1286 2099 custodiae
1296 2056 1575 2109 praeposituS,
1589 2055 1806 2108 multique
1823 2055 1906 2105 alii,

1071 2113 1246 2155 Christo
1270 2112 1463 2154 Domino
1491 2110 1785 2153 crediderunt.
1819 2110 1905 2153 Ve-

1071 2183 1168 2211 rum
1199 2171 1357 2222 postea
1389 2181 1414 2210 e
1445 2170 1622 2210 carcere
1651 2168 1818 2218 emissi,
1849 2167 1905 2209 ab

1070 2227 1338 2280 imperatore
1366 2224 1652 2274 Maximiano,
1687 2237 1786 2266 cum
1815 2224 1906 2274 eius

1072 2283 1204 2324 etiam
1218 2281 1420 2334 neglecto
1435 2281 1633 2334 imperio,
1648 2294 1784 2322 unum
1795 2280 1908 2322 Chri·

1073 2345 1188 2381 stum
1218 2339 1363 2380 Deum
1399 2342 1443 2379 et
1474 2338 1714 2379 Dominum
1752 2337 1796 2378 in
1828 2349 1906 2378 ore

1071 2395 1302 2444 haberent,
1361 2393 1670 2446 scorpionibus
1724 2392 1906 2435 cruciati

1072 2454 1229 2494 iterum
1250 2451 1539 2503 conjiciuntur
1556 2450 1601 2490 in
1620 2449 1807 2491 vincula:
1830 2461 1905 2490 un-

1073 2508 1129 2550 de
1147 2508 1338 2560 septimo
1359 2506 1430 2549 die
1450 2506 1615 2556 educti,
1643 2511 1688 2547 et
1712 2510 1812 2547 ante
1831 2517 1904 2557 pe-

1073 2564 1152 2606 des
1172 2563 1453 2617 imperatoris
1477 2561 1721 2611 constitiiti,
1750 2561 1906 2613 persti-

1072 2622 1220 2662 terunt
1233 2620 1277 2660 in
1291 2620 1493 2661 irrisione
1506 2618 1700 2660 inanium
1711 2617 1906 2666 deorum,

1073 2676 1096 2716 J
1100 2689 1224 2717 esum
1241 2675 1464 2717 Christum
1481 2675 1626 2716 Deum
1646 2675 1905 2715 constantis-

1075 2732 1183 2774 sime
1205 2731 1477 2773 confitentes.
1511 2728 1810 2780 Quamobrem
1833 2728 1907 2770 da-
