2040 2976
650 194 855 228 Dominica
878 194 946 228 IX.
971 199 1061 237 post
1084 195 1348 230 Pentecosten.

145 290 260 332 rabit
284 303 366 332 vos
392 290 448 332 de
472 291 673 332 manibus
697 291 974 332 inimicorum

145 349 402 388 vestrorum.
461 343 513 395 V.
559 347 873 389 Convertimini
917 346 974 388 ad

146 415 245 444 eum
267 403 312 444 in
342 408 439 445 toto
466 404 600 446 corde
626 409 793 455 vestro,
827 408 870 445 et
902 416 973 445 au-

145 459 253 500 ferte
274 458 382 501 deos
403 460 569 501 alienos
590 460 645 502 de
663 460 809 502 medio
827 460 973 502 vestri.

145 515 203 557 Et
220 515 435 558 liberabit.

456 571 608 613 Lectio
627 571 668 611 ii.

230 633 248 670 t
275 629 382 671 abiit
408 630 538 671 Elias.
573 630 846 681 Reversique
873 634 974 671 sunt

236 687 376 727 111111111
395 686 452 728 ad
472 687 722 729 Ochoziam.
759 686 974 737 Quisdixit

146 743 223 783 eis:
264 743 411 793 Quare
443 743 608 785 reversi
641 742 770 785 estis?
820 743 881 784 At
912 742 975 783 illi

146 799 468 851 responderunt
494 801 548 841 ei:
574 800 655 842 Vir
682 800 875 842 occfirrit
898 813 972 841 no-

74 852 79 857 ’
144 855 228 906 bis,
249 861 292 897 et
311 855 420 898 dixit
439 855 496 898 ad
514 869 610 898 nos:
628 858 712 907 Ite,
732 862 776 898 et
795 859 972 898 reverti-

143 913 250 953 mini
269 912 326 954 ad
344 925 493 964 regem
513 913 588 966 qui
605 914 722 962 misit
737 926 829 964 VOS,
849 918 893 955 et
913 913 973 955 di—

145 969 254 1011 cetis
274 970 328 1011 ei:
346 970 457 1011 Haec
472 969 579 1012 dicit
592 971 821 1012 Dominus:
840 971 973 1011 Num-

147 1025 261 1077 quid,
283 1026 384 1078 quia
402 1039 491 1068 non
511 1031 604 1068 erat
623 1027 744 1068 Deus
763 1028 806 1067 in
826 1027 973 1077 Israel,

143 1082 280 1124 mittis
326 1087 374 1124 ut
422 1083 676 1125 consulatur
721 1082 973 1125 Beelzebub

145 1138 254 1180 deus
274 1139 499 1181 Accaron?
527 1139 700 1182 Idcirco
726 1140 780 1182 de
800 1140 972 1189 lectulo,

145 1208 277 1248 super
313 1209 444 1248 quem
481 1197 735 1247 ascendisti,
775 1209 863 1238 non
899 1195 971 1238 de-

145 1252 341 1302 scendes,
361 1252 441 1294 sed
458 1258 601 1295 morte
620 1254 830 1295 morieris.

192 1312 244 1364 Rz.
273 1313 394 1354 Deus
420 1314 612 1355 omnium
636 1313 867 1356 exauditor
892 1319 972 1356 est:

144 1369 239 1421 ipse
261 1370 379 1411 misit
397 1370 616 1421 Angelum
640 1384 784 1421 suum,
810 1376 853 1412 et
874 1371 973 1413 tulit

144 1438 214 1466 me
238 1424 294 1467 de
319 1426 475 1467 ovibus
497 1428 635 1479 patris
658 1428 761 1469 mei:
779 1421 803 1446 *
821 1427 878 1469 Ε1
897 1441 971 1469 1111-

144 1481 208 1522 xit
225 1494 295 1523 me
314 1483 521 1524 unctione
537 1482 851 1525 misericordiae
869 1497 972 1537 suae.

142 1531 194 1584 V.
211 1538 438 1589 Dominus,
460 1540 534 1591 qui
553 1540 712 1593 eripuit
731 1553 801 1581 me
822 1540 877 1581 de
895 1553 971 1582 ore

143 1593 295 1644 leonis,
314 1599 358 1636 et
376 1595 431 1637 de
450 1609 582 1637 manu
600 1596 756 1638 bestiae
770 1596 972 1638 liberavit

142 1662 224 1692 me.
251 1651 317 1692 Et.

444 1699 597 1741 Lectio
617 1699 672 1740 iii.

227 1760 272 1801 ui
291 1760 401 1802 dixit
420 1761 496 1802 eis:
517 1761 647 1812 Cujus
667 1761 819 1813 fignrae
837 1767 880 1804 et
898 1763 970 1804 ha-

257 1816 375 1858 bitus
395 1822 462 1859 est
480 1818 547 1858 vir
571 1817 655 1867 ille,
681 1819 756 1870 qui
781 1820 971 1861 occurrit

143 1872 287 1927 vobis,
320 1878 364 1916 et
390 1874 564 1916 locutus
593 1879 661 1916 est
688 1874 824 1916 verba
851 1875 969 1918 haec?

144 1929 205 1970 At
222 1929 285 1970 illi
305 1930 522 1972 dixerunt:
540 1931 621 1972 Vir
639 1931 818 1984 pilosus,
839 1937 882 1974 et
901 1945 970 1974 zo-

142 1998 199 2026 na
217 1986 402 2038 pellicea
425 1989 646 2029 accinctus
665 1987 853 2030 renibus.
886 1989 970 2039 Qui

143 2041 216 2083 ait:
243 2042 362 2083 Elias
387 2042 622 2086 Thesbites
648 2049 728 2085 est.
763 2045 969 2097 Misitque

143 2097 200 2139 ad
233 2111 332 2140 eum
366 2100 786 2152 quinquagenarium
812 2102 968 2154 princi-

141 2167 259 2206 pem,
305 2160 348 2197 et
385 2157 698 2209 quinquaginta
737 2157 810 2210 qui
847 2162 970 2199 erant

143 2211 224 2252 sub
250 2224 314 2253 00.
351 2213 435 2263 Qui
458 2214 656 2257 ascendit
681 2213 738 2256 ad
762 2227 877 2255 eum:
906 2227 969 2255 se-

143 2266 350 2320 dentique
368 2268 414 2309 in
427 2271 592 2312 vertice
609 2271 770 2312 montis
786 2270 860 2311 ait:
879 2271 968 2312 Ho-

142 2336 214 2365 mo
239 2324 339 2373 Dei,
368 2338 446 2367 rex
473 2327 688 2379 praecepit
714 2332 763 2368 ut
790 2325 968 2367 descen-

142 2379 232 2421 das.
276 2381 659 2435 Respondensque
691 2383 827 2433 Elias,
859 2382 969 2424 dixit

109 2467 114 2470 .
142 2436 528 2489 quinquagenario:
547 2439 592 2480 Si
610 2439 743 2481 homo
758 2439 843 2480 Dei
862 2451 968 2489 sum,

144 2491 382 2535 descendat
404 2495 515 2546 ignis
540 2493 596 2536 de
616 2495 748 2544 coelo,
775 2500 818 2536 et
837 2493 968 2536 devo—

140 2553 207 2590 ret
233 2553 294 2599 te,
323 2555 366 2593 et
394 2551 710 2602 quinquaginta
735 2556 848 2592 tuos.
883 2550 968 2592 De-

140 2604 311 2647 scendit
340 2607 490 2658 itaque
520 2606 633 2656 ignis
667 2606 722 2648 de
755 2606 886 2656 coelo,
924 2611 968 2648 et

140 2658 370 2703 devoravit
409 2675 525 2711 eum,
567 2666 610 2703 et
652 2663 967 2714 quinquaginta

140 2716 214 2767 qui
233 2721 356 2759 erant
376 2730 474 2759 cum
494 2730 559 2759 eo.

293 2857 356 2882 Pars
373 2858 480 2882 AEstiva.

1789 197 1855 233 217

1082 291 1132 342 Ei.
1160 291 1390 341 Dominus,
1419 293 1493 344 qui
1521 294 1679 346 eripuit
1703 306 1773 335 me
1799 288 1854 335 de

1027 358 1103 388 ore
1119 346 1270 398 leonis,
1291 353 1334 389 et
1354 348 1408 389 de
1427 362 1557 390 manu
1574 350 1729 392 bestiae
1749 350 1853 391 libe-

1026 403 1139 444 ravit
1157 416 1242 453 me,
1266 404 1289 428 *
1304 405 1407 457 Ipse
1426 418 1496 446 me
1516 407 1672 459 eripiet
1691 405 1746 448 de
1765 409 1853 447 ma-

1026 459 1154 501 nibus
1171 460 1446 502 inimicorum
1465 464 1673 503 meorum.
1703 457 1754 508 W.
1777 463 1853 503 Mi-

1027 516 1084 557 sit
1110 517 1231 558 Deus
1259 518 1607 559 misericordiam
1636 531 1774 570 suam,
1811 524 1855 560 et

1027 573 1257 615 veritatem
1302 587 1440 615 suam:
1486 575 1674 616 animam
1712 589 1855 617 meam

1029 631 1190 682 eripuit
1224 630 1279 671 de
1312 630 1458 672 medio
1491 631 1736 673 catulorum
1767 632 1854 674 leo-

1027 699 1141 727 num.
1168 688 1282 740 Ipse.
1315 686 1465 728 Gloria
1483 687 1614 729 Patri.
1641 689 1755 740 Ipse.
1813 731 1816 734 ,

1256 766 1306 804 Ι11
1333 765 1383 804 ΙΙ.
1411 764 1635 804 Nocturno.

1157 826 1307 868 Sermo
1337 826 1476 868 sancti
1504 827 1737 878 Augustini

1331 883 1554 936 Episcopi.

1175 947 1308 983 Sermo
1331 948 1413 983 201.
1439 947 1486 981 de
1509 947 1710 990 Tempore.

1330 1004 1483 1045 Lectio
1503 1004 1556 1045 iv.

1031 1076 1078 1122 11111
1098 1079 1175 1127 [ge-{n
1195 1069 1473 1120 lectionibuS,
1499 1083 1597 1122 quae
1622 1070 1749 1112 nobis
1770 1071 1855 1114 die-

1031 1106 1074 1182 1ξὶἓῖ
1098 1121 1135 1185 {1-32..
1166 1126 1248 1167 bus
1279 1126 1374 1167 istis
1406 1127 1660 1177 recitantur,
1698 1129 1855 1171 fratres

1073 1182 1132 1201 *
1166 1182 1393 1231 carissimi,
1427 1183 1679 1235 frequenter
1708 1185 1855 1227 admo-

1026 1239 1115 1289 nui,
1139 1244 1187 1280 ut
1211 1252 1299 1280 non
1322 1243 1558 1291 sequamur
1576 1241 1767 1282 litteram
1787 1255 1855 1284 oc-

1027 1295 1257 1346 cidentem,
1278 1302 1322 1338 et
1340 1297 1634 1338 vivificantem
1653 1298 1854 1350 spiritum

1026 1351 1334 1405 relinquamus.
1372 1353 1443 1394 Sic
1470 1354 1585 1395 enim
1609 1354 1855 1406 Apostolus

1026 1409 1102 1449 ait:
1135 1409 1303 1451 Littera
1328 1409 1442 1450 enim
1467 1409 1648 1459 occidit,
1676 1411 1855 1463 spiritus

1026 1465 1229 1510 vivificat.
1266 1466 1311 1506 Si
1336 1466 1450 1507 enim
1476 1465 1562 1507 hoc
1588 1471 1758 1508 tantum
1780 1470 1854 1508 vo-

1026 1521 1169 1563 lumus
1201 1522 1462 1573 intelligere,
1502 1522 1620 1575 quod
1652 1529 1780 1564 sonat
1811 1524 1855 1564 in

1025 1577 1185 1619 littera:
1205 1584 1279 1620 aut
1297 1592 1490 1631 parvam,
1510 1584 1585 1620 aut
1604 1592 1745 1632 prope
1764 1580 1855 1621 nul-

1024 1634 1114 1675 lam
1145 1635 1485 1677 aedificationem
1519 1635 1574 1677 de
1606 1636 1764 1678 divinis
1798 1636 1854 1678 le-

1025 1691 1245 1733 ctionibus
1278 1692 1511 1744 capiemus.
1551 1692 1632 1733 Illa
1666 1693 1781 1734 enim
1811 1695 1854 1734 o-

1024 1748 1142 1789 mnia
1167 1762 1265 1801 quae
1288 1749 1545 1799 recitantur,
1573 1754 1706 1802 typus
1733 1754 1855 1791 erant

1026 1809 1069 1845 et
1103 1805 1248 1856 imago
1286 1805 1544 1846 futurorum.
1602 1806 1653 1846 In
1689 1805 1854 1847 Judaeis

1026 1861 1140 1901 enim
1158 1861 1361 1912 figurata,
1380 1861 1423 1901 in
1442 1861 1585 1911 nobis,
1610 1861 1752 1912 gratia
1770 1862 1854 1903 Dei

1026 1916 1229 1967 donante,
1249 1917 1469 1969 completa
1489 1922 1600 1959 sunt.

1078 1974 1130 2026 Η.
1159 1974 1383 2016 Percussit
1407 1973 1510 2016 Saul
1536 1973 1671 2023 mille,
1700 1979 1744 2016 et
1767 1975 1851 2015 Da-

1023 2030 1099 2072 vid
1133 2029 1286 2073 decem
1317 2029 1466 2071 millia:
1504 2027 1529 2053 *
1555 2030 1668 2081 Quia
1698 2044 1851 2072 manus

1023 2087 1203 2129 Domini
1239 2091 1333 2129 erat
1369 2099 1468 2128 cum
1502 2087 1593 2128 illo:
1633 2088 1851 2140 percnssit

1023 2142 1341 2193 Philistha'eum,
1388 2147 1432 2184 et
1473 2143 1654 2185 abstulit
1692 2145 1850 2196 oppro-

1023 2198 1166 2241 brium
1186 2212 1240 2241 ex
1258 2199 1406 2241 Israel.
1438 2193 1489 2245 V.
1506 2199 1664 2241 Nonne
1682 2200 1765 2241 iste
1786 2204 1852 2241 est

1023 2255 1184 2306 David,
1214 2255 1268 2297 de
1292 2268 1378 2307 quo
1402 2256 1617 2297 canebant
1635 2256 1679 2296 in
1703 2255 1850 2305 chorO,

1023 2311 1235 2353 dicentes:
1267 2311 1371 2353 Saul
1397 2312 1615 2365 permissit
1642 2311 1777 2362 mille,
1807 2315 1850 2352 et

1021 2368 1168 2410 David
1188 2368 1341 2410 decem
1358 2368 1516 2409 millia?
1545 2368 1668 2418 Quia.

1327 2429 1479 2471 Lectio
1500 2443 1537 2468 v,

1103 2496 1227 2536 eatus
1251 2495 1365 2536 enim
1381 2495 1501 2535 Elias
1524 2498 1678 2546 typum
1696 2492 1848 2534 habuit

1110 2551 1289 2592 Domini
1307 2550 1559 2592 Salvatoris.
1592 2550 1714 2590 Sicut
1733 2548 1847 2589 enim

1019 2607 1139 2648 Elias
1159 2619 1185 2648 a
1198 2607 1223 2647 J
1225 2606 1364 2648 udaeis
1383 2606 1734 2659 persecutionem
1749 2615 1845 2655 pas-

1020 2676 1094 2704 sus
1114 2667 1194 2704 est:
1212 2663 1274 2704 ita
1293 2667 1336 2704 et
1354 2675 1484 2704 verus
1500 2661 1618 2702 Elias
1633 2660 1845 2700 Dominus

1018 2723 1170 2761 noster
1189 2718 1245 2761 ab
1271 2718 1380 2770 ipsis
1399 2719 1424 2758 J
1425 2717 1563 2759 udaeis
1581 2714 1845 2768 reprobatus

1600 2844 1640 2877 15
