2040 2976
603 180 675 213 Dic
700 180 729 213 3.
754 180 855 221 Maii.
900 180 943 213 In
968 179 1195 213 Inventione
1220 180 1255 214 S.
1282 181 1427 214 Crucis

207 279 279 321 Ad
298 279 473 330 Magnis.
502 282 601 320 Ant.
631 280 668 320 O
691 279 826 329 Crux,
845 278 987 331 splen-

158 336 304 380 didior
326 337 494 379 cunctis
515 336 662 386 astris,
685 336 851 377 mundo
879 335 987 377 cele-

157 393 266 443 bris,
294 392 543 434 hominibus
568 392 754 434 multum
777 391 988 441 amabilis,

157 449 350 491 sanctior
368 449 598 490 universis:
626 461 727 500 quae
751 447 846 490 sola
868 447 988 488 fuisti

158 505 290 557 digna
332 507 513 558 portare
561 504 773 547 talentum
818 502 987 544 mundi:

158 561 287 603 dulce
313 562 494 613 lignum,
523 559 674 603 dulces
702 560 866 608 clavos,
895 559 987 601 dul-

157 618 225 660 cia
248 618 394 660 ferens
417 616 631 671 pondera:
655 617 778 658 salva
794 617 986 670 praesen-

156 679 248 716 tem
274 676 496 725 catervam
519 674 564 715 in
587 673 675 715 tuis
699 672 833 715 hodie
851 671 987 713 laudi-

155 730 239 772 bus
258 732 581 782 congregatam.

487 794 649 835 Oratio.

241 872 329 910 eus,
355 860 429 912 qui
453 859 498 900 in
516 859 732 914 praeclara
751 859 988 901 salutiferae

262 915 413 958 Crucis
455 916 724 966 inventione,
769 915 988 968 passienis

155 976 245 1014 tuae
270 971 481 1013 miracula
509 972 744 1014 suscitasti:
773 970 987 1022 concede;

155 1033 204 1070 ut
222 1027 366 1069 vitalis
385 1027 490 1079 ligni
508 1028 664 1080 pretio,
686 1029 864 1070 aeternae
884 1027 988 1069 vitae

157 1082 364 1135 suffragia
388 1086 725 1137 consequamur:
759 1084 844 1135 Qui
866 1084 988 1125 vivis.

319 1168 407 1209 Ad
433 1169 824 1210 matutinum.

204 1235 328 1275 Invit.
369 1234 594 1277 Christum
621 1236 792 1287 Regem
820 1235 987 1276 crucifi-

157 1302 276 1339 xum,
299 1293 322 1315 *
345 1290 506 1333 Vem'te
531 1291 777 1333 adoremus.

209 1350 277 1389 Ps.
296 1351 465 1402 Vem‘te,
482 1352 760 1394 exsultemus.
779 1353 816 1393 2.

464 1424 675 1475 Hymnus.

293 1498 404 1536 ange
421 1485 570 1537 lingua
587 1485 770 1537 gloriosi

311 1541 530 1584 Lauream
549 1542 810 1591 certaminis,

261 1598 319 1640 Et
337 1611 470 1652 super
491 1599 642 1641 Crucis
661 1597 865 1651 trophaeo

260 1654 344 1696 Dic
361 1654 632 1707 triumphum
650 1654 858 1696 nobilem:

262 1710 460 1760 Qualiter
479 1711 756 1764 Redemptor
775 1710 895 1753 orbis

262 1766 519 1809 Immolatus
539 1768 704 1809 vicerit.

207 1836 276 1876 De
294 1835 494 1877 Parentis
515 1836 782 1890 protoplasti

261 1891 435 1934 Fraude
451 1892 615 1934 Factor
634 1892 886 1942 condolens,

264 1948 450 1998 Quando
469 1949 591 2001 pomi
609 1948 797 1990 noxialis

262 2004 314 2045 In
332 2017 485 2046 necem
503 2017 655 2046 morsu
673 2005 777 2046 ruit:

265 2061 370 2113 Ipse
389 2061 555 2112 lignum
572 2067 676 2103 tunc
694 2062 875 2111 notavit,

263 2116 436 2159 Damna
453 2117 559 2168 ligni
578 2123 627 2160 ut
645 2118 849 2160 selveret.

214 2181 311 2221 Hoc
329 2193 442 2233 opus
460 2186 626 2223 nostrae
645 2182 799 2224 salutis

265 2236 390 2279 Ordo
410 2237 749 2290 depopescerat3

264 2291 544 2334 Multiformis
563 2292 804 2346 proditoris

264 2347 350 2388 Ars
369 2353 418 2389 ut
437 2353 576 2390 artem
594 2349 778 2398 falleret,

259 2403 316 2444 Et
333 2403 552 2445 medelam
569 2404 703 2446 ferret
725 2403 838 2454 inde,

265 2459 419 2501 Hostis
437 2458 554 2501 unde
572 2459 759 2501 laeserat.

215 2521 401 2575 Quando
420 2523 541 2564 venit
560 2535 665 2573 ergo
685 2524 799 2564 sacri

266 2578 500 2620 Plenitudo
519 2579 743 2631 temporis,

267 2634 429 2675 Missus
449 2639 516 2676 est
535 2634 590 2675 ab
610 2647 711 2675 arce
729 2634 871 2676 Patris

267 2690 421 2740 Natus,
440 2690 561 2732 orbis
582 2689 813 2740 Cenditor3

1147 278 1296 331 Atque
1316 284 1468 320 ventre
1487 279 1690 330 virginali

1146 334 1288 376 Carne
1308 337 1492 376 amictus
1511 335 1689 387 prodiit.

1096 399 1228 449 Vagit
1245 399 1387 440 infans
1406 399 1519 440 inter
1538 404 1659 441 arcta

1146 455 1360 497 Cenditus
1379 456 1615 508 praesepia:

1146 512 1346 553 Membra
1363 512 1520 564 pannis
1540 512 1740 554 involuta

1144 568 1283 619 Virgo
1302 568 1444 610 Mater
1465 568 1629 619 alligat:

1145 625 1202 666 Et
1220 625 1304 666 Dei
1322 638 1478 666 manus
1496 625 1725 678 pedesque

1144 682 1304 723 Stricta
1324 681 1458 732 cingit
1477 681 1624 723 fascia.

1092 745 1368 798 Sempiterna
1387 746 1445 787 sit
1463 746 1608 788 beatae

1145 802 1352 844 Trinitati
1371 802 1520 853 glOria,

1146 858 1295 910 AEqua
1313 859 1445 909 Patri,
1464 859 1681 911 Fili6que3

1143 915 1230 955 Par
1250 914 1386 956 decus
1405 915 1641 957 Paraclito:

1147 971 1284 1013 Um'us
1303 971 1515 1023 Trinique
1534 985 1695 1013 nomen

1144 1027 1317 1070 Laudet
1335 1028 1609 1069 universitas.
1636 1028 1789 1069 Amen.

1286 1105 1334 1143 In
1354 1105 1383 1143 Ι.
1408 1105 1631 1143 Nocturno.

1095 1168 1194 1207 Ant.
1224 1168 1419 1208 Inventae
1441 1167 1594 1208 Crucis
1619 1166 1732 1208 festa
1755 1168 1875 1207 reco-

1039 1223 1181 1273 limus,
1201 1223 1322 1274 eujus
1336 1223 1610 1276 praecdnium
1624 1222 1878 1263 universum

1040 1292 1120 1332 per
1153 1278 1307 1320 orbem
1338 1279 1516 1321 micanti
1539 1279 1703 1320 lumine
1729 1278 1877 1329 fulget.

1095 1340 1238 1373 Psalmi
1259 1340 1306 1374 dc
1326 1340 1470 1374 Comm.
1494 1340 1608 1374 unius
1626 1340 1733 1373 Mart.
1751 1339 1820 1382 [22]

1096 1397 1194 1436 Ant.
1250 1398 1411 1438 Sancta
1446 1397 1564 1438 Crux
1592 1395 1819 1438 extollitur
1851 1410 1878 1438 a

1042 1452 1211 1493 cunctis
1237 1451 1425 1503 regibus,
1452 1453 1577 1504 virga
1601 1453 1723 1504 regia
1752 1453 1876 1503 erigi-

1040 1513 1123 1557 tur,
1143 1508 1188 1548 in
1208 1521 1294 1559 qua
1313 1507 1517 1550 Salvator
1534 1508 1832 1561 triumphavit.

1096 1574 1196 1614 Ant.
1243 1574 1279 1613 O
1309 1573 1428 1614 Crux
1459 1573 1742 1623 venerabilis,
1777 1587 1877 1626 quae

1042 1629 1231 1670 salutem
1250 1629 1436 1671 attulisti
1453 1629 1636 1679 miseris,
1653 1629 1812 1682 quibus
1832 1635 1876 1672 te

1043 1685 1222 1727 efferam
1240 1686 1488 1738 praeceniis,
1514 1687 1722 1738 quoniam
1740 1687 1877 1728 vitam

1042 1741 1170 1783 nobis
1191 1741 1385 1783 co'elitem
1404 1741 1692 1795 praeparasti?

1094 1803 1145 1853 V.
1185 1807 1287 1848 Hoc
1324 1806 1496 1857 signum
1531 1807 1684 1848 Crucis
1718 1807 1801 1848 erit
1832 1807 1876 1847 in

1043 1862 1170 1904 coelo.
1210 1865 1259 1916 R.
1289 1862 1399 1903 Cum
1430 1863 1647 1904 Deminus
1681 1863 1738 1905 ad
1769 1863 1875 1915 judi-

1043 1918 1233 1960 candum
1252 1919 1433 1960 venerit.

1044 1998 1111 2038 De
1138 1995 1341 2048 Epistola
1369 1995 1489 2037 beati
1515 1995 1642 2037 Pauli
1669 1995 1877 2048 Apostoli

1327 2051 1385 2093 ad
1405 2052 1599 2094 Galatas.

1136 2121 1288 2161 Lectio
1309 2121 1332 2159 i.
1567 2121 1671 2172 Cap.
1687 2122 1722 2160 3.
1738 2121 1777 2162 b.

1079 2196 1159 2253 ,ιβ’
1201 2189 1403 2240 'cumque
1436 2201 1492 2230 ex
1525 2189 1735 2242 operibus
1768 2189 1876 2240 legis

1050 2278 1063 2299 x
1157 2296 1161 2302 Δ
1186 2249 1304 2295 sunt,
1356 2244 1438 2286 sub
1482 2244 1720 2287 maledicto
1767 2251 1877 2287 sunt.

1044 2300 1125 2324 ὦχ’-ν
1185 2301 1406 2354 Scriptum
1440 2306 1507 2343 est
1535 2302 1664 2343 enim:
1698 2301 1877 2342 Maledi-

1044 2362 1140 2399 ctus
1169 2357 1327 2407 omnis‚
1366 2358 1441 2409 qui
1468 2370 1556 2399 non
1584 2358 1878 2410 permanserit

1042 2413 1087 2454 in
1116 2412 1335 2462 omnibus,
1371 2426 1471 2465 quae
1505 2414 1670 2466 scripta
1704 2418 1807 2454 sunt
1833 2413 1877 2453 in

1042 2468 1178 2510 Libro
1206 2468 1315 2519 legis
1337 2474 1385 2511 ut
1408 2469 1538 2511 faciat
1557 2472 1636 2510 eas
1661 2469 1877 2519 Queniam

1044 2529 1192 2566 autem
1236 2525 1280 2565 in
1316 2525 1414 2575 lege
1450 2538 1582 2567 nemo
1619 2525 1877 2577 justificatur

1043 2579 1164 2632 apud
1181 2581 1342 2630 Deum,
1365 2581 1644 2622 manifestum
1667 2585 1749 2622 est:
1775 2580 1877 2631 quia

1043 2637 1182 2687 justus
1217 2649 1272 2677 ex
1307 2635 1396 2678 fide
1433 2637 1551 2678 vivit.
1604 2636 1698 2677 Lex
1730 2640 1877 2676 autem

1043 2704 1134 2733 non
1154 2697 1222 2734 est
1242 2704 1297 2733 ex
1314 2691 1419 2742 fide,
1442 2691 1523 2733 sed
1541 2692 1626 2742 Qui
1644 2690 1795 2732 fecerit
1814 2702 1877 2739 ea,
