2040 2976
647 195 851 230 Dominica
872 196 936 245 Hl.
961 202 1051 240 post
1072 198 1336 235 Pentecosten.

356 296 632 347 Dominiea
659 296 751 347 ΙΙΙ.

246 369 387 416 post
427 365 856 407 Pentecosten.

301 431 388 473 Ad
418 431 804 473 Matutinum.

191 497 361 539 Invitat.
395 495 641 539 Adoremus
664 496 917 548 Dominum,
942 502 965 526 *

143 554 227 605 Qui
244 554 348 596 fecit
366 566 458 596 nos.

190 614 260 655 Ps.
286 616 452 665 Venite,
471 613 747 656 exsultemus.
765 615 802 655 2.

190 675 399 727 Hymnus.
426 676 564 718 Nocte
584 678 821 727 surgentes.
838 676 940 717 ibid.

374 755 423 794 In
450 755 479 794 Ι.
507 754 730 794 Nooturno.

271 820 339 860 De
356 818 469 861 libro
488 819 629 872 primo
649 819 831 870 Regum.

189 884 340 925 Lectio
362 884 385 925 i.
568 885 669 937 Cap.
685 886 722 925 9.
739 898 772 925 c.
790 890 832 925 et
849 886 911 925 10.

146 964 196 999 ,ε’-,ῃ
214 960 271 998 15:
288 949 446 991 ccessit
481 954 628 991 autem
660 949 764 991 Saul
802 949 858 992 ad
891 951 962 992 Sa-

146 1002 151 1036 1
175 1006 226 1063 ἐξ]
302 1005 519 1047 muelem
508 1019 552 1046 111
570 1005 716 1048 medio
735 1012 894 1059 portae,
920 1012 963 1049 et

302 1061 376 1103 ait·
407 1061 574 1112 Indica,
606 1075 703 1113 oro,
735 1063 855 1113 mihi,
888 1063 963 1105 ubi

136 1086 206 1159 est
225 1117 381 1160 domus
400 1118 616 1161 Videntis.
652 1120 709 1161 Et
733 1119 963 1173 respoudit

134 1174 309 1217 Samuel
328 1175 456 1225 Sauli,
476 1175 641 1217 dicens:
659 1176 754 1228 Ego
775 1190 871 1218 sum
889 1177 961 1219 Vi-

135 1231 254 1273 dens.
296 1231 501 1274 Ascende
529 1238 629 1275 ante
657 1246 727 1275 me
753 1233 796 1274 in
823 1234 962 1275 excel-

134 1300 246 1338 sum,
272 1293 320 1330 ut
349 1287 592 1330 comedatis
618 1302 791 1331 mecum
818 1290 961 1341 hedie,

135 1349 179 1386 et
214 1344 431 1387 dimittam
466 1350 511 1388 te
547 1358 688 1387 mane:
725 1352 769 1389 et
806 1347 961 1398 omnia,

136 1413 235 1453 quae
262 1406 363 1443 sunt
390 1402 434 1442 in
461 1403 595 1445 corde
622 1407 718 1453 tuo,
754 1402 960 1444 indicabo

133 1456 223 1498 tibi.
257 1457 313 1500 Et
332 1457 387 1500 de
407 1459 557 1509 asinis,
584 1472 693 1512 quas
717 1459 960 1501 nudiuster-

133 1513 219 1554 tius
251 1513 498 1567 perdidisti,
541 1529 596 1558 ne
632 1515 846 1558 sollicitus
885 1517 960 1566 sis,

135 1570 235 1622 quia
255 1570 444 1613 inventae
464 1577 573 1614 sunt.
609 1572 667 1614 Et
689 1573 810 1625 cujus
835 1579 961 1615 erunt

134 1627 303 1679 eptima
321 1640 509 1681 quaeque
527 1627 687 1670 Israel?
707 1641 851 1672 nonne
869 1629 960 1680 tibi,

134 1687 179 1724 et
197 1684 315 1724 omni
334 1683 484 1726 d6mui
501 1685 641 1737 patris
655 1683 740 1726 tui?
761 1686 959 1739 Respen-

134 1737 242 1781 dens
279 1745 426 1782 autem
457 1741 576 1791 Saul,
617 1742 692 1783 ait:
734 1742 960 1794 Numquid

133 1808 221 1838 non
243 1796 359 1838 filius
377 1797 402 1838 J
404 1797 534 1839 emini
556 1810 638 1850 ego
666 1811 777 1848 sum,
804 1798 859 1840 de
884 1801 959 1840 mi-

132 1851 250 1894 nima
267 1853 385 1895 tribu
402 1854 554 1905 Israel,
574 1859 618 1896 et
637 1856 840 1906 cognatio
860 1869 959 1897 mea

132 1909 369 1951 novissima
391 1910 504 1952 inter
529 1923 681 1953 omnes
699 1911 884 1953 familias
903 1912 958 1954 de

131 1965 248 2008 tribu
271 1966 517 2018 Beniamin?
548 1980 682 2020 quare
708 1981 813 2020 ergo
839 1968 957 2010 locu-

131 2027 203 2064 tus
222 2035 269 2064 es
287 2022 393 2065 mihi
411 2026 659 2066 sermonem
677 2025 831 2066 istum?

184 2088 235 2140 R.
264 2088 519 2142 Praeparate
543 2088 679 2131 corda
701 2095 847 2131 vestra
869 2090 958 2131 Do-

131 2145 265 2195 mino,
291 2151 335 2188 et
354 2148 515 2188 servite
533 2146 595 2187 illi
615 2146 714 2188 soli:
731 2149 754 2174 *
775 2148 831 2189 Et
854 2146 957 2188 libe-

131 2201 246 2244 rabit
270 2215 351 2244 vos
377 2201 432 2244 de
457 2203 657 2245 manibus
682 2203 958 2245 inimicarum

131 2260 388 2300 vestrorum.
444 2256 495 2305 V.
543 2259 856 2302 Convertimini
900 2258 958 2301 ad

132 2326 231 2355 eum
254 2314 299 2355 in
329 2319 425 2357 toto
451 2315 585 2358 corde
611 2321 777 2366 vestro,
811 2321 854 2357 et
885 2328 956 2357 au-

130 2369 239 2412 ferte
260 2370 368 2412 deos
388 2371 553 2413 alienos
574 2372 629 2414 de
647 2372 793 2414 medio
811 2372 957 2413 vestri.

130 2426 188 2468 Et
205 2426 419 2470 liberabit.

438 2496 591 2538 Lectio
610 2498 650 2537 ii.

131 2550 407 2655 Assumens
422 2561 570 2613 itaque
584 2559 759 2601 Samuel
770 2558 956 2609 Saulem,

188 2663 192 2666 .
234 2619 278 2656 et
297 2619 482 2668 puerum
501 2617 602 2668 ejus,
621 2615 864 2658 introduxit
879 2628 955 2657 eos

129 2670 173 2711 in
192 2671 441 2723 triclinium,
461 2677 505 2715 et
525 2671 647 2714 dedit
666 2672 728 2713 eis
747 2671 894 2713 locum
912 2673 955 2713 in

130 2727 272 2780 capite
292 2730 458 2780 eorum,
485 2729 559 2781 qui
583 2728 755 2770 fuerant
772 2728 954 2771 invitati.

1019 294 1155 335 Erant
1175 294 1290 336 enim
1311 296 1434 347 quasi
1452 297 1629 347 triginta
1647 297 1738 338 viri.
1770 298 1844 338 Di-

1019 353 1171 402 xitque
1198 351 1373 393 Samuel
1407 365 1530 394 coco:
1562 354 1631 394 Da
1664 359 1843 406 partem,

1021 419 1151 459 quam
1172 407 1275 449 dedi
1298 408 1394 458 tibi,
1423 414 1466 450 et
1490 410 1683 462 praecepi
1708 416 1756 452 ut
1779 423 1842 451 re-

1018 465 1207 515 peneres
1227 466 1426 506 seorsum
1445 465 1563 518 apud
1581 470 1634 507 te.
1662 466 1844 508 Levavit

1019 525 1165 562 autem
1185 533 1319 564 cocus
1338 534 1521 570 armum,
1545 527 1588 562 et
1606 523 1753 574 posuit
1772 536 1842 564 an-

1018 581 1063 618 te
1095 576 1208 618 Saul.
1262 577 1471 630 Dixitque
1503 578 1690 619 Samuel:
1727 580 1842 621 Ecce

1020 632 1140 685 quod
1168 634 1394 684 remansit,
1428 647 1544 686 pone
1579 639 1678 675 ante
1707 640 1767 684 te,
1800 641 1843 677 et

1019 689 1217 731 camede:
1249 691 1348 742 quia
1375 690 1429 732 de
1457 689 1672 731 industria
1700 695 1842 733 serva-

1018 750 1110 787 tum
1131 751 1198 788 est
1215 746 1310 796 tibi,
1340 746 1515 798 quando
1539 747 1751 799 populum
1770 761 1842 788 vo-

1018 803 1126 844 cavi.
1160 803 1217 844 Et
1241 803 1434 845 comedit
1451 803 1554 844 Saul
1578 817 1677 845 cum
1697 804 1842 845 Samu-

1018 860 1084 901 ele
1103 860 1147 900 in
1167 860 1239 901 die
1258 860 1341 901 illa.
1373 860 1430 901 Et
1449 859 1769 902 descenderunt
1789 861 1842 902 de

1018 917 1192 958 excelso
1211 917 1254 957 in
1275 915 1503 969 Oppidum,
1524 922 1566 958 et
1585 917 1758 958 locutus
1777 923 1843 959 est

1017 985 1117 1014 cum
1147 974 1277 1015 Saule
1308 974 1352 1014 in
1385 974 1560 1014 solario:
1602 976 1842 1026 stravitque

1016 1029 1118 1071 Saul
1137 1031 1181 1071 in
1201 1030 1374 1081 solario,
1395 1036 1438 1072 et
1458 1030 1675 1072 dormivit.

1070 1090 1119 1142 R.
1145 1087 1266 1128 Deus
1292 1087 1484 1128 emnium
1508 1086 1738 1128 exauditor
1762 1093 1843 1128 est:

1015 1143 1110 1196 ipse
1132 1145 1250 1186 misit
1269 1144 1487 1194 Angelum
1511 1158 1654 1194 suum,
1681 1150 1723 1185 et
1746 1145 1843 1186 tulit

1015 1213 1084 1241 me
1109 1200 1164 1243 de
1190 1201 1345 1242 evibus
1368 1202 1506 1254 patris
1529 1201 1631 1242 mei:
1656 1201 1749 1242 *Et
1768 1215 1841 1241 un-

1015 1258 1078 1299 xit
1095 1270 1166 1299 me
1185 1258 1392 1299 unctione
1408 1256 1721 1299 misericerdiae
1740 1271 1840 1298 suae.

1017 1315 1067 1365 V.
1083 1315 1310 1364 Dominus,
1332 1315 1404 1367 qui
1424 1315 1583 1367 eripuit
1603 1327 1671 1355 me
1693 1314 1747 1355 de
1766 1327 1841 1355 ore

1014 1369 1166 1421 leenis,
1185 1376 1229 1412 et
1247 1371 1302 1413 de
1322 1384 1453 1412 manu
1471 1371 1626 1412 bestiae
1642 1370 1841 1412 liberavit

1014 1439 1095 1469 me.
1123 1427 1189 1469 Et.

1316 1484 1467 1525 Lectio
1487 1485 1540 1525 iii.

1017 1536 1252 1646 Cumque
1289 1555 1416 1583 mane
1449 1544 1757 1591 surrexissent,
1797 1547 1840 1583 et

1117 1599 1201 1650 jam
1238 1599 1522 1648 elucesceret,
1558 1599 1733 1639 vocavit
1768 1599 1840 1639 Sa-

1013 1655 1129 1696 muel
1161 1655 1335 1697 Saulem
1372 1656 1415 1696 in
1453 1655 1630 1705 solario,
1677 1654 1840 1696 dicens:

1013 1712 1166 1763 Surge,
1192 1717 1236 1754 et
1255 1712 1470 1754 dimittam
1490 1717 1545 1753 te.
1578 1712 1635 1752 Et
1655 1713 1840 1753 surrexit

1012 1768 1129 1810 Saul:
1162 1771 1414 1821 egressique
1443 1774 1543 1809 sunt
1571 1768 1718 1817 ambo,
1746 1769 1839 1820 ipse

1011 1825 1232 1875 videlicet,
1261 1831 1304 1867 et
1323 1825 1508 1866 Samuel.
1547 1825 1742 1876 Cumque
1768 1824 1838 1865 de-

1012 1881 1272 1923 scenderent
1296 1883 1339 1922 in
1366 1883 1561 1923 extrema
1586 1886 1711 1933 parte
1737 1881 1837 1922 civi-

1010 1938 1130 1988 tatis,
1163 1938 1338 1980 Samuel
1371 1937 1481 1980 dixit
1512 1937 1568 1979 ad
1600 1938 1716 1979 Saul:
1755 1938 1837 1978 Die

1010 1998 1150 2047 puero
1165 2000 1214 2037 ut
1229 1994 1460 2037 antecedat
1470 2007 1561 2044 nos,
1577 1999 1620 2035 et
1630 1997 1838 2036 transeat:

1009 2056 1058 2092 tu
1076 2056 1222 2093 autem
1241 2051 1430 2092 subsiste
1448 2051 1687 2103 paulisper,
1712 2056 1759 2092 ut
1778 2053 1835 2091 in-

1011 2106 1153 2149 dicem
1180 2108 1259 2150 tibi
1285 2107 1467 2149 verbum
1495 2107 1682 2148 Demini.
1718 2107 1835 2148 Tulit

1010 2169 1156 2206 autern
1182 2164 1357 2206 samuel
1382 2164 1631 2206 lenticulam
1641 2165 1758 2217 olei,
1793 2170 1836 2206 et

1010 2219 1163 2262 effudit
1178 2233 1309 2273 super
1324 2226 1457 2274 caput
1471 2222 1572 2272 ejus,
1593 2226 1636 2262 et
1655 2221 1833 2262 deoscu-

1009 2276 1123 2318 latus
1154 2282 1220 2318 est
1244 2289 1360 2327 eum,
1392 2282 1436 2319 et
1456 2278 1530 2318 ait:
1556 2278 1688 2326 Ecce,
1713 2277 1834 2318 unxit

1008 2338 1053 2374 te
1091 2334 1309 2375 Deminus
1353 2347 1485 2386 super
1529 2333 1832 2375 haereditatem

1009 2402 1133 2430 suam
1169 2390 1214 2430 in
1250 2391 1510 2443 principem,
1554 2396 1597 2432 et
1628 2389 1833 2432 liberabis

1008 2446 1221 2498 p6pulum
1247 2460 1373 2487 suum
1397 2446 1453 2488 de
1477 2446 1678 2488 manibus
1697 2445 1832 2486 inimi-

1009 2504 1160 2543 cerum
1191 2503 1298 2555 ejus,
1341 2503 1415 2555 qui
1449 2503 1493 2543 in
1525 2503 1708 2544 circuitu
1742 2502 1831 2553 ejus

1008 2563 1118 2600 sunt.

1062 2618 1111 2668 R.
1141 2615 1370 2666 Deminus,
1399 2615 1473 2667 qui
1501 2614 1658 2667 eripuit
1682 2626 1750 2654 me
1775 2611 1830 2653 de

1008 2684 1084 2713 ore
1100 2672 1251 2722 leenis,
1270 2677 1314 2713 et
1333 2671 1388 2713 de
1406 2684 1536 2713 manu
1554 2670 1706 2712 bestiae
1726 2668 1828 2709 libe-

1006 2728 1119 2770 ravit
1136 2741 1222 2778 me,
1241 2723 1263 2747 *
1283 2729 1385 2782 Ipse
1404 2740 1473 2769 me
1493 2727 1648 2779 eripiet
1667 2724 1721 2766 de
1741 2726 1828 2765 ma-
