2040 2976
668 218 879 251 Commune
906 218 1159 261 plurimorum
1184 216 1405 259 Martyrum.

452 314 652 354 Psalmus
672 315 735 354 33.

267 369 493 411 enedicam
529 368 767 409 Dominum
808 368 852 408 in
890 369 1008 409 omni

271 428 488 478 tempore:
502 426 525 450 *
545 437 719 477 semper
737 424 833 465 laus
857 426 946 476 ejus
965 425 1008 465 in

178 496 254 524 ore
273 495 384 524 meo.

229 541 281 580 In
306 539 406 580 Dfio
438 537 688 579 laudabitur
717 538 862 579 anima
892 551 1008 579 mea:

178 597 201 621 *
221 595 399 637 audiant
416 594 633 636 mansueti
651 598 694 635 et
718 594 932 636 laetentur.

229 651 509 703 Magnificate
525 651 763 693 Dominum
783 664 970 692 mecum:
985 652 1008 676 *

179 714 222 751 et
234 708 475 750 exaltemus
486 720 645 749 nomen
654 709 744 760 ejus
753 708 796 748 in
807 707 1008 760 idipsum.

231 765 459 817 Exquisivi
483 764 737 813 Dominum,
767 769 810 805 et
835 763 1008 805 exaudi-

179 822 242 863 vit
260 834 346 862 me:
364 822 387 846 *
408 826 452 862 et
472 833 527 861 ex
547 820 748 862 Omnibus
766 819 1008 862 tribulatio-

179 877 306 919 nibus
325 877 434 918 meis
455 877 614 929 eripuit
632 890 713 918 me.

231 933 445 975 Accedite
476 933 533 974 ad
565 946 686 983 eum,·
722 938 766 974 et
799 932 1009 973 illumina—

179 990 297 1031 mini:
322 991 346 1015 *
371 994 415 1031 et
442 989 575 1031 facies
603 994 763 1031 vestrae
791 1002 879 1029 non
908 1001 1008 1030 con-

179 1046 424 1088 fundentur.
701 1096 705 1099 .

232 1104 321 1144 Iste
346 1115 514 1154 pauper
539 1101 759 1152 clamavit,
798 1108 841 1144 et
859 1102 1008 1143 Domi-

179 1173 260 1200 nus
286 1158 509 1200 exaudivit
529 1171 644 1199 eum:
672 1159 695 1184 *
724 1163 768 1199 et
795 1158 849 1199 de
875 1159 1009 1199 omni-

179 1215 263 1256 bus
303 1214 656 1256 tribulationibus
693 1215 784 1266 ejus
824 1214 1010 1255 salvavit

181 1285 291 1313 eum.

231 1328 445 1368 Immittet
459 1327 655 1378 Angelus
671 1327 849 1368 Domini
867 1327 912 1368 in
932 1327 1009 1368 cir-

180 1385 299 1426 cuitu
322 1384 567 1425 timentium
587 1396 702 1425 eum:
730 1384 753 1409 *
782 1388 826 1425 et
853 1384 1011 1436 eripiet

181 1453 269 1481 eos.

233 1497 430 1546 Gustate,
459 1501 502 1537 et
521 1496 668 1538 videte
689 1497 895 1549 quoniam
915 1498 1011 1537 sua-

180 1553 246 1594 vis
266 1557 332 1594 est
351 1553 581 1593 Deminus:
604 1554 627 1578 *
655 1553 813 1595 beatus
832 1554 908 1602 vir,
938 1553 1012 1605 qui

182 1614 330 1661 sperat
350 1609 393 1649 in
411 1621 475 1650 eo.

233 1665 405 1706 Timete
430 1665 667 1706 Deminum
694 1679 846 1707 omnes
872 1666 1012 1707 sancti

183 1722 288 1772 ejus:
311 1722 335 1746 *
362 1721 567 1773 quoniam
590 1735 678 1763 non
705 1727 772 1763 est
796 1722 943 1774 inopia
963 1722 1011 1763 ti-

181 1776 399 1818 mentibus
419 1790 528 1818 eum.

233 1834 403 1875 Divites
419 1835 631 1884 eguerunt
651 1839 695 1875 et
714 1835 975 1876 esurierunt:
989 1835 1012 1860 *

181 1890 449 1942 inquirentes
481 1895 627 1932 autem
660 1891 896 1932 Dominum
924 1903 1013 1932 non

182 1947 429 1987 minuentur
450 1947 568 1987 omni
588 1946 718 1988 bono.

234 2003 393 2044 Venite
418 2003 510 2053 filii,
548 2002 695 2045 audite
724 2016 810 2046 me:
837 2005 861 2030 *
888 2004 1012 2046 timo-

183 2071 277 2099 rem
295 2059 473 2099 Domini
492 2059 663 2101 docebo
683 2073 774 2102 vos.

236 2115 342 2164 Quis
367 2120 434 2156 est
456 2115 591 2157 homo
612 2116 687 2167 qui
710 2117 803 2158 vult
821 2116 971 2158 vitam:
990 2117 1014 2142 *

185 2170 325 2220 diligit
343 2170 437 2212 dies
457 2171 606 2213 videre
625 2171 790 2215 bonos?

235 2226 426 2268 Prohibe
446 2227 638 2278 linguam
656 2234 777 2270 tuam
796 2243 821 2271 a
839 2229 972 2271 malo:
991 2230 1014 2255 *

185 2287 230 2324 et
247 2281 363 2323 labia
381 2287 456 2324 tua
474 2296 529 2324 ne
549 2284 784 2336 loquantur
804 2285 965 2327 dolum.

236 2338 418 2380 Diverte
438 2352 463 2379 a
483 2340 614 2388 malo,
643 2346 686 2382 et
705 2342 774 2382 fac
792 2341 973 2383 bonum:
991 2343 1014 2368 *

185 2395 355 2446 inquire
375 2407 541 2447 pacem,
562 2401 605 2437 et
624 2399 892 2450 persequere
907 2411 1014 2440 eam.

238 2450 365 2491 Oculi
383 2451 561 2492 Demini
587 2465 718 2504 super
743 2454 895 2505 justos:
921 2455 944 2480 *
970 2460 1014 2497 et

187 2519 313 2548 aures
334 2508 425 2558 ejus
443 2507 485 2547 in
507 2520 661 2559 preces
681 2511 843 2550 eorum.

238 2563 399 2605 Vultus
425 2568 571 2605 autern
594 2563 772 2605 Domini
796 2578 928 2618 super
958 2566 1015 2607 fa-

189 2620 353 2661 cientes
377 2618 508 2659 mala:
533 2620 556 2644 ¹⁸¹
579 2624 627 2660 ut
651 2620 808 2672 perdat
828 2621 882 2662 de
899 2627 1016 2663 terra

186 2676 444 2717 memoriam
465 2677 628 2716 eorum.

239 2732 546 2774 Clamaverunt
577 2731 693 2783 justi,
731 2737 774 2773 et
801 2732 1016 2775 Dominus

1063 309 1285 352 exaudivit
1304 322 1397 351 eos:
1416 310 1439 335 *
1465 314 1508 351 et
1523 322 1578 350 ex
1598 309 1801 351 amnibus
1819 309 1892 352 tri-

1062 365 1356 408 bulationibus
1377 367 1530 407 eorum
1547 365 1751 408 liberavit
1771 378 1860 408 eos.

1115 424 1246 464 Juxta
1267 427 1334 463 est
1347 422 1564 463 Deminus
1582 422 1645 472 iis,
1668 423 1743 474 qui
1760 422 1894 464 tribu-

1062 480 1152 522 lato
1175 483 1275 521 sunt
1294 478 1444 520 corde:
1473 479 1495 504 *
1525 483 1569 520 et
1596 477 1783 520 humiles
1810 481 1895 532 spi-

1063 537 1147 578 ritu
1166 535 1364 577 salvabit.

1115 593 1265 634 Multae
1293 591 1597 633 tribulati6nes
1626 591 1854 643 justorum:
1871 591 1895 617 *

1063 655 1107 691 et
1146 649 1202 690 de
1239 648 1443 690 omnibus
1475 648 1543 689 his
1576 646 1781 689 liberabit
1817 660 1896 689 eos

1062 706 1288 747 Dominus.

1117 761 1320 804 Custodit
1355 761 1572 802 Deminus
1611 760 1756 802 emnia
1795 772 1897 802 ossa

1064 820 1233 860 cerum:
1258 819 1282 844 *
1307 832 1441 859 unum
1466 830 1521 859 ex
1544 817 1612 858 his
1636 830 1725 859 non
1750 821 1896 858 conte-

1064 877 1194 917 retur.

1115 932 1237 973 Mors
1266 933 1552 984 peccaterum
1580 931 1787 983 pessima:
1810 930 1833 955 *
1855 933 1899 971 et

1065 988 1139 1040 qui
1159 988 1347 1030 oderunt
1365 989 1526 1039 justum
1546 987 1813 1039 delinquent.

1115 1044 1322 1087 Redimet
1335 1045 1552 1086 Deminus
1567 1044 1735 1086 animas
1750 1044 1896 1085 servo-

1064 1115 1161 1142 rum
1179 1104 1376 1143 suorum:
1401 1102 1425 1127 *
1454 1106 1498 1143 et
1525 1114 1614 1142 non
1643 1100 1900 1152 delinquent

1064 1171 1217 1199 omnes
1240 1159 1314 1210 qui
1333 1162 1513 1211 sperant
1534 1158 1578 1198 in
1598 1170 1663 1199 eo.

1118 1216 1218 1256 Ant.
1258 1214 1555 1256 Tradiderunt
1592 1215 1782 1266 cerpora
1819 1224 1898 1253 sua

1064 1271 1107 1311 in
1122 1275 1321 1321 mortem,
1336 1283 1390 1312 ne
1407 1272 1622 1312 servirent
1635 1269 1782 1311 idelis:
1796 1267 1897 1310 ideo

1065 1328 1264 1369 coronati
1283 1327 1515 1379 pessident
1533 1326 1737 1379 palmam.

1118 1388 1217 1427 Ant.
1246 1386 1364 1426 Ecce
1393 1396 1565 1425 merces
1592 1384 1616 1409 *
1645 1383 1899 1424 sanctorum

1065 1440 1248 1493 copiosa
1268 1446 1334 1482 est
1354 1440 1473 1494 apud
1493 1440 1654 1481 Deum:
1682 1439 1767 1492 ipsi
1791 1450 1898 1480 vero

1064 1498 1227 1538 mortui
1248 1502 1349 1540 sunt
1367 1510 1451 1550 pro
1472 1496 1659 1546 Christo,
1689 1501 1732 1538 et
1751 1495 1900 1537 vivent

1064 1553 1108 1593 in
1128 1555 1352 1595 aeternum.

1336 1614 1535 1654 Psalmus
1563 1614 1629 1653 45.

1067 1666 1234 1771 Deus
1259 1670 1411 1707 noster
1432 1665 1660 1716 refugium,
1683 1669 1727 1706 et
1746 1663 1901 1705 virtus:

1188 1723 1211 1747 *
1250 1722 1422 1774 adjutor
1458 1722 1502 1762 in
1534 1719 1901 1769 tribulationibus,

1067 1791 1166 1831 quae
1193 1779 1453 1820 invenerunt
1479 1790 1561 1820 nos
1589 1777 1728 1818 nimis.

1116 1835 1361 1887 Propterea
1394 1847 1482 1876 non
1515 1833 1766 1876 timebimus
1794 1831 1900 1874 dum

1065 1890 1314 1933 turbabitur
1330 1895 1464 1932 terra:
1481 1891 1504 1916 *
1521 1895 1565 1932 et
1583 1889 1899 1932 transferentur

1065 1953 1238 1989 montes
1266 1948 1310 1988 in
1339 1960 1416 1989 cor
1443 1947 1587 1988 maris.

1118 2005 1378 2053 Sonuerunt‚
1395 2008 1439 2045 et
1453 2003 1644 2046 turbatae
1661 2007 1762 2044 sunt
1772 2013 1900 2054 aquae

1067 2063 1236 2102 eorum:
1263 2061 1287 2086 *
1316 2060 1567 2102 conturbati
1599 2064 1700 2101 sunt
1726 2062 1900 2100 montes

1066 2117 1110 2158 in
1138 2116 1395 2158 fortitudine
1424 2116 1526 2168 ejus.

1119 2173 1330 2214 Fluminis
1358 2175 1548 2225 impetus
1575 2171 1772 2214 laetificat
1799 2169 1900 2212 civi-

1067 2231 1204 2271 tatem
1237 2229 1336 2271 Dei:
1370 2230 1394 2255 *
1432 2228 1723 2271 sanctificavit
1757 2226 1900 2270 taber-

1067 2285 1271 2327 naculum
1299 2298 1426 2327 suum
1454 2285 1715 2327 Altissimus.

1118 2342 1240 2383 Deus
1273 2342 1317 2382 in
1344 2341 1491 2383 medio
1521 2342 1628 2393 ejus,
1662 2354 1750 2382 non
1785 2352 1900 2381 com-

1067 2397 1331 2440 movebitur:
1355 2398 1378 2423 *
1403 2397 1627 2450 adjuvabit
1655 2410 1752 2439 eam
1779 2396 1901 2438 Deus

1067 2467 1195 2496 mane
1224 2453 1428 2495 diluculo.

1122 2509 1407 2552 Conturbatae
1438 2515 1539 2552 sunt
1563 2510 1740 2558 GenteS,
1772 2513 1816 2550 et
1840 2507 1900 2548 in-

1069 2567 1229 2608 clinata
1257 2571 1358 2608 sunt
1386 2579 1535 2617 regna:
1553 2567 1576 2592 *
1596 2565 1718 2607 dedit
1746 2576 1901 2608 vocem

1069 2636 1203 2672 suam,
1231 2628 1352 2664 mota
1381 2628 1448 2664 est
1475 2628 1603 2665 terra.

1120 2679 1336 2720 Dominus
1366 2679 1577 2721 virtutum
1604 2678 1849 2720 nobiscum:
1877 2676 1900 2701 *

1070 2737 1300 2788 susceptor
1327 2741 1478 2777 noster
1505 2735 1628 2776 Deus
1655 2732 1804 2775 Jacob.

2036 2230 2040 2239 -
2036 2119 2040 2202 »..,.-
2031 1858 2040 2098 --—.---.—.-
2035 1815 2040 1837 ,-
2036 1759 2040 1782 -.
