2040 2976
680 183 791 217 Feria
818 188 952 226 quarta
979 183 1027 217 ad
1052 184 1288 219 Matutinum.
1793 185 1835 220 61

239 281 310 322 Ad
330 280 626 322 confitendum
646 279 872 330 surgimus,

238 338 474 390 Morasque
492 337 633 378 noctis
653 336 904 389 rumpimus.

188 412 354 452 Mentes
372 414 615 463 manusque
634 410 837 459 tollimus,

236 467 459 520 Propheta
479 468 590 508 sicut
609 466 810 508 noctibus

237 523 377 565 Nobis
395 524 634 575 gerendum
651 523 861 576 praecipit,

238 580 486 632 Paulusque
505 580 640 631 gestis
660 580 837 620 censuit.

188 652 324 694 Vides
342 652 505 693 malum
526 652 645 705 quod
664 653 860 694 fecimus:

240 708 424 750 Occulta
442 714 592 750 nostra
610 709 857 762 pandimus:

238 765 396 806 Preces
415 767 638 816 gementes
657 765 888 814 fundimus,

237 821 418 863 Dimitte
439 822 558 875 quod
577 823 867 875 peccavimus.

188 897 363 945 Praesta,
382 897 513 938 Pater
531 897 736 949 piissime,

238 953 443 1005 Patrique
463 966 643 1006 compar
661 954 808 1002 Unice,

238 1009 347 1050 Cum
366 1009 530 1062 Spiritu
547 1010 765 1051 Paraclito

239 1066 444 1116 Regnans
463 1079 543 1118 per
562 1079 690 1107 omne
710 1066 929 1107 saeculum.

443 1123 596 1164 Amen.

186 1188 287 1229 Ant.
320 1188 485 1230 Avertit
504 1187 729 1228 Dominus.

402 1265 601 1305 Psalmus
629 1265 693 1305 52.

170 1328 343 1381 zjss..?;“x,1x1‘t
360 1328 570 1380 insipiens
595 1328 638 1368 in
664 1328 796 1369 corde
825 1341 918 1370 suo:
938 1330 960 1354 *

174 1380 234 1433 ³45²st
255 1406 258 1416 ι
282 1384 383 1425 Non
412 1388 478 1425 est
504 1384 637 1425 Deus.

237 1434 249 1453 ³
320 1440 527 1493 Corrupti
544 1445 654 1490 sunt,
677 1445 720 1482 et
739 1441 959 1482 abomina-

136 1498 244 1540 biles
271 1500 374 1542 facti
403 1506 503 1542 sunt
529 1501 573 1541 in
595 1501 909 1553 iniquitatibus:
937 1503 959 1527 *

133 1568 222 1597 non
250 1561 317 1598 est
345 1557 419 1609 qui
445 1557 575 1599 faciat
601 1557 777 1599 bonum.

184 1617 305 1659 Deus
338 1617 393 1659 de
421 1617 535 1659 coelo
567 1619 797 1672 prospexit
827 1632 959 1672 super

134 1672 248 1714 filios
275 1673 514 1716 hominum:
532 1675 556 1700 *
580 1680 627 1717 ut
654 1675 801 1717 videat
829 1676 865 1717 si
893 1682 960 1719 est

133 1729 388 1782 intelligens,
417 1736 491 1773 aut
518 1733 743 1784 requirens
771 1732 924 1774 Deum.

179 1790 342 1833 Omnes
371 1791 712 1843 declinaverunt,
744 1793 872 1835 simul
899 1795 958 1835 in-

133 1846 262 1889 utiles
289 1847 393 1890 facti
412 1853 525 1890 sunt:
543 1849 566 1874 *
586 1862 675 1891 non
703 1855 770 1891 est
799 1851 873 1902 qui
899 1851 958 1892 fa-

134 1903 219 1945 ciat
233 1903 406 1955 bonum,
417 1917 503 1946 non
516 1910 583 1947 est
592 1919 732 1958 usque
749 1906 806 1948 ad
816 1921 959 1949 unum.

183 1964 341 2006 Nonne
358 1965 496 2007 scient
515 1979 666 2008 omnes
685 1968 758 2019 qui
777 1971 958 2020 operan-

132 2025 202 2071 tur
217 2021 500 2074 iniquitatem,
511 2023 534 2047 *
551 2023 625 2075 qui
639 2023 853 2066 devorant
869 2025 957 2077 ple-

132 2076 234 2118 bem
259 2091 402 2120 meam
426 2083 474 2120 ut
500 2078 645 2121 cibum
671 2079 820 2132 panis?

183 2138 326 2180 Deum
353 2151 441 2180 non
466 2139 795 2182 invocaverunt:
822 2142 845 2166 *
870 2141 958 2183 illic

133 2194 461 2291 gepidaverunt
482 2196 649 2246 timore,
669 2197 743 2238 ubi
759 2211 846 2239 non
865 2203 958 2240 erat

167 2263 274 2291 mor.

186 2312 399 2362 Quoniam
434 2314 555 2355 Deus
592 2314 822 2367 dissipavit
857 2328 958 2357 ossa

134 2369 285 2409 eorum
323 2369 396 2420 qui
431 2369 680 2412 hominibus
716 2371 905 2423 placent:
933 2373 956 2398 *

134 2424 303 2465 confusi
330 2430 440 2475 sunt,
467 2427 671 2478 quoniam
689 2427 810 2469 Deus
838 2441 955 2481 spre-

133 2481 194 2522 vit
222 2494 309 2522 eos.
810 2502 815 2508 ·

185 2537 291 2586 Quis
320 2537 440 2579 dabit
468 2550 521 2579 ex
548 2539 652 2580 Sion
678 2539 868 2581 salutare
895 2541 955 2581 Is-

132 2591 244 2634 rael?
272 2594 295 2619 *
324 2607 422 2635 cum
450 2596 714 2637 converterit
740 2596 860 2637 Deus
888 2609 954 2638 ca-

133 2649 378 2701 ptivitatem
411 2650 552 2703 plebis
580 2664 686 2701 suae,
722 2652 956 2695 exsultabit

132 2705 279 2756 Jacob,
309 2712 351 2748 et
377 2706 596 2749 laetabitur
619 2708 765 2749 Israel.

1283 281 1476 322 Psalmus
1505 283 1570 321 54.

1013 330 1227 436 Exaudi
1255 335 1375 376 Deus
1411 337 1652 378 orationem
1686 349 1838 386 meam,

1115 396 1158 432 et
1190 404 1243 433 ne
1279 391 1531 444 despexeris
1568 392 1836 445 deprecatio-

1013 460 1113 489 nem
1139 449 1334 489 meamz*
1350 448 1526 490 intende
1552 449 1666 499 mihi,
1696 454 1739 490 et
1768 462 1837 490 ex-

1013 504 1116 545 audi
1138 517 1219 545 me.

1066 561 1359 602 Contristatus
1371 574 1465 602 sum
1476 561 1519 601 in
1528 562 1838 604 exercitatione

1014 630 1126 658 mea:
1145 618 1168 643 *
1193 622 1236 658 et
1256 618 1540 659 conturbatus
1568 631 1663 659 sum
1683 632 1707 659 a
1729 631 1838 660 voce

1012 674 1183 724 inimici,
1201 680 1243 716 et
1254 688 1279 715 a
1293 674 1573 716 tribulatione
1584 675 1838 727 peccatoris.

1066 731 1280 780 Quoniam
1291 730 1617 772 declinaverunt
1631 731 1674 771 in
1684 744 1753 772 me
1764 732 1838 772 ini-

1016 788 1219 839 quitates:
1241 788 1263 813 *
1283 793 1326 829 et
1353 788 1396 828 in
1424 788 1487 828 ira
1515 787 1689 829 molesti
1717 793 1840 830 erant

1013 843 1127 884 mihi.

1067 901 1153 942 Cor
1187 914 1333 942 meum
1361 901 1668 943 conturbatum
1703 906 1769 942 est
1797 902 1840 942 in

1013 970 1100 998 me:
1133 958 1156 983 *
1192 963 1234 999 et
1268 957 1457 999 formido
1492 958 1646 999 mortis
1684 957 1840 999 cecidit

1013 1026 1145 1066 super
1171 1027 1251 1055 me,

1065 1071 1216 1112 Timor
1237 1076 1279 1112 et
1300 1076 1464 1112 tremor
1478 1072 1690 1112 venerunt
1709 1084 1840 1124 super

1012 1139 1099 1168 me:
1118 1128 1141 1152 *
1165 1132 1207 1168 et
1236 1129 1522 1168 contexerunt
1539 1140 1610 1168 me
1634 1127 1839 1170 tenebrae.

1065 1184 1122 1225 Et
1149 1183 1254 1225 dixi:
1282 1184 1388 1234 Quis
1409 1183 1530 1225 dabit
1550 1184 1654 1224 mihi
1674 1197 1839 1237 pennas

1013 1240 1124 1281 sicut
1152 1240 1417 1290 columbae,*
1438 1246 1480 1282 et
1508 1240 1679 1291 volabo,
1709 1246 1752 1282 et
1776 1255 1839 1283 re-

1014 1293 1258 1348 quiescam?

1064 1354 1179 1395 Ecce
1197 1353 1399 1404 elongavi
1414 1354 1599 1405 fugiens:
1610 1354 1632 1379 *
1647 1359 1690 1396 et
1699 1354 1839 1395 mansi

1011 1409 1055 1450 in
1084 1409 1329 1451 solitudine.

1063 1467 1387 1519 Exspectabam
1416 1480 1531 1516 eum,
1566 1467 1639 1519 qui
1671 1467 1839 1508 salvum

1011 1535 1081 1564 me
1096 1523 1198 1565 fecit
1208 1524 1230 1548 *
1242 1537 1267 1564 a
1287 1523 1640 1576 pusillanimitate
1661 1524 1838 1576 spiritus

1012 1584 1055 1621 et
1081 1582 1356 1632 tempestate.

1062 1636 1295 1689 Praecipita
1305 1637 1503 1686 Domine,
1515 1636 1660 1678 divide
1669 1636 1838 1687 linguas

1012 1694 1180 1734 eorum:
1196 1694 1219 1718 *
1234 1694 1439 1745 quoniam
1458 1693 1547 1735 vidi
1565 1693 1838 1746 iniquitatem

1012 1754 1055 1790 et
1083 1749 1473 1791 contradictionem
1498 1750 1541 1790 in
1569 1750 1754 1792 civitate.

1062 1805 1145 1847 Die
1179 1819 1230 1847 ac
1263 1811 1393 1848 nocte
1422 1806 1708 1848 circumdabit
1741 1820 1837 1848 eam

1011 1874 1142 1914 super
1177 1875 1326 1904 muros
1365 1863 1455 1914 ejus
1491 1863 1710 1915 iniquitas:
1739 1864 1763 1888 *
1794 1869 1837 1905 et

1009 1917 1135 1960 labor
1162 1919 1205 1959 in
1231 1918 1377 1960 medio
1406 1920 1505 1971 ejuS,
1535 1925 1578 1961 et
1605 1920 1821 1972 injustitia.

1061 1975 1117 2016 Et
1143 1988 1231 2016 non
1259 1975 1418 2017 defecit
1446 1975 1501 2017 de
1527 1975 1684 2028 plateis
1713 1976 1836 2028 ejus*

1009 2034 1151 2082 usura,
1181 2037 1224 2074 et
1252 2031 1390 2073 dolus.

1062 2088 1277 2138 Quoniam
1295 2089 1331 2129 si
1349 2089 1548 2130 inimicus
1567 2101 1690 2130 meus
1706 2089 1835 2131 male-

1010 2141 1190 2186 dixisset
1205 2144 1319 2195 mihi,
1330 2146 1353 2170 *
1364 2145 1664 2187 sustinuissem
1675 2146 1835 2198 utique.

1062 2203 1118 2243 Et
1149 2202 1185 2242 si
1211 2202 1265 2251 is,
1304 2202 1378 2254 qui
1405 2201 1559 2243 oderat
1588 2205 1673 2252 nie,
1703 2215 1835 2254 super

1009 2271 1079 2300 me
1106 2270 1264 2308 magna
1290 2257 1462 2300 locutus
1489 2258 1656 2300 fuisset:
1688 2259 1711 2284 *
1739 2258 1833 2300 abs-

1010 2314 1258 2357 condissem
1284 2328 1354 2356 me
1381 2315 1563 2356 forsitan
1589 2314 1644 2356 ab
1673 2328 1737 2356 eo.

1062 2372 1130 2412 Tu
1157 2384 1263 2412 vero
1287 2370 1419 2412 homo
1447 2371 1675 2412 unanimis:
1702 2371 1726 2396 *
1745 2370 1833 2412 dux

1008 2441 1142 2478 meuS,
1171 2433 1215 2469 et
1242 2433 1372 2469 notus
1399 2440 1532 2469 meus.

1060 2485 1144 2534 Qui
1163 2483 1290 2525 simul
1316 2497 1488 2525 mecum
1515 2483 1665 2524 dulces
1693 2483 1831 2535 capie-

1008 2540 1086 2582 bas
1115 2540 1251 2582 cibos:
1279 2540 1302 2566 *
1328 2540 1372 2580 in
1405 2539 1538 2581 domo
1570 2539 1654 2580 Dei
1685 2537 1829 2580 ambu-

1008 2596 1192 2638 lavimus
1221 2609 1318 2638 cum
1343 2598 1568 2638 consensu.

1059 2653 1218 2694 Veniat
1257 2665 1376 2694 mors
1412 2664 1543 2704 super
1578 2650 1692 2692 illos:
1727 2650 1750 2675 *
1787 2653 1830 2691 et

1008 2709 1276 2750 descendant
1307 2709 1351 2749 in
1378 2708 1592 2748 infernum
1619 2707 1829 2747 viventes:
