<?xml version="1.0" encoding="UTF-8"?>
<!DOCTYPE html PUBLIC "-//W3C//DTD XHTML 1.0 Transitional//EN"
    "http://www.w3.org/TR/xhtml1/DTD/xhtml1-transitional.dtd">
<html xmlns="http://www.w3.org/1999/xhtml" xml:lang="en" lang="en">
 <head>
  <title>
</title>
<meta http-equiv="Content-Type" content="text/html;charset=utf-8" />
  <meta name='ocr-system' content='tesseract 3.04.00' />
  <meta name='ocr-capabilities' content='ocr_page ocr_carea ocr_par ocr_line ocrx_word'/>
</head>
<body>
  <div class='ocr_page' id='page_1' title='image "./p3breviariumroma00cathuoft_1001.png"; bbox 0 0 2040 2976; ppageno 0'>
   <div class='ocr_carea' id='block_1_1' title="bbox 229 227 1706 273">
    <p class='ocr_par' dir='ltr' id='par_1_1' title="bbox 229 227 1706 273">
     <span class='ocr_line' id='line_1_1' title="bbox 229 227 1706 273; baseline 0.001 -11"><span class='ocrx_word' id='word_1_1' title='bbox 229 228 282 262; x_wconf 83' lang='lat'>24.</span> <span class='ocrx_word' id='word_1_2' title='bbox 299 229 397 270; x_wconf 84' lang='lat' dir='ltr'>Aug.</span> <span class='ocrx_word' id='word_1_3' title='bbox 423 227 458 262; x_wconf 87' lang='lat' dir='ltr'>S.</span> <span class='ocrx_word' id='word_1_4' title='bbox 475 228 670 271; x_wconf 86' lang='lat' dir='ltr'>Alphonsi</span> <span class='ocrx_word' id='word_1_5' title='bbox 687 228 733 262; x_wconf 90' lang='lat' dir='ltr'>M.</span> <span class='ocrx_word' id='word_1_6' title='bbox 753 229 798 262; x_wconf 84' lang='lat' dir='ltr'>de</span> <span class='ocrx_word' id='word_1_7' title='bbox 817 228 897 271; x_wconf 78' lang='lat' dir='ltr'>Lig.</span> <span class='ocrx_word' id='word_1_8' title='bbox 916 229 983 271; x_wconf 84' lang='lat' dir='ltr'>Ep.</span> <span class='ocrx_word' id='word_1_9' title='bbox 1002 228 1041 263; x_wconf 89' lang='lat' dir='ltr'>C.</span> <span class='ocrx_word' id='word_1_10' title='bbox 1061 234 1096 263; x_wconf 83' lang='lat' dir='ltr'>et</span> <span class='ocrx_word' id='word_1_11' title='bbox 1118 229 1160 263; x_wconf 86' lang='lat' dir='ltr'>D.</span> <span class='ocrx_word' id='word_1_12' title='bbox 1179 248 1190 253; x_wconf 95' lang='lat'>-</span> <span class='ocrx_word' id='word_1_13' title='bbox 1206 230 1257 263; x_wconf 70' lang='lat'>26.</span> <span class='ocrx_word' id='word_1_14' title='bbox 1275 231 1310 264; x_wconf 76' lang='lat' dir='ltr'>S.</span> <span class='ocrx_word' id='word_1_15' title='bbox 1328 231 1534 273; x_wconf 76' lang='lat' dir='ltr'>Zephyrini</span> <span class='ocrx_word' id='word_1_16' title='bbox 1554 231 1644 273; x_wconf 81' lang='lat' dir='ltr'>Pap.</span> <span class='ocrx_word' id='word_1_17' title='bbox 1662 231 1706 264; x_wconf 80' lang='lat' dir='ltr'>M.</span> 
     </span>
    </p>
   </div>
   <div class='ocr_carea' id='block_1_2' title="bbox 142 324 970 996">
    <p class='ocr_par' dir='ltr' id='par_1_2' title="bbox 142 324 970 886">
     <span class='ocr_line' id='line_1_2' title="bbox 145 324 968 377; baseline 0 -11"><span class='ocrx_word' id='word_1_18' title='bbox 145 328 219 366; x_wconf 88' lang='lat' dir='ltr'>aut</span> <span class='ocrx_word' id='word_1_19' title='bbox 243 324 424 375; x_wconf 79' lang='lat' dir='ltr'>tributo,</span> <span class='ocrx_word' id='word_1_20' title='bbox 451 329 542 366; x_wconf 92' lang='lat' dir='ltr'>tam</span> <span class='ocrx_word' id='word_1_21' title='bbox 568 325 786 376; x_wconf 89' lang='lat' dir='ltr'>ingentem</span> <span class='ocrx_word' id='word_1_22' title='bbox 813 326 968 377; x_wconf 90' lang='lat' dir='ltr'>princi-</span> 
     </span>
     <span class='ocr_line' id='line_1_3' title="bbox 144 381 968 433; baseline 0.001 -11"><span class='ocrx_word' id='word_1_23' title='bbox 144 394 250 433; x_wconf 89' lang='lat' dir='ltr'>pum</span> <span class='ocrx_word' id='word_1_24' title='bbox 272 381 555 433; x_wconf 83' lang='lat' dir='ltr'>virorumque</span> <span class='ocrx_word' id='word_1_25' title='bbox 578 381 803 431; x_wconf 82' lang='lat' dir='ltr'>nobilium,</span> <span class='ocrx_word' id='word_1_26' title='bbox 828 394 879 423; x_wconf 93' lang='lat' dir='ltr'>ac</span> <span class='ocrx_word' id='word_1_27' title='bbox 902 394 968 423; x_wconf 92' lang='lat' dir='ltr'>ce-</span> 
     </span>
     <span class='ocr_line' id='line_1_4' title="bbox 142 437 969 487; baseline 0.001 -9"><span class='ocrx_word' id='word_1_28' title='bbox 142 439 337 479; x_wconf 90' lang='lat' dir='ltr'>terorum</span> <span class='ocrx_word' id='word_1_29' title='bbox 362 450 417 485; x_wconf 89' lang='lat' dir='ltr'>ex</span> <span class='ocrx_word' id='word_1_30' title='bbox 443 438 562 478; x_wconf 89' lang='lat' dir='ltr'>omni</span> <span class='ocrx_word' id='word_1_31' title='bbox 587 437 755 487; x_wconf 90' lang='lat' dir='ltr'>ordine,</span> <span class='ocrx_word' id='word_1_32' title='bbox 783 442 900 480; x_wconf 86' lang='lat' dir='ltr'>statu</span> <span class='ocrx_word' id='word_1_33' title='bbox 925 443 969 479; x_wconf 89' lang='lat' dir='ltr'>et</span> 
     </span>
     <span class='ocr_line' id='line_1_5' title="bbox 142 493 968 545; baseline 0.001 -11"><span class='ocrx_word' id='word_1_34' title='bbox 142 506 279 545; x_wconf 91' lang='lat' dir='ltr'>regno</span> <span class='ocrx_word' id='word_1_35' title='bbox 309 493 633 536; x_wconf 84' lang='lat' dir='ltr'>multitudinem</span> <span class='ocrx_word' id='word_1_36' title='bbox 667 497 968 545; x_wconf 66' lang='lat' dir='ltr'>congregasse,</span> 
     </span>
     <span class='ocr_line' id='line_1_6' title="bbox 145 549 968 603; baseline -0.001 -11"><span class='ocrx_word' id='word_1_37' title='bbox 145 550 218 603; x_wconf 90' lang='lat' dir='ltr'>qui</span> <span class='ocrx_word' id='word_1_38' title='bbox 250 550 306 591; x_wconf 90' lang='lat' dir='ltr'>ad</span> <span class='ocrx_word' id='word_1_39' title='bbox 331 549 554 592; x_wconf 88' lang='lat' dir='ltr'>difficilem</span> <span class='ocrx_word' id='word_1_40' title='bbox 587 550 698 592; x_wconf 82' lang='lat' dir='ltr'>adeo</span> <span class='ocrx_word' id='word_1_41' title='bbox 730 550 968 602; x_wconf 89' lang='lat' dir='ltr'>expeditio-</span> 
     </span>
     <span class='ocr_line' id='line_1_7' title="bbox 143 606 968 659; baseline 0.001 -12"><span class='ocrx_word' id='word_1_42' title='bbox 143 619 243 648; x_wconf 92' lang='lat' dir='ltr'>nem</span> <span class='ocrx_word' id='word_1_43' title='bbox 261 611 420 659; x_wconf 88' lang='lat' dir='ltr'>sponte</span> <span class='ocrx_word' id='word_1_44' title='bbox 441 612 484 648; x_wconf 94' lang='lat' dir='ltr'>et</span> <span class='ocrx_word' id='word_1_45' title='bbox 504 606 637 648; x_wconf 89' lang='lat' dir='ltr'>alacri</span> <span class='ocrx_word' id='word_1_46' title='bbox 653 606 797 648; x_wconf 90' lang='lat' dir='ltr'>animo</span> <span class='ocrx_word' id='word_1_47' title='bbox 811 619 968 659; x_wconf 90' lang='lat' dir='ltr'>prope-</span> 
     </span>
     <span class='ocr_line' id='line_1_8' title="bbox 144 662 970 716; baseline 0 -12"><span class='ocrx_word' id='word_1_48' title='bbox 144 665 307 713; x_wconf 88' lang='lat' dir='ltr'>rarent;</span> <span class='ocrx_word' id='word_1_49' title='bbox 335 662 493 716; x_wconf 86' lang='lat' dir='ltr'>quibus</span> <span class='ocrx_word' id='word_1_50' title='bbox 520 676 603 716; x_wconf 89' lang='lat' dir='ltr'>pro</span> <span class='ocrx_word' id='word_1_51' title='bbox 630 662 850 715; x_wconf 89' lang='lat' dir='ltr'>stipendio</span> <span class='ocrx_word' id='word_1_52' title='bbox 877 663 970 704; x_wconf 89' lang='lat' dir='ltr'>sola</span> 
     </span>
     <span class='ocr_line' id='line_1_9' title="bbox 143 719 968 773; baseline 0 -13"><span class='ocrx_word' id='word_1_53' title='bbox 143 719 478 773; x_wconf 68' lang='lat' dir='ltr'>proponebatur</span> <span class='ocrx_word' id='word_1_54' title='bbox 513 721 798 772; x_wconf 90' lang='lat' dir='ltr'>peccatorum</span> <span class='ocrx_word' id='word_1_55' title='bbox 832 719 968 761; x_wconf 92' lang='lat' dir='ltr'>indul-</span> 
     </span>
     <span class='ocr_line' id='line_1_10' title="bbox 143 775 969 829; baseline 0 -12"><span class='ocrx_word' id='word_1_56' title='bbox 143 776 306 827; x_wconf 88' lang='lat' dir='ltr'>gentia,</span> <span class='ocrx_word' id='word_1_57' title='bbox 339 781 383 817; x_wconf 93' lang='lat' dir='ltr'>et</span> <span class='ocrx_word' id='word_1_58' title='bbox 411 775 506 817; x_wconf 90' lang='lat' dir='ltr'>sola</span> <span class='ocrx_word' id='word_1_59' title='bbox 535 789 636 829; x_wconf 91' lang='lat' dir='ltr'>spes</span> <span class='ocrx_word' id='word_1_60' title='bbox 664 776 766 817; x_wconf 86' lang='lat' dir='ltr'>vitae</span> <span class='ocrx_word' id='word_1_61' title='bbox 795 778 969 817; x_wconf 87' lang='lat' dir='ltr'>aeternae</span> 
     </span>
     <span class='ocr_line' id='line_1_11' title="bbox 144 833 451 886; baseline -0.003 -12"><span class='ocrx_word' id='word_1_62' title='bbox 144 845 227 886; x_wconf 92' lang='lat' dir='ltr'>pro</span> <span class='ocrx_word' id='word_1_63' title='bbox 255 833 451 885; x_wconf 85' lang='lat' dir='ltr'>praemio.</span> 
     </span>
    </p>

    <p class='ocr_par' dir='ltr' id='par_1_3' title="bbox 145 888 970 996">
     <span class='ocr_line' id='line_1_12' title="bbox 194 888 969 944; baseline -0.001 -13"><span class='ocrx_word' id='word_1_64' title='bbox 194 891 246 944; x_wconf 72' lang='lat' dir='ltr'>R.</span> <span class='ocrx_word' id='word_1_65' title='bbox 282 889 416 931; x_wconf 90' lang='lat' dir='ltr'>Posui</span> <span class='ocrx_word' id='word_1_66' title='bbox 445 888 705 940; x_wconf 89' lang='lat' dir='ltr'>adjutorium</span> <span class='ocrx_word' id='word_1_67' title='bbox 737 902 868 942; x_wconf 90' lang='lat' dir='ltr'>super</span> <span class='ocrx_word' id='word_1_68' title='bbox 894 902 969 942; x_wconf 94' lang='lat' dir='ltr'>po-</span> 
     </span>
     <span class='ocr_line' id='line_1_13' title="bbox 145 945 970 996; baseline -0.001 -8"><span class='ocrx_word' id='word_1_69' title='bbox 145 947 325 996; x_wconf 87' lang='lat' dir='ltr'>tentem,</span> <span class='ocrx_word' id='word_1_70' title='bbox 372 950 416 987; x_wconf 92' lang='lat' dir='ltr'>et</span> <span class='ocrx_word' id='word_1_71' title='bbox 458 945 647 987; x_wconf 87' lang='lat' dir='ltr'>exaltavi</span> <span class='ocrx_word' id='word_1_72' title='bbox 689 945 873 987; x_wconf 89' lang='lat' dir='ltr'>electum</span> <span class='ocrx_word' id='word_1_73' title='bbox 916 946 970 987; x_wconf 93' lang='lat' dir='ltr'>de</span> 
     </span>
    </p>
   </div>
   <div class='ocr_carea' id='block_1_3' title="bbox 144 1002 1019 1055">
    <p class='ocr_par' dir='ltr' id='par_1_4' title="bbox 144 1002 1019 1055">
     <span class='ocr_line' id='line_1_14' title="bbox 144 1002 1019 1055; baseline 0 -11"><span class='ocrx_word' id='word_1_74' title='bbox 144 1002 275 1055; x_wconf 85' lang='lat' dir='ltr'>plebe</span> <span class='ocrx_word' id='word_1_75' title='bbox 315 1015 429 1044; x_wconf 88' lang='lat' dir='ltr'>mea:</span> <span class='ocrx_word' id='word_1_76' title='bbox 467 1004 490 1029; x_wconf 80' lang='grc'>*</span> <span class='ocrx_word' id='word_1_77' title='bbox 524 1002 679 1043; x_wconf 89' lang='lat' dir='ltr'>Manus</span> <span class='ocrx_word' id='word_1_78' title='bbox 720 1002 833 1043; x_wconf 90' lang='lat' dir='ltr'>enim</span> <span class='ocrx_word' id='word_1_79' title='bbox 873 1015 970 1044; x_wconf 88' lang='lat' dir='ltr'>mea</span> <span class='ocrx_word' id='word_1_80' title='bbox 1011 1013 1019 1018; x_wconf 84' lang='lat'><strong>·</strong></span> 
     </span>
    </p>
   </div>
   <div class='ocr_carea' id='block_1_4' title="bbox 142 1054 971 2521">
    <p class='ocr_par' dir='ltr' id='par_1_5' title="bbox 146 1054 971 1268">
     <span class='ocr_line' id='line_1_15' title="bbox 146 1054 971 1106; baseline 0 -6"><span class='ocrx_word' id='word_1_81' title='bbox 146 1058 424 1100; x_wconf 67' lang='lat' dir='ltr'>auxiliabitur</span> <span class='ocrx_word' id='word_1_82' title='bbox 462 1058 512 1099; x_wconf 91' lang='lat' dir='ltr'>ei.</span> <span class='ocrx_word' id='word_1_83' title='bbox 556 1054 605 1106; x_wconf 69' lang='lat' dir='ltr'>V.</span> <span class='ocrx_word' id='word_1_84' title='bbox 644 1059 794 1099; x_wconf 86' lang='lat' dir='ltr'>Inveni</span> <span class='ocrx_word' id='word_1_85' title='bbox 826 1058 971 1100; x_wconf 85' lang='lat' dir='ltr'>David</span> 
     </span>
     <span class='ocr_line' id='line_1_16' title="bbox 146 1114 969 1164; baseline 0 -8"><span class='ocrx_word' id='word_1_86' title='bbox 146 1128 322 1158; x_wconf 87' lang='lat' dir='ltr'>servum</span> <span class='ocrx_word' id='word_1_87' title='bbox 351 1128 513 1164; x_wconf 90' lang='lat' dir='ltr'>meum,</span> <span class='ocrx_word' id='word_1_88' title='bbox 556 1114 655 1157; x_wconf 91' lang='lat' dir='ltr'>oleo</span> <span class='ocrx_word' id='word_1_89' title='bbox 688 1120 839 1156; x_wconf 89' lang='lat' dir='ltr'>sancto</span> <span class='ocrx_word' id='word_1_90' title='bbox 871 1128 969 1156; x_wconf 92' lang='lat' dir='ltr'>meo</span> 
     </span>
     <span class='ocr_line' id='line_1_17' title="bbox 146 1172 574 1214; baseline -0.005 0"><span class='ocrx_word' id='word_1_91' title='bbox 146 1172 251 1214; x_wconf 90' lang='lat' dir='ltr'>unxi</span> <span class='ocrx_word' id='word_1_92' title='bbox 269 1185 379 1214; x_wconf 91' lang='lat' dir='ltr'>eum.</span> <span class='ocrx_word' id='word_1_93' title='bbox 406 1172 574 1212; x_wconf 89' lang='lat' dir='ltr'>Manus.</span> 
     </span>
     <span class='ocr_line' id='line_1_18' title="bbox 443 1227 669 1268; baseline -0.004 0"><span class='ocrx_word' id='word_1_94' title='bbox 443 1227 595 1268; x_wconf 85' lang='lat' dir='ltr'>Lectio</span> <span class='ocrx_word' id='word_1_95' title='bbox 616 1228 669 1267; x_wconf 80' lang='lat' dir='ltr'>vi.</span> 
     </span>
    </p>

    <p class='ocr_par' dir='ltr' id='par_1_6' title="bbox 228 1284 969 1335">
     <span class='ocr_line' id='line_1_19' title="bbox 228 1284 969 1335; baseline -0.003 -9"><span class='ocrx_word' id='word_1_96' title='bbox 228 1286 373 1326; x_wconf 89' lang='lat' dir='ltr'>eatam</span> <span class='ocrx_word' id='word_1_97' title='bbox 404 1285 489 1326; x_wconf 93' lang='lat' dir='ltr'>Dei</span> <span class='ocrx_word' id='word_1_98' title='bbox 525 1284 792 1326; x_wconf 88' lang='lat' dir='ltr'>Genitricem</span> <span class='ocrx_word' id='word_1_99' title='bbox 829 1284 969 1335; x_wconf 86' lang='lat' dir='ltr'>singu-</span> 
     </span>
    </p>

    <p class='ocr_par' dir='ltr' id='par_1_7' title="bbox 142 1341 971 2521">
     <span class='ocr_line' id='line_1_20' title="bbox 246 1341 970 1394; baseline -0.001 -12"><span class='ocrx_word' id='word_1_100' title='bbox 246 1341 329 1382; x_wconf 92' lang='lat' dir='ltr'>lari</span> <span class='ocrx_word' id='word_1_101' title='bbox 344 1341 559 1394; x_wconf 87' lang='lat' dir='ltr'>obsequio</span> <span class='ocrx_word' id='word_1_102' title='bbox 574 1343 858 1393; x_wconf 90' lang='lat' dir='ltr'>prosequens,</span> <span class='ocrx_word' id='word_1_103' title='bbox 875 1354 970 1393; x_wconf 91' lang='lat' dir='ltr'>spe-</span> 
     </span>
     <span class='ocr_line' id='line_1_21' title="bbox 145 1397 971 1451; baseline -0.001 -12"><span class='ocrx_word' id='word_1_104' title='bbox 145 1397 318 1439; x_wconf 89' lang='lat' dir='ltr'>cialium</span> <span class='ocrx_word' id='word_1_105' title='bbox 349 1411 532 1451; x_wconf 90' lang='lat' dir='ltr'>precum</span> <span class='ocrx_word' id='word_1_106' title='bbox 562 1398 607 1438; x_wconf 91' lang='lat' dir='ltr'>in</span> <span class='ocrx_word' id='word_1_107' title='bbox 639 1398 728 1449; x_wconf 90' lang='lat' dir='ltr'>ejus</span> <span class='ocrx_word' id='word_1_108' title='bbox 759 1397 971 1438; x_wconf 84' lang='lat' dir='ltr'>honorem</span> 
     </span>
     <span class='ocr_line' id='line_1_22' title="bbox 143 1453 970 1506; baseline -0.002 -10"><span class='ocrx_word' id='word_1_109' title='bbox 143 1454 447 1496; x_wconf 79' lang='lat' dir='ltr'>recitationem</span> <span class='ocrx_word' id='word_1_110' title='bbox 461 1454 629 1495; x_wconf 88' lang='lat' dir='ltr'>clericis</span> <span class='ocrx_word' id='word_1_111' title='bbox 644 1466 768 1506; x_wconf 89' lang='lat' dir='ltr'>aeque</span> <span class='ocrx_word' id='word_1_112' title='bbox 784 1466 835 1494; x_wconf 89' lang='lat' dir='ltr'>ac</span> <span class='ocrx_word' id='word_1_113' title='bbox 850 1453 970 1495; x_wconf 90' lang='lat' dir='ltr'>laicis</span> 
     </span>
     <span class='ocr_line' id='line_1_23' title="bbox 145 1509 971 1562; baseline -0.001 -10"><span class='ocrx_word' id='word_1_114' title='bbox 145 1523 197 1552; x_wconf 90' lang='lat' dir='ltr'>ea</span> <span class='ocrx_word' id='word_1_115' title='bbox 215 1511 447 1553; x_wconf 83' lang='lat' dir='ltr'>occasione</span> <span class='ocrx_word' id='word_1_116' title='bbox 468 1511 635 1560; x_wconf 84' lang='lat' dir='ltr'>indixit,</span> <span class='ocrx_word' id='word_1_117' title='bbox 657 1516 705 1552; x_wconf 93' lang='lat' dir='ltr'>ut</span> <span class='ocrx_word' id='word_1_118' title='bbox 725 1510 799 1562; x_wconf 89' lang='lat' dir='ltr'>qui</span> <span class='ocrx_word' id='word_1_119' title='bbox 817 1509 971 1552; x_wconf 90' lang='lat' dir='ltr'>fideles</span> 
     </span>
     <span class='ocr_line' id='line_1_24' title="bbox 144 1566 971 1620; baseline -0.001 -12"><span class='ocrx_word' id='word_1_120' title='bbox 144 1567 437 1620; x_wconf 89' lang='lat' dir='ltr'>suscipiendae</span> <span class='ocrx_word' id='word_1_121' title='bbox 475 1566 743 1620; x_wconf 84' lang='lat' dir='ltr'>expeditioni</span> <span class='ocrx_word' id='word_1_122' title='bbox 779 1568 971 1619; x_wconf 89' lang='lat' dir='ltr'>impares</span> 
     </span>
     <span class='ocr_line' id='line_1_25' title="bbox 144 1623 971 1676; baseline -0.002 -11"><span class='ocrx_word' id='word_1_123' title='bbox 144 1629 301 1674; x_wconf 84' lang='lat' dir='ltr'>essent,</span> <span class='ocrx_word' id='word_1_124' title='bbox 319 1624 481 1666; x_wconf 83' lang='lat' dir='ltr'>milites</span> <span class='ocrx_word' id='word_1_125' title='bbox 501 1636 583 1676; x_wconf 94' lang='lat' dir='ltr'>pro</span> <span class='ocrx_word' id='word_1_126' title='bbox 603 1623 823 1674; x_wconf 84' lang='lat' dir='ltr'>religionis</span> <span class='ocrx_word' id='word_1_127' title='bbox 840 1635 971 1664; x_wconf 89' lang='lat' dir='ltr'>causa</span> 
     </span>
     <span class='ocr_line' id='line_1_26' title="bbox 145 1678 969 1723; baseline -0.002 -1"><span class='ocrx_word' id='word_1_128' title='bbox 145 1679 401 1723; x_wconf 78' lang='lat' dir='ltr'>dimicantes</span> <span class='ocrx_word' id='word_1_129' title='bbox 425 1681 581 1722; x_wconf 90' lang='lat' dir='ltr'>saltem</span> <span class='ocrx_word' id='word_1_130' title='bbox 606 1679 877 1721; x_wconf 90' lang='lat' dir='ltr'>orationibus</span> <span class='ocrx_word' id='word_1_131' title='bbox 898 1678 969 1720; x_wconf 91' lang='lat' dir='ltr'>ad-</span> 
     </span>
     <span class='ocr_line' id='line_1_27' title="bbox 143 1735 971 1788; baseline -0.002 -10"><span class='ocrx_word' id='word_1_132' title='bbox 143 1737 352 1788; x_wconf 84' lang='lat' dir='ltr'>iuvarent.</span> <span class='ocrx_word' id='word_1_133' title='bbox 408 1738 523 1779; x_wconf 89' lang='lat' dir='ltr'>Hinc</span> <span class='ocrx_word' id='word_1_134' title='bbox 564 1742 607 1779; x_wconf 89' lang='lat' dir='ltr'>et</span> <span class='ocrx_word' id='word_1_135' title='bbox 649 1736 791 1778; x_wconf 90' lang='lat' dir='ltr'>cultus</span> <span class='ocrx_word' id='word_1_136' title='bbox 827 1735 971 1777; x_wconf 86' lang='lat' dir='ltr'>beatae</span> 
     </span>
     <span class='ocr_line' id='line_1_28' title="bbox 142 1791 970 1847; baseline -0.002 -13"><span class='ocrx_word' id='word_1_137' title='bbox 142 1793 311 1844; x_wconf 87' lang='lat' dir='ltr'>Mariae,</span> <span class='ocrx_word' id='word_1_138' title='bbox 346 1794 421 1847; x_wconf 80' lang='lat' dir='ltr'>qui</span> <span class='ocrx_word' id='word_1_139' title='bbox 452 1793 672 1846; x_wconf 81' lang='lat' dir='ltr'>hodieque</span> <span class='ocrx_word' id='word_1_140' title='bbox 703 1793 747 1833; x_wconf 90' lang='lat' dir='ltr'>in</span> <span class='ocrx_word' id='word_1_141' title='bbox 775 1791 970 1834; x_wconf 90' lang='lat' dir='ltr'>Sabbato</span> 
     </span>
     <span class='ocr_line' id='line_1_29' title="bbox 144 1848 970 1900; baseline -0.004 -9"><span class='ocrx_word' id='word_1_142' title='bbox 144 1849 356 1892; x_wconf 88' lang='lat' dir='ltr'>celebrari</span> <span class='ocrx_word' id='word_1_143' title='bbox 392 1850 523 1900; x_wconf 88' lang='lat' dir='ltr'>solet,</span> <span class='ocrx_word' id='word_1_144' title='bbox 565 1849 620 1892; x_wconf 90' lang='lat' dir='ltr'>ab</span> <span class='ocrx_word' id='word_1_145' title='bbox 657 1862 710 1891; x_wconf 92' lang='lat' dir='ltr'>eo</span> <span class='ocrx_word' id='word_1_146' title='bbox 746 1848 970 1889; x_wconf 69' lang='lat' dir='ltr'>institatus</span> 
     </span>
     <span class='ocr_line' id='line_1_30' title="bbox 142 1904 970 1959; baseline -0.002 -13"><span class='ocrx_word' id='word_1_147' title='bbox 142 1905 277 1948; x_wconf 88' lang='lat' dir='ltr'>fuisse</span> <span class='ocrx_word' id='word_1_148' title='bbox 306 1907 572 1959; x_wconf 84' lang='lat' dir='ltr'>perhibetur.</span> <span class='ocrx_word' id='word_1_149' title='bbox 618 1907 727 1947; x_wconf 89' lang='lat' dir='ltr'>Post</span> <span class='ocrx_word' id='word_1_150' title='bbox 758 1904 970 1957; x_wconf 81' lang='lat' dir='ltr'>plurimos</span> 
     </span>
     <span class='ocr_line' id='line_1_31' title="bbox 143 1960 968 2015; baseline -0.002 -13"><span class='ocrx_word' id='word_1_151' title='bbox 143 1967 291 2004; x_wconf 91' lang='lat' dir='ltr'>autem</span> <span class='ocrx_word' id='word_1_152' title='bbox 314 1962 491 2013; x_wconf 81' lang='lat' dir='ltr'>labores</span> <span class='ocrx_word' id='word_1_153' title='bbox 516 1975 599 2015; x_wconf 92' lang='lat' dir='ltr'>pro</span> <span class='ocrx_word' id='word_1_154' title='bbox 619 1960 818 2003; x_wconf 81' lang='lat' dir='ltr'>Ecclesia</span> <span class='ocrx_word' id='word_1_155' title='bbox 844 1972 968 2012; x_wconf 88' lang='lat' dir='ltr'>supe-</span> 
     </span>
     <span class='ocr_line' id='line_1_32' title="bbox 143 2019 970 2071; baseline -0.004 -11"><span class='ocrx_word' id='word_1_156' title='bbox 143 2021 282 2070; x_wconf 88' lang='lat' dir='ltr'>ratos,</span> <span class='ocrx_word' id='word_1_157' title='bbox 306 2020 480 2070; x_wconf 84' lang='lat' dir='ltr'>Romae,</span> <span class='ocrx_word' id='word_1_158' title='bbox 512 2032 611 2071; x_wconf 88' lang='lat' dir='ltr'>quae</span> <span class='ocrx_word' id='word_1_159' title='bbox 638 2019 850 2071; x_wconf 80' lang='lat' dir='ltr'>jamcum</span> <span class='ocrx_word' id='word_1_160' title='bbox 878 2021 970 2057; x_wconf 89' lang='lat' dir='ltr'>tota</span> 
     </span>
     <span class='ocr_line' id='line_1_33' title="bbox 143 2073 968 2127; baseline -0.005 -11"><span class='ocrx_word' id='word_1_161' title='bbox 143 2074 272 2117; x_wconf 89' lang='lat' dir='ltr'>Italia</span> <span class='ocrx_word' id='word_1_162' title='bbox 299 2076 354 2118; x_wconf 92' lang='lat' dir='ltr'>ab</span> <span class='ocrx_word' id='word_1_163' title='bbox 379 2076 561 2117; x_wconf 88' lang='lat' dir='ltr'>Henrici</span> <span class='ocrx_word' id='word_1_164' title='bbox 586 2073 864 2127; x_wconf 88' lang='lat' dir='ltr'>imperatoris</span> <span class='ocrx_word' id='word_1_165' title='bbox 893 2085 968 2124; x_wconf 93' lang='lat' dir='ltr'>op-</span> 
     </span>
     <span class='ocr_line' id='line_1_34' title="bbox 143 2129 968 2184; baseline -0.006 -11"><span class='ocrx_word' id='word_1_166' title='bbox 143 2132 371 2184; x_wconf 90' lang='lat' dir='ltr'>pressione</span> <span class='ocrx_word' id='word_1_167' title='bbox 386 2134 596 2181; x_wconf 88' lang='lat' dir='ltr'>evaserat,</span> <span class='ocrx_word' id='word_1_168' title='bbox 615 2129 849 2172; x_wconf 89' lang='lat' dir='ltr'>universali</span> <span class='ocrx_word' id='word_1_169' title='bbox 864 2141 968 2180; x_wconf 94' lang='lat' dir='ltr'>quo-</span> 
     </span>
     <span class='ocr_line' id='line_1_35' title="bbox 145 2186 968 2240; baseline -0.006 -10"><span class='ocrx_word' id='word_1_170' title='bbox 145 2200 229 2240; x_wconf 88' lang='lat' dir='ltr'>que</span> <span class='ocrx_word' id='word_1_171' title='bbox 243 2188 444 2230; x_wconf 88' lang='lat' dir='ltr'>Ecclesia</span> <span class='ocrx_word' id='word_1_172' title='bbox 462 2188 506 2229; x_wconf 93' lang='lat' dir='ltr'>in</span> <span class='ocrx_word' id='word_1_173' title='bbox 524 2186 871 2239; x_wconf 89' lang='lat' dir='ltr'>tranquilliorem</span> <span class='ocrx_word' id='word_1_174' title='bbox 886 2190 968 2226; x_wconf 88' lang='lat' dir='ltr'>sta-</span> 
     </span>
     <span class='ocr_line' id='line_1_36' title="bbox 142 2241 970 2294; baseline -0.007 -8"><span class='ocrx_word' id='word_1_175' title='bbox 142 2248 236 2285; x_wconf 89' lang='lat' dir='ltr'>tum</span> <span class='ocrx_word' id='word_1_176' title='bbox 262 2247 486 2294; x_wconf 87' lang='lat' dir='ltr'>revocata,</span> <span class='ocrx_word' id='word_1_177' title='bbox 513 2242 691 2286; x_wconf 91' lang='lat' dir='ltr'>tandem</span> <span class='ocrx_word' id='word_1_178' title='bbox 716 2241 970 2283; x_wconf 91' lang='lat' dir='ltr'>meritorum</span> 
     </span>
     <span class='ocr_line' id='line_1_37' title="bbox 143 2298 968 2353; baseline -0.007 -11"><span class='ocrx_word' id='word_1_179' title='bbox 143 2300 283 2351; x_wconf 87' lang='lat' dir='ltr'>magis</span> <span class='ocrx_word' id='word_1_180' title='bbox 309 2313 443 2353; x_wconf 90' lang='lat' dir='ltr'>quam</span> <span class='ocrx_word' id='word_1_181' title='bbox 466 2301 636 2342; x_wconf 91' lang='lat' dir='ltr'>dierum</span> <span class='ocrx_word' id='word_1_182' title='bbox 659 2298 831 2352; x_wconf 92' lang='lat' dir='ltr'>plenus,</span> <span class='ocrx_word' id='word_1_183' title='bbox 856 2308 968 2337; x_wconf 91' lang='lat' dir='ltr'>anno</span> 
     </span>
     <span class='ocr_line' id='line_1_38' title="bbox 143 2351 969 2408; baseline -0.006 -11"><span class='ocrx_word' id='word_1_184' title='bbox 143 2356 375 2399; x_wconf 88' lang='lat' dir='ltr'>millesimo</span> <span class='ocrx_word' id='word_1_185' title='bbox 409 2356 694 2408; x_wconf 90' lang='lat' dir='ltr'>nonagesimo</span> <span class='ocrx_word' id='word_1_186' title='bbox 729 2365 862 2402; x_wconf 91' lang='lat' dir='ltr'>nono,</span> <span class='ocrx_word' id='word_1_187' title='bbox 900 2351 969 2393; x_wconf 90' lang='lat' dir='ltr'>die</span> 
     </span>
     <span class='ocr_line' id='line_1_39' title="bbox 145 2410 969 2471; baseline -0.005 -18"><span class='ocrx_word' id='word_1_188' title='bbox 145 2413 354 2464; x_wconf 89' lang='lat' dir='ltr'>vigesima</span> <span class='ocrx_word' id='word_1_189' title='bbox 377 2426 493 2471; x_wconf 76' lang='lat' dir='ltr'>nona</span> <span class='ocrx_word' id='word_1_190' title='bbox 510 2414 534 2454; x_wconf 90' lang='lat' dir='ltr'>J</span> <span class='ocrx_word' id='word_1_191' title='bbox 537 2413 613 2454; x_wconf 81' lang='lat' dir='ltr'>ulii</span> <span class='ocrx_word' id='word_1_192' title='bbox 632 2411 822 2463; x_wconf 87' lang='lat' dir='ltr'>gloriosa</span> <span class='ocrx_word' id='word_1_193' title='bbox 840 2410 969 2460; x_wconf 87' lang='lat' dir='ltr'>justo-</span> 
     </span>
     <span class='ocr_line' id='line_1_40' title="bbox 144 2464 968 2521; baseline -0.007 -12"><span class='ocrx_word' id='word_1_194' title='bbox 144 2481 240 2509; x_wconf 93' lang='lat' dir='ltr'>rum</span> <span class='ocrx_word' id='word_1_195' title='bbox 262 2474 407 2511; x_wconf 91' lang='lat' dir='ltr'>morte</span> <span class='ocrx_word' id='word_1_196' title='bbox 432 2469 612 2521; x_wconf 89' lang='lat' dir='ltr'>quievit,</span> <span class='ocrx_word' id='word_1_197' title='bbox 638 2481 736 2510; x_wconf 92' lang='lat' dir='ltr'>cum</span> <span class='ocrx_word' id='word_1_198' title='bbox 754 2465 873 2507; x_wconf 88' lang='lat' dir='ltr'>Petri</span> <span class='ocrx_word' id='word_1_199' title='bbox 892 2464 968 2504; x_wconf 89' lang='lat' dir='ltr'>Ca-</span> 
     </span>
    </p>
   </div>
   <div class='ocr_carea' id='block_1_5' title="bbox 143 2520 1105 2690">
    <p class='ocr_par' dir='ltr' id='par_1_8' title="bbox 143 2520 1105 2690">
     <span class='ocr_line' id='line_1_41' title="bbox 143 2520 1105 2573; baseline -0.009 -6"><span class='ocrx_word' id='word_1_200' title='bbox 143 2524 344 2567; x_wconf 90' lang='lat' dir='ltr'>thedram</span> <span class='ocrx_word' id='word_1_201' title='bbox 362 2528 576 2567; x_wconf 90' lang='lat' dir='ltr'>tenuisset</span> <span class='ocrx_word' id='word_1_202' title='bbox 600 2537 736 2566; x_wconf 88' lang='lat' dir='ltr'>annos</span> <span class='ocrx_word' id='word_1_203' title='bbox 755 2520 970 2569; x_wconf 80' lang='lat' dir='ltr'>undecim,</span> <span class='ocrx_word' id='word_1_204' title='bbox 1025 2536 1034 2573; x_wconf 30' lang='lat' dir='ltr'>ss</span> <span class='ocrx_word' id='word_1_205' title='bbox 1048 2536 1105 2569; x_wconf 48' lang='lat' dir='ltr'>ff</span> 
     </span>
     <span class='ocr_line' id='line_1_42' title="bbox 143 2579 1059 2634; baseline -0.009 -12"><span class='ocrx_word' id='word_1_206' title='bbox 143 2594 316 2623; x_wconf 90' lang='lat' dir='ltr'>menses</span> <span class='ocrx_word' id='word_1_207' title='bbox 354 2584 562 2634; x_wconf 91' lang='lat' dir='ltr'>quatuor,</span> <span class='ocrx_word' id='word_1_208' title='bbox 608 2580 701 2622; x_wconf 89' lang='lat' dir='ltr'>dies</span> <span class='ocrx_word' id='word_1_209' title='bbox 738 2579 891 2620; x_wconf 91' lang='lat' dir='ltr'>decem</span> <span class='ocrx_word' id='word_1_210' title='bbox 927 2580 970 2617; x_wconf 91' lang='lat' dir='ltr'>et</span> <span class='ocrx_word' id='word_1_211' title='bbox 1025 2578 1059 2615; x_wconf 52' lang='lat'>{3²²</span> 
     </span>
     <span class='ocr_line' id='line_1_43' title="bbox 145 2632 1098 2690; baseline -0.009 -11"><span class='ocrx_word' id='word_1_212' title='bbox 145 2634 257 2679; x_wconf 88' lang='lat' dir='ltr'>octo.</span> <span class='ocrx_word' id='word_1_213' title='bbox 286 2638 456 2690; x_wconf 91' lang='lat' dir='ltr'>Corpus</span> <span class='ocrx_word' id='word_1_214' title='bbox 476 2651 530 2679; x_wconf 90' lang='lat' dir='ltr'>ex</span> <span class='ocrx_word' id='word_1_215' title='bbox 545 2636 714 2678; x_wconf 82' lang='lat' dir='ltr'>aedibus</span> <span class='ocrx_word' id='word_1_216' title='bbox 729 2633 847 2676; x_wconf 90' lang='lat' dir='ltr'>Petri</span> <span class='ocrx_word' id='word_1_217' title='bbox 860 2632 969 2672; x_wconf 92' lang='lat' dir='ltr'>Leo·</span> <span class='ocrx_word' id='word_1_218' title='bbox 1035 2653 1039 2654; x_wconf 31' lang='grc' dir='ltr'><em>ν</em></span> <span class='ocrx_word' id='word_1_219' title='bbox 1063 2650 1098 2652; x_wconf 33' lang='grc' dir='ltr'>-ψ</span> 
     </span>
    </p>
   </div>
   <div class='ocr_carea' id='block_1_6' title="bbox 144 2688 971 2793">
    <p class='ocr_par' dir='ltr' id='par_1_9' title="bbox 144 2688 971 2793">
     <span class='ocr_line' id='line_1_44' title="bbox 144 2688 971 2746; baseline -0.008 -12"><span class='ocrx_word' id='word_1_220' title='bbox 144 2693 210 2735; x_wconf 90' lang='lat' dir='ltr'>nis</span> <span class='ocrx_word' id='word_1_221' title='bbox 225 2693 344 2746; x_wconf 92' lang='lat' dir='ltr'>apud</span> <span class='ocrx_word' id='word_1_222' title='bbox 358 2699 557 2735; x_wconf 89' lang='lat' dir='ltr'>sanctum</span> <span class='ocrx_word' id='word_1_223' title='bbox 571 2692 804 2734; x_wconf 84' lang='lat' dir='ltr'>Nicolaum</span> <span class='ocrx_word' id='word_1_224' title='bbox 818 2690 861 2730; x_wconf 92' lang='lat' dir='ltr'>in</span> <span class='ocrx_word' id='word_1_225' title='bbox 877 2688 971 2729; x_wconf 88' lang='lat' dir='ltr'>Car·</span> 
     </span>
     <span class='ocr_line' id='line_1_45' title="bbox 144 2743 969 2793; baseline -0.008 -2"><span class='ocrx_word' id='word_1_226' title='bbox 144 2762 244 2792; x_wconf 91' lang='lat' dir='ltr'>cere</span> <span class='ocrx_word' id='word_1_227' title='bbox 262 2750 320 2792; x_wconf 91' lang='lat' dir='ltr'>ad</span> <span class='ocrx_word' id='word_1_228' title='bbox 335 2750 561 2793; x_wconf 81' lang='lat' dir='ltr'>basilicam</span> <span class='ocrx_word' id='word_1_229' title='bbox 575 2748 835 2790; x_wconf 86' lang='lat' dir='ltr'>Vaticanam</span> <span class='ocrx_word' id='word_1_230' title='bbox 855 2743 969 2787; x_wconf 90' lang='lat' dir='ltr'>dela-</span> 
     </span>
    </p>
   </div>
   <div class='ocr_carea' id='block_1_7' title="bbox 1776 234 1841 269">
    <p class='ocr_par' dir='ltr' id='par_1_10' title="bbox 1776 234 1841 269">
     <span class='ocr_line' id='line_1_46' title="bbox 1776 234 1841 269; baseline 0 0"><span class='ocrx_word' id='word_1_231' title='bbox 1776 234 1841 269; x_wconf 79' lang='lat'>31*</span> 
     </span>
    </p>
   </div>
   <div class='ocr_carea' id='block_1_8' title="bbox 1020 327 1842 997">
    <p class='ocr_par' dir='ltr' id='par_1_11' title="bbox 1020 327 1842 997">
     <span class='ocr_line' id='line_1_47' title="bbox 1020 327 1840 379; baseline 0.004 -12"><span class='ocrx_word' id='word_1_232' title='bbox 1020 331 1112 367; x_wconf 89' lang='lat' dir='ltr'>tum</span> <span class='ocrx_word' id='word_1_233' title='bbox 1137 332 1218 377; x_wconf 91' lang='lat' dir='ltr'>est,</span> <span class='ocrx_word' id='word_1_234' title='bbox 1245 327 1393 379; x_wconf 84' lang='lat' dir='ltr'>ibique</span> <span class='ocrx_word' id='word_1_235' title='bbox 1417 328 1529 369; x_wconf 91' lang='lat' dir='ltr'>inter</span> <span class='ocrx_word' id='word_1_236' title='bbox 1553 331 1688 370; x_wconf 88' lang='lat' dir='ltr'>totius</span> <span class='ocrx_word' id='word_1_237' title='bbox 1711 329 1840 371; x_wconf 91' lang='lat' dir='ltr'>Urbis</span> 
     </span>
     <span class='ocr_line' id='line_1_48' title="bbox 1020 382 1840 427; baseline 0.005 -4"><span class='ocrx_word' id='word_1_238' title='bbox 1020 382 1184 424; x_wconf 91' lang='lat' dir='ltr'>luctum</span> <span class='ocrx_word' id='word_1_239' title='bbox 1198 388 1241 424; x_wconf 92' lang='lat' dir='ltr'>et</span> <span class='ocrx_word' id='word_1_240' title='bbox 1255 384 1475 425; x_wconf 86' lang='lat' dir='ltr'>tristitiam</span> <span class='ocrx_word' id='word_1_241' title='bbox 1489 384 1728 427; x_wconf 84' lang='lat' dir='ltr'>honorifice</span> <span class='ocrx_word' id='word_1_242' title='bbox 1742 387 1840 427; x_wconf 91' lang='lat' dir='ltr'>con-</span> 
     </span>
     <span class='ocr_line' id='line_1_49' title="bbox 1023 438 1840 492; baseline 0.005 -13"><span class='ocrx_word' id='word_1_243' title='bbox 1023 438 1171 480; x_wconf 91' lang='lat' dir='ltr'>ditum.</span> <span class='ocrx_word' id='word_1_244' title='bbox 1200 439 1372 481; x_wconf 90' lang='lat' dir='ltr'>Cultum</span> <span class='ocrx_word' id='word_1_245' title='bbox 1386 453 1525 492; x_wconf 91' lang='lat' dir='ltr'>usque</span> <span class='ocrx_word' id='word_1_246' title='bbox 1546 441 1600 482; x_wconf 90' lang='lat' dir='ltr'>ab</span> <span class='ocrx_word' id='word_1_247' title='bbox 1620 441 1840 483; x_wconf 91' lang='lat' dir='ltr'>immemo-</span> 
     </span>
     <span class='ocr_line' id='line_1_50' title="bbox 1021 494 1840 548; baseline 0.006 -14"><span class='ocrx_word' id='word_1_248' title='bbox 1021 494 1147 535; x_wconf 88' lang='lat' dir='ltr'>rabili</span> <span class='ocrx_word' id='word_1_249' title='bbox 1178 497 1377 548; x_wconf 91' lang='lat' dir='ltr'>tempore</span> <span class='ocrx_word' id='word_1_250' title='bbox 1409 496 1540 538; x_wconf 92' lang='lat' dir='ltr'>beato</span> <span class='ocrx_word' id='word_1_251' title='bbox 1567 497 1744 538; x_wconf 87' lang='lat' dir='ltr'>Urbano</span> <span class='ocrx_word' id='word_1_252' title='bbox 1778 511 1840 539; x_wconf 89' lang='lat' dir='ltr'>se-</span> 
     </span>
     <span class='ocr_line' id='line_1_51' title="bbox 1023 550 1840 595; baseline 0.004 -3"><span class='ocrx_word' id='word_1_253' title='bbox 1023 550 1167 593; x_wconf 81' lang='lat' dir='ltr'>cundo</span> <span class='ocrx_word' id='word_1_254' title='bbox 1187 552 1423 593; x_wconf 89' lang='lat' dir='ltr'>exhibitum</span> <span class='ocrx_word' id='word_1_255' title='bbox 1439 553 1530 594; x_wconf 93' lang='lat' dir='ltr'>Leo</span> <span class='ocrx_word' id='word_1_256' title='bbox 1551 553 1743 595; x_wconf 89' lang='lat' dir='ltr'>decimus</span> <span class='ocrx_word' id='word_1_257' title='bbox 1757 556 1840 595; x_wconf 89' lang='lat' dir='ltr'>ter-</span> 
     </span>
     <span class='ocr_line' id='line_1_52' title="bbox 1022 607 1841 652; baseline 0.005 -4"><span class='ocrx_word' id='word_1_258' title='bbox 1022 607 1108 648; x_wconf 89' lang='lat' dir='ltr'>tius</span> <span class='ocrx_word' id='word_1_259' title='bbox 1135 608 1337 650; x_wconf 83' lang='lat' dir='ltr'>Pontifex</span> <span class='ocrx_word' id='word_1_260' title='bbox 1364 609 1578 650; x_wconf 79' lang='lat' dir='ltr'>Maximus</span> <span class='ocrx_word' id='word_1_261' title='bbox 1611 622 1665 651; x_wconf 89' lang='lat' dir='ltr'>ex</span> <span class='ocrx_word' id='word_1_262' title='bbox 1691 611 1841 652; x_wconf 87' lang='lat' dir='ltr'>Sacro-</span> 
     </span>
     <span class='ocr_line' id='line_1_53' title="bbox 1022 665 1841 718; baseline 0.005 -14"><span class='ocrx_word' id='word_1_263' title='bbox 1022 677 1119 704; x_wconf 91' lang='lat' dir='ltr'>rum</span> <span class='ocrx_word' id='word_1_264' title='bbox 1145 665 1324 706; x_wconf 91' lang='lat' dir='ltr'>Rituum</span> <span class='ocrx_word' id='word_1_265' title='bbox 1353 665 1710 718; x_wconf 87' lang='lat' dir='ltr'>Congregationis</span> <span class='ocrx_word' id='word_1_266' title='bbox 1743 679 1841 708; x_wconf 90' lang='lat' dir='ltr'>con-</span> 
     </span>
     <span class='ocr_line' id='line_1_54' title="bbox 1023 720 1842 772; baseline 0.004 -11"><span class='ocrx_word' id='word_1_267' title='bbox 1023 720 1140 762; x_wconf 84' lang='lat' dir='ltr'>sulto</span> <span class='ocrx_word' id='word_1_268' title='bbox 1159 726 1300 762; x_wconf 88' lang='lat' dir='ltr'>ratum</span> <span class='ocrx_word' id='word_1_269' title='bbox 1318 721 1479 772; x_wconf 89' lang='lat' dir='ltr'>habuit,</span> <span class='ocrx_word' id='word_1_270' title='bbox 1499 727 1543 763; x_wconf 91' lang='lat' dir='ltr'>et</span> <span class='ocrx_word' id='word_1_271' title='bbox 1558 723 1842 772; x_wconf 91' lang='lat' dir='ltr'>confirmavit,</span> 
     </span>
     <span class='ocr_line' id='line_1_55' title="bbox 1023 777 1841 830; baseline 0.004 -13"><span class='ocrx_word' id='word_1_272' title='bbox 1023 781 1154 829; x_wconf 92' lang='lat' dir='ltr'>atque</span> <span class='ocrx_word' id='word_1_273' title='bbox 1174 777 1376 818; x_wconf 84' lang='lat' dir='ltr'>Officium</span> <span class='ocrx_word' id='word_1_274' title='bbox 1399 790 1496 819; x_wconf 90' lang='lat' dir='ltr'>cum</span> <span class='ocrx_word' id='word_1_275' title='bbox 1515 779 1662 828; x_wconf 90' lang='lat' dir='ltr'>Missa,</span> <span class='ocrx_word' id='word_1_276' title='bbox 1685 779 1729 819; x_wconf 93' lang='lat' dir='ltr'>in</span> <span class='ocrx_word' id='word_1_277' title='bbox 1752 780 1841 830; x_wconf 87' lang='lat' dir='ltr'>ejus</span> 
     </span>
     <span class='ocr_line' id='line_1_56' title="bbox 1022 833 1840 885; baseline 0.002 -11"><span class='ocrx_word' id='word_1_278' title='bbox 1022 833 1237 875; x_wconf 91' lang='lat' dir='ltr'>honorem</span> <span class='ocrx_word' id='word_1_279' title='bbox 1274 835 1504 885; x_wconf 89' lang='lat' dir='ltr'>quotannis</span> <span class='ocrx_word' id='word_1_280' title='bbox 1535 834 1840 876; x_wconf 90' lang='lat' dir='ltr'>celebrandum</span> 
     </span>
     <span class='ocr_line' id='line_1_57' title="bbox 1025 889 1840 940; baseline 0.002 -10"><span class='ocrx_word' id='word_1_281' title='bbox 1025 889 1152 931; x_wconf 92' lang='lat' dir='ltr'>Clero</span> <span class='ocrx_word' id='word_1_282' title='bbox 1178 890 1396 940; x_wconf 88' lang='lat' dir='ltr'>Romano,</span> <span class='ocrx_word' id='word_1_283' title='bbox 1421 890 1657 932; x_wconf 90' lang='lat' dir='ltr'>Rhemensi</span> <span class='ocrx_word' id='word_1_284' title='bbox 1681 904 1732 932; x_wconf 89' lang='lat' dir='ltr'>ac</span> <span class='ocrx_word' id='word_1_285' title='bbox 1755 891 1840 932; x_wconf 93' lang='lat' dir='ltr'>To-</span> 
     </span>
     <span class='ocr_line' id='line_1_58' title="bbox 1023 945 1587 997; baseline 0.002 -11"><span class='ocrx_word' id='word_1_286' title='bbox 1023 946 1175 987; x_wconf 89' lang='lat' dir='ltr'>losano</span> <span class='ocrx_word' id='word_1_287' title='bbox 1194 945 1380 997; x_wconf 85' lang='lat' dir='ltr'>benigne</span> <span class='ocrx_word' id='word_1_288' title='bbox 1398 947 1587 989; x_wconf 85' lang='lat' dir='ltr'>indulsit.</span> 
     </span>
    </p>
   </div>
   <div class='ocr_carea' id='block_1_9' title="bbox 1027 1012 1838 1269">
    <p class='ocr_par' dir='ltr' id='par_1_12' title="bbox 1027 1012 1838 1269">
     <span class='ocr_line' id='line_1_59' title="bbox 1074 1012 1420 1064; baseline 0 -12"><span class='ocrx_word' id='word_1_289' title='bbox 1074 1013 1124 1064; x_wconf 67' lang='lat' dir='ltr'>Rt·</span> <span class='ocrx_word' id='word_1_290' title='bbox 1142 1012 1231 1052; x_wconf 91' lang='lat' dir='ltr'>Iste</span> <span class='ocrx_word' id='word_1_291' title='bbox 1252 1016 1318 1053; x_wconf 93' lang='lat' dir='ltr'>est</span> <span class='ocrx_word' id='word_1_292' title='bbox 1337 1012 1420 1064; x_wconf 92' lang='lat' dir='ltr'>qui.</span> 
     </span>
     <span class='ocr_line' id='line_1_60' title="bbox 1073 1083 1837 1123; baseline -0.004 -5"><span class='ocrx_word' id='word_1_293' title='bbox 1073 1084 1114 1118; x_wconf 89' lang='lat' dir='ltr'>In</span> <span class='ocrx_word' id='word_1_294' title='bbox 1140 1084 1202 1120; x_wconf 81' lang='lat'>111.</span> <span class='ocrx_word' id='word_1_295' title='bbox 1224 1084 1420 1117; x_wconf 82' lang='lat' dir='ltr'>Nocturno</span> <span class='ocrx_word' id='word_1_296' title='bbox 1444 1083 1613 1117; x_wconf 85' lang='lat' dir='ltr'>Homilia</span> <span class='ocrx_word' id='word_1_297' title='bbox 1641 1084 1677 1116; x_wconf 93' lang='lat' dir='ltr'>in</span> <span class='ocrx_word' id='word_1_298' title='bbox 1696 1083 1837 1123; x_wconf 71' lang='lat' dir='ltr'>Evang.</span> 
     </span>
     <span class='ocr_line' id='line_1_61' title="bbox 1027 1131 1838 1175; baseline -0.004 -9"><span class='ocrx_word' id='word_1_299' title='bbox 1027 1131 1202 1175; x_wconf 69' lang='lat' dir='ltr'>Vigilate.</span> <span class='ocrx_word' id='word_1_300' title='bbox 1230 1132 1276 1165; x_wconf 86' lang='lat' dir='ltr'>de</span> <span class='ocrx_word' id='word_1_301' title='bbox 1307 1132 1439 1165; x_wconf 82' lang='lat' dir='ltr'>eodem</span> <span class='ocrx_word' id='word_1_302' title='bbox 1466 1131 1665 1165; x_wconf 82' lang='lat' dir='ltr'>Communi</span> <span class='ocrx_word' id='word_1_303' title='bbox 1691 1134 1718 1163; x_wconf 69' lang='lat'>2.</span> <span class='ocrx_word' id='word_1_304' title='bbox 1744 1131 1838 1163; x_wconf 80' lang='lat' dir='ltr'>loco.</span> 
     </span>
     <span class='ocr_line' id='line_1_62' title="bbox 1240 1218 1623 1269; baseline -0.003 -9"><span class='ocrx_word' id='word_1_305' title='bbox 1240 1219 1323 1260; x_wconf 93' lang='lat' dir='ltr'>Die</span> <span class='ocrx_word' id='word_1_306' title='bbox 1342 1219 1407 1259; x_wconf 88' lang='grc'>24.</span> <span class='ocrx_word' id='word_1_307' title='bbox 1425 1218 1623 1269; x_wconf 86' lang='lat' dir='ltr'>Augusti.</span> 
     </span>
    </p>
   </div>
   <div class='ocr_carea' id='block_1_10' title="bbox 1024 1282 1840 1390">
    <p class='ocr_par' dir='ltr' id='par_1_13' title="bbox 1024 1282 1840 1390">
     <span class='ocr_line' id='line_1_63' title="bbox 1024 1282 1840 1333; baseline 0 -10"><span class='ocrx_word' id='word_1_308' title='bbox 1024 1283 1066 1323; x_wconf 87' lang='lat' dir='ltr'>S.</span> <span class='ocrx_word' id='word_1_309' title='bbox 1090 1282 1335 1332; x_wconf 84' lang='lat' dir='ltr'>Alphonsi</span> <span class='ocrx_word' id='word_1_310' title='bbox 1358 1283 1533 1325; x_wconf 83' lang='lat' dir='ltr'>Mariae</span> <span class='ocrx_word' id='word_1_311' title='bbox 1558 1283 1617 1323; x_wconf 87' lang='lat' dir='ltr'>de</span> <span class='ocrx_word' id='word_1_312' title='bbox 1642 1282 1840 1333; x_wconf 85' lang='lat' dir='ltr'>Ligorio</span> 
     </span>
     <span class='ocr_line' id='line_1_64' title="bbox 1112 1334 1748 1390; baseline -0.006 -11"><span class='ocrx_word' id='word_1_313' title='bbox 1112 1339 1266 1390; x_wconf 88' lang='lat' dir='ltr'>Episc..</span> <span class='ocrx_word' id='word_1_314' title='bbox 1288 1336 1406 1377; x_wconf 88' lang='lat' dir='ltr'>Conf.</span> <span class='ocrx_word' id='word_1_315' title='bbox 1427 1340 1470 1376; x_wconf 89' lang='lat' dir='ltr'>et</span> <span class='ocrx_word' id='word_1_316' title='bbox 1490 1335 1604 1375; x_wconf 86' lang='lat' dir='ltr'>Eccl.</span> <span class='ocrx_word' id='word_1_317' title='bbox 1623 1334 1748 1375; x_wconf 85' lang='lat' dir='ltr'>Doct.</span> 
     </span>
    </p>
   </div>
   <div class='ocr_carea' id='block_1_11' title="bbox 1248 1396 1616 1439">
    <p class='ocr_par' dir='ltr' id='par_1_14' title="bbox 1248 1396 1616 1439">
     <span class='ocr_line' id='line_1_65' title="bbox 1248 1396 1616 1439; baseline 0.005 -9"><span class='ocrx_word' id='word_1_318' title='bbox 1248 1396 1409 1439; x_wconf 78' lang='lat' dir='ltr'>Duplex.</span> <span class='ocrx_word' id='word_1_319' title='bbox 1437 1396 1495 1438; x_wconf 89' lang='lat' dir='ltr'>(m.</span> <span class='ocrx_word' id='word_1_320' title='bbox 1520 1400 1543 1431; x_wconf 89' lang='lat' dir='ltr'>t.</span> <span class='ocrx_word' id='word_1_321' title='bbox 1568 1397 1616 1437; x_wconf 89' lang='lat' dir='ltr'>V.)</span> 
     </span>
    </p>
   </div>
   <div class='ocr_carea' id='block_1_12' title="bbox 1023 1186 1837 1191">
    <p class='ocr_par' dir='ltr' id='par_1_15' title="bbox 1023 1186 1837 1191">
     <span class='ocr_line' id='line_1_66' title="bbox 1023 1186 1837 1191; baseline 0 0"><span class='ocrx_word' id='word_1_322' title='bbox 1023 1186 1837 1191; x_wconf 95' lang='lat' dir='ltr'> </span> 
     </span>
    </p>
   </div>
   <div class='ocr_carea' id='block_1_13' title="bbox 1022 1451 1840 1597">
    <p class='ocr_par' dir='ltr' id='par_1_16' title="bbox 1022 1451 1840 1597">
     <span class='ocr_line' id='line_1_67' title="bbox 1076 1451 1730 1492; baseline -0.006 -4"><span class='ocrx_word' id='word_1_323' title='bbox 1076 1454 1211 1488; x_wconf 80' lang='lat' dir='ltr'>Omnia</span> <span class='ocrx_word' id='word_1_324' title='bbox 1235 1460 1275 1488; x_wconf 89' lang='lat' dir='ltr'>ut</span> <span class='ocrx_word' id='word_1_325' title='bbox 1299 1454 1337 1486; x_wconf 92' lang='lat' dir='ltr'>in</span> <span class='ocrx_word' id='word_1_326' title='bbox 1361 1453 1470 1487; x_wconf 84' lang='lat' dir='ltr'>Brcv.</span> <span class='ocrx_word' id='word_1_327' title='bbox 1497 1451 1557 1485; x_wconf 86' lang='lat' dir='ltr'>die</span> <span class='ocrx_word' id='word_1_328' title='bbox 1580 1452 1609 1484; x_wconf 80' lang='lat'>2.</span> <span class='ocrx_word' id='word_1_329' title='bbox 1635 1452 1730 1492; x_wconf 77' lang='lat' dir='ltr'>Aug.</span> 
     </span>
     <span class='ocr_line' id='line_1_68' title="bbox 1074 1503 1840 1546; baseline -0.007 -5"><span class='ocrx_word' id='word_1_330' title='bbox 1074 1507 1203 1541; x_wconf 85' lang='lat' dir='ltr'>Lectio</span> <span class='ocrx_word' id='word_1_331' title='bbox 1219 1507 1267 1539; x_wconf 82' lang='lat' dir='ltr'>ix.</span> <span class='ocrx_word' id='word_1_332' title='bbox 1286 1506 1331 1539; x_wconf 83' lang='lat' dir='ltr'>dc</span> <span class='ocrx_word' id='word_1_333' title='bbox 1347 1505 1484 1538; x_wconf 87' lang='lat' dir='ltr'>Homil.</span> <span class='ocrx_word' id='word_1_334' title='bbox 1502 1504 1614 1546; x_wconf 68' lang='lat' dir='ltr'>&#39;vigit</span> <span class='ocrx_word' id='word_1_335' title='bbox 1633 1503 1666 1537; x_wconf 74' lang='lat' dir='ltr'>S.</span> <span class='ocrx_word' id='word_1_336' title='bbox 1682 1504 1840 1537; x_wconf 74' lang='lat' dir='ltr'>Bai-tho-</span> 
     </span>
     <span class='ocr_line' id='line_1_69' title="bbox 1022 1552 1808 1597; baseline -0.005 -10"><span class='ocrx_word' id='word_1_337' title='bbox 1022 1555 1149 1589; x_wconf 82' lang='lat' dir='ltr'>lomaei</span> <span class='ocrx_word' id='word_1_338' title='bbox 1166 1555 1312 1597; x_wconf 68' lang='lat' dir='ltr'>Apost..</span> <span class='ocrx_word' id='word_1_339' title='bbox 1331 1559 1366 1587; x_wconf 81' lang='lat' dir='ltr'>ct</span> <span class='ocrx_word' id='word_1_340' title='bbox 1384 1562 1576 1586; x_wconf 80' lang='lat' dir='ltr'>commem.</span> <span class='ocrx_word' id='word_1_341' title='bbox 1596 1552 1632 1583; x_wconf 90' lang='lat' dir='ltr'>in</span> <span class='ocrx_word' id='word_1_342' title='bbox 1650 1552 1808 1585; x_wconf 83' lang='lat' dir='ltr'>Laudib.</span> 
     </span>
    </p>
   </div>
   <div class='ocr_carea' id='block_1_14' title="bbox 1088 1639 1776 1805">
    <p class='ocr_par' dir='ltr' id='par_1_17' title="bbox 1088 1639 1776 1805">
     <span class='ocr_line' id='line_1_70' title="bbox 1240 1639 1623 1690; baseline -0.005 -9"><span class='ocrx_word' id='word_1_343' title='bbox 1240 1640 1323 1681; x_wconf 92' lang='lat' dir='ltr'>Die</span> <span class='ocrx_word' id='word_1_344' title='bbox 1342 1640 1406 1680; x_wconf 86' lang='lat'>26.</span> <span class='ocrx_word' id='word_1_345' title='bbox 1426 1639 1623 1690; x_wconf 90' lang='lat' dir='ltr'>Augusti.</span> 
     </span>
     <span class='ocr_line' id='line_1_71' title="bbox 1088 1700 1776 1754; baseline -0.007 -10"><span class='ocrx_word' id='word_1_346' title='bbox 1088 1703 1130 1743; x_wconf 89' lang='lat' dir='ltr'>S.</span> <span class='ocrx_word' id='word_1_347' title='bbox 1149 1703 1422 1754; x_wconf 81' lang='lat' dir='ltr'>zephyrini</span> <span class='ocrx_word' id='word_1_348' title='bbox 1440 1702 1571 1752; x_wconf 77' lang='lat' dir='ltr'>Papae</span> <span class='ocrx_word' id='word_1_349' title='bbox 1593 1706 1634 1741; x_wconf 89' lang='lat' dir='ltr'>ct</span> <span class='ocrx_word' id='word_1_350' title='bbox 1655 1700 1776 1740; x_wconf 85' lang='lat' dir='ltr'>Mart.</span> 
     </span>
     <span class='ocr_line' id='line_1_72' title="bbox 1351 1763 1513 1805; baseline -0.006 -9"><span class='ocrx_word' id='word_1_351' title='bbox 1351 1763 1513 1805; x_wconf 83' lang='lat' dir='ltr'>Duplex.</span> 
     </span>
    </p>
   </div>
   <div class='ocr_carea' id='block_1_15' title="bbox 1102 1605 1819 1609">
    <p class='ocr_par' dir='ltr' id='par_1_18' title="bbox 1102 1605 1819 1609">
     <span class='ocr_line' id='line_1_73' title="bbox 1102 1605 1819 1609; baseline 0 0"><span class='ocrx_word' id='word_1_352' title='bbox 1102 1605 1819 1609; x_wconf 95' lang='lat' dir='ltr'> </span> 
     </span>
    </p>
   </div>
   <div class='ocr_carea' id='block_1_16' title="bbox 1022 1812 1839 1908">
    <p class='ocr_par' dir='ltr' id='par_1_19' title="bbox 1022 1812 1839 1908">
     <span class='ocr_line' id='line_1_74' title="bbox 1075 1812 1839 1854; baseline -0.005 -4"><span class='ocrx_word' id='word_1_353' title='bbox 1075 1816 1210 1850; x_wconf 90' lang='lat' dir='ltr'>Omnia</span> <span class='ocrx_word' id='word_1_354' title='bbox 1233 1815 1279 1849; x_wconf 92' lang='lat' dir='ltr'>de</span> <span class='ocrx_word' id='word_1_355' title='bbox 1298 1814 1497 1849; x_wconf 87' lang='lat' dir='ltr'>Communi</span> <span class='ocrx_word' id='word_1_356' title='bbox 1522 1813 1633 1847; x_wconf 86' lang='lat' dir='ltr'>unius</span> <span class='ocrx_word' id='word_1_357' title='bbox 1652 1812 1839 1854; x_wconf 76' lang='lat' dir='ltr'>Martyris.</span> 
     </span>
     <span class='ocr_line' id='line_1_75' title="bbox 1022 1863 1394 1908; baseline -0.008 -9"><span class='ocrx_word' id='word_1_358' title='bbox 1022 1869 1161 1908; x_wconf 81' lang='lat' dir='ltr'>praeter</span> <span class='ocrx_word' id='word_1_359' title='bbox 1185 1863 1394 1906; x_wconf 83' lang='lat' dir='ltr'>sequentia.</span> 
     </span>
    </p>
   </div>
   <div class='ocr_carea' id='block_1_17' title="bbox 1354 1917 1515 1959">
    <p class='ocr_par' dir='ltr' id='par_1_20' title="bbox 1354 1917 1515 1959">
     <span class='ocr_line' id='line_1_76' title="bbox 1354 1917 1515 1959; baseline -0.025 0"><span class='ocrx_word' id='word_1_360' title='bbox 1354 1917 1515 1959; x_wconf 86' lang='lat' dir='ltr'>Oratio.</span> 
     </span>
    </p>
   </div>
   <div class='ocr_carea' id='block_1_18' title="bbox 1019 1980 1840 2256">
    <p class='ocr_par' dir='ltr' id='par_1_21' title="bbox 1104 1980 1840 2030">
     <span class='ocr_line' id='line_1_77' title="bbox 1104 1980 1840 2030; baseline -0.001 -11"><span class='ocrx_word' id='word_1_361' title='bbox 1104 1984 1248 2028; x_wconf 86' lang='lat' dir='ltr'>raesta,</span> <span class='ocrx_word' id='word_1_362' title='bbox 1276 1981 1538 2030; x_wconf 81' lang='lat' dir='ltr'>quaesumus,</span> <span class='ocrx_word' id='word_1_363' title='bbox 1564 1980 1840 2030; x_wconf 90' lang='lat' dir='ltr'>omnipotens</span> 
     </span>
    </p>

    <p class='ocr_par' dir='ltr' id='par_1_22' title="bbox 1019 2034 1839 2256">
     <span class='ocr_line' id='line_1_78' title="bbox 1122 2034 1838 2087; baseline -0.001 -12"><span class='ocrx_word' id='word_1_364' title='bbox 1122 2036 1258 2076; x_wconf 91' lang='lat' dir='ltr'>Deus:</span> <span class='ocrx_word' id='word_1_365' title='bbox 1277 2041 1324 2076; x_wconf 94' lang='lat' dir='ltr'>ut</span> <span class='ocrx_word' id='word_1_366' title='bbox 1341 2035 1460 2076; x_wconf 85' lang='lat' dir='ltr'>beati</span> <span class='ocrx_word' id='word_1_367' title='bbox 1479 2034 1714 2087; x_wconf 91' lang='lat' dir='ltr'>Zephyrini</span> <span class='ocrx_word' id='word_1_368' title='bbox 1727 2034 1838 2074; x_wconf 90' lang='lat' dir='ltr'>Mar—</span> 
     </span>
     <span class='ocr_line' id='line_1_79' title="bbox 1019 2090 1839 2143; baseline -0.002 -11"><span class='ocrx_word' id='word_1_369' title='bbox 1019 2091 1128 2143; x_wconf 89' lang='lat' dir='ltr'>tyris</span> <span class='ocrx_word' id='word_1_370' title='bbox 1146 2091 1209 2132; x_wconf 92' lang='lat' dir='ltr'>tui</span> <span class='ocrx_word' id='word_1_371' title='bbox 1223 2096 1354 2142; x_wconf 92' lang='lat' dir='ltr'>atque</span> <span class='ocrx_word' id='word_1_372' title='bbox 1367 2090 1590 2132; x_wconf 87' lang='lat' dir='ltr'>Pontificis</span> <span class='ocrx_word' id='word_1_373' title='bbox 1606 2091 1724 2142; x_wconf 88' lang='lat' dir='ltr'>cujus</span> <span class='ocrx_word' id='word_1_374' title='bbox 1739 2102 1839 2140; x_wconf 88' lang='lat' dir='ltr'>gau-</span> 
     </span>
     <span class='ocr_line' id='line_1_80' title="bbox 1021 2147 1838 2197; baseline -0.002 -9"><span class='ocrx_word' id='word_1_375' title='bbox 1021 2147 1173 2189; x_wconf 93' lang='lat' dir='ltr'>demus</span> <span class='ocrx_word' id='word_1_376' title='bbox 1201 2147 1382 2197; x_wconf 87' lang='lat' dir='ltr'>meritis‚</span> <span class='ocrx_word' id='word_1_377' title='bbox 1410 2147 1671 2188; x_wconf 88' lang='lat' dir='ltr'>instruamur</span> <span class='ocrx_word' id='word_1_378' title='bbox 1699 2147 1838 2187; x_wconf 90' lang='lat' dir='ltr'>exem-</span> 
     </span>
     <span class='ocr_line' id='line_1_81' title="bbox 1021 2203 1488 2256; baseline -0.002 -12"><span class='ocrx_word' id='word_1_379' title='bbox 1021 2204 1115 2256; x_wconf 89' lang='lat' dir='ltr'>plis.</span> <span class='ocrx_word' id='word_1_380' title='bbox 1142 2203 1226 2244; x_wconf 91' lang='lat' dir='ltr'>Per</span> <span class='ocrx_word' id='word_1_381' title='bbox 1243 2203 1488 2244; x_wconf 89' lang='lat' dir='ltr'>Dominum.</span> 
     </span>
    </p>
   </div>
   <div class='ocr_carea' id='block_1_19' title="bbox 1022 2265 1838 2363">
    <p class='ocr_par' dir='ltr' id='par_1_23' title="bbox 1022 2265 1838 2363">
     <span class='ocr_line' id='line_1_82' title="bbox 1074 2265 1838 2305; baseline -0.009 0"><span class='ocrx_word' id='word_1_382' title='bbox 1074 2272 1117 2305; x_wconf 91' lang='lat' dir='ltr'>In</span> <span class='ocrx_word' id='word_1_383' title='bbox 1148 2271 1174 2304; x_wconf 88' lang='grc' dir='ltr'>Ι.</span> <span class='ocrx_word' id='word_1_384' title='bbox 1203 2269 1400 2304; x_wconf 87' lang='lat' dir='ltr'>Nocturno</span> <span class='ocrx_word' id='word_1_385' title='bbox 1433 2268 1637 2302; x_wconf 88' lang='lat' dir='ltr'>Lectiones</span> <span class='ocrx_word' id='word_1_386' title='bbox 1670 2266 1716 2300; x_wconf 90' lang='lat' dir='ltr'>de</span> <span class='ocrx_word' id='word_1_387' title='bbox 1742 2265 1838 2299; x_wconf 89' lang='lat' dir='ltr'>Scri-</span> 
     </span>
     <span class='ocr_line' id='line_1_83' title="bbox 1022 2321 1655 2363; baseline -0.009 -9"><span class='ocrx_word' id='word_1_388' title='bbox 1022 2323 1134 2363; x_wconf 84' lang='lat' dir='ltr'>ptura</span> <span class='ocrx_word' id='word_1_389' title='bbox 1159 2321 1388 2352; x_wconf 90' lang='lat' dir='ltr'>occurrente.</span> <span class='ocrx_word' id='word_1_390' title='bbox 1645 2331 1655 2340; x_wconf 77' lang='lat'><em>›</em></span> 
     </span>
    </p>
   </div>
   <div class='ocr_carea' id='block_1_20' title="bbox 1252 2389 1608 2430">
    <p class='ocr_par' dir='ltr' id='par_1_24' title="bbox 1252 2389 1608 2430">
     <span class='ocr_line' id='line_1_84' title="bbox 1252 2389 1608 2430; baseline -0.014 0"><span class='ocrx_word' id='word_1_391' title='bbox 1252 2391 1302 2430; x_wconf 90' lang='lat' dir='ltr'>In</span> <span class='ocrx_word' id='word_1_392' title='bbox 1319 2389 1369 2429; x_wconf 93' lang='lat' dir='ltr'>II.</span> <span class='ocrx_word' id='word_1_393' title='bbox 1388 2389 1608 2429; x_wconf 80' lang='lat' dir='ltr'>Nocturno.</span> 
     </span>
    </p>
   </div>
   <div class='ocr_carea' id='block_1_21' title="bbox 1024 2454 1837 2678">
    <p class='ocr_par' dir='ltr' id='par_1_25' title="bbox 1024 2454 1837 2678">
     <span class='ocr_line' id='line_1_85' title="bbox 1316 2454 1549 2496; baseline -0.013 0"><span class='ocrx_word' id='word_1_394' title='bbox 1316 2454 1469 2496; x_wconf 90' lang='lat' dir='ltr'>Lectio</span> <span class='ocrx_word' id='word_1_395' title='bbox 1497 2454 1549 2493; x_wconf 90' lang='lat' dir='ltr'>iv.</span> 
     </span>
     <span class='ocr_line' id='line_1_86' title="bbox 1141 2513 1836 2569; baseline -0.006 -12"><span class='ocrx_word' id='word_1_396' title='bbox 1141 2516 1384 2569; x_wconf 86' lang='lat' dir='ltr'>ephyrinus</span> <span class='ocrx_word' id='word_1_397' title='bbox 1410 2516 1647 2562; x_wconf 88' lang='lat' dir='ltr'>Romanus,</span> <span class='ocrx_word' id='word_1_398' title='bbox 1674 2513 1836 2554; x_wconf 90' lang='lat' dir='ltr'>Severo</span> 
     </span>
     <span class='ocr_line' id='line_1_87' title="bbox 1033 2567 1836 2632; baseline -0.007 -18"><span class='ocrx_word' id='word_1_399' title='bbox 1033 2617 1035 2619; x_wconf 57' lang='grc'><strong><em>,</em></strong></span> <span class='ocrx_word' id='word_1_400' title='bbox 1088 2567 1143 2632; x_wconf 39' lang='lat'>5³5*</span> <span class='ocrx_word' id='word_1_401' title='bbox 1165 2573 1428 2625; x_wconf 87' lang='lat' dir='ltr'>imperatore</span> <span class='ocrx_word' id='word_1_402' title='bbox 1443 2570 1499 2612; x_wconf 92' lang='lat' dir='ltr'>ad</span> <span class='ocrx_word' id='word_1_403' title='bbox 1512 2567 1744 2620; x_wconf 89' lang='lat' dir='ltr'>regendam</span> <span class='ocrx_word' id='word_1_404' title='bbox 1758 2568 1836 2608; x_wconf 89' lang='lat' dir='ltr'>Ec-</span> 
     </span>
     <span class='ocr_line' id='line_1_88' title="bbox 1024 2622 1837 2678; baseline -0.011 -7"><span class='ocrx_word' id='word_1_405' title='bbox 1024 2631 1025 2634; x_wconf 73' lang='grc'>’</span> <span class='ocrx_word' id='word_1_406' title='bbox 1065 2622 1083 2635; x_wconf 61' lang='lat'>⁴⁶</span> <span class='ocrx_word' id='word_1_407' title='bbox 1106 2628 1142 2654; x_wconf 34' lang='grc' dir='ltr'>’ὲ</span> <span class='ocrx_word' id='word_1_408' title='bbox 1166 2629 1342 2670; x_wconf 89' lang='lat' dir='ltr'>clesiam</span> <span class='ocrx_word' id='word_1_409' title='bbox 1365 2629 1626 2678; x_wconf 76' lang='lat' dir='ltr'>assumptus,</span> <span class='ocrx_word' id='word_1_410' title='bbox 1654 2623 1837 2664; x_wconf 87' lang='lat' dir='ltr'>sancivit</span> 
     </span>
    </p>
   </div>
   <div class='ocr_carea' id='block_1_22' title="bbox 1019 2681 1836 2737">
    <p class='ocr_par' dir='ltr' id='par_1_26' title="bbox 1019 2681 1836 2737">
     <span class='ocr_line' id='line_1_89' title="bbox 1019 2681 1836 2737; baseline -0.01 -10"><span class='ocrx_word' id='word_1_411' title='bbox 1019 2691 1068 2727; x_wconf 90' lang='lat' dir='ltr'>ut</span> <span class='ocrx_word' id='word_1_412' title='bbox 1091 2685 1165 2737; x_wconf 93' lang='lat' dir='ltr'>qui</span> <span class='ocrx_word' id='word_1_413' title='bbox 1189 2682 1418 2726; x_wconf 89' lang='lat' dir='ltr'>ordinandi</span> <span class='ocrx_word' id='word_1_414' title='bbox 1446 2686 1604 2729; x_wconf 90' lang='lat' dir='ltr'>essent,</span> <span class='ocrx_word' id='word_1_415' title='bbox 1629 2681 1836 2731; x_wconf 74' lang='lat' dir='ltr'>opportu-</span> 
     </span>
    </p>
   </div>
   <div class='ocr_carea' id='block_1_23' title="bbox 1020 2734 1835 2793">
    <p class='ocr_par' dir='ltr' id='par_1_27' title="bbox 1020 2734 1835 2793">
     <span class='ocr_line' id='line_1_90' title="bbox 1020 2734 1835 2793; baseline -0.011 -10"><span class='ocrx_word' id='word_1_416' title='bbox 1020 2754 1077 2783; x_wconf 93' lang='lat' dir='ltr'>no</span> <span class='ocrx_word' id='word_1_417' title='bbox 1096 2743 1306 2793; x_wconf 92' lang='lat' dir='ltr'>tempore,</span> <span class='ocrx_word' id='word_1_418' title='bbox 1325 2744 1367 2780; x_wconf 89' lang='lat' dir='ltr'>et</span> <span class='ocrx_word' id='word_1_419' title='bbox 1385 2737 1529 2779; x_wconf 89' lang='lat' dir='ltr'>multis</span> <span class='ocrx_word' id='word_1_420' title='bbox 1548 2734 1835 2789; x_wconf 75' lang='lat' dir='ltr'>praesentibus</span> 
     </span>
    </p>
   </div>
   <div class='ocr_carea' id='block_1_24' title="bbox 84 169 1899 2848">
    <p class='ocr_par' dir='ltr' id='par_1_28' title="bbox 84 169 1899 2848">
     <span class='ocr_line' id='line_1_91' title="bbox 84 169 1899 2848; baseline 0 0"><span class='ocrx_word' id='word_1_421' title='bbox 84 169 1899 2848; x_wconf 95' lang='lat' dir='ltr'> </span> 
     </span>
    </p>
   </div>
  </div>
 </body>
</html>
