<?xml version="1.0" encoding="UTF-8"?>
<!DOCTYPE html PUBLIC "-//W3C//DTD XHTML 1.0 Transitional//EN"
    "http://www.w3.org/TR/xhtml1/DTD/xhtml1-transitional.dtd">
<html xmlns="http://www.w3.org/1999/xhtml" xml:lang="en" lang="en">
 <head>
  <title>
</title>
<meta http-equiv="Content-Type" content="text/html;charset=utf-8" />
  <meta name='ocr-system' content='tesseract 3.04.00' />
  <meta name='ocr-capabilities' content='ocr_page ocr_carea ocr_par ocr_line ocrx_word'/>
</head>
<body>
  <div class='ocr_page' id='page_1' title='image "./p3breviariumroma00cathuoft_0315.png"; bbox 0 0 2040 2976; ppageno 0'>
   <div class='ocr_carea' id='block_1_1' title="bbox 429 182 1604 225">
    <p class='ocr_par' dir='ltr' id='par_1_1' title="bbox 429 182 1604 225">
     <span class='ocr_line' id='line_1_1' title="bbox 429 182 1604 225; baseline -0.001 -7"><span class='ocrx_word' id='word_1_1' title='bbox 429 185 500 219; x_wconf 84' lang='lat' dir='ltr'>Die</span> <span class='ocrx_word' id='word_1_2' title='bbox 524 186 553 218; x_wconf 75' lang='grc'>6.</span> <span class='ocrx_word' id='word_1_3' title='bbox 580 184 680 224; x_wconf 76' lang='lat' dir='ltr'>Maii.</span> <span class='ocrx_word' id='word_1_4' title='bbox 720 183 755 217; x_wconf 99' lang='lat' dir='ltr'>S</span> <span class='ocrx_word' id='word_1_5' title='bbox 779 182 943 217; x_wconf 80' lang='lat' dir='ltr'>Joannis</span> <span class='ocrx_word' id='word_1_6' title='bbox 967 182 1104 225; x_wconf 84' lang='lat' dir='ltr'>Apost.</span> <span class='ocrx_word' id='word_1_7' title='bbox 1131 188 1217 216; x_wconf 79' lang='lat' dir='ltr'>ante</span> <span class='ocrx_word' id='word_1_8' title='bbox 1244 190 1393 225; x_wconf 79' lang='lat' dir='ltr'>portam</span> <span class='ocrx_word' id='word_1_9' title='bbox 1423 184 1604 217; x_wconf 79' lang='lat' dir='ltr'>Latinam.</span> 
     </span>
    </p>
   </div>
   <div class='ocr_carea' id='block_1_2' title="bbox 151 278 988 2147">
    <p class='ocr_par' dir='ltr' id='par_1_2' title="bbox 155 278 987 715">
     <span class='ocr_line' id='line_1_2' title="bbox 155 278 987 331; baseline -0.002 -10"><span class='ocrx_word' id='word_1_10' title='bbox 155 293 263 331; x_wconf 89' lang='lat' dir='ltr'>mus,</span> <span class='ocrx_word' id='word_1_11' title='bbox 279 285 323 321; x_wconf 93' lang='lat' dir='ltr'>et</span> <span class='ocrx_word' id='word_1_12' title='bbox 340 279 503 320; x_wconf 89' lang='lat' dir='ltr'>veritas</span> <span class='ocrx_word' id='word_1_13' title='bbox 522 279 566 319; x_wconf 90' lang='lat' dir='ltr'>in</span> <span class='ocrx_word' id='word_1_14' title='bbox 583 278 713 320; x_wconf 90' lang='lat' dir='ltr'>nobis</span> <span class='ocrx_word' id='word_1_15' title='bbox 731 291 820 320; x_wconf 90' lang='lat' dir='ltr'>non</span> <span class='ocrx_word' id='word_1_16' title='bbox 840 283 917 320; x_wconf 89' lang='lat' dir='ltr'>est.</span> <span class='ocrx_word' id='word_1_17' title='bbox 942 278 987 319; x_wconf 89' lang='lat' dir='ltr'>Si</span> 
     </span>
     <span class='ocr_line' id='line_1_3' title="bbox 157 333 985 387; baseline -0.002 -10"><span class='ocrx_word' id='word_1_18' title='bbox 157 335 446 377; x_wconf 89' lang='lat' dir='ltr'>confiteamur</span> <span class='ocrx_word' id='word_1_19' title='bbox 472 337 659 387; x_wconf 83' lang='lat' dir='ltr'>peccata</span> <span class='ocrx_word' id='word_1_20' title='bbox 685 340 854 376; x_wconf 91' lang='lat' dir='ltr'>nostra:</span> <span class='ocrx_word' id='word_1_21' title='bbox 880 333 985 375; x_wconf 92' lang='lat' dir='ltr'>fide-</span> 
     </span>
     <span class='ocr_line' id='line_1_4' title="bbox 156 390 986 444; baseline -0.001 -12"><span class='ocrx_word' id='word_1_22' title='bbox 156 392 210 433; x_wconf 92' lang='lat' dir='ltr'>lis</span> <span class='ocrx_word' id='word_1_23' title='bbox 229 397 308 442; x_wconf 82' lang='lat' dir='ltr'>est,</span> <span class='ocrx_word' id='word_1_24' title='bbox 332 397 375 434; x_wconf 90' lang='lat' dir='ltr'>et</span> <span class='ocrx_word' id='word_1_25' title='bbox 399 393 549 444; x_wconf 90' lang='lat' dir='ltr'>justus,</span> <span class='ocrx_word' id='word_1_26' title='bbox 572 397 621 433; x_wconf 85' lang='lat' dir='ltr'>ut</span> <span class='ocrx_word' id='word_1_27' title='bbox 645 394 840 433; x_wconf 85' lang='lat' dir='ltr'>remittat</span> <span class='ocrx_word' id='word_1_28' title='bbox 857 390 986 432; x_wconf 91' lang='lat' dir='ltr'>nobis</span> 
     </span>
     <span class='ocr_line' id='line_1_5' title="bbox 156 447 985 501; baseline -0.002 -11"><span class='ocrx_word' id='word_1_29' title='bbox 156 451 341 501; x_wconf 89' lang='lat' dir='ltr'>peccata</span> <span class='ocrx_word' id='word_1_30' title='bbox 359 454 520 498; x_wconf 84' lang='lat' dir='ltr'>nostra,</span> <span class='ocrx_word' id='word_1_31' title='bbox 541 453 584 490; x_wconf 90' lang='lat' dir='ltr'>et</span> <span class='ocrx_word' id='word_1_32' title='bbox 603 448 812 489; x_wconf 86' lang='lat' dir='ltr'>emundet</span> <span class='ocrx_word' id='word_1_33' title='bbox 829 460 911 488; x_wconf 91' lang='lat' dir='ltr'>nos</span> <span class='ocrx_word' id='word_1_34' title='bbox 930 447 985 488; x_wconf 89' lang='lat' dir='ltr'>ab</span> 
     </span>
     <span class='ocr_line' id='line_1_6' title="bbox 158 504 986 557; baseline -0.001 -11"><span class='ocrx_word' id='word_1_35' title='bbox 158 505 276 546; x_wconf 90' lang='lat' dir='ltr'>omni</span> <span class='ocrx_word' id='word_1_36' title='bbox 293 505 534 557; x_wconf 69' lang='lat' dir='ltr'>iniquitate.</span> <span class='ocrx_word' id='word_1_37' title='bbox 558 505 604 546; x_wconf 89' lang='lat' dir='ltr'>Si</span> <span class='ocrx_word' id='word_1_38' title='bbox 623 504 861 546; x_wconf 90' lang='lat' dir='ltr'>dixerimus</span> <span class='ocrx_word' id='word_1_39' title='bbox 881 505 986 556; x_wconf 80' lang='lat' dir='ltr'>que·</span> 
     </span>
     <span class='ocr_line' id='line_1_7' title="bbox 156 560 987 614; baseline 0 -13"><span class='ocrx_word' id='word_1_40' title='bbox 156 561 272 601; x_wconf 90' lang='lat' dir='ltr'>niam</span> <span class='ocrx_word' id='word_1_41' title='bbox 297 574 387 602; x_wconf 92' lang='lat' dir='ltr'>non</span> <span class='ocrx_word' id='word_1_42' title='bbox 410 561 707 614; x_wconf 89' lang='lat' dir='ltr'>peccavimus:</span> <span class='ocrx_word' id='word_1_43' title='bbox 725 560 987 602; x_wconf 90' lang='lat' dir='ltr'>mendacem</span> 
     </span>
     <span class='ocr_line' id='line_1_8' title="bbox 156 616 986 668; baseline 0 -11"><span class='ocrx_word' id='word_1_44' title='bbox 156 617 340 658; x_wconf 88' lang='lat' dir='ltr'>facimus</span> <span class='ocrx_word' id='word_1_45' title='bbox 367 631 477 667; x_wconf 89' lang='lat' dir='ltr'>eum,</span> <span class='ocrx_word' id='word_1_46' title='bbox 504 622 547 659; x_wconf 92' lang='lat' dir='ltr'>et</span> <span class='ocrx_word' id='word_1_47' title='bbox 571 616 755 658; x_wconf 92' lang='lat' dir='ltr'>verbum</span> <span class='ocrx_word' id='word_1_48' title='bbox 782 618 873 668; x_wconf 90' lang='lat' dir='ltr'>ejus</span> <span class='ocrx_word' id='word_1_49' title='bbox 897 629 986 657; x_wconf 93' lang='lat' dir='ltr'>non</span> 
     </span>
     <span class='ocr_line' id='line_1_9' title="bbox 157 673 444 715; baseline 0 -1"><span class='ocrx_word' id='word_1_50' title='bbox 157 679 224 715; x_wconf 87' lang='lat' dir='ltr'>est</span> <span class='ocrx_word' id='word_1_51' title='bbox 242 674 287 714; x_wconf 91' lang='lat' dir='ltr'>in</span> <span class='ocrx_word' id='word_1_52' title='bbox 305 673 444 715; x_wconf 89' lang='lat' dir='ltr'>nobis.</span> 
     </span>
    </p>

    <p class='ocr_par' dir='ltr' id='par_1_3' title="bbox 151 730 988 1062">
     <span class='ocr_line' id='line_1_10' title="bbox 210 730 986 784; baseline -0.003 -12"><span class='ocrx_word' id='word_1_53' title='bbox 210 733 261 784; x_wconf 70' lang='lat' dir='ltr'>R.</span> <span class='ocrx_word' id='word_1_54' title='bbox 294 730 458 771; x_wconf 78' lang='lat' dir='ltr'>Tellite</span> <span class='ocrx_word' id='word_1_55' title='bbox 491 730 639 781; x_wconf 89' lang='lat' dir='ltr'>jugum</span> <span class='ocrx_word' id='word_1_56' title='bbox 672 742 819 770; x_wconf 91' lang='lat' dir='ltr'>meum</span> <span class='ocrx_word' id='word_1_57' title='bbox 853 742 986 782; x_wconf 92' lang='lat' dir='ltr'>super</span> 
     </span>
     <span class='ocr_line' id='line_1_11' title="bbox 156 785 986 836; baseline 0 -9"><span class='ocrx_word' id='word_1_58' title='bbox 156 798 248 836; x_wconf 86' lang='lat' dir='ltr'>VOS,</span> <span class='ocrx_word' id='word_1_59' title='bbox 268 786 376 828; x_wconf 90' lang='lat' dir='ltr'>dicit</span> <span class='ocrx_word' id='word_1_60' title='bbox 389 786 617 836; x_wconf 82' lang='lat' dir='ltr'>Deminus,</span> <span class='ocrx_word' id='word_1_61' title='bbox 632 790 676 827; x_wconf 86' lang='lat' dir='ltr'>et</span> <span class='ocrx_word' id='word_1_62' title='bbox 691 785 847 827; x_wconf 87' lang='lat' dir='ltr'>discite</span> <span class='ocrx_word' id='word_1_63' title='bbox 866 799 892 826; x_wconf 89' lang='lat' dir='ltr'>a</span> <span class='ocrx_word' id='word_1_64' title='bbox 905 799 986 835; x_wconf 90' lang='lat' dir='ltr'>me,</span> 
     </span>
     <span class='ocr_line' id='line_1_12' title="bbox 158 841 987 893; baseline -0.001 -10"><span class='ocrx_word' id='word_1_65' title='bbox 158 842 261 893; x_wconf 89' lang='lat' dir='ltr'>quia</span> <span class='ocrx_word' id='word_1_66' title='bbox 278 842 396 884; x_wconf 87' lang='lat' dir='ltr'>mitis</span> <span class='ocrx_word' id='word_1_67' title='bbox 415 855 522 892; x_wconf 91' lang='lat' dir='ltr'>sum,</span> <span class='ocrx_word' id='word_1_68' title='bbox 539 847 583 883; x_wconf 90' lang='lat' dir='ltr'>et</span> <span class='ocrx_word' id='word_1_69' title='bbox 602 841 778 883; x_wconf 91' lang='lat' dir='ltr'>humilis</span> <span class='ocrx_word' id='word_1_70' title='bbox 799 841 948 884; x_wconf 91' lang='lat' dir='ltr'>corde:</span> <span class='ocrx_word' id='word_1_71' title='bbox 966 843 987 865; x_wconf 87' lang='lat'>*</span> 
     </span>
     <span class='ocr_line' id='line_1_13' title="bbox 156 898 988 949; baseline 0.002 -11"><span class='ocrx_word' id='word_1_72' title='bbox 156 898 316 949; x_wconf 87' lang='lat' dir='ltr'>Jugum</span> <span class='ocrx_word' id='word_1_73' title='bbox 345 899 460 939; x_wconf 91' lang='lat' dir='ltr'>enim</span> <span class='ocrx_word' id='word_1_74' title='bbox 486 911 633 940; x_wconf 90' lang='lat' dir='ltr'>meum</span> <span class='ocrx_word' id='word_1_75' title='bbox 661 900 796 940; x_wconf 89' lang='lat' dir='ltr'>suave</span> <span class='ocrx_word' id='word_1_76' title='bbox 825 904 907 948; x_wconf 90' lang='lat' dir='ltr'>est,</span> <span class='ocrx_word' id='word_1_77' title='bbox 943 904 988 940; x_wconf 92' lang='lat' dir='ltr'>et</span> 
     </span>
     <span class='ocr_line' id='line_1_14' title="bbox 158 951 987 1001; baseline 0.001 -6"><span class='ocrx_word' id='word_1_78' title='bbox 158 966 267 995; x_wconf 92' lang='lat' dir='ltr'>onus</span> <span class='ocrx_word' id='word_1_79' title='bbox 290 967 438 996; x_wconf 89' lang='lat' dir='ltr'>meum</span> <span class='ocrx_word' id='word_1_80' title='bbox 459 955 567 996; x_wconf 87' lang='lat' dir='ltr'>leve.</span> <span class='ocrx_word' id='word_1_81' title='bbox 602 951 652 1001; x_wconf 68' lang='lat' dir='ltr'>V.</span> <span class='ocrx_word' id='word_1_82' title='bbox 674 955 731 996; x_wconf 87' lang='lat' dir='ltr'>Et</span> <span class='ocrx_word' id='word_1_83' title='bbox 755 955 987 996; x_wconf 88' lang='lat' dir='ltr'>invenietis</span> 
     </span>
     <span class='ocr_line' id='line_1_15' title="bbox 151 1011 987 1062; baseline 0.001 -11"><span class='ocrx_word' id='word_1_84' title='bbox 151 1011 354 1062; x_wconf 85' lang='lat' dir='ltr'>requiem</span> <span class='ocrx_word' id='word_1_85' title='bbox 373 1012 599 1053; x_wconf 85' lang='lat' dir='ltr'>animabus</span> <span class='ocrx_word' id='word_1_86' title='bbox 618 1012 789 1053; x_wconf 90' lang='lat' dir='ltr'>vestris.</span> <span class='ocrx_word' id='word_1_87' title='bbox 817 1012 841 1052; x_wconf 88' lang='lat' dir='ltr'><strong>J</strong></span> <span class='ocrx_word' id='word_1_88' title='bbox 843 1025 987 1062; x_wconf 91' lang='lat' dir='ltr'>ugum.</span> 
     </span>
    </p>

    <p class='ocr_par' dir='ltr' id='par_1_4' title="bbox 287 1072 892 1123">
     <span class='ocr_line' id='line_1_16' title="bbox 287 1072 892 1123; baseline -0.005 -10"><span class='ocrx_word' id='word_1_89' title='bbox 287 1073 440 1113; x_wconf 87' lang='lat' dir='ltr'>Lectio</span> <span class='ocrx_word' id='word_1_90' title='bbox 462 1073 516 1112; x_wconf 85' lang='lat' dir='ltr'>iii.</span> <span class='ocrx_word' id='word_1_91' title='bbox 700 1072 803 1123; x_wconf 87' lang='lat' dir='ltr'>Cap.</span> <span class='ocrx_word' id='word_1_92' title='bbox 822 1072 857 1110; x_wconf 83' lang='lat'>2.</span> <span class='ocrx_word' id='word_1_93' title='bbox 890 1085 892 1088; x_wconf 91' lang='lat'>·</span> 
     </span>
    </p>

    <p class='ocr_par' dir='ltr' id='par_1_5' title="bbox 155 1128 986 1234">
     <span class='ocr_line' id='line_1_17' title="bbox 155 1128 986 1234; baseline 0.002 -58"><span class='ocrx_word' id='word_1_94' title='bbox 155 1128 343 1234; x_wconf 85' lang='lat' dir='ltr'>Filioli</span> <span class='ocrx_word' id='word_1_95' title='bbox 367 1137 463 1187; x_wconf 89' lang='lat' dir='ltr'>mei,</span> <span class='ocrx_word' id='word_1_96' title='bbox 487 1136 584 1178; x_wconf 89' lang='lat' dir='ltr'>haec</span> <span class='ocrx_word' id='word_1_97' title='bbox 607 1135 754 1178; x_wconf 92' lang='lat' dir='ltr'>scribo</span> <span class='ocrx_word' id='word_1_98' title='bbox 781 1136 919 1186; x_wconf 91' lang='lat' dir='ltr'>vobis,</span> <span class='ocrx_word' id='word_1_99' title='bbox 939 1142 986 1178; x_wconf 93' lang='lat' dir='ltr'>ut</span> 
     </span>
    </p>

    <p class='ocr_par' dir='ltr' id='par_1_6' title="bbox 154 1193 987 2147">
     <span class='ocr_line' id='line_1_18' title="bbox 256 1193 986 1247; baseline -0.001 -13"><span class='ocrx_word' id='word_1_100' title='bbox 256 1206 345 1234; x_wconf 92' lang='lat' dir='ltr'>non</span> <span class='ocrx_word' id='word_1_101' title='bbox 375 1194 580 1247; x_wconf 81' lang='lat' dir='ltr'>peccetis.</span> <span class='ocrx_word' id='word_1_102' title='bbox 621 1193 709 1236; x_wconf 89' lang='lat' dir='ltr'>Sed</span> <span class='ocrx_word' id='word_1_103' title='bbox 743 1198 786 1235; x_wconf 90' lang='lat' dir='ltr'>et</span> <span class='ocrx_word' id='word_1_104' title='bbox 818 1194 855 1234; x_wconf 90' lang='lat' dir='ltr'>si</span> <span class='ocrx_word' id='word_1_105' title='bbox 888 1193 986 1246; x_wconf 91' lang='lat' dir='ltr'>quis</span> 
     </span>
     <span class='ocr_line' id='line_1_19' title="bbox 155 1249 987 1302; baseline 0 -11"><span class='ocrx_word' id='word_1_106' title='bbox 155 1251 424 1302; x_wconf 86' lang='lat' dir='ltr'>peccaverit,</span> <span class='ocrx_word' id='word_1_107' title='bbox 466 1250 734 1292; x_wconf 86' lang='lat' dir='ltr'>advocatum</span> <span class='ocrx_word' id='word_1_108' title='bbox 774 1249 987 1291; x_wconf 90' lang='lat' dir='ltr'>habemus</span> 
     </span>
     <span class='ocr_line' id='line_1_20' title="bbox 155 1306 986 1359; baseline 0 -12"><span class='ocrx_word' id='word_1_109' title='bbox 155 1306 274 1359; x_wconf 91' lang='lat' dir='ltr'>apud</span> <span class='ocrx_word' id='word_1_110' title='bbox 298 1307 487 1355; x_wconf 89' lang='lat' dir='ltr'>Patrem,</span> <span class='ocrx_word' id='word_1_111' title='bbox 512 1307 537 1347; x_wconf 90' lang='lat' dir='ltr'><strong>J</strong></span> <span class='ocrx_word' id='word_1_112' title='bbox 539 1319 663 1347; x_wconf 90' lang='lat' dir='ltr'>esum</span> <span class='ocrx_word' id='word_1_113' title='bbox 683 1307 904 1348; x_wconf 84' lang='lat' dir='ltr'>Christum</span> <span class='ocrx_word' id='word_1_114' title='bbox 928 1307 986 1358; x_wconf 91' lang='lat' dir='ltr'>ju-</span> 
     </span>
     <span class='ocr_line' id='line_1_21' title="bbox 155 1363 986 1416; baseline 0.001 -13"><span class='ocrx_word' id='word_1_115' title='bbox 155 1368 285 1404; x_wconf 90' lang='lat' dir='ltr'>stum:</span> <span class='ocrx_word' id='word_1_116' title='bbox 317 1368 361 1404; x_wconf 91' lang='lat' dir='ltr'>et</span> <span class='ocrx_word' id='word_1_117' title='bbox 393 1363 488 1416; x_wconf 93' lang='lat' dir='ltr'>ipse</span> <span class='ocrx_word' id='word_1_118' title='bbox 518 1368 587 1404; x_wconf 92' lang='lat' dir='ltr'>est</span> <span class='ocrx_word' id='word_1_119' title='bbox 614 1363 873 1416; x_wconf 69' lang='lat' dir='ltr'>propitiatio</span> <span class='ocrx_word' id='word_1_120' title='bbox 904 1376 986 1415; x_wconf 93' lang='lat' dir='ltr'>pro</span> 
     </span>
     <span class='ocr_line' id='line_1_22' title="bbox 154 1420 986 1472; baseline 0 -12"><span class='ocrx_word' id='word_1_121' title='bbox 154 1420 350 1471; x_wconf 89' lang='lat' dir='ltr'>peccatis</span> <span class='ocrx_word' id='word_1_122' title='bbox 381 1420 560 1461; x_wconf 90' lang='lat' dir='ltr'>nostris:</span> <span class='ocrx_word' id='word_1_123' title='bbox 592 1432 680 1461; x_wconf 91' lang='lat' dir='ltr'>non</span> <span class='ocrx_word' id='word_1_124' title='bbox 712 1432 794 1472; x_wconf 93' lang='lat' dir='ltr'>pro</span> <span class='ocrx_word' id='word_1_125' title='bbox 822 1420 986 1460; x_wconf 90' lang='lat' dir='ltr'>nostris</span> 
     </span>
     <span class='ocr_line' id='line_1_23' title="bbox 155 1474 987 1528; baseline 0.001 -12"><span class='ocrx_word' id='word_1_126' title='bbox 155 1481 302 1517; x_wconf 89' lang='lat' dir='ltr'>autem</span> <span class='ocrx_word' id='word_1_127' title='bbox 318 1480 498 1525; x_wconf 87' lang='lat' dir='ltr'>tantum,</span> <span class='ocrx_word' id='word_1_128' title='bbox 514 1474 594 1517; x_wconf 90' lang='lat' dir='ltr'>sed</span> <span class='ocrx_word' id='word_1_129' title='bbox 609 1476 740 1517; x_wconf 90' lang='lat' dir='ltr'>etiam</span> <span class='ocrx_word' id='word_1_130' title='bbox 753 1488 835 1528; x_wconf 91' lang='lat' dir='ltr'>pro</span> <span class='ocrx_word' id='word_1_131' title='bbox 850 1478 987 1517; x_wconf 84' lang='lat' dir='ltr'>totius</span> 
     </span>
     <span class='ocr_line' id='line_1_24' title="bbox 154 1530 985 1584; baseline 0.001 -12"><span class='ocrx_word' id='word_1_132' title='bbox 154 1530 315 1573; x_wconf 90' lang='lat' dir='ltr'>mundi.</span> <span class='ocrx_word' id='word_1_133' title='bbox 342 1532 399 1573; x_wconf 85' lang='lat' dir='ltr'>Et</span> <span class='ocrx_word' id='word_1_134' title='bbox 422 1532 466 1572; x_wconf 88' lang='lat' dir='ltr'>in</span> <span class='ocrx_word' id='word_1_135' title='bbox 489 1532 573 1573; x_wconf 93' lang='lat' dir='ltr'>hoc</span> <span class='ocrx_word' id='word_1_136' title='bbox 593 1533 754 1574; x_wconf 90' lang='lat' dir='ltr'>scimus</span> <span class='ocrx_word' id='word_1_137' title='bbox 779 1533 985 1584; x_wconf 80' lang='lat' dir='ltr'>queniam</span> 
     </span>
     <span class='ocr_line' id='line_1_25' title="bbox 155 1588 984 1640; baseline 0.001 -11"><span class='ocrx_word' id='word_1_138' title='bbox 155 1588 442 1638; x_wconf 82' lang='lat' dir='ltr'>cognovimus</span> <span class='ocrx_word' id='word_1_139' title='bbox 466 1601 576 1638; x_wconf 93' lang='lat' dir='ltr'>eum,</span> <span class='ocrx_word' id='word_1_140' title='bbox 601 1589 637 1629; x_wconf 90' lang='lat' dir='ltr'>si</span> <span class='ocrx_word' id='word_1_141' title='bbox 661 1588 869 1630; x_wconf 86' lang='lat' dir='ltr'>mandata</span> <span class='ocrx_word' id='word_1_142' title='bbox 894 1590 984 1640; x_wconf 86' lang='lat' dir='ltr'>ejus</span> 
     </span>
     <span class='ocr_line' id='line_1_26' title="bbox 154 1644 985 1695; baseline 0.002 -10"><span class='ocrx_word' id='word_1_143' title='bbox 154 1644 453 1686; x_wconf 79' lang='lat' dir='ltr'>observemus.</span> <span class='ocrx_word' id='word_1_144' title='bbox 508 1645 592 1695; x_wconf 92' lang='lat' dir='ltr'>Qui</span> <span class='ocrx_word' id='word_1_145' title='bbox 629 1645 735 1686; x_wconf 91' lang='lat' dir='ltr'>dicit</span> <span class='ocrx_word' id='word_1_146' title='bbox 771 1658 819 1687; x_wconf 93' lang='lat' dir='ltr'>se</span> <span class='ocrx_word' id='word_1_147' title='bbox 854 1658 985 1687; x_wconf 90' lang='lat' dir='ltr'>nosse</span> 
     </span>
     <span class='ocr_line' id='line_1_27' title="bbox 155 1701 986 1753; baseline 0.002 -11"><span class='ocrx_word' id='word_1_148' title='bbox 155 1713 264 1750; x_wconf 87' lang='lat' dir='ltr'>eum,</span> <span class='ocrx_word' id='word_1_149' title='bbox 281 1706 325 1742; x_wconf 90' lang='lat' dir='ltr'>et</span> <span class='ocrx_word' id='word_1_150' title='bbox 343 1701 552 1742; x_wconf 88' lang='lat' dir='ltr'>mandata</span> <span class='ocrx_word' id='word_1_151' title='bbox 571 1701 662 1753; x_wconf 92' lang='lat' dir='ltr'>ejus</span> <span class='ocrx_word' id='word_1_152' title='bbox 677 1715 765 1743; x_wconf 92' lang='lat' dir='ltr'>non</span> <span class='ocrx_word' id='word_1_153' title='bbox 781 1702 986 1751; x_wconf 82' lang='lat' dir='ltr'>custodit,</span> 
     </span>
     <span class='ocr_line' id='line_1_28' title="bbox 157 1756 987 1807; baseline 0.002 -10"><span class='ocrx_word' id='word_1_154' title='bbox 157 1756 347 1798; x_wconf 88' lang='lat' dir='ltr'>mendax</span> <span class='ocrx_word' id='word_1_155' title='bbox 372 1762 450 1807; x_wconf 93' lang='lat' dir='ltr'>est,</span> <span class='ocrx_word' id='word_1_156' title='bbox 474 1762 518 1798; x_wconf 89' lang='lat' dir='ltr'>et</span> <span class='ocrx_word' id='word_1_157' title='bbox 539 1757 584 1797; x_wconf 91' lang='lat' dir='ltr'>in</span> <span class='ocrx_word' id='word_1_158' title='bbox 606 1757 693 1799; x_wconf 91' lang='lat' dir='ltr'>hoc</span> <span class='ocrx_word' id='word_1_159' title='bbox 712 1759 875 1799; x_wconf 84' lang='lat' dir='ltr'>veritas</span> <span class='ocrx_word' id='word_1_160' title='bbox 897 1772 987 1800; x_wconf 92' lang='lat' dir='ltr'>non</span> 
     </span>
     <span class='ocr_line' id='line_1_29' title="bbox 155 1814 986 1867; baseline 0.002 -13"><span class='ocrx_word' id='word_1_161' title='bbox 155 1818 232 1855; x_wconf 88' lang='lat' dir='ltr'>est.</span> <span class='ocrx_word' id='word_1_162' title='bbox 258 1814 342 1864; x_wconf 91' lang='lat' dir='ltr'>Qui</span> <span class='ocrx_word' id='word_1_163' title='bbox 357 1818 503 1855; x_wconf 88' lang='lat' dir='ltr'>autem</span> <span class='ocrx_word' id='word_1_164' title='bbox 518 1818 664 1856; x_wconf 90' lang='lat' dir='ltr'>servat</span> <span class='ocrx_word' id='word_1_165' title='bbox 679 1814 864 1856; x_wconf 86' lang='lat' dir='ltr'>verbum</span> <span class='ocrx_word' id='word_1_166' title='bbox 883 1816 986 1867; x_wconf 87' lang='lat' dir='ltr'>ejus,</span> 
     </span>
     <span class='ocr_line' id='line_1_30' title="bbox 155 1870 986 1924; baseline 0.002 -14"><span class='ocrx_word' id='word_1_167' title='bbox 155 1882 258 1911; x_wconf 88' lang='lat' dir='ltr'>vere</span> <span class='ocrx_word' id='word_1_168' title='bbox 291 1870 335 1910; x_wconf 90' lang='lat' dir='ltr'>in</span> <span class='ocrx_word' id='word_1_169' title='bbox 366 1870 453 1911; x_wconf 93' lang='lat' dir='ltr'>hoc</span> <span class='ocrx_word' id='word_1_170' title='bbox 485 1870 645 1912; x_wconf 88' lang='lat' dir='ltr'>caritas</span> <span class='ocrx_word' id='word_1_171' title='bbox 673 1871 757 1912; x_wconf 92' lang='lat' dir='ltr'>Dei</span> <span class='ocrx_word' id='word_1_172' title='bbox 788 1871 986 1924; x_wconf 87' lang='lat' dir='ltr'>perfecta</span> 
     </span>
     <span class='ocr_line' id='line_1_31' title="bbox 155 1926 986 1980; baseline 0.001 -13"><span class='ocrx_word' id='word_1_173' title='bbox 155 1930 236 1967; x_wconf 90' lang='lat' dir='ltr'>est:</span> <span class='ocrx_word' id='word_1_174' title='bbox 265 1931 308 1968; x_wconf 93' lang='lat' dir='ltr'>et</span> <span class='ocrx_word' id='word_1_175' title='bbox 335 1926 379 1966; x_wconf 91' lang='lat' dir='ltr'>in</span> <span class='ocrx_word' id='word_1_176' title='bbox 406 1926 492 1967; x_wconf 92' lang='lat' dir='ltr'>hoc</span> <span class='ocrx_word' id='word_1_177' title='bbox 522 1926 684 1969; x_wconf 90' lang='lat' dir='ltr'>scimus</span> <span class='ocrx_word' id='word_1_178' title='bbox 709 1928 916 1980; x_wconf 77' lang='lat' dir='ltr'>queniam</span> <span class='ocrx_word' id='word_1_179' title='bbox 942 1928 986 1968; x_wconf 90' lang='lat' dir='ltr'>in</span> 
     </span>
     <span class='ocr_line' id='line_1_32' title="bbox 154 1982 985 2037; baseline 0.005 -15"><span class='ocrx_word' id='word_1_180' title='bbox 154 1982 253 2035; x_wconf 91' lang='lat' dir='ltr'>ipso</span> <span class='ocrx_word' id='word_1_181' title='bbox 281 1995 440 2024; x_wconf 92' lang='lat' dir='ltr'>sumus.</span> <span class='ocrx_word' id='word_1_182' title='bbox 491 1983 575 2033; x_wconf 88' lang='lat' dir='ltr'>Qui</span> <span class='ocrx_word' id='word_1_183' title='bbox 605 1983 712 2026; x_wconf 89' lang='lat' dir='ltr'>dicit</span> <span class='ocrx_word' id='word_1_184' title='bbox 741 1997 788 2026; x_wconf 92' lang='grc' dir='ltr'>εθ</span> <span class='ocrx_word' id='word_1_185' title='bbox 815 1985 859 2025; x_wconf 93' lang='lat' dir='ltr'>in</span> <span class='ocrx_word' id='word_1_186' title='bbox 886 1984 985 2037; x_wconf 91' lang='lat' dir='ltr'>ipso</span> 
     </span>
     <span class='ocr_line' id='line_1_33' title="bbox 154 2037 986 2090; baseline 0.004 -11"><span class='ocrx_word' id='word_1_187' title='bbox 154 2040 342 2088; x_wconf 86' lang='lat' dir='ltr'>manere,</span> <span class='ocrx_word' id='word_1_188' title='bbox 358 2037 501 2088; x_wconf 88' lang='lat' dir='ltr'>debet,</span> <span class='ocrx_word' id='word_1_189' title='bbox 517 2039 629 2081; x_wconf 91' lang='lat' dir='ltr'>sicut</span> <span class='ocrx_word' id='word_1_190' title='bbox 645 2040 719 2082; x_wconf 91' lang='lat' dir='ltr'>ille</span> <span class='ocrx_word' id='word_1_191' title='bbox 735 2040 986 2090; x_wconf 91' lang='lat' dir='ltr'>ambulavit,</span> 
     </span>
     <span class='ocr_line' id='line_1_34' title="bbox 155 2094 569 2147; baseline 0 -12"><span class='ocrx_word' id='word_1_192' title='bbox 155 2098 199 2135; x_wconf 89' lang='lat' dir='ltr'>et</span> <span class='ocrx_word' id='word_1_193' title='bbox 217 2094 313 2147; x_wconf 90' lang='lat' dir='ltr'>ipse</span> <span class='ocrx_word' id='word_1_194' title='bbox 333 2094 569 2136; x_wconf 87' lang='lat' dir='ltr'>ambulare.</span> 
     </span>
    </p>
   </div>
   <div class='ocr_carea' id='block_1_3' title="bbox 209 2155 762 2262">
    <p class='ocr_par' dir='ltr' id='par_1_7' title="bbox 209 2155 762 2262">
     <span class='ocr_line' id='line_1_35' title="bbox 209 2155 722 2209; baseline 0.006 -14"><span class='ocrx_word' id='word_1_195' title='bbox 209 2156 261 2206; x_wconf 71' lang='lat' dir='ltr'>R.</span> <span class='ocrx_word' id='word_1_196' title='bbox 285 2156 403 2197; x_wconf 92' lang='lat' dir='ltr'>Dum</span> <span class='ocrx_word' id='word_1_197' title='bbox 422 2155 641 2197; x_wconf 90' lang='lat' dir='ltr'>steteritis.</span> <span class='ocrx_word' id='word_1_198' title='bbox 669 2157 722 2209; x_wconf 85' lang='lat'>[7]</span> 
     </span>
     <span class='ocr_line' id='line_1_36' title="bbox 382 2222 762 2262; baseline -0.005 0"><span class='ocrx_word' id='word_1_199' title='bbox 382 2223 432 2262; x_wconf 89' lang='lat' dir='ltr'>In</span> <span class='ocrx_word' id='word_1_200' title='bbox 459 2222 509 2261; x_wconf 87' lang='lat' dir='ltr'>H.</span> <span class='ocrx_word' id='word_1_201' title='bbox 538 2222 762 2261; x_wconf 80' lang='lat' dir='ltr'>Nocturno.</span> 
     </span>
    </p>
   </div>
   <div class='ocr_carea' id='block_1_4' title="bbox 155 2291 988 2751">
    <p class='ocr_par' dir='ltr' id='par_1_8' title="bbox 155 2291 988 2751">
     <span class='ocr_line' id='line_1_37' title="bbox 157 2291 986 2347; baseline 0.006 -15"><span class='ocrx_word' id='word_1_202' title='bbox 157 2293 223 2333; x_wconf 90' lang='lat' dir='ltr'>Ex</span> <span class='ocrx_word' id='word_1_203' title='bbox 241 2291 354 2334; x_wconf 91' lang='lat' dir='ltr'>libro</span> <span class='ocrx_word' id='word_1_204' title='bbox 375 2294 514 2336; x_wconf 85' lang='lat' dir='ltr'>saneti</span> <span class='ocrx_word' id='word_1_205' title='bbox 527 2294 788 2347; x_wconf 82' lang='lat' dir='ltr'>Hierenymi</span> <span class='ocrx_word' id='word_1_206' title='bbox 801 2294 986 2347; x_wconf 74' lang='lat' dir='ltr'>Presby-</span> 
     </span>
     <span class='ocr_line' id='line_1_38' title="bbox 290 2350 853 2392; baseline 0.002 -2"><span class='ocrx_word' id='word_1_207' title='bbox 290 2350 373 2390; x_wconf 88' lang='lat' dir='ltr'>teri</span> <span class='ocrx_word' id='word_1_208' title='bbox 392 2354 546 2392; x_wconf 84' lang='lat' dir='ltr'>contra</span> <span class='ocrx_word' id='word_1_209' title='bbox 563 2350 589 2390; x_wconf 88' lang='lat' dir='ltr'><strong>J</strong></span> <span class='ocrx_word' id='word_1_210' title='bbox 592 2351 853 2392; x_wconf 87' lang='lat' dir='ltr'>ovinianum.</span> 
     </span>
     <span class='ocr_line' id='line_1_39' title="bbox 261 2411 884 2453; baseline 0 -2"><span class='ocrx_word' id='word_1_211' title='bbox 261 2411 413 2452; x_wconf 88' lang='lat' dir='ltr'>Lectio</span> <span class='ocrx_word' id='word_1_212' title='bbox 433 2411 486 2451; x_wconf 89' lang='lat' dir='ltr'>iv.</span> <span class='ocrx_word' id='word_1_213' title='bbox 746 2411 838 2453; x_wconf 91' lang='lat' dir='ltr'>Lib.</span> <span class='ocrx_word' id='word_1_214' title='bbox 854 2413 884 2452; x_wconf 92' lang='lat'>1.</span> 
     </span>
     <span class='ocr_line' id='line_1_40' title="bbox 163 2474 987 2531; baseline -0.001 -14"><span class='ocrx_word' id='word_1_215' title='bbox 163 2484 199 2531; x_wconf 40' lang='grc' dir='ltr'>μζ</span> <span class='ocrx_word' id='word_1_216' title='bbox 216 2476 436 2527; x_wconf 47' lang='grc' dir='ltr'>’μοέιῐιηθε</span> <span class='ocrx_word' id='word_1_217' title='bbox 452 2475 707 2526; x_wconf 81' lang='lat' dir='ltr'>Apostolus,</span> <span class='ocrx_word' id='word_1_218' title='bbox 725 2488 837 2516; x_wconf 90' lang='lat' dir='ltr'>unus</span> <span class='ocrx_word' id='word_1_219' title='bbox 856 2482 910 2516; x_wconf 85' lang='lat' dir='ltr'>ex</span> <span class='ocrx_word' id='word_1_220' title='bbox 927 2474 987 2516; x_wconf 94' lang='lat' dir='ltr'>di-</span> 
     </span>
     <span class='ocr_line' id='line_1_41' title="bbox 230 2524 987 2583; baseline 0.001 -12.92"><span class='ocrx_word' id='word_1_221' title='bbox 230 2524 265 2580; x_wconf 94' lang='lat'><em>3</em></span> <span class='ocrx_word' id='word_1_222' title='bbox 289 2530 468 2583; x_wconf 82' lang='lat' dir='ltr'>scipulis</span> <span class='ocrx_word' id='word_1_223' title='bbox 478 2531 670 2582; x_wconf 83' lang='lat' dir='ltr'>D6mini,</span> <span class='ocrx_word' id='word_1_224' title='bbox 690 2532 765 2583; x_wconf 93' lang='lat' dir='ltr'>qui</span> <span class='ocrx_word' id='word_1_225' title='bbox 782 2531 987 2572; x_wconf 87' lang='lat' dir='ltr'>minimus</span> 
     </span>
     <span class='ocr_line' id='line_1_42' title="bbox 171 2585 987 2639; baseline 0.002 -13"><span class='ocrx_word' id='word_1_226' title='bbox 171 2592 181 2602; x_wconf 50' lang='lat'>⁸</span> <span class='ocrx_word' id='word_1_227' title='bbox 289 2592 394 2627; x_wconf 85' lang='lat' dir='ltr'>natu</span> <span class='ocrx_word' id='word_1_228' title='bbox 404 2585 592 2628; x_wconf 86' lang='lat' dir='ltr'>traditur</span> <span class='ocrx_word' id='word_1_229' title='bbox 603 2586 736 2628; x_wconf 88' lang='lat' dir='ltr'>fuisse</span> <span class='ocrx_word' id='word_1_230' title='bbox 746 2587 858 2628; x_wconf 88' lang='lat' dir='ltr'>inter</span> <span class='ocrx_word' id='word_1_231' title='bbox 870 2587 987 2639; x_wconf 81' lang='lat' dir='ltr'>Ape-</span> 
     </span>
     <span class='ocr_line' id='line_1_43' title="bbox 157 2641 986 2694; baseline -0.001 -10"><span class='ocrx_word' id='word_1_232' title='bbox 157 2643 313 2691; x_wconf 85' lang='lat' dir='ltr'>st&#39;olos,</span> <span class='ocrx_word' id='word_1_233' title='bbox 333 2647 376 2684; x_wconf 89' lang='lat' dir='ltr'>et</span> <span class='ocrx_word' id='word_1_234' title='bbox 397 2655 527 2694; x_wconf 91' lang='lat' dir='ltr'>quem</span> <span class='ocrx_word' id='word_1_235' title='bbox 547 2641 658 2683; x_wconf 90' lang='lat' dir='ltr'>fides</span> <span class='ocrx_word' id='word_1_236' title='bbox 680 2642 841 2684; x_wconf 90' lang='lat' dir='ltr'>Christi</span> <span class='ocrx_word' id='word_1_237' title='bbox 859 2643 986 2693; x_wconf 87' lang='lat' dir='ltr'>virgi-</span> 
     </span>
     <span class='ocr_line' id='line_1_44' title="bbox 155 2698 988 2751; baseline 0.002 -13"><span class='ocrx_word' id='word_1_238' title='bbox 155 2711 256 2740; x_wconf 90' lang='lat' dir='ltr'>nem</span> <span class='ocrx_word' id='word_1_239' title='bbox 274 2700 510 2750; x_wconf 88' lang='lat' dir='ltr'>repererat,</span> <span class='ocrx_word' id='word_1_240' title='bbox 530 2698 654 2749; x_wconf 88' lang='lat' dir='ltr'>virgo</span> <span class='ocrx_word' id='word_1_241' title='bbox 669 2699 924 2751; x_wconf 87' lang='lat' dir='ltr'>permansit:</span> <span class='ocrx_word' id='word_1_242' title='bbox 944 2703 988 2740; x_wconf 86' lang='lat' dir='ltr'>et</span> 
     </span>
    </p>
   </div>
   <div class='ocr_carea' id='block_1_5' title="bbox 160 2481 285 2611">
    <p class='ocr_par' dir='ltr' id='par_1_9' title="bbox 160 2481 285 2611">
     <span class='ocr_line' id='line_1_45' title="bbox 160 2481 285 2611; baseline 0 365"><span class='ocrx_word' id='word_1_243' title='bbox 160 2481 285 2611; x_wconf 95' lang='lat' dir='ltr'> </span> 
     </span>
    </p>
   </div>
   <div class='ocr_carea' id='block_1_6' title="bbox 309 2840 498 2864">
    <p class='ocr_par' dir='ltr' id='par_1_10' title="bbox 309 2840 498 2864">
     <span class='ocr_line' id='line_1_46' title="bbox 309 2840 498 2864; baseline 0 0"><span class='ocrx_word' id='word_1_244' title='bbox 309 2840 374 2864; x_wconf 82' lang='lat' dir='ltr'>Pars</span> <span class='ocrx_word' id='word_1_245' title='bbox 390 2840 498 2864; x_wconf 76' lang='lat' dir='ltr'>AEstiva.</span> 
     </span>
    </p>
   </div>
   <div class='ocr_carea' id='block_1_7' title="bbox 1038 276 1876 2748">
    <p class='ocr_par' dir='ltr' id='par_1_11' title="bbox 1038 276 1875 1053">
     <span class='ocr_line' id='line_1_47' title="bbox 1038 276 1874 329; baseline 0.002 -11"><span class='ocrx_word' id='word_1_246' title='bbox 1038 276 1140 318; x_wconf 86' lang='lat' dir='ltr'>ideo</span> <span class='ocrx_word' id='word_1_247' title='bbox 1162 277 1263 329; x_wconf 91' lang='lat' dir='ltr'>plus</span> <span class='ocrx_word' id='word_1_248' title='bbox 1282 280 1454 318; x_wconf 88' lang='lat' dir='ltr'>amatur</span> <span class='ocrx_word' id='word_1_249' title='bbox 1473 291 1499 319; x_wconf 93' lang='lat' dir='ltr'>a</span> <span class='ocrx_word' id='word_1_250' title='bbox 1517 278 1725 329; x_wconf 82' lang='lat' dir='ltr'>Domino,</span> <span class='ocrx_word' id='word_1_251' title='bbox 1747 284 1791 321; x_wconf 90' lang='lat' dir='ltr'>et</span> <span class='ocrx_word' id='word_1_252' title='bbox 1809 292 1874 320; x_wconf 91' lang='lat' dir='ltr'>re—</span> 
     </span>
     <span class='ocr_line' id='line_1_48' title="bbox 1040 332 1874 388; baseline 0.005 -15"><span class='ocrx_word' id='word_1_253' title='bbox 1040 332 1206 374; x_wconf 89' lang='lat' dir='ltr'>cumbit</span> <span class='ocrx_word' id='word_1_254' title='bbox 1226 346 1360 386; x_wconf 90' lang='lat' dir='ltr'>super</span> <span class='ocrx_word' id='word_1_255' title='bbox 1379 339 1535 385; x_wconf 93' lang='lat' dir='ltr'>pectus</span> <span class='ocrx_word' id='word_1_256' title='bbox 1549 335 1574 375; x_wconf 92' lang='lat' dir='ltr'><strong>J</strong></span> <span class='ocrx_word' id='word_1_257' title='bbox 1576 347 1667 376; x_wconf 88' lang='lat' dir='ltr'>esu:</span> <span class='ocrx_word' id='word_1_258' title='bbox 1688 340 1731 377; x_wconf 89' lang='lat' dir='ltr'>et</span> <span class='ocrx_word' id='word_1_259' title='bbox 1753 335 1874 388; x_wconf 89' lang='lat' dir='ltr'>quod</span> 
     </span>
     <span class='ocr_line' id='line_1_49' title="bbox 1038 390 1872 442; baseline 0.005 -12"><span class='ocrx_word' id='word_1_260' title='bbox 1038 390 1213 440; x_wconf 92' lang='lat' dir='ltr'>Petrus,</span> <span class='ocrx_word' id='word_1_261' title='bbox 1245 390 1318 441; x_wconf 88' lang='lat' dir='ltr'>qui</span> <span class='ocrx_word' id='word_1_262' title='bbox 1346 392 1530 432; x_wconf 83' lang='lat' dir='ltr'>uxorem</span> <span class='ocrx_word' id='word_1_263' title='bbox 1554 391 1784 442; x_wconf 81' lang='lat' dir='ltr'>habuerat,</span> <span class='ocrx_word' id='word_1_264' title='bbox 1812 393 1872 433; x_wconf 94' lang='lat' dir='ltr'>in-</span> 
     </span>
     <span class='ocr_line' id='line_1_50' title="bbox 1039 446 1874 500; baseline 0.006 -15"><span class='ocrx_word' id='word_1_265' title='bbox 1039 448 1267 496; x_wconf 90' lang='lat' dir='ltr'>terrogare</span> <span class='ocrx_word' id='word_1_266' title='bbox 1294 459 1383 487; x_wconf 92' lang='lat' dir='ltr'>non</span> <span class='ocrx_word' id='word_1_267' title='bbox 1415 446 1564 497; x_wconf 91' lang='lat' dir='ltr'>audet,</span> <span class='ocrx_word' id='word_1_268' title='bbox 1599 447 1721 489; x_wconf 91' lang='lat' dir='ltr'>illum</span> <span class='ocrx_word' id='word_1_269' title='bbox 1746 454 1874 500; x_wconf 89' lang='lat' dir='ltr'>rogat</span> 
     </span>
     <span class='ocr_line' id='line_1_51' title="bbox 1040 502 1873 555; baseline 0.004 -12"><span class='ocrx_word' id='word_1_270' title='bbox 1040 506 1088 543; x_wconf 92' lang='lat' dir='ltr'>ut</span> <span class='ocrx_word' id='word_1_271' title='bbox 1107 502 1364 553; x_wconf 87' lang='lat' dir='ltr'>interroget;</span> <span class='ocrx_word' id='word_1_272' title='bbox 1393 507 1436 544; x_wconf 92' lang='lat' dir='ltr'>et</span> <span class='ocrx_word' id='word_1_273' title='bbox 1461 508 1566 555; x_wconf 92' lang='lat' dir='ltr'>post</span> <span class='ocrx_word' id='word_1_274' title='bbox 1590 505 1873 546; x_wconf 81' lang='lat' dir='ltr'>resurrectio-</span> 
     </span>
     <span class='ocr_line' id='line_1_52' title="bbox 1039 558 1874 611; baseline 0.005 -13"><span class='ocrx_word' id='word_1_275' title='bbox 1039 570 1157 607; x_wconf 90' lang='lat' dir='ltr'>nem,</span> <span class='ocrx_word' id='word_1_276' title='bbox 1189 558 1416 599; x_wconf 88' lang='lat' dir='ltr'>nuntiante</span> <span class='ocrx_word' id='word_1_277' title='bbox 1448 559 1588 600; x_wconf 85' lang='lat' dir='ltr'>Maria</span> <span class='ocrx_word' id='word_1_278' title='bbox 1614 560 1874 611; x_wconf 87' lang='lat' dir='ltr'>Magdalene</span> 
     </span>
     <span class='ocr_line' id='line_1_53' title="bbox 1041 614 1873 667; baseline 0.004 -12"><span class='ocrx_word' id='word_1_279' title='bbox 1041 614 1162 666; x_wconf 91' lang='lat' dir='ltr'>quod</span> <span class='ocrx_word' id='word_1_280' title='bbox 1179 614 1397 656; x_wconf 80' lang='lat' dir='ltr'>Deminus</span> <span class='ocrx_word' id='word_1_281' title='bbox 1417 618 1740 667; x_wconf 81' lang='lat' dir='ltr'>resurrexisset,</span> <span class='ocrx_word' id='word_1_282' title='bbox 1760 619 1873 658; x_wconf 91' lang='lat' dir='ltr'>uter-</span> 
     </span>
     <span class='ocr_line' id='line_1_54' title="bbox 1042 671 1875 724; baseline 0.005 -13"><span class='ocrx_word' id='word_1_283' title='bbox 1042 684 1127 723; x_wconf 92' lang='lat' dir='ltr'>que</span> <span class='ocrx_word' id='word_1_284' title='bbox 1159 671 1352 712; x_wconf 77' lang='lat' dir='ltr'>cucurrit</span> <span class='ocrx_word' id='word_1_285' title='bbox 1384 671 1441 713; x_wconf 87' lang='lat' dir='ltr'>ad</span> <span class='ocrx_word' id='word_1_286' title='bbox 1469 672 1763 724; x_wconf 80' lang='lat' dir='ltr'>sepulchrum,</span> <span class='ocrx_word' id='word_1_287' title='bbox 1795 673 1875 715; x_wconf 91' lang='lat' dir='ltr'>sed</span> 
     </span>
     <span class='ocr_line' id='line_1_55' title="bbox 1040 726 1874 780; baseline 0.005 -13"><span class='ocrx_word' id='word_1_288' title='bbox 1040 726 1113 768; x_wconf 89' lang='lat' dir='ltr'>ille</span> <span class='ocrx_word' id='word_1_289' title='bbox 1144 727 1378 780; x_wconf 79' lang='lat' dir='ltr'>praevenit:</span> <span class='ocrx_word' id='word_1_290' title='bbox 1423 741 1611 779; x_wconf 89' lang='lat' dir='ltr'>cumque</span> <span class='ocrx_word' id='word_1_291' title='bbox 1648 734 1795 771; x_wconf 89' lang='lat' dir='ltr'>essent</span> <span class='ocrx_word' id='word_1_292' title='bbox 1831 730 1874 770; x_wconf 92' lang='lat' dir='ltr'>in</span> 
     </span>
     <span class='ocr_line' id='line_1_56' title="bbox 1040 784 1874 836; baseline 0.004 -12"><span class='ocrx_word' id='word_1_293' title='bbox 1040 784 1158 833; x_wconf 90' lang='lat' dir='ltr'>navi,</span> <span class='ocrx_word' id='word_1_294' title='bbox 1185 789 1229 825; x_wconf 90' lang='lat' dir='ltr'>et</span> <span class='ocrx_word' id='word_1_295' title='bbox 1249 784 1528 836; x_wconf 83' lang='lat' dir='ltr'>piscarentur</span> <span class='ocrx_word' id='word_1_296' title='bbox 1552 785 1596 825; x_wconf 90' lang='lat' dir='ltr'>in</span> <span class='ocrx_word' id='word_1_297' title='bbox 1615 785 1714 827; x_wconf 87' lang='lat' dir='ltr'>lacu</span> <span class='ocrx_word' id='word_1_298' title='bbox 1734 786 1874 828; x_wconf 89' lang='lat' dir='ltr'>Gene-</span> 
     </span>
     <span class='ocr_line' id='line_1_57' title="bbox 1041 840 1875 892; baseline 0.002 -10"><span class='ocrx_word' id='word_1_299' title='bbox 1041 840 1204 891; x_wconf 88' lang='lat' dir='ltr'>sareth,</span> <span class='ocrx_word' id='word_1_300' title='bbox 1229 842 1254 883; x_wconf 86' lang='lat' dir='ltr'><strong>J</strong></span> <span class='ocrx_word' id='word_1_301' title='bbox 1258 854 1359 882; x_wconf 90' lang='lat' dir='ltr'>esus</span> <span class='ocrx_word' id='word_1_302' title='bbox 1379 840 1526 882; x_wconf 87' lang='lat' dir='ltr'>stabat</span> <span class='ocrx_word' id='word_1_303' title='bbox 1543 841 1587 882; x_wconf 91' lang='lat' dir='ltr'>in</span> <span class='ocrx_word' id='word_1_304' title='bbox 1606 841 1769 892; x_wconf 89' lang='lat' dir='ltr'>littore,</span> <span class='ocrx_word' id='word_1_305' title='bbox 1794 856 1875 884; x_wconf 90' lang='lat' dir='ltr'>nec</span> 
     </span>
     <span class='ocr_line' id='line_1_58' title="bbox 1040 897 1875 950; baseline 0.004 -12"><span class='ocrx_word' id='word_1_306' title='bbox 1040 897 1238 940; x_wconf 83' lang='lat' dir='ltr'>sciebant</span> <span class='ocrx_word' id='word_1_307' title='bbox 1262 897 1474 950; x_wconf 83' lang='lat' dir='ltr'>Apestoli</span> <span class='ocrx_word' id='word_1_308' title='bbox 1503 911 1633 950; x_wconf 90' lang='lat' dir='ltr'>quem</span> <span class='ocrx_word' id='word_1_309' title='bbox 1661 898 1875 941; x_wconf 88' lang='lat' dir='ltr'>viderent:</span> 
     </span>
     <span class='ocr_line' id='line_1_59' title="bbox 1041 954 1875 1006; baseline 0.004 -11"><span class='ocrx_word' id='word_1_310' title='bbox 1041 954 1161 995; x_wconf 91' lang='lat' dir='ltr'>solus</span> <span class='ocrx_word' id='word_1_311' title='bbox 1190 955 1315 1006; x_wconf 89' lang='lat' dir='ltr'>virgo</span> <span class='ocrx_word' id='word_1_312' title='bbox 1344 954 1558 1005; x_wconf 88' lang='lat' dir='ltr'>virginem</span> <span class='ocrx_word' id='word_1_313' title='bbox 1586 956 1802 1006; x_wconf 79' lang='lat' dir='ltr'>agnescit,</span> <span class='ocrx_word' id='word_1_314' title='bbox 1833 962 1875 998; x_wconf 92' lang='lat' dir='ltr'>et</span> 
     </span>
     <span class='ocr_line' id='line_1_60' title="bbox 1042 1011 1649 1053; baseline 0.002 -1"><span class='ocrx_word' id='word_1_315' title='bbox 1042 1011 1148 1052; x_wconf 88' lang='lat' dir='ltr'>dicit</span> <span class='ocrx_word' id='word_1_316' title='bbox 1166 1011 1314 1052; x_wconf 88' lang='lat' dir='ltr'>Petro:</span> <span class='ocrx_word' id='word_1_317' title='bbox 1333 1011 1551 1052; x_wconf 79' lang='lat' dir='ltr'>Deminus</span> <span class='ocrx_word' id='word_1_318' title='bbox 1572 1017 1649 1053; x_wconf 85' lang='lat' dir='ltr'>est.</span> 
     </span>
    </p>

    <p class='ocr_par' dir='ltr' id='par_1_12' title="bbox 1039 1066 1876 1505">
     <span class='ocr_line' id='line_1_61' title="bbox 1096 1066 1875 1121; baseline 0.004 -13"><span class='ocrx_word' id='word_1_319' title='bbox 1096 1070 1146 1121; x_wconf 70' lang='lat' dir='ltr'>R.</span> <span class='ocrx_word' id='word_1_320' title='bbox 1161 1066 1268 1109; x_wconf 89' lang='lat' dir='ltr'>Vidi</span> <span class='ocrx_word' id='word_1_321' title='bbox 1287 1068 1545 1119; x_wconf 89' lang='lat' dir='ltr'>conjunctos</span> <span class='ocrx_word' id='word_1_322' title='bbox 1564 1068 1695 1119; x_wconf 89' lang='lat' dir='ltr'>viros,</span> <span class='ocrx_word' id='word_1_323' title='bbox 1714 1068 1875 1111; x_wconf 87' lang='lat' dir='ltr'>haben-</span> 
     </span>
     <span class='ocr_line' id='line_1_62' title="bbox 1039 1124 1875 1177; baseline 0.004 -13"><span class='ocrx_word' id='word_1_324' title='bbox 1039 1128 1107 1165; x_wconf 90' lang='lat' dir='ltr'>tes</span> <span class='ocrx_word' id='word_1_325' title='bbox 1136 1124 1392 1177; x_wconf 89' lang='lat' dir='ltr'>splendidas</span> <span class='ocrx_word' id='word_1_326' title='bbox 1420 1129 1578 1174; x_wconf 90' lang='lat' dir='ltr'>vestes,</span> <span class='ocrx_word' id='word_1_327' title='bbox 1609 1130 1651 1166; x_wconf 91' lang='lat' dir='ltr'>et</span> <span class='ocrx_word' id='word_1_328' title='bbox 1679 1126 1875 1176; x_wconf 84' lang='lat' dir='ltr'>Angelus</span> 
     </span>
     <span class='ocr_line' id='line_1_63' title="bbox 1040 1180 1875 1230; baseline 0.002 -9"><span class='ocrx_word' id='word_1_329' title='bbox 1040 1180 1219 1221; x_wconf 79' lang='lat' dir='ltr'>Demini</span> <span class='ocrx_word' id='word_1_330' title='bbox 1243 1180 1420 1222; x_wconf 92' lang='lat' dir='ltr'>locutus</span> <span class='ocrx_word' id='word_1_331' title='bbox 1440 1185 1507 1222; x_wconf 91' lang='lat' dir='ltr'>est</span> <span class='ocrx_word' id='word_1_332' title='bbox 1529 1180 1586 1222; x_wconf 89' lang='lat' dir='ltr'>ad</span> <span class='ocrx_word' id='word_1_333' title='bbox 1606 1195 1688 1230; x_wconf 92' lang='lat' dir='ltr'>me,</span> <span class='ocrx_word' id='word_1_334' title='bbox 1709 1181 1875 1223; x_wconf 88' lang='lat' dir='ltr'>dicens:</span> 
     </span>
     <span class='ocr_line' id='line_1_64' title="bbox 1044 1237 1876 1280; baseline 0.002 -3"><span class='ocrx_word' id='word_1_335' title='bbox 1044 1237 1065 1259; x_wconf 82' lang='lat'><strong>*</strong></span> <span class='ocrx_word' id='word_1_336' title='bbox 1093 1237 1174 1278; x_wconf 90' lang='lat' dir='ltr'>Isti</span> <span class='ocrx_word' id='word_1_337' title='bbox 1202 1242 1303 1278; x_wconf 91' lang='lat' dir='ltr'>sunt</span> <span class='ocrx_word' id='word_1_338' title='bbox 1331 1237 1413 1278; x_wconf 92' lang='lat' dir='ltr'>viri</span> <span class='ocrx_word' id='word_1_339' title='bbox 1443 1237 1584 1278; x_wconf 86' lang='lat' dir='ltr'>sancti</span> <span class='ocrx_word' id='word_1_340' title='bbox 1613 1238 1718 1279; x_wconf 87' lang='lat' dir='ltr'>facti</span> <span class='ocrx_word' id='word_1_341' title='bbox 1746 1239 1876 1280; x_wconf 87' lang='lat' dir='ltr'>amici</span> 
     </span>
     <span class='ocr_line' id='line_1_65' title="bbox 1040 1285 1875 1346; baseline 0.002 -13"><span class='ocrx_word' id='word_1_342' title='bbox 1040 1293 1135 1334; x_wconf 90' lang='lat' dir='ltr'>Dei.</span> <span class='ocrx_word' id='word_1_343' title='bbox 1167 1285 1217 1337; x_wconf 60' lang='lat' dir='ltr'>V.</span> <span class='ocrx_word' id='word_1_344' title='bbox 1237 1293 1343 1335; x_wconf 89' lang='lat' dir='ltr'>Vidi</span> <span class='ocrx_word' id='word_1_345' title='bbox 1361 1292 1581 1344; x_wconf 88' lang='lat' dir='ltr'>Angelum</span> <span class='ocrx_word' id='word_1_346' title='bbox 1599 1294 1685 1335; x_wconf 91' lang='lat' dir='ltr'>Dei</span> <span class='ocrx_word' id='word_1_347' title='bbox 1703 1295 1875 1346; x_wconf 89' lang='lat' dir='ltr'>fortem,</span> 
     </span>
     <span class='ocr_line' id='line_1_66' title="bbox 1040 1348 1875 1402; baseline 0.002 -12"><span class='ocrx_word' id='word_1_348' title='bbox 1040 1349 1265 1391; x_wconf 91' lang='lat' dir='ltr'>volantem</span> <span class='ocrx_word' id='word_1_349' title='bbox 1318 1362 1399 1402; x_wconf 92' lang='lat' dir='ltr'>per</span> <span class='ocrx_word' id='word_1_350' title='bbox 1456 1348 1652 1391; x_wconf 88' lang='lat' dir='ltr'>medium</span> <span class='ocrx_word' id='word_1_351' title='bbox 1702 1350 1875 1401; x_wconf 91' lang='lat' dir='ltr'>coelum,</span> 
     </span>
     <span class='ocr_line' id='line_1_67' title="bbox 1041 1406 1874 1457; baseline 0.002 -10"><span class='ocrx_word' id='word_1_352' title='bbox 1041 1419 1152 1447; x_wconf 91' lang='lat' dir='ltr'>voce</span> <span class='ocrx_word' id='word_1_353' title='bbox 1180 1419 1338 1457; x_wconf 87' lang='lat' dir='ltr'>magna</span> <span class='ocrx_word' id='word_1_354' title='bbox 1367 1406 1630 1448; x_wconf 88' lang='lat' dir='ltr'>clamantem</span> <span class='ocrx_word' id='word_1_355' title='bbox 1660 1412 1703 1449; x_wconf 91' lang='lat' dir='ltr'>et</span> <span class='ocrx_word' id='word_1_356' title='bbox 1731 1407 1874 1449; x_wconf 89' lang='lat' dir='ltr'>dicen-</span> 
     </span>
     <span class='ocr_line' id='line_1_68' title="bbox 1040 1463 1261 1505; baseline 0 -1"><span class='ocrx_word' id='word_1_357' title='bbox 1040 1467 1142 1504; x_wconf 88' lang='lat' dir='ltr'>tem.</span> <span class='ocrx_word' id='word_1_358' title='bbox 1170 1463 1261 1505; x_wconf 91' lang='lat' dir='ltr'>Isti.</span> 
     </span>
    </p>

    <p class='ocr_par' dir='ltr' id='par_1_13' title="bbox 1095 1518 1563 1558">
     <span class='ocr_line' id='line_1_69' title="bbox 1095 1518 1563 1558; baseline 0 -1"><span class='ocrx_word' id='word_1_359' title='bbox 1095 1553 1099 1557; x_wconf 91' lang='lat'>.</span> <span class='ocrx_word' id='word_1_360' title='bbox 1355 1518 1505 1558; x_wconf 80' lang='lat' dir='ltr'>Lectio</span> <span class='ocrx_word' id='word_1_361' title='bbox 1527 1533 1563 1558; x_wconf 93' lang='lat' dir='ltr'>v.</span> 
     </span>
    </p>

    <p class='ocr_par' dir='ltr' id='par_1_14' title="bbox 1124 1575 1874 1628">
     <span class='ocr_line' id='line_1_70' title="bbox 1124 1575 1874 1628; baseline 0.001 -12"><span class='ocrx_word' id='word_1_362' title='bbox 1124 1576 1188 1617; x_wconf 87' lang='lat' dir='ltr'>uit</span> <span class='ocrx_word' id='word_1_363' title='bbox 1215 1580 1362 1617; x_wconf 88' lang='lat' dir='ltr'>autem</span> <span class='ocrx_word' id='word_1_364' title='bbox 1389 1575 1413 1616; x_wconf 86' lang='lat' dir='ltr'><strong>J</strong></span> <span class='ocrx_word' id='word_1_365' title='bbox 1417 1577 1581 1617; x_wconf 90' lang='lat' dir='ltr'>oannes</span> <span class='ocrx_word' id='word_1_366' title='bbox 1610 1580 1654 1617; x_wconf 90' lang='lat' dir='ltr'>et</span> <span class='ocrx_word' id='word_1_367' title='bbox 1681 1575 1874 1628; x_wconf 82' lang='lat' dir='ltr'>Apesto-</span> 
     </span>
    </p>

    <p class='ocr_par' dir='ltr' id='par_1_15' title="bbox 1038 1632 1875 2461">
     <span class='ocr_line' id='line_1_71' title="bbox 1137 1632 1874 1684; baseline 0.001 -12"><span class='ocrx_word' id='word_1_368' title='bbox 1137 1633 1216 1682; x_wconf 92' lang='lat' dir='ltr'>lus,</span> <span class='ocrx_word' id='word_1_369' title='bbox 1236 1637 1279 1674; x_wconf 90' lang='lat' dir='ltr'>et</span> <span class='ocrx_word' id='word_1_370' title='bbox 1297 1632 1590 1683; x_wconf 88' lang='lat' dir='ltr'>Evangelista,</span> <span class='ocrx_word' id='word_1_371' title='bbox 1618 1636 1662 1673; x_wconf 93' lang='lat' dir='ltr'>et</span> <span class='ocrx_word' id='word_1_372' title='bbox 1680 1632 1874 1684; x_wconf 91' lang='lat' dir='ltr'>Prophe-</span> 
     </span>
     <span class='ocr_line' id='line_1_72' title="bbox 1039 1687 1873 1741; baseline -0.001 -11"><span class='ocrx_word' id='word_1_373' title='bbox 1039 1694 1099 1731; x_wconf 86' lang='lat' dir='ltr'>ta:</span> <span class='ocrx_word' id='word_1_374' title='bbox 1120 1688 1378 1741; x_wconf 81' lang='lat' dir='ltr'>Apestolus,</span> <span class='ocrx_word' id='word_1_375' title='bbox 1400 1689 1502 1740; x_wconf 88' lang='lat' dir='ltr'>quia</span> <span class='ocrx_word' id='word_1_376' title='bbox 1522 1689 1699 1740; x_wconf 88' lang='lat' dir='ltr'>scripsit</span> <span class='ocrx_word' id='word_1_377' title='bbox 1718 1687 1775 1730; x_wconf 88' lang='lat' dir='ltr'>ad</span> <span class='ocrx_word' id='word_1_378' title='bbox 1793 1689 1873 1730; x_wconf 91' lang='lat' dir='ltr'>Ec-</span> 
     </span>
     <span class='ocr_line' id='line_1_73' title="bbox 1041 1745 1873 1795; baseline -0.001 -9"><span class='ocrx_word' id='word_1_379' title='bbox 1041 1745 1196 1786; x_wconf 90' lang='lat' dir='ltr'>clesias</span> <span class='ocrx_word' id='word_1_380' title='bbox 1234 1749 1283 1785; x_wconf 93' lang='lat' dir='ltr'>ut</span> <span class='ocrx_word' id='word_1_381' title='bbox 1320 1747 1544 1795; x_wconf 89' lang='lat' dir='ltr'>magister:</span> <span class='ocrx_word' id='word_1_382' title='bbox 1581 1745 1873 1795; x_wconf 89' lang='lat' dir='ltr'>Evangelista,</span> 
     </span>
     <span class='ocr_line' id='line_1_74' title="bbox 1041 1800 1873 1853; baseline 0 -11"><span class='ocrx_word' id='word_1_383' title='bbox 1041 1802 1142 1853; x_wconf 86' lang='lat' dir='ltr'>quia</span> <span class='ocrx_word' id='word_1_384' title='bbox 1186 1800 1346 1845; x_wconf 87' lang='lat' dir='ltr'>librum</span> <span class='ocrx_word' id='word_1_385' title='bbox 1391 1800 1619 1852; x_wconf 87' lang='lat' dir='ltr'>Evangelii</span> <span class='ocrx_word' id='word_1_386' title='bbox 1666 1800 1873 1850; x_wconf 81' lang='lat' dir='ltr'>cendidit‚</span> 
     </span>
     <span class='ocr_line' id='line_1_75' title="bbox 1040 1856 1874 1909; baseline -0.002 -10"><span class='ocrx_word' id='word_1_387' title='bbox 1040 1856 1162 1909; x_wconf 90' lang='lat' dir='ltr'>quod</span> <span class='ocrx_word' id='word_1_388' title='bbox 1197 1858 1385 1909; x_wconf 89' lang='lat' dir='ltr'>excepto</span> <span class='ocrx_word' id='word_1_389' title='bbox 1422 1857 1650 1906; x_wconf 79' lang='lat' dir='ltr'>Matthaeo,</span> <span class='ocrx_word' id='word_1_390' title='bbox 1705 1857 1777 1898; x_wconf 91' lang='lat' dir='ltr'>alii</span> <span class='ocrx_word' id='word_1_391' title='bbox 1820 1870 1874 1898; x_wconf 90' lang='lat' dir='ltr'>ex</span> 
     </span>
     <span class='ocr_line' id='line_1_76' title="bbox 1039 1913 1873 1965; baseline -0.001 -10"><span class='ocrx_word' id='word_1_392' title='bbox 1039 1913 1275 1955; x_wconf 82' lang='lat' dir='ltr'>duodecim</span> <span class='ocrx_word' id='word_1_393' title='bbox 1303 1913 1511 1965; x_wconf 81' lang='lat' dir='ltr'>Apestoli</span> <span class='ocrx_word' id='word_1_394' title='bbox 1542 1926 1631 1954; x_wconf 92' lang='lat' dir='ltr'>non</span> <span class='ocrx_word' id='word_1_395' title='bbox 1661 1913 1873 1957; x_wconf 88' lang='lat' dir='ltr'>fecerunt:</span> 
     </span>
     <span class='ocr_line' id='line_1_77' title="bbox 1038 1969 1873 2023; baseline 0 -12"><span class='ocrx_word' id='word_1_396' title='bbox 1038 1970 1279 2023; x_wconf 84' lang='lat' dir='ltr'>Propheta,</span> <span class='ocrx_word' id='word_1_397' title='bbox 1322 1969 1432 2011; x_wconf 91' lang='lat' dir='ltr'>vidit</span> <span class='ocrx_word' id='word_1_398' title='bbox 1470 1969 1585 2010; x_wconf 90' lang='lat' dir='ltr'>enim</span> <span class='ocrx_word' id='word_1_399' title='bbox 1617 1969 1661 2010; x_wconf 93' lang='lat' dir='ltr'>in</span> <span class='ocrx_word' id='word_1_400' title='bbox 1692 1970 1873 2011; x_wconf 87' lang='lat' dir='ltr'>Patmos</span> 
     </span>
     <span class='ocr_line' id='line_1_78' title="bbox 1038 2025 1873 2078; baseline 0 -11"><span class='ocrx_word' id='word_1_401' title='bbox 1038 2026 1196 2076; x_wconf 89' lang='lat' dir='ltr'>insula,</span> <span class='ocrx_word' id='word_1_402' title='bbox 1224 2026 1267 2066; x_wconf 90' lang='lat' dir='ltr'>in</span> <span class='ocrx_word' id='word_1_403' title='bbox 1294 2038 1380 2078; x_wconf 90' lang='lat' dir='ltr'>qua</span> <span class='ocrx_word' id='word_1_404' title='bbox 1404 2025 1547 2070; x_wconf 88' lang='lat' dir='ltr'>fuerat</span> <span class='ocrx_word' id='word_1_405' title='bbox 1574 2038 1600 2067; x_wconf 92' lang='lat' dir='ltr'>a</span> <span class='ocrx_word' id='word_1_406' title='bbox 1618 2026 1873 2068; x_wconf 89' lang='lat' dir='ltr'>Domitiano</span> 
     </span>
     <span class='ocr_line' id='line_1_79' title="bbox 1038 2082 1873 2135; baseline 0.001 -12"><span class='ocrx_word' id='word_1_407' title='bbox 1038 2083 1237 2135; x_wconf 85' lang='lat' dir='ltr'>principe</span> <span class='ocrx_word' id='word_1_408' title='bbox 1257 2082 1313 2123; x_wconf 93' lang='lat' dir='ltr'>ob</span> <span class='ocrx_word' id='word_1_409' title='bbox 1333 2082 1514 2123; x_wconf 81' lang='lat' dir='ltr'>Demini</span> <span class='ocrx_word' id='word_1_410' title='bbox 1531 2083 1791 2135; x_wconf 71' lang='lat' dir='ltr'>martyrium</span> <span class='ocrx_word' id='word_1_411' title='bbox 1810 2095 1873 2124; x_wconf 91' lang='lat' dir='ltr'>re-</span> 
     </span>
     <span class='ocr_line' id='line_1_80' title="bbox 1038 2138 1873 2191; baseline -0.001 -11"><span class='ocrx_word' id='word_1_412' title='bbox 1038 2138 1225 2190; x_wconf 88' lang='lat' dir='ltr'>legatus,</span> <span class='ocrx_word' id='word_1_413' title='bbox 1253 2138 1592 2191; x_wconf 56' lang='lat' dir='ltr'>Apocaffpsim,</span> <span class='ocrx_word' id='word_1_414' title='bbox 1619 2139 1788 2180; x_wconf 87' lang='lat' dir='ltr'>infinita</span> <span class='ocrx_word' id='word_1_415' title='bbox 1811 2139 1873 2179; x_wconf 90' lang='lat' dir='ltr'>fu-</span> 
     </span>
     <span class='ocr_line' id='line_1_81' title="bbox 1038 2194 1875 2247; baseline 0 -11"><span class='ocrx_word' id='word_1_416' title='bbox 1038 2197 1239 2236; x_wconf 83' lang='lat' dir='ltr'>turerum</span> <span class='ocrx_word' id='word_1_417' title='bbox 1252 2194 1462 2247; x_wconf 89' lang='lat' dir='ltr'>mysteria</span> <span class='ocrx_word' id='word_1_418' title='bbox 1472 2195 1779 2237; x_wconf 89' lang='lat' dir='ltr'>continentem.</span> <span class='ocrx_word' id='word_1_419' title='bbox 1797 2196 1875 2236; x_wconf 88' lang='lat' dir='ltr'>Re-</span> 
     </span>
     <span class='ocr_line' id='line_1_82' title="bbox 1038 2250 1873 2304; baseline 0 -12"><span class='ocrx_word' id='word_1_420' title='bbox 1038 2251 1124 2292; x_wconf 91' lang='lat' dir='ltr'>fert</span> <span class='ocrx_word' id='word_1_421' title='bbox 1147 2256 1297 2292; x_wconf 88' lang='lat' dir='ltr'>autem</span> <span class='ocrx_word' id='word_1_422' title='bbox 1315 2250 1613 2292; x_wconf 81' lang='lat' dir='ltr'>Tertullianus</span> <span class='ocrx_word' id='word_1_423' title='bbox 1641 2251 1761 2304; x_wconf 91' lang='lat' dir='ltr'>quod</span> <span class='ocrx_word' id='word_1_424' title='bbox 1787 2252 1873 2292; x_wconf 87' lang='lat' dir='ltr'>Ro-</span> 
     </span>
     <span class='ocr_line' id='line_1_83' title="bbox 1038 2306 1872 2356; baseline 0 -9"><span class='ocrx_word' id='word_1_425' title='bbox 1038 2320 1123 2348; x_wconf 87' lang='lat' dir='ltr'>mae</span> <span class='ocrx_word' id='word_1_426' title='bbox 1138 2307 1299 2347; x_wconf 92' lang='lat' dir='ltr'>missus</span> <span class='ocrx_word' id='word_1_427' title='bbox 1314 2307 1358 2347; x_wconf 92' lang='lat' dir='ltr'>in</span> <span class='ocrx_word' id='word_1_428' title='bbox 1372 2306 1582 2348; x_wconf 86' lang='lat' dir='ltr'>ferventis</span> <span class='ocrx_word' id='word_1_429' title='bbox 1598 2307 1685 2349; x_wconf 82' lang='lat' dir='ltr'>elei</span> <span class='ocrx_word' id='word_1_430' title='bbox 1695 2307 1872 2356; x_wconf 83' lang='lat' dir='ltr'>dolium,</span> 
     </span>
     <span class='ocr_line' id='line_1_84' title="bbox 1038 2363 1874 2415; baseline 0 -12"><span class='ocrx_word' id='word_1_431' title='bbox 1038 2363 1191 2415; x_wconf 91' lang='lat' dir='ltr'>purior</span> <span class='ocrx_word' id='word_1_432' title='bbox 1218 2368 1262 2404; x_wconf 90' lang='lat' dir='ltr'>et</span> <span class='ocrx_word' id='word_1_433' title='bbox 1285 2363 1483 2414; x_wconf 83' lang='lat' dir='ltr'>vegetior</span> <span class='ocrx_word' id='word_1_434' title='bbox 1512 2364 1714 2413; x_wconf 83' lang='lat' dir='ltr'>exiverit,</span> <span class='ocrx_word' id='word_1_435' title='bbox 1743 2376 1874 2415; x_wconf 89' lang='lat' dir='ltr'>quam</span> 
     </span>
     <span class='ocr_line' id='line_1_85' title="bbox 1038 2419 1290 2461; baseline -0.004 -1"><span class='ocrx_word' id='word_1_436' title='bbox 1038 2419 1290 2461; x_wconf 68' lang='lat' dir='ltr'>intraverit·</span> 
     </span>
    </p>

    <p class='ocr_par' dir='ltr' id='par_1_16' title="bbox 1039 2473 1873 2748">
     <span class='ocr_line' id='line_1_86' title="bbox 1095 2473 1873 2526; baseline 0.001 -12"><span class='ocrx_word' id='word_1_437' title='bbox 1095 2474 1146 2524; x_wconf 67' lang='lat' dir='ltr'>Rz.</span> <span class='ocrx_word' id='word_1_438' title='bbox 1160 2475 1287 2517; x_wconf 88' lang='lat' dir='ltr'>Beati</span> <span class='ocrx_word' id='word_1_439' title='bbox 1307 2475 1423 2526; x_wconf 87' lang='lat' dir='ltr'>estis,</span> <span class='ocrx_word' id='word_1_440' title='bbox 1448 2488 1548 2516; x_wconf 91' lang='lat' dir='ltr'>cum</span> <span class='ocrx_word' id='word_1_441' title='bbox 1566 2473 1873 2516; x_wconf 76' lang='lat' dir='ltr'>maledixerint</span> 
     </span>
     <span class='ocr_line' id='line_1_87' title="bbox 1039 2530 1872 2583; baseline -0.002 -11"><span class='ocrx_word' id='word_1_442' title='bbox 1039 2530 1167 2572; x_wconf 90' lang='lat' dir='ltr'>vobis</span> <span class='ocrx_word' id='word_1_443' title='bbox 1198 2530 1414 2581; x_wconf 80' lang='lat' dir='ltr'>hemines,</span> <span class='ocrx_word' id='word_1_444' title='bbox 1453 2536 1496 2572; x_wconf 92' lang='lat' dir='ltr'>et</span> <span class='ocrx_word' id='word_1_445' title='bbox 1532 2532 1755 2583; x_wconf 89' lang='lat' dir='ltr'>persecuti</span> <span class='ocrx_word' id='word_1_446' title='bbox 1791 2543 1872 2571; x_wconf 93' lang='lat' dir='ltr'>vos</span> 
     </span>
     <span class='ocr_line' id='line_1_88' title="bbox 1039 2585 1873 2636; baseline -0.001 -9"><span class='ocrx_word' id='word_1_447' title='bbox 1039 2587 1217 2636; x_wconf 90' lang='lat' dir='ltr'>fuerint,</span> <span class='ocrx_word' id='word_1_448' title='bbox 1251 2592 1295 2628; x_wconf 91' lang='lat' dir='ltr'>et</span> <span class='ocrx_word' id='word_1_449' title='bbox 1327 2587 1517 2629; x_wconf 87' lang='lat' dir='ltr'>dixerint</span> <span class='ocrx_word' id='word_1_450' title='bbox 1550 2599 1679 2628; x_wconf 91' lang='lat' dir='ltr'>omne</span> <span class='ocrx_word' id='word_1_451' title='bbox 1710 2585 1873 2626; x_wconf 86' lang='lat' dir='ltr'>malum</span> 
     </span>
     <span class='ocr_line' id='line_1_89' title="bbox 1040 2642 1872 2694; baseline -0.004 -10"><span class='ocrx_word' id='word_1_452' title='bbox 1040 2642 1275 2684; x_wconf 86' lang='lat' dir='ltr'>adversum</span> <span class='ocrx_word' id='word_1_453' title='bbox 1289 2655 1382 2693; x_wconf 87' lang='lat' dir='ltr'>vos,</span> <span class='ocrx_word' id='word_1_454' title='bbox 1401 2642 1673 2692; x_wconf 72' lang='lat' dir='ltr'>mentientes,</span> <span class='ocrx_word' id='word_1_455' title='bbox 1688 2645 1872 2694; x_wconf 88' lang='lat' dir='ltr'>propter</span> 
     </span>
     <span class='ocr_line' id='line_1_90' title="bbox 1039 2698 1871 2748; baseline -0.001 -9"><span class='ocrx_word' id='word_1_456' title='bbox 1039 2711 1125 2740; x_wconf 88' lang='lat' dir='ltr'>me:</span> <span class='ocrx_word' id='word_1_457' title='bbox 1155 2698 1178 2722; x_wconf 89' lang='lat'>*</span> <span class='ocrx_word' id='word_1_458' title='bbox 1210 2698 1414 2740; x_wconf 86' lang='lat' dir='ltr'>Gaudete</span> <span class='ocrx_word' id='word_1_459' title='bbox 1442 2703 1486 2740; x_wconf 84' lang='lat' dir='ltr'>et</span> <span class='ocrx_word' id='word_1_460' title='bbox 1513 2698 1740 2748; x_wconf 88' lang='lat' dir='ltr'>exsultate,</span> <span class='ocrx_word' id='word_1_461' title='bbox 1767 2699 1871 2748; x_wconf 79' lang='lat' dir='ltr'>que-</span> 
     </span>
    </p>
   </div>
   <div class='ocr_carea' id='block_1_8' title="bbox 99 124 1934 2806">
    <p class='ocr_par' dir='ltr' id='par_1_17' title="bbox 99 124 1934 2806">
     <span class='ocr_line' id='line_1_91' title="bbox 99 124 1934 2806; baseline 0 0"><span class='ocrx_word' id='word_1_462' title='bbox 99 124 1934 2806; x_wconf 95' lang='lat' dir='ltr'> </span> 
     </span>
    </p>
   </div>
   <div class='ocr_carea' id='block_1_9' title="bbox 1599 2827 1664 2861">
    <p class='ocr_par' dir='ltr' id='par_1_18' title="bbox 1599 2827 1664 2861">
     <span class='ocr_line' id='line_1_92' title="bbox 1599 2827 1664 2861; baseline 0 0"><span class='ocrx_word' id='word_1_463' title='bbox 1599 2827 1664 2861; x_wconf 87' lang='grc'>19*</span> 
     </span>
    </p>
   </div>
  </div>
 </body>
</html>
