2040 2976
638 226 848 260 Commune
875 224 1128 268 plurimorum
1152 222 1373 265 Martyrum.

422 322 622 362 Psalmus
643 323 700 361 14.

244 398 264 426 ’ἡ
277 387 420 429 emine
455 386 551 437 quis
583 383 800 426 habitabit
834 382 878 422 in
914 386 975 422 ta-

183 444 237 490 -21'1‘
268 472 270 479 ,
301 442 541 485 bernaculo
578 439 678 483 tuo?
711 441 734 466 *
767 443 843 480 aut
880 438 976 489 quis

157 505 158 508 ’
222 494 270 525 L
302 500 549 551 requiescet
573 498 618 538 in
645 501 796 538 monte
823 499 976 536 sancto

143 556 246 600 tuo?

198 613 283 664 Qui
304 611 546 664 ingreditur
569 611 662 652 sine
679 608 863 657 macula,
882 607 905 632 *
935 611 978 648 et

146 672 354 724 operatur
373 667 596 721 justitiam:

200 727 285 776 Qui
306 724 500 777 loquitur
523 724 755 766 veritatem
779 722 823 762 in
843 719 979 762 corde

147 796 239 833 suo,
253 784 277 809 *
293 782 368 834 qui
385 793 474 822 non
493 780 580 832 egit
600 779 750 821 dolum
768 779 813 819 in
831 777 980 828 lingua

149 853 246 881 sua:

199 895 298 942 Nec,
318 895 422 936 fecit
439 893 643 947 proximo
663 904 743 933 suo
763 890 937 939 malum,
956 889 980 914 *

150 957 193 994 et
213 950 502 1005 opprobrium
523 962 611 990 non
634 948 804 1000 accepit
828 946 980 988 adver-

149 1022 224 1050 sus
242 1008 469 1061 proximos
489 1018 604 1047 suos.
671 1027 673 1029 ·

201 1064 274 1106 Ad
292 1063 474 1105 nihilum
492 1061 708 1104 deductus
729 1065 795 1102 est
818 1060 862 1099 in
882 1071 981 1100 con-

150 1123 306 1174 spectu
334 1121 425 1172 eius
451 1118 682 1169 malignus:
718 1118 741 1142 ’⁸¹
778 1117 982 1158 timentes

151 1182 297 1219 autem
315 1176 555 1218 Dominum
574 1174 807 1225 glorificat:

201 1234 286 1284 Qui
312 1234 425 1285 jurat
452 1231 657 1285 preximo
688 1242 783 1279 suo,
823 1233 866 1270 et
893 1241 983 1269 non

150 1290 329 1343 decipit⁷
353 1289 377 1315 *
408 1289 481 1341 qui
500 1287 733 1341 pecliniam
753 1299 877 1327 suam
894 1297 983 1325 non

150 1346 273 1389 dedit
292 1345 349 1387 ad
367 1348 557 1394 usuram,
586 1349 629 1385 et
647 1347 830 1384 munera
850 1353 983 1393 super

149 1403 429 1444 innocentem
447 1414 536 1442 non
556 1400 743 1452 accepit:

204 1459 288 1510 Qui
314 1458 417 1500 facit
439 1458 550 1507 haec,
574 1458 597 1483 *
625 1470 713 1498 non
735 1454 983 1497 movebitur

151 1516 195 1556 in
223 1517 446 1557 aeternum.

204 1580 303 1619 Ant.
337 1578 467 1620 Dabo
501 1578 663 1619 sanctis
695 1577 805 1618 meis
837 1576 985 1617 locum

151 1635 423 1677 nominatum
459 1635 504 1676 in
535 1647 672 1686 regno
706 1633 851 1675 Patris
887 1632 984 1682 mei,

152 1691 258 1734 dicit
285 1692 511 1732 Deminus.

206 1755 305 1796 Ant.
339 1755 526 1806 Sanctis,
562 1755 637 1807 qui
663 1755 708 1796 in
724 1759 854 1796 ‘terra
883 1758 983 1795 sunt

154 1813 259 1865 erS,
279 1812 303 1838 *
330 1812 579 1853 mirificavit
608 1824 760 1853 omnes
787 1811 985 1853 volunta-

152 1873 220 1911 tes
246 1882 367 1910 meas
395 1869 508 1910 inter
535 1868 646 1910 illos.

430 1954 630 1996 Psalmus
651 1956 708 1995 15.

156 2011 415 2120 Conserva
439 2009 510 2052 rne
537 2011 743 2061 Domine,
781 2011 987 2063 queniam

247 2068 423 2121 speravi
449 2067 493 2108 in
520 2072 576 2108 te.
600 2068 624 2094 *
648 2067 752 2108 Dixi
778 2067 986 2108 Domino:

154 2125 276 2166 Deus
301 2137 425 2166 meus
450 2136 497 2165 es
519 2129 584 2174 tu,
618 2124 826 2176 quoniam
851 2123 987 2165 bono-

155 2194 253 2222 rum
270 2183 471 2222 meerum
488 2193 577 2221 non
597 2193 710 2231 eges.

207 2238 393 2287 SanctiS‚
419 2238 494 2290 qui
513 2241 613 2278 sunt
635 2237 679 2277 in
698 2242 815 2279 terra
835 2237 941 2288 ejuS,
965 2236 988 2261 *

156 2294 403 2335 mirificavit
427 2306 580 2335 omnes
599 2293 849 2334 voluntates
868 2305 989 2333 meas

157 2351 201 2391 in
221 2350 294 2391 eis.

209 2405 511 2458 Multiplicatae
561 2410 662 2447 sunt
714 2405 991 2446 infirmitates

159 2465 327 2504 cerum:
346 2463 369 2488 *
387 2464 546 2514 p6stea
565 2462 931 2506 acceleraverunt.

209 2519 312 2560 Non
358 2517 638 2569 congregabo
687 2517 992 2559 conventicula

160 2578 313 2618 eorum
338 2574 393 2616 de
423 2573 721 2624 sanguinibus,
745 2575 769 2600 *
794 2586 876 2615 nec
905 2587 991 2615 me-

159 2645 256 2673 mor
290 2644 366 2672 ero
394 2631 620 2671 neminum
645 2633 798 2671 eorum
826 2642 906 2682 per
933 2629 991 2670 13-

159 2687 233 2730 bia
250 2700 359 2729 mea.

212 2744 429 2786 Dominus
452 2755 556 2796 pars
580 2742 852 2784 haereditatis
870 2754 993 2793 meae,

1028 319 1071 356 et
1091 313 1239 355 calicis
1259 314 1359 354 mei:
1378 313 1402 339 *
1421 317 1469 354 tu
1490 326 1547 362 eS‚
1569 312 1643 365 qui
1658 313 1865 353 restitues

1027 369 1335 412 haereditatem
1353 382 1498 411 meam
1516 368 1633 410 mihi.

1079 427 1226 468 Funes
1242 426 1495 467 ceciderunt
1509 425 1615 466 mihi
1629 426 1673 466 in
1683 423 1865 477 praecla-

1028 484 1103 525 ris:
1127 484 1151 509 *
1177 483 1338 524 etenim
1368 482 1606 524 haereditas
1631 494 1731 523 mea
1754 493 1865 533 prae-

1030 541 1149 582 clara
1168 545 1236 581 est
1254 539 1370 580 mihi.

1081 596 1350 638 Benedicam
1386 596 1646 644 Deminum‚
1685 594 1759 646 qui
1795 595 1867 635 tri-

1029 654 1125 696 buit
1143 653 1250 694 mihi
1272 653 1558 694 intellectum:
1577 652 1601 677 *
1620 654 1800 703 insuper
1825 654 1869 691 et

1031 723 1171 763 usque
1192 709 1248 751 ad
1266 715 1444 751 noctem
1467 709 1779 760 increpuerunt
1797 719 1868 747 me

1031 780 1159 809 renes
1178 767 1275 808 mei.

1083 822 1380 865 Providebam
1412 821 1652 863 Deminum
1688 821 1732 861 in
1770 832 1869 861 con-

1033 882 1188 933 spectu
1215 892 1314 921 meo
1344 889 1534 931 semper:
1558 878 1582 903 *
1609 877 1817 929 quoniam
1846 889 1871 916 a

1034 937 1201 979 dextris
1221 941 1289 978 est
1308 935 1424 984 mihi,
1443 948 1498 976 ne
1519 935 1813 976 comm6vear.

1084 994 1275 1046 Propter
1315 992 1402 1034 hoc
1443 992 1643 1033 laetatum
1684 995 1751 1031 est
1794 1003 1871 1031 cor

1033 1063 1196 1099 meum,
1235 1054 1279 1091 et
1312 1048 1548 1091 exsultavit
1579 1047 1727 1098 lingua
1758 1059 1872 1087 mea:

1034 1108 1057 1133 *
1085 1110 1264 1159 insuper
1293 1111 1337 1148 et
1366 1118 1469 1147 caro
1498 1117 1596 1146 mea
1624 1103 1873 1155 requiescet

1034 1164 1078 1204 in
1098 1176 1187 1216 spe.

1088 1220 1306 1270 Queniam
1341 1231 1430 1260 non
1469 1218 1748 1270 derelinques
1786 1217 1872 1258 ani-

1035 1290 1153 1318 mam
1180 1289 1325 1318 meam
1352 1276 1397 1316 in
1424 1275 1610 1316 inferno:
1637 1275 1661 1300 *
1688 1287 1770 1315 nec
1800 1273 1872 1315 da-

1035 1334 1103 1375 bis
1141 1338 1341 1374 sanctum
1378 1337 1503 1373 tuum
1538 1330 1690 1372 videre
1724 1343 1871 1372 corru-

1035 1391 1243 1443 ptiOnem.

1088 1447 1230 1488 Notas
1254 1446 1360 1487 mihi
1383 1445 1526 1487 fecisti
1544 1445 1638 1486 vias
1657 1444 1776 1494 vitae,
1800 1443 1873 1485 ad-

1036 1502 1241 1556 implebis
1260 1515 1331 1543 me
1350 1502 1503 1543 laetitia
1523 1514 1623 1542 cum
1637 1501 1762 1542 vultu
1781 1506 1874 1542 tuo:

1037 1562 1061 1587 *
1087 1559 1404 1602 delectatiOnes
1428 1559 1472 1599 in
1498 1558 1682 1600 dextera
1705 1562 1781 1599 tua
1806 1571 1873 1598 us-

1039 1630 1124 1669 que
1143 1617 1187 1657 in
1206 1616 1350 1657 finem.

1092 1682 1191 1721 Ant.
1226 1680 1415 1729 Sanctis,
1453 1680 1528 1731 qui
1552 1679 1596 1720 in
1623 1683 1743 1720 terra
1772 1684 1873 1720 sunt

1039 1739 1148 1790 ejus,
1182 1737 1431 1778 mirificavit
1451 1749 1603 1777 omnes
1623 1735 1874 1777 voluntates

1038 1807 1160 1836 meas
1179 1795 1293 1836 inter
1313 1793 1424 1835 illos.

1094 1860 1192 1899 Ant.
1225 1859 1375 1900 Sancti
1405 1858 1478 1910 qui
1507 1862 1687 1910 sperant
1715 1857 1759 1897 in
1785 1857 1874 1897 Do-

1038 1915 1178 1965 mino,
1223 1916 1247 1941 *
1292 1914 1518 1956 habebunt
1560 1912 1876 1962 fortiti'idinem,

1040 1975 1266 2013 assument
1287 1984 1455 2024 pennas
1478 1975 1527 2011 ut
1551 1969 1729 2022 aquilae,
1757 1969 1875 2011 vola-

1039 2028 1160 2078 bunt,
1189 2033 1232 2070 et
1251 2041 1339 2069 non
1360 2027 1575 2069 deficient.

1317 2112 1518 2151 Psalmus
1537 2112 1601 2151 23.

1042 2178 1267 2282 Domini
1299 2184 1367 2222 est
1398 2184 1532 2229 terra,
1570 2184 1615 2220 et
1647 2178 1876 2232 plenitudo

1148 2237 1253 2288 ejus:
1275 2237 1299 2262 *
1324 2235 1444 2278 orbis
1464 2237 1698 2285 terrarum,
1725 2240 1769 2277 et
1787 2236 1878 2277 uni-

1042 2293 1159 2334 versi
1179 2293 1253 2345 qui
1272 2292 1473 2334 habitant
1491 2293 1535 2333 in
1555 2305 1620 2334 eo.

1096 2349 1207 2399 Quia
1234 2349 1330 2401 ipse
1360 2362 1493 2402 super
1517 2348 1655 2390 maria
1679 2348 1879 2390 fundavit

1044 2419 1159 2447 eum:
1178 2406 1202 2431 *
1223 2411 1267 2447 et
1295 2418 1428 2458 super
1452 2405 1633 2447 flamina
1656 2406 1877 2457 praepara-

1043 2462 1106 2503 vit
1126 2474 1236 2502 eum.

1044 2532 1050 2538 ·
1097 2518 1204 2568 Quis
1239 2517 1448 2560 ascendet
1485 2518 1529 2558 in
1561 2521 1758 2558 montem
1790 2516 1877 2556 Do-

1044 2572 1170 2615 mini?
1190 2575 1214 2600 *
1235 2579 1309 2615 aut
1330 2574 1427 2627 quis
1447 2573 1581 2616 stabit
1599 2573 1643 2614 in
1661 2572 1762 2614 loco
1783 2584 1877 2612 san-

1045 2635 1118 2672 cto
1140 2628 1254 2682 ejus?

1097 2687 1316 2728 Innocens
1365 2686 1568 2727 manibus
1620 2690 1664 2726 et
1712 2682 1877 2724 mundo

1046 2742 1197 2792 corde,
1224 2744 1248 2769 *
1277 2743 1352 2795 qui
1378 2755 1468 2783 non
1492 2741 1663 2793 accepit
1690 2740 1735 2780 in
1762 2751 1877 2780 vano
