2040 2976
164 211 230 246 446

167 311 211 348 et
223 307 267 346 in
281 305 392 346 fines
407 303 528 346 orbis
543 308 674 346 terrae
685 302 822 344 verba
837 303 1001 343 eorum.

167 362 371 404 Calicem.

456 415 609 456 Lectio
628 415 714 455 viii.

214 471 262 512 lli
279 483 387 512 vero
407 482 507 512 cum
527 467 850 514 erubescerent,
870 471 914 508 et
930 478 1001 506 ve-

250 526 461 568 recundia
497 523 852 578 prohiberentur,
896 523 1000 574 quo-

167 586 285 627 niam
316 584 510 625 humano
543 580 704 622 affectu
733 592 787 621 eo
817 579 1001 621 devene-

167 647 282 691 rant,
322 642 523 683 seorsum
555 637 610 679 ab
643 637 740 678 aliis
774 635 1002 688 discipulis

169 699 394 741 Christum
412 695 689 748 accipientes,
708 694 1002 744 interrogave-

167 760 279 797 runt.
315 752 546 805 Progressi
572 755 673 792 sunt
697 750 826 798 enim,
850 749 1004 800 inquit,

168 825 222 854 ne
242 812 328 853 illis
347 808 566 851 manifesti
585 808 756 849 fierent:
783 811 827 847 et
849 806 911 847 ita
930 805 1002 847 de—

167 883 288 910 mum
321 881 372 909 ea
406 879 504 919 quae
533 864 759 914 volebant,
789 863 1004 904 dixerunt.

168 925 391 967 Volebant
423 927 584 969 autem,
617 926 666 962 ut
697 932 780 971 ego
810 919 1004 971 conjicio,

171 982 379 1034 quoniam
421 991 555 1031 super
596 976 833 1018 duodecim
875 975 1004 1016 sedes

170 1042 372 1080 sessuros
393 1034 637 1087 discipulos
657 1032 900 1081 audierunt,
919 1031 1004 1084 pri-

170 1097 338 1136 matum
356 1093 483 1144 hujus
498 1092 733 1132 consessus
751 1089 1005 1141 impetrare:

170 1156 214 1193 et
237 1149 442 1204 praeponi
466 1146 647 1200 quidem
672 1158 719 1187 se
746 1145 904 1186 ceteris
925 1144 1004 1185 sci-

171 1208 318 1257 ebant3
345 1207 525 1247 Petrum
553 1215 660 1245 vero
694 1201 778 1243 sibi
804 1201 1006 1254 praeferri

170 1263 470 1311 formidantes,
490 1261 638 1302 dicere
662 1259 757 1300 ausi
778 1263 893 1299 sunt:
921 1257 1006 1299 Dic

170 1326 219 1363 ut
243 1333 356 1362 unus
381 1332 406 1360 a
433 1317 610 1366 dextris,
635 1316 746 1358 alter
769 1328 794 1356 a
819 1315 1006 1356 sinistris

171 1376 338 1419 sedeat.
380 1376 437 1417 Et
467 1378 625 1425 urgent
653 1372 865 1414 dicentes:
910 1371 1006 1412 Dic.

172 1433 288 1485 Quid
319 1433 452 1484 igitur
484 1429 606 1484 ipse?
651 1429 711 1471 Ut
739 1428 1008 1479 significaret

172 1503 250 1532 eos
274 1489 382 1530 nihil
406 1490 560 1542 petere
586 1485 794 1539 spiritale,
821 1483 901 1526 sed
925 1496 1008 1525 nec

173 1547 284 1588 scire
314 1544 493 1598 quidem
518 1543 625 1595 quid
651 1541 893 1595 postulent:
918 1553 1007 1582 non

173 1604 289 1646 enim
316 1604 471 1655 petere
498 1600 732 1648 auderent,
761 1598 799 1639 si
828 1598 1008 1640 scirent:

171 1659 376 1708 Nescitis,
401 1658 472 1712 ait,
493 1656 601 1708 quid
622 1655 802 1708 petatis:
827 1654 1007 1696 nescitis

174 1728 307 1769 quam
324 1726 532 1765 magnum
545 1713 631 1754 hoc
646 1712 713 1761 sit,
730 1723 862 1763 quam
881 1711 1008 1751 mira·

172 1771 272 1821 bile,
297 1783 349 1811 ac
374 1771 495 1822 ipsas
516 1768 768 1821 superiores
789 1766 1008 1809 excedens

173 1829 372 1870 virtutes.

229 1894 278 1945 R.
301 1891 383 1933 Isti
401 1894 503 1932 sunt
521 1889 604 1931 viri
623 1888 774 1938 sancti,
794 1900 907 1941 quos
926 1889 1009 1931 ele-

175 1949 239 2000 git
261 1948 480 1990 Dominus
504 1947 548 1988 in
572 1946 757 1988 caritate
782 1958 871 1987 non
896 1945 1011 1995 ficta,

177 2011 220 2047 et
240 2003 364 2047 dedit
378 2003 462 2044 illis
477 2003 663 2054 gloriam
683 2002 1011 2055 sempiternam:

176 2062 200 2086 *
216 2063 413 2112 Quorum
429 2060 631 2102 doctrina
649 2059 788 2109 fulget
801 2058 1011 2108 Ecclesia,

177 2123 226 2160 ut
254 2118 348 2160 sole
372 2118 487 2159 luna.
523 2111 574 2162 Y.
601 2116 751 2158 Sancti
773 2127 854 2168 per
877 2115 1012 2157 fidem

177 2175 377 2216 vicerunt
394 2186 545 2224 regna,
572 2172 746 2225 operati
769 2176 871 2213 sunt
893 2172 1011 2223 justi·

177 2231 295 2273 tiam.
354 2232 551 2281 Quorum
588 2228 798 2270 doctrina.
858 2228 1013 2271 Gloria

177 2287 310 2329 Patri.
337 2287 534 2337 Quorum
554 2285 767 2327 doctrina.

482 2362 635 2403 Lectio
655 2364 708 2403 ix.

263 2435 281 2472 t
309 2428 481 2481 adjecit:
515 2428 709 2469 Potestis
732 2426 885 2469 bibere
913 2426 1012 2468 cali-

285 2498 391 2535 cem,
411 2496 543 2537 quem
562 2495 644 2534 ego
663 2483 882 2525 bibiturus
903 2495 1014 2524 sum:

183 2548 227 2585 et
245 2542 479 2595 baptismo,
497 2552 584 2592 quo
605 2551 688 2590 ego
707 2538 921 2591 baptizor,
940 2538 1013 2580 ba-

655 210 725 243 Die
751 210 802 243 25.
825 210 930 243 Julii.
978 210 1012 242 S.
1038 207 1175 242 Jacobi
1204 208 1396 250 Apostoli.

1054 298 1238 352 ptizari?
1270 299 1526 352 Perpendis,
1551 300 1776 352 quomodo
1803 305 1886 342 sta-

1054 357 1134 398 tim
1152 355 1208 397 ab
1223 355 1307 397 hac
1322 356 1530 409 opinione
1544 356 1670 409 ipsos
1687 357 1887 405 removit,

1055 412 1276 454 contraria
1304 412 1366 454 eis
1390 412 1624 454 disserens.
1654 413 1771 455 Nam
1795 426 1888 463 VOS,

1054 469 1206 522 inquit,
1232 467 1287 510 de
1306 468 1550 510 honoribus
1571 474 1615 511 et
1637 469 1693 512 de
1712 469 1888 512 coronis

1053 539 1227 568 mecum
1252 525 1394 577 agitis:
1423 538 1506 577 ego
1534 538 1642 567 vero
1669 525 1725 568 de
1752 526 1887 568 lucta-

1055 583 1172 624 mine
1205 587 1338 634 atque
1371 582 1536 624 sudore
1564 581 1748 625 dissero.
1786 582 1890 624 Non

1055 639 1340 692 praemiorum
1370 638 1458 680 hoc
1486 644 1662 692 tempus
1697 643 1781 689 est,
1808 651 1890 681 nec

1055 696 1130 738 illa
1167 696 1308 747 gloria
1339 708 1438 737 mea
1469 695 1604 738 modo
1642 695 1890 749 apparebit:

1057 753 1136 794 sed
1161 752 1296 794 caedis
1321 765 1372 794 ac
1393 753 1691 806 periculorum
1714 758 1890 805 tempus

1056 822 1255 862 praesens
1275 815 1352 851 est.
1381 810 1589 863 Perspice
1609 815 1767 859 autem,
1787 811 1891 861 qua-

1056 866 1155 908 liter
1177 866 1277 919 ipso
1301 866 1659 917 interrogationis
1684 865 1820 908 modo
1847 870 1892 907 et

1057 922 1262 964 hortatur
1277 928 1321 964 et
1340 922 1485 964 allicit.
1512 922 1615 964 Non
1636 923 1751 964 enim
1766 922 1890 964 dixit:

1058 980 1309 1028 Potestisne
1353 979 1521 1021 caedem
1562 979 1725 1029 subire,
1767 983 1890 1031 pote-

1059 1038 1195 1078 stisne
1227 1041 1424 1078 vestrum
1457 1036 1683 1078 effundere
1721 1035 1892 1086 sangui-

1059 1091 1183 1134 nem?
1212 1092 1310 1142 Sed,
1330 1094 1532 1143 Quonam
1550 1097 1684 1145 pacto
1703 1092 1892 1145 potestis

1058 1148 1211 1191 bibere
1239 1149 1443 1191 calicem?
1486 1148 1658 1190 Deinde
1687 1148 1893 1198 alliciens,

1059 1206 1217 1258 inquit,
1251 1207 1392 1256 Quem
1421 1219 1504 1257 ego
1532 1205 1750 1247 bibiturus
1779 1218 1894 1246 sum:

1059 1267 1108 1304 ut
1122 1263 1221 1315 ipsa
1237 1276 1336 1305 cum
1352 1275 1405 1304 eo
1422 1262 1819 1304 communicatione
1833 1261 1892 1302 la-

1060 1319 1220 1361 borum
1238 1320 1537 1372 promptiores
1556 1317 1858 1360 redderentur.

1118 1385 1180 1425 Te
1199 1381 1345 1423 Deum
1362 1380 1605 1423 laudamus.
1623 1381 1683 1421 13.

1118 1459 1159 1492 In
1196 1456 1398 1491 Laudibus
1438 1460 1586 1490 tantum
1622 1454 1663 1489 fit
1698 1463 1895 1488 commem.

1063 1507 1097 1541 S.
1125 1505 1401 1548 Christophori
1426 1499 1533 1538 Mart.

1118 1568 1218 1608 Ant.
1255 1564 1339 1615 Qui
1367 1563 1463 1606 odit
1491 1563 1680 1604 animam
1704 1575 1828 1604 suam
1850 1561 1895 1602 in

1061 1621 1146 1662 hoc
1165 1620 1342 1671 mundo,
1365 1620 1410 1660 in
1433 1619 1570 1661 vitam
1593 1620 1804 1660 aeternam
1823 1631 1894 1660 cu-

1063 1677 1200 1719 stodit
1219 1690 1327 1719 eam.

1116 1737 1167 1787 V.
1197 1739 1350 1780 Justus
1375 1742 1423 1780 ut
1450 1737 1599 1790 palma
1626 1735 1812 1778 florebit.
1846 1736 1898 1789 R.

1063 1795 1185 1836 Sicut
1231 1795 1391 1836 cedrus
1435 1793 1595 1836 Libani
1635 1791 1896 1845 multiplica-

1063 1851 1192 1893 bitur.

1400 1902 1566 1944 Oratio.

1064 1962 1297 2070 Praesta,
1332 1967 1583 2018 quaesumus
1616 1964 1897 2014 omnipotens

1173 2024 1310 2065 Deus:
1352 2026 1401 2064 ut
1437 2021 1512 2073 qui
1547 2019 1666 2062 beati
1703 2017 1896 2060 Christo·

1064 2080 1197 2134 phori
1229 2078 1435 2132 Martyris
1469 2077 1535 2119 tui
1565 2074 1764 2118 natalitia
1796 2073 1897 2116 coli-

1065 2151 1174 2187 mus,
1201 2135 1517 2178 intercessione
1544 2134 1636 2186 ejus
1661 2132 1706 2173 in
1730 2131 1796 2173 tui
1822 2132 1897 2172 no-

1065 2194 1194 2236 minis
1218 2194 1369 2235 amore
1392 2190 1664 2232 roboremur.
1699 2189 1785 2230 Per
1809 2187 1898 2228 Do—

1065 2251 1231 2292 minum
1263 2253 1463 2291 nostrum
1494 2246 1517 2287 J
1521 2259 1645 2288 esum
1677 2244 1900 2286 Christum

1065 2308 1225 2349 Filium
1251 2310 1392 2347 tuum:
1434 2303 1520 2354 Qui
1544 2307 1692 2344 tecum
1719 2300 1827 2342 vivit
1855 2304 1898 2341 et

1066 2368 1222 2415 regnat
1256 2363 1300 2403 in
1333 2361 1502 2402 unitate
1533 2359 1720 2412 Spiritus
1758 2355 1898 2398 sancti

1066 2421 1206 2469 Deus,
1238 2431 1318 2472 per
1347 2417 1494 2459 omnia
1522 2415 1685 2457 saecula
1714 2411 1896 2455 saeculo-

1066 2489 1174 2518 rum.

1123 2544 1166 2578 In
1190 2543 1236 2578 Π.
1260 2543 1377 2586 Vcsp.
1404 2552 1601 2577 commem.
1627 2550 1732 2584 sequ.

895 2651 1355 2703 moes&—
