2040 2976
486 211 554 243 Dic
581 212 612 242 Η.
639 210 738 246 Maii.
783 210 819 242 In
851 211 1104 252 Apparitionc
1131 212 1165 243 S.
1192 210 1393 243 Michaelis
1419 211 1612 251 Archang.

524 302 686 342 Oratio.

192 355 374 458 Deus,
406 360 481 412 qui
502 361 613 401 miro
645 359 798 400 ordine
827 359 1015 411 Angelo-

287 429 381 456 rum
426 417 667 457 ministeria
700 415 1016 468 hominnmque

186 473 430 525 dispensas:
456 472 650 514 concede
668 472 904 525 propitius3
925 478 971 514 ut
991 486 1016 513 a

187 529 344 582 quibus
366 528 446 570 tibi
469 528 817 570 ministrantibus
837 529 880 569 in
901 528 1015 570 coelo

185 598 360 638 semper
387 586 619 635 assistitur,
648 585 703 626 ab
732 585 800 626 his
827 585 870 626 in
898 591 1017 627 terra

185 642 275 683 vita
302 647 452 683 nostra
478 643 709 683 muniatur.
744 642 829 682 Per
848 642 975 682 Dfim.

452 707 520 743 Ad
543 707 743 742 Tertiam.

239 760 338 799 Ant.
366 760 481 801 Dum
499 759 786 813 praeliaretur.

241 818 273 855 t
277 816 377 867 ipit.
407 815 689 867 Significavit.
708 820 752 854 ut
773 828 916 866 supri.
929 816 1017 856 291.

241 875 289 914 R.
311 875 371 915 br
393 877 523 919 Stetit
548 875 744 939 Angelus
772 875 793 896 *
817 876 948 917 Juxta
976 889 1018 916 a·

185 946 279 974 ram
297 934 463 986 templi.
491 933 631 975 Stetit.
658 925 708 976 l.
723 931 904 973 Habens
923 932 1017 973 thu-

185 989 376 1031 ribulum
387 993 568 1031 aureum
579 989 623 1030 in
634 1001 766 1029 manu
777 1001 866 1029 sua.
877 989 1018 1030 Juxta.

189 1045 340 1087 Gloria
359 1046 490 1087 Patri.
518 1046 658 1087 Stetit.

240 1098 291 1149 Y.
311 1101 527 1144 Ascendit
545 1102 689 1142 fumus
709 1103 955 1143 aromatum
974 1102 1018 1142 in

187 1161 428 1211 conspectu
468 1158 657 1199 Domini.
686 1159 735 1209 R.
776 1157 845 1199 De
886 1171 1018 1199 manu

186 1215 355 1267 Angeli.
711 1267 716 1271 ι

466 1275 533 1311 Ad
556 1275 744 1312 Sextam.

239 1330 337 1369 Ant.
368 1328 643 1380 Archangele
663 1326 861 1368 Michael.

240 1403 499 1454 Capitulum.
726 1401 863 1450 Apoc.
878 1401 915 1439 5.
934 1413 967 1440 c.

184 1463 380 1569 Aidivi
397 1481 554 1510 vocem
570 1466 842 1518 Angelorum
860 1466 1017 1508 multo-

296 1538 393 1565 rum
414 1525 459 1565 in
479 1525 663 1566 circuitu
681 1523 846 1573 throni,
866 1529 910 1565 et
929 1524 1015 1564 ani-

183 1581 379 1631 malium,
409 1587 451 1623 et
479 1581 717 1622 seniorum:
745 1585 789 1621 et
817 1585 912 1621 erat
938 1583 1014 1621 nu-

183 1651 329 1679 merus
350 1640 503 1679 eorum
522 1638 658 1678 millia
676 1637 879 1687 millium,
906 1649 1016 1678 voce

182 1707 340 1745 magna
374 1695 626 1736 dicentium:
657 1694 785 1736 Salus
810 1694 908 1735 Deo
941 1707 1015 1735 no-

183 1756 288 1792 stro.

240 1806 289 1857 R?-
324 1805 384 1845 br.
427 1807 641 1849 Ascendit
672 1807 816 1848 fumus
848 1809 1015 1848 aroma-

181 1868 275 1905 tum
295 1864 378 1904 *In
394 1867 635 1917 conspectu
645 1863 835 1904 Domini
850 1863 1014 1904 Ascen-

183 1918 257 1961 dit.
303 1915 352 1965 Χ
376 1921 445 1962 De
470 1934 602 1962 manu
629 1919 799 1971 Angeli.
836 1921 887 1960 In
915 1932 1015 1961 con-

183 1977 535 2037 spectu.(1loria
553 1977 684 2018 Patri.
712 1976 939 2018 Ascendit.

243 2026 291 2077 Y.
300 2033 351 2072 In
368 2036 609 2086 conspectu
624 2032 896 2083 Angelorum
910 2032 1018 2085 psal-

182 2087 269 2129 lam
296 2089 376 2130 tibi
404 2090 525 2131 Deus
555 2103 689 2131 meus.
724 2088 776 2139 R
800 2088 1015 2130 Adorabo

183 2144 240 2185 ad
254 2145 466 2197 templum
482 2152 680 2188 sanctum
699 2151 834 2195 tuum,
851 2151 895 2187 et
914 2158 1015 2186 con-

185 2200 342 2242 fitebor
361 2202 526 2243 nomini
545 2207 634 2244 tuo.

463 2267 531 2303 Ad
554 2268 740 2303 Nonam.

238 2319 338 2359 Ant.
368 2319 530 2369 Angeli‚
549 2319 826 2371 Archangeli.

239 2388 499 2439 Capitulum.
700 2390 839 2440 Apoc.
856 2390 911 2429 12.
928 2390 966 2429 b.

186 2449 414 2554 Factum
435 2454 502 2490 est
525 2449 727 2501 praelium
745 2462 953 2500 magnum
972 2450 1016 2490 in

275 2505 405 2547 coelo:
437 2505 640 2554 Michael,
670 2510 713 2546 et
737 2505 895 2556 Angeli
924 2507 1014 2557 ejus

182 2561 495 2614 praeliabantur
515 2574 614 2602 cum
634 2561 835 2610 dracone,
856 2566 900 2603 et
919 2561 1014 2603 dra-

183 2630 237 2659 co
256 2617 493 2670 pugnabat,
513 2622 557 2658 et
576 2617 719 2668 angeli
739 2618 846 2668 ejus:
866 2622 909 2658 et
927 2630 1014 2659 non

182 2674 523 2727 praevaluerunt,
551 2686 695 2725 neque
720 2673 844 2715 locus
868 2674 1014 2715 inven-

183 2736 254 2772 tus
274 2736 341 2772 est
360 2733 513 2772 eorum
533 2730 721 2782 amplius
741 2730 785 2770 in
803 2730 930 2771 coelo.

1130 303 1179 353 Rg.
1205 302 1265 341 br.
1288 302 1339 342 In
1366 303 1609 355 conspectu
1631 303 1902 355 Angelorum

1077 360 1098 382 *
1118 357 1309 398 Psallam
1334 357 1416 399 tibi
1439 358 1561 399 Deus
1589 371 1724 400 meus.
1756 360 1819 401 In.
1858 355 1908 407 V.

1071 413 1284 455 Adorabo
1336 413 1393 455 ad
1441 414 1655 467 templum
1704 421 1903 458 sanctum

1065 476 1207 519 tuum,
1251 476 1293 512 et
1330 469 1576 512 confitebor
1611 472 1775 513 nomini
1813 478 1902 514 tuo.

1071 526 1271 568 Psallam.
1306 527 1455 568 (floria
1476 526 1607 568 Patri.
1634 527 1696 568 In.

1131 588 1178 639 ys.
1194 591 1392 633 Adorate
1404 592 1560 633 Deum.
1579 592 1628 643 R1.
1647 592 1810 634 Omnes
1824 594 1905 634 An·

1071 648 1157 700 geli
1177 649 1279 698 ejus.

1278 729 1340 769 In
1361 729 1419 770 11.
1444 729 1696 781 Vesper-is.

1130 794 1216 828 Ant.
1243 799 1278 827 et
1305 794 1428 837 Capit.
1455 794 1501 828 de
1524 793 1644 828 Laud.
1661 796 1737 831 291.
1775 794 1834 828 Ps.
1861 794 1907 828 de

1076 842 1228 876 Domin.
1252 844 1331 879 106.
1359 849 1394 876 ct
1418 843 1505 876 loco
1531 843 1596 876 ult.

1343 913 1539 952 Psalmus
1560 913 1643 952 137.

1078 978 1374 1085 Confitebor
1406 982 1486 1024 tibi
1509 983 1698 1024 Domine
1731 983 1775 1024 in
1807 988 1904 1026 toto

1163 1039 1298 1081 corde
1325 1052 1442 1081 meo:
1461 1041 1485 1066 *
1512 1040 1720 1092 quoniam
1745 1038 1906 1082 audisti

1072 1096 1209 1138 verba
1229 1097 1318 1138 oris
1340 1096 1437 1137 mei.

1124 1153 1175 1193 In
1210 1154 1454 1205 conspectu
1486 1151 1758 1203 Angelorum
1790 1153 1905 1206 psal-

1072 1208 1159 1249 lam
1192 1208 1288 1250 tibi:
1315 1209 1339 1234 *
1368 1208 1568 1250 adorabo
1602 1208 1659 1250 ad
1691 1209 1907 1262 templum

1073 1270 1273 1307 sanctum
1304 1269 1443 1314 tuum,
1476 1269 1520 1306 et
1553 1264 1799 1307 confitebor
1830 1267 1906 1307 no-

1071 1321 1177 1362 mini
1194 1326 1285 1363 tuo.

1123 1377 1265 1430 Super
1291 1376 1594 1419 misericordia
1613 1382 1704 1427 tua,
1733 1383 1777 1419 et
1795 1378 1905 1419 veri-

1070 1436 1163 1475 tate
1195 1439 1285 1476 tua:
1317 1434 1340 1459 *
1377 1433 1585 1486 queniam
1615 1433 1906 1485 magnificasti

1071 1503 1204 1543 super
1219 1503 1359 1540 omne,
1379 1502 1541 1531 nomen
1556 1495 1756 1532 sanctum
1771 1495 1906 1532 tuum.

1122 1548 1173 1588 In
1190 1550 1466 1599 quacumque
1483 1546 1554 1588 die
1570 1547 1835 1588 invocavero
1850 1552 1906 1598 te,

1072 1603 1232 1645 exaudi
1255 1616 1341 1645 me:
1363 1603 1388 1629 *
1411 1602 1725 1656 multiplicabis
1748 1603 1792 1644 in
1817 1604 1905 1645 ani-

1069 1673 1140 1701 ma
1159 1673 1259 1702 mea
1277 1660 1496 1701 virtutem.

1124 1716 1426 1758 Confiteantur
1446 1715 1527 1757 tibi
1544 1715 1733 1758 Domine
1752 1729 1906 1758 omnes

1070 1786 1196 1824 reges
1230 1778 1375 1814 terrae:
1403 1774 1427 1799 *
1461 1772 1563 1824 quia
1596 1771 1828 1814 audierunt
1861 1774 1905 1814 o-

1068 1830 1184 1870 mnia
1203 1829 1339 1870 verba
1359 1829 1446 1870 oris
1464 1829 1543 1871 tui:

1120 1887 1178 1928 Et
1196 1890 1373 1928 cantent
1391 1886 1435 1926 in
1453 1886 1536 1927 viis
1551 1885 1744 1927 Domini:
1758 1886 1782 1911 *
1798 1888 1903 1938 quo-

1068 1943 1186 1984 niam
1204 1955 1363 1993 magna
1383 1947 1450 1983 est
1469 1942 1611 1993 gloria
1629 1942 1818 1983 Domini.

1121 1999 1338 2050 Quoniam
1367 1998 1568 2040 excelsus
1596 1998 1830 2049 Dominus,
1859 2003 1904 2040 et

1068 2055 1249 2097 humilia
1277 2055 1472 2108 respicit:
1491 2056 1515 2082 *
1535 2060 1579 2096 et
1606 2054 1695 2096 alta
1720 2068 1746 2096 a
1770 2055 1903 2107 longe

1069 2111 1308 2163 cognoscit.

1120 2169 1165 2210 Si
1184 2167 1468 2210 ambulavero
1491 2167 1536 2208 in
1555 2167 1702 2210 medio
1722 2167 1901 2210 tribula-

1067 2225 1215 2275 tionis,
1248 2224 1492 2266 vivificabis
1525 2237 1610 2266 me:
1638 2226 1662 2251 *
1691 2230 1735 2266 et
1769 2237 1902 2277 super

1067 2282 1177 2322 iram
1195 2281 1472 2322 inimicorum
1489 2283 1690 2322 meorum
1706 2279 1901 2322 extendi-

1068 2338 1124 2379 sti
1142 2350 1320 2378 manum
1338 2342 1474 2387 tuam,
1501 2342 1544 2379 et
1564 2337 1734 2378 salvum
1752 2349 1823 2379 me
1842 2337 1900 2378 fe-

1068 2394 1127 2435 cit
1146 2393 1329 2435 dextera
1346 2398 1432 2435 tua.

1119 2449 1335 2491 Dominus
1376 2449 1590 2491 retribuet
1629 2462 1712 2502 pro
1752 2461 1837 2490 me:
1876 2448 1900 2474 *

1067 2506 1255 2548 Domine
1279 2506 1583 2548 misericordia
1605 2510 1681 2547 tua
1702 2505 1746 2546 in
1765 2506 1899 2545 saecu-

1067 2562 1173 2603 lum:
1219 2564 1355 2615 opera
1391 2565 1599 2603 manuum
1634 2563 1809 2603 tuarum
1844 2573 1899 2602 ne

1068 2618 1298 2671 despicias.

1129 2675 1200 2726 H)
1204 2688 1287 2714 mn.
1312 2675 1371 2716 Te
1391 2673 1613 2728 splendor.
1636 2676 1682 2711 ut
1702 2671 1745 2710 in
1765 2670 1796 2710 Ι.
1817 2670 1901 2711 Ve-

1075 2731 1225 2781 speris.
1237 2731 1330 2772 287.
