2040 2976
214 208 279 244 162

212 302 267 344 tis
286 300 497 347 Hebraeis,
518 300 632 342 sicut
649 306 692 342 et
711 301 773 342 illi
792 301 1034 343 servierunt

213 358 351 400 vobis:
370 357 684 406 confortamini,
705 363 748 399 et
763 357 934 399 bellate.
952 358 1032 399 Pu-

212 415 450 464 gnaverunt
469 425 572 464 ergo
592 413 868 464 philisthiim,
889 419 932 455 et
951 427 1030 456 cae-

212 483 284 510 sus
300 475 366 510 est
380 469 526 518 Israel,
546 475 589 511 et
609 470 717 521 fugit
734 474 1031 523 unusquisque

211 526 252 566 in
272 526 599 567 tabernaculum
618 540 757 567 suum:
777 532 819 568 et
839 527 951 569 facta
966 533 1033 569 est

210 583 339 635 plaga
363 595 520 634 magna
544 583 686 624 nimis:
714 589 757 625 et
783 583 1033 626 ceciderunt

211 639 266 679 de
293 639 428 679 Israel
455 639 631 689 triginta
663 639 797 681 msslia
824 639 1032 692 peditum.

210 695 266 736 Et
285 708 385 736 arca
399 695 482 737 Dei
501 701 630 747 capta
650 701 729 737 est:
748 695 835 737 duo
856 709 1031 748 quoque

210 751 286 792 filii
301 751 402 793 Heli
416 753 576 793 mortui
592 758 702 802 sunt,
723 753 867 805 Ophni
883 758 926 794 et
936 753 1030 794 Phi-

210 821 324 849 nees.
375 811 423 860 R„
455 808 678 861 Respexit.
698 811 785 850 149.

441 885 489 923 In
508 885 557 923 Π.
578 885 797 923 Nocturno.

210 953 364 992 Sermo
393 952 529 993 sancti
552 952 704 997 Joafiis
720 952 1030 1005 Chrysostomi.

284 1016 339 1049 Ex
368 1016 474 1048 Hom.
500 1016 557 1048 «30.
585 1015 633 1047 ad
658 1025 746 1057 pop.
772 1015 950 1048 Antioch.

513 1071 662 1111 Lectio
684 1071 734 1110 iv.

220 1148 230 1158 τ
269 1140 324 1183 πῖ-
340 1134 512 1174 uoniam
543 1134 738 1176 Verbum
775 1134 897 1176 dicit:
932 1136 1030 1178 Hoc

214 1237 215 1244 χ
244 1182 296 1245 'sgr'
322 1239 326 1245 Δ
357 1195 423 1231 est
448 1203 607 1243 corpus
633 1204 793 1233 meum:
821 1197 864 1233 et
888 1205 1030 1234 assen-

214 1245 293 1270 23-
355 1247 530 1296 tiamur,
558 1253 601 1288 et
627 1247 873 1298 credamus,
901 1254 945 1290 et
970 1249 1029 1289 in-

208 1303 528 1344 tellectualibus
547 1304 689 1356 ipsum
709 1304 846 1346 oculis
867 1306 1029 1347 intuea-

207 1372 312 1399 mur.
366 1359 484 1400 Nihil
519 1361 631 1401 enim
669 1361 871 1402 sensibile
903 1362 1030 1403 nobis

208 1415 404 1457 Christus
429 1415 624 1457 tradidit:
650 1417 727 1458 sed
753 1417 1030 1460 sensibilibus

209 1471 384 1523 quidem
403 1472 543 1522 rebus,
563 1478 607 1514 at
627 1474 769 1514 omnia
788 1474 1030 1525 intelligibi-

206 1527 274 1568 lia.
318 1528 476 1570 Itidem
504 1534 548 1570 et
575 1530 619 1569 in
643 1529 923 1582 baptismate:
951 1544 1030 1584 per

208 1597 299 1625 rem
318 1597 474 1637 nempe
495 1586 743 1627 sensibilem
764 1599 931 1638 aquam,
955 1587 1028 1629 do-

207 1653 310 1680 num
346 1641 583 1682 confertur:
620 1642 888 1693 intelligibile
924 1657 1029 1685 vero

209 1694 327 1746 quod
346 1696 579 1748 perficitur,
601 1699 823 1748 generatio
846 1704 889 1740 et
907 1713 1029 1742 reno-

207 1752 337 1793 vatio.
377 1753 421 1794 Si
449 1753 561 1794 enim
589 1754 872 1807 incorporeus
898 1769 1029 1806 esses,

206 1807 322 1849 nuda
358 1814 402 1850 et
438 1809 696 1862 incorporea
726 1811 805 1852 tibi
837 1811 1029 1855 dedisset

206 1864 300 1916 ipse
316 1864 443 1906 dona:
463 1866 542 1907 sed
558 1867 761 1918 quoniam
781 1869 921 1910 anima
936 1872 1028 1910 cor-

207 1920 305 1972 pori
334 1924 534 1963 conserta
562 1927 647 1973 est,
682 1924 725 1964 in
754 1925 1028 1967 sensibilibus

206 1975 490 2027 intelligibilia
540 1978 619 2020 tibi
669 1980 849 2032 praebet.
913 1983 1030 2032 Quot

207 2045 320 2074 nunc
356 2033 522 2076 dicunt:
562 2035 733 2077 Vellem
771 2037 908 2089 ipsius
945 2038 1028 2080 for-

207 2101 322 2128 mam
346 2091 555 2141 aspicere,
580 2091 776 2142 figuram,
801 2094 1028 2135 vestimen-

207 2149 262 2194 ta
287 2145 598 2188 calceamenta?
635 2148 749 2190 Ecce
773 2162 871 2190 eum
894 2150 1028 2201 vides,

207 2200 350 2253 ipsum
368 2202 519 2252 tangis,
538 2203 680 2255 ipsum
696 2205 944 2247 manducas.
972 2208 1029 2249 Et

207 2261 255 2298 tu
271 2255 446 2308 quidem
462 2259 717 2301 vestimenta
731 2262 853 2314 cupis
867 2263 1029 2305 videre:

207 2311 302 2364 ipse
321 2326 425 2354 vero
445 2314 524 2356 tibi
541 2316 741 2358 concedit
758 2331 845 2359 non
861 2324 1030 2361 tantum

207 2367 375 2418 videre,
413 2383 562 2412 verum
594 2377 637 2413 et
667 2373 950 2425 manducare,
987 2382 1030 2418 et

207 2426 396 2476 tangere,
417 2431 459 2468 et
478 2427 590 2468 intra
608 2434 652 2470 te
671 2433 851 2471 sumere.

263 2485 308 2535 Rg.
338 2482 618 2525 Coenantibus
638 2485 732 2526 illis.
760 2487 839 2526 151.

515 2550 663 2589 Lectio
687 2565 721 2589 v.

208 2605 368 2709 Igitur
389 2609 570 2651 accedat
589 2623 716 2653 nemo
741 2625 838 2652 cum
856 2615 1028 2662 nasisea,

275 2677 401 2706 nemo
420 2666 653 2717 resolutus,
678 2680 827 2709 omnes
848 2670 1029 2719 accensi,

208 2734 357 2763 omnes
381 2722 597 2765 ferventes
623 2728 666 2765 et
690 2725 877 2767 excitati.

915 2725 1029 2767 Nam

603 212 799 245 Domini&
828 212 922 245 infra
950 215 1131 245 (letarum
1159 211 1343 253 Corporis
1369 210 1522 243 Christi.

1086 301 1122 342 si
1136 301 1161 341 J
1162 300 1278 342 udaei
1298 306 1474 350 stantes,
1494 306 1537 343 et
1556 300 1849 344 calceamenta
1866 302 1910 344 in

1085 356 1272 409 pedibus
1296 356 1520 406 habentes,
1549 362 1592 399 et
1617 357 1799 400 baculos
1822 361 1909 400 ma-

1084 413 1210 455 nibus
1235 415 1470 464 gestantes,
1495 426 1653 465 agnum
1676 427 1775 456 cum
1795 415 1909 457 festi-

1085 470 1258 511 natione
1278 468 1581 511 comedebant:
1604 475 1648 512 te
1666 471 1804 513 multo
1823 484 1909 513 ma-

1085 526 1150 577 gis
1171 528 1347 578 oportet
1363 538 1459 567 esse
1479 526 1695 568 solertem.
1722 527 1836 569 Nam
1849 528 1911 569 illi

1087 582 1262 634 quidem
1289 582 1332 622 in
1358 582 1637 624 Palaestinam
1664 589 1786 626 erant
1811 597 1909 637 pro-

1085 638 1248 687 fecturi,
1265 644 1308 680 et
1322 640 1557 692 propterea
1571 640 1790 682 viatorum
1804 641 1910 692 figu-

1085 708 1177 736 ram
1209 695 1446 738 habebant:
1483 702 1531 738 tu
1562 709 1667 738 vero
1700 696 1836 738 debes
1866 697 1911 738 in

1085 751 1245 792 coelum
1285 753 1484 803 migrare.
1546 754 1826 806 Quapropter
1866 753 1910 794 in

1086 808 1285 849 omnibus
1315 811 1492 861 oportet
1523 814 1568 851 te
1595 809 1794 860 vigilare:
1829 822 1910 852 nec

1085 865 1198 905 enim
1229 878 1364 917 parva
1396 878 1527 918 poena
1558 866 1820 919 proponitur
1849 867 1909 907 in-

1085 919 1212 971 digne
1229 922 1509 963 sumentibus.
1531 922 1686 972 Cogita
1701 928 1910 974 quantum

1084 976 1294 1019 adversus
1314 978 1586 1030 proditorem
1601 978 1848 1029 indignaris,
1866 984 1910 1022 et

1084 1038 1235 1075 contra
1256 1047 1333 1075 eos
1355 1035 1427 1087 qui
1450 1034 1571 1076 illum
1590 1035 1910 1078 crucifixerunt:

1083 1092 1231 1142 itaque
1251 1091 1491 1141 considera,
1511 1104 1566 1133 ne
1585 1097 1633 1133 tu
1653 1104 1829 1144 quoque
1848 1092 1909 1133 sis

1083 1159 1183 1187 reus
1207 1148 1406 1200 corporis
1429 1153 1473 1189 et
1498 1148 1718 1199 sanguinis
1739 1147 1909 1191 Christi.

1083 1202 1151 1243 Illi
1188 1205 1506 1245 sanctissimum
1542 1217 1703 1257 corpus
1741 1203 1909 1247 occide-

1083 1264 1193 1309 runt,
1218 1265 1266 1301 tu
1290 1273 1396 1302 vero
1419 1261 1589 1313 polluta
1613 1261 1798 1314 suscipis
1823 1261 1909 1302 ani-

1083 1329 1164 1366 ma,
1178 1321 1282 1369 post
1295 1322 1362 1358 tot
1375 1317 1599 1359 beneficia.
1625 1317 1781 1369 Neque
1796 1318 1910 1359 enim

1083 1372 1144 1413 illi
1169 1373 1275 1414 satis
1299 1373 1393 1423 fuit,
1418 1373 1638 1416 hominem
1661 1374 1770 1423 fieri,
1796 1374 1909 1416 cola-

1082 1429 1182 1481 phis
1211 1428 1342 1479 caedi,
1369 1435 1413 1472 et
1441 1431 1654 1482 crucifigi:
1686 1443 1839 1472 verum
1866 1436 1910 1473 et

1084 1488 1367 1538 semetipsum
1398 1486 1525 1528 nobis
1557 1489 1830 1538 commiscet;
1865 1492 1910 1529 et

1082 1555 1170 1583 non
1190 1542 1277 1584 fide
1300 1547 1478 1593 tantum,
1501 1556 1653 1586 verum
1677 1549 1720 1586 et
1741 1544 1838 1596 ipsa
1861 1556 1909 1586 re

1082 1611 1162 1639 nos
1183 1612 1308 1639 suum
1328 1599 1461 1640 efficit
1480 1612 1652 1652 corpus.

1136 1658 1186 1709 R.
1212 1655 1398 1708 Accepit
1414 1655 1552 1697 Jesus.
1579 1656 1659 1697 151.

1383 1715 1535 1756 Lectio
1557 1717 1610 1756 vi.

1086 1748 1222 1872 Quo
1245 1781 1333 1810 non
1359 1770 1536 1821 oportet
1559 1769 1690 1820 igitur
1713 1781 1810 1811 esse
1832 1783 1909 1822 pu-

1190 1825 1369 1875 riorem,
1401 1825 1478 1866 tali
1504 1825 1717 1866 fruentem
1747 1825 1908 1867 sacrifi-

1082 1880 1173 1923 cio?
1199 1894 1286 1934 quo
1310 1881 1445 1923 soleri
1467 1880 1592 1923 radio
1613 1894 1700 1923 non
1720 1881 1908 1935 splendi-

1083 1938 1250 1979 diorem
1268 1951 1458 1988 manum,
1480 1950 1654 1979 carnem
1672 1937 1783 1979 hanc
1802 1937 1907 1980 divi-

1083 1993 1279 2036 dentem?
1307 2007 1357 2036 os
1382 1994 1535 2046 quod·
1524 1994 1613 2045 igni
1637 1993 1820 2047 spiritali
1842 2007 1906 2036 re-

1082 2050 1250 2103 pletur‚
1299 2050 1490 2102 linguam
1535 2063 1634 2103 quae
1679 2050 1906 2092 tremendo

1081 2107 1208 2147 nimis
1238 2107 1446 2157 sanguine
1478 2105 1697 2148 rubescit?
1752 2106 1908 2158 Cogita

1081 2232 1231 2261 mensa
1248 2200 1415 2261 fruaris.
1443 2217 1573 2269 Quod
1587 2218 1744 2270 Angeli
1761 2219 1907 2261 viden-

1081 2281 1148 2317 tes
1162 2275 1430 2325 horrescunt,
1443 2287 1585 2327 neque
1598 2274 1734 2317 libere
1747 2274 1908 2318 audent

1081 2333 1238 2374 intueri
1278 2337 1462 2384 propter
1506 2331 1766 2373 emicantem
1805 2331 1907 2374 inde

1082 2388 1378 2440 splendorem3
1423 2388 1508 2429 hoc
1552 2401 1633 2429 nos
1676 2388 1906 2440 pascimur,

1081 2445 1181 2486 huie
1213 2457 1295 2486 nos
1325 2446 1515 2494 unimur,
1547 2449 1592 2486 et
1623 2444 1726 2486 facti
1757 2457 1906 2493 sumus

1081 2514 1213 2542 unum
1233 2501 1392 2543 Christi
1416 2514 1590 2554 corpus,
1615 2505 1659 2542 et
1681 2513 1767 2542 una
1790 2513 1906 2542 caro.

1081 2558 1186 2607 Quis
1224 2558 1428 2610 loquetur
1464 2557 1683 2610 potentias
1718 2557 1905 2608 Domini,

1081 2614 1250 2656 auditas
1279 2614 1407 2656 faciet
1435 2626 1585 2656 omnes
1609 2613 1762 2655 laudes
1789 2611 1904 2666 ejus?

1081 2671 1186 2720 Quis
1222 2676 1375 2724 pastor
1411 2683 1517 2712 oves
1552 2670 1731 2723 proprio
1765 2669 1906 2722 pascit

1081 2726 1256 2769 cruore?
1285 2724 1342 2770 Et
1361 2727 1467 2780 quid
1484 2726 1595 2777 dico,
1614 2725 1787 2779 pastor?
1815 2726 1903 2768 Ma-
