2040 2976
531 224 573 258 B.
598 223 645 257 M.
670 223 714 256 V.
739 222 811 256 sub
836 221 949 256 titulo
975 220 1022 254 de
1046 220 1240 263 Perpetuo
1265 219 1468 254 Suecursu.

143 324 326 366 caritate
349 320 477 363 simul
501 318 794 372 quiescentes,
818 316 972 355 matuo

144 380 366 430 calefiant,
392 376 509 420 idest
535 375 646 416 alter
670 372 726 415 ab
753 372 892 414 altero
917 370 975 412 ad

145 436 340 479 caritatis
378 432 587 476 exercitia
626 433 781 472 mutuo
823 439 974 469 accen-

146 493 317 535 dantur.

198 551 250 603 R.
273 549 459 590 Beatam
475 557 547 587 me
566 542 714 586 dicent
733 553 886 583 omnes
906 552 975 590 ge-

145 605 409 648 neratienes:
437 605 461 630 *
485 600 598 652 Quia
625 598 728 641 fecit
753 596 860 638 mihi
887 596 975 637 Do-

145 662 287 704 minus
319 671 478 712 magna
510 657 586 711 qui
616 659 776 709 potens
805 658 890 702 est,
934 657 977 693 et

147 722 348 760 sanctum
365 728 527 757 nomen
552 714 655 765 ejus.
695 708 746 761 V.
772 710 829 751 Et
851 708 976 750 mise-

146 773 340 816 ricerdia
364 774 456 825 ejus
480 785 506 813 a
528 768 739 824 progenie
758 767 803 808 in
821 767 977 818 proge-

146 831 241 872 nies
272 829 527 872 timentibus
560 839 671 869 eum.
723 823 836 874 Quia
866 822 979 863 fecit.

149 886 300 929 Gloria
318 886 452 928 Patri.
481 884 593 936 Quia
610 882 726 926 fecit.

200 948 334 984 Lectio
373 948 423 981 ix.
467 947 514 981 de
550 945 724 980 Homilia
764 944 982 978 Dominicae

150 996 400 1033 occurrentis.

421 1052 501 1094 Ad
520 1050 718 1092 Laudes

373 1119 393 1144 e
407 1112 422 1143 t
455 1118 480 1151 p
496 1118 516 1142 e
530 1117 549 1142 r
579 1106 652 1141 Ho
667 1115 721 1140 ra
735 1115 763 1140 s.

205 1163 306 1203 Ant.
331 1163 359 1202 1.
387 1156 631 1201 Benedicta
657 1168 704 1197 es
726 1159 776 1196 tu
798 1155 822 1181 *
841 1153 981 1204 Virgo

149 1218 289 1259 Maria
308 1229 333 1258 a
351 1214 544 1257 Demino
563 1213 661 1254 Deo
681 1210 870 1260 excelso,
888 1222 982 1262 prae

152 1273 356 1316 amnibus
375 1269 632 1313 mulieribus
657 1280 790 1320 super
808 1272 984 1308 terram.

206 1331 276 1372 Ps.
304 1328 518 1371 Deminus
537 1325 749 1377 regnavit.
770 1325 830 1365 14.

207 1389 245 1428 2.
280 1386 405 1428 Fecit
432 1384 515 1427 tibi
540 1394 700 1434 magna
726 1382 750 1407 *
780 1393 806 1422 o
835 1380 985 1428 Maria,

154 1444 230 1496 qui
270 1447 431 1496 potens
474 1445 556 1491 est3
602 1443 646 1481 et
683 1435 986 1479 misericordia

155 1502 246 1554 ejus
286 1513 312 1541 a
349 1497 562 1552 progenie
594 1496 639 1537 in
670 1494 906 1548 progenies
936 1493 986 1535 ti-

154 1556 375 1599 mentibus
395 1567 506 1597 eum.

206 1613 245 1654 3.
273 1613 341 1654 Tu
363 1611 503 1664 gleria
522 1608 785 1658 Jerusalem,
805 1608 829 1634 *
849 1612 898 1649 tu
916 1606 988 1648 lae-

155 1670 252 1713 titia
278 1667 432 1718 Israel,
469 1672 518 1710 tu
545 1664 884 1708 honorificentia
910 1665 982 1716 po-

155 1726 248 1779 puli
267 1724 418 1767 nostri.

209 1783 249 1822 4.
289 1783 375 1823 Per
404 1785 450 1823 te
481 1778 764 1821 immaculata
791 1776 933 1827 Virgo
966 1776 990 1802 *

157 1839 287 1882 nobis
318 1842 386 1880 est
416 1837 507 1879 vita
538 1834 713 1889 perdita
745 1834 859 1884 data,
890 1845 990 1885 quae

159 1895 215 1939 de
231 1895 346 1938 coelo
361 1893 597 1946 suscepisti
610 1891 794 1945 prolem,
810 1895 855 1932 et
869 1903 990 1932 mun-

160 1952 219 1995 do
238 1951 428 2003 genuisti
445 1949 731 1992 Salvaterem.

209 2008 247 2047 5.
296 2007 479 2049 Nostras
511 2004 850 2058 deprecationes
881 2003 905 2029 *
938 2015 993 2044 ne

161 2064 382 2117 despicias
400 2064 445 2105 in
462 2060 801 2105 necessitatibus
819 2060 993 2108 nostris,

162 2127 206 2164 et
237 2135 263 2163 a
293 2120 502 2174 periculis
534 2118 705 2161 cunctis
733 2117 874 2159 libera
901 2129 994 2165 nos,

162 2182 315 2220 sancta
333 2177 418 2219 Dei
438 2175 651 2218 Genitrix.

214 2235 473 2287 Capitulum.
710 2234 837 2274 Prov.
852 2234 889 2272 8.
905 2245 939 2272 c.

163 2290 372 2397 Beatus
405 2294 541 2336 homo
575 2292 650 2344 qui
681 2290 804 2333 audit
832 2302 919 2340 me,
952 2294 996 2331 et

153 2356 162 2364 ‘
264 2351 339 2403 qui
356 2350 508 2402 vigilat
533 2349 591 2391 ad
609 2349 728 2390 fores
747 2359 869 2389 meas
891 2359 995 2398 quo-

164 2407 287 2456 tidie,
307 2411 365 2456 ‚et
390 2406 598 2449 observat
626 2403 683 2446 ad
710 2408 865 2457 postes
894 2403 996 2444 estii

164 2464 262 2505 mei.
323 2463 407 2513 Qui
437 2474 509 2504 me
542 2461 774 2510 invenerit,
806 2460 998 2501 inveniet

165 2521 316 2584 vitam,
348 2524 392 2561 et
423 2518 596 2560 hauriet
629 2517 816 2559 salutem
851 2529 877 2557 a
907 2516 995 2556 De-

166 2588 296 2617 mmo.

473 2627 686 2678 Hymnus.

324 2690 426 2738 aria,
446 2700 545 2740 quae
565 2685 816 2728 mortalium

341 2745 502 2786 Preces
523 2746 720 2786 amanter
740 2740 920 2793 excipis,

1764 213 1857 258 [295]

1130 313 1359 363 Rogamus
1378 322 1482 352 ecce
1502 309 1738 363 supplices,

1137 370 1350 411 Succurre
1369 367 1497 409 nobis
1516 367 1746 419 perpetim.

1086 434 1308 482 Succurre',
1328 432 1366 474 si
1383 444 1466 473 nos
1486 432 1716 473 criminum

1135 491 1300 532 Catena
1317 489 1492 540 stringit
1510 488 1705 540 horrida3

1135 546 1235 588 Cito
1255 545 1428 587 resolve
1449 544 1702 598 cempedes,

1136 604 1245 653 Quae
1265 601 1403 644 corda
1421 601 1561 654 culpis
1580 601 1759 652 illigant.

1089 669 1314 716 Succurre,
1334 667 1372 707 si
1388 679 1469 707 nos
1489 666 1640 708 saeculi

1137 723 1291 765 Fallax
1309 724 1455 773 imago
1475 723 1657 775 pellicit3

1135 782 1204 823 Ne
1223 793 1347 821 mens
1367 779 1521 821 salutis
1541 780 1764 822 tramitem

1138 838 1288 880 Oblita
1308 836 1410 878 coeli
1431 835 1616 878 deserat.

1092 905 1317 951 Succurre,
1336 901 1374 942 si
1392 901 1463 943 vel
1484 901 1660 953 corpori

1138 959 1342 1001 Adversa
1362 970 1460 1000 sors
1479 956 1748 1010 impendeat;

1139 1017 1229 1057 Fac
1249 1015 1336 1057 sint
1355 1015 1502 1066 quieta
1520 1015 1737 1066 tempora,

1140 1072 1387 1114 AEternitas
1407 1070 1513 1112 dum
1531 1070 1688 1111 luceat.

1094 1140 1307 1180 Succurre
1327 1137 1504 1179 demum
1522 1136 1624 1176 filiis

1141 1197 1339 1237 Instante
1358 1193 1514 1235 mortis
1533 1192 1700 1245 praelio,

1142 1252 1202 1294 Ut
1220 1256 1264 1293 te
1286 1251 1461 1303 juvante
1482 1248 1694 1300 consequi

1142 1310 1341 1350 Perenne
1361 1306 1490 1349 detur
1508 1305 1751 1358 praemium.

1095 1376 1119 1416 J
1121 1387 1209 1423 esu,
1228 1372 1309 1415 tibi
1328 1372 1385 1414 sit
1403 1371 1555 1423 gloria,

1119 1445 1124 1448 “
1146 1431 1231 1481 Qui
1249 1434 1378 1471 natus
1398 1441 1444 1471 es
1467 1428 1522 1470 de
1541 1426 1734 1477 Virgine,

1144 1487 1254 1529 Cum
1271 1487 1405 1527 Patre
1428 1490 1471 1527 et
1492 1484 1608 1526 almo
1629 1482 1795 1535 Spiritu

1146 1545 1197 1584 In
1217 1542 1484 1595 sempiterna
1503 1540 1675 1581 saecula.

1355 1599 1510 1639 Amen.

1098 1658 1150 1711 V.
1166 1661 1361 1711 Dignare
1380 1671 1451 1701 me
1469 1657 1652 1700 laudare
1672 1662 1716 1698 te
1736 1657 1875 1707 Virgo

1043 1720 1226 1760 sacrata.
1263 1718 1314 1769 R.
1334 1716 1405 1758 Da
1422 1715 1528 1756 mihi
1547 1714 1754 1756 virtatem
1775 1725 1876 1754 con-

1042 1782 1110 1819 tra
1130 1775 1284 1817 hostes
1303 1778 1416 1814 tuos.

1100 1835 1171 1877 Ad
1190 1835 1354 1876 Bened.
1390 1834 1488 1874 Ant.
1526 1833 1563 1873 Ο
1586 1830 1718 1873 beata
1737 1830 1876 1881 Virgo

1044 1893 1201 1942 Maria,
1233 1896 1282 1933 tu
1314 1889 1469 1941 gratiae
1502 1893 1660 1937 mater,
1693 1891 1742 1929 tu
1774 1899 1878 1938 spes

1047 1947 1213 1991 mundi:
1237 1949 1444 1988 succerre
1463 1945 1565 1986 filiis
1583 1943 1670 1985 tuis
1690 1943 1876 1985 claman-

1044 2006 1161 2048 tibus
1181 2003 1239 2046 ad
1257 2008 1312 2052 te,
1332 2001 1515 2053 alleluja.

1381 2064 1547 2106 Oratio.

1054 2120 1382 2228 Omnipotens
1408 2126 1452 2164 et
1476 2120 1726 2162 misericors
1745 2120 1879 2169 Deus

1151 2182 1226 2233 qui
1258 2179 1419 2222 dedisti
1450 2177 1579 2219 nobis
1612 2177 1879 2219 beatissimae

1048 2237 1284 2281 Genitricis
1310 2240 1400 2278 tuae
1425 2234 1669 2285 Imaginem
1697 2233 1754 2275 de
1778 2233 1879 2275 Per-

1047 2297 1183 2348 petuo
1207 2294 1428 2335 Succursu
1451 2290 1635 2344 speciali
1656 2289 1784 2332 titulo
1809 2301 1879 2330 ve-

1047 2350 1207 2393 nerari:
1233 2347 1430 2391 concede
1453 2347 1689 2400 propitius3
1715 2346 1775 2386 ita
1798 2357 1880 2386 nos

1047 2408 1161 2449 inter
1186 2417 1340 2448 omnes
1358 2405 1443 2445 viae
1469 2409 1513 2446 et
1531 2404 1634 2445 vitae
1659 2403 1786 2453 hujus
1808 2414 1879 2442 va-

1048 2464 1229 2505 rietates
1265 2463 1473 2503 continua
1500 2459 1697 2512 ejusdem
1723 2459 1879 2499 Imma-

1050 2519 1209 2561 culatae
1228 2519 1494 2570 semperque
1513 2515 1709 2566 Virginis
1729 2514 1880 2555 Mariae

1049 2575 1328 2628 protectione
1343 2573 1512 2621 muniri,
1530 2577 1580 2614 ut
1598 2573 1776 2613 aeternae
1792 2574 1881 2611 tuae

1050 2631 1368 2684 redemptienis
1383 2629 1567 2683 praemia
1577 2627 1789 2679 censequj
1802 2639 1882 2668 me-

1050 2691 1239 2730 reamur:
1261 2687 1345 2739 Qui
1364 2686 1475 2728 vivis
1495 2690 1539 2727 et
1557 2696 1725 2735 regnas.

1102 2748 1150 2782 Et
1174 2747 1215 2780 fit
1239 2754 1435 2781 commem.
1460 2741 1613 2777 Domin.
1638 2749 1782 2774 oecurr.
