<?xml version="1.0" encoding="UTF-8"?>
<!DOCTYPE html PUBLIC "-//W3C//DTD XHTML 1.0 Transitional//EN"
    "http://www.w3.org/TR/xhtml1/DTD/xhtml1-transitional.dtd">
<html xmlns="http://www.w3.org/1999/xhtml" xml:lang="en" lang="en">
 <head>
  <title>
</title>
<meta http-equiv="Content-Type" content="text/html;charset=utf-8" />
  <meta name='ocr-system' content='tesseract 3.04.00' />
  <meta name='ocr-capabilities' content='ocr_page ocr_carea ocr_par ocr_line ocrx_word'/>
</head>
<body>
  <div class='ocr_page' id='page_1' title='image "./p3breviariumroma00cathuoft_0535.png"; bbox 0 0 2040 2976; ppageno 0'>
   <div class='ocr_carea' id='block_1_1' title="bbox 434 215 783 258">
    <p class='ocr_par' dir='ltr' id='par_1_1' title="bbox 434 215 783 258">
     <span class='ocr_line' id='line_1_1' title="bbox 434 215 783 258; baseline -0.006 -7"><span class='ocrx_word' id='word_1_1' title='bbox 434 217 506 251; x_wconf 90' lang='lat' dir='ltr'>Die</span> <span class='ocrx_word' id='word_1_2' title='bbox 533 217 581 250; x_wconf 91' lang='grc'><strong>14.</strong></span> <span class='ocrx_word' id='word_1_3' title='bbox 607 215 783 258; x_wconf 71' lang='lat' dir='ltr'>Augusti.</span> 
     </span>
    </p>
   </div>
   <div class='ocr_carea' id='block_1_2' title="bbox 158 306 988 467">
    <p class='ocr_par' dir='ltr' id='par_1_2' title="bbox 158 306 988 467">
     <span class='ocr_line' id='line_1_2' title="bbox 158 306 988 365; baseline -0.007 -11"><span class='ocrx_word' id='word_1_4' title='bbox 158 314 223 365; x_wconf 89' lang='lat' dir='ltr'>jus</span> <span class='ocrx_word' id='word_1_5' title='bbox 250 311 446 354; x_wconf 87' lang='lat' dir='ltr'>natalitia</span> <span class='ocrx_word' id='word_1_6' title='bbox 474 310 676 360; x_wconf 77' lang='lat' dir='ltr'>celimus,</span> <span class='ocrx_word' id='word_1_7' title='bbox 703 321 784 362; x_wconf 89' lang='lat' dir='ltr'>per</span> <span class='ocrx_word' id='word_1_8' title='bbox 812 309 903 358; x_wconf 86' lang='lat' dir='ltr'>ejus</span> <span class='ocrx_word' id='word_1_9' title='bbox 931 306 988 348; x_wconf 93' lang='lat' dir='ltr'>ad</span> 
     </span>
     <span class='ocr_line' id='line_1_3' title="bbox 158 364 988 420; baseline -0.007 -9"><span class='ocrx_word' id='word_1_10' title='bbox 158 374 202 411; x_wconf 92' lang='lat' dir='ltr'>te</span> <span class='ocrx_word' id='word_1_11' title='bbox 236 367 437 420; x_wconf 82' lang='lat' dir='ltr'>exempla</span> <span class='ocrx_word' id='word_1_12' title='bbox 469 366 730 418; x_wconf 80' lang='lat' dir='ltr'>gradiamur.</span> <span class='ocrx_word' id='word_1_13' title='bbox 784 365 869 406; x_wconf 89' lang='lat' dir='ltr'>Per</span> <span class='ocrx_word' id='word_1_14' title='bbox 900 364 988 405; x_wconf 83' lang='lat' dir='ltr'>Do-</span> 
     </span>
     <span class='ocr_line' id='line_1_4' title="bbox 159 426 561 467; baseline -0.008 0"><span class='ocrx_word' id='word_1_15' title='bbox 159 426 323 467; x_wconf 92' lang='lat' dir='ltr'>minum</span> <span class='ocrx_word' id='word_1_16' title='bbox 350 429 561 465; x_wconf 92' lang='lat' dir='ltr'>nostrum.</span> 
     </span>
    </p>
   </div>
   <div class='ocr_carea' id='block_1_3' title="bbox 266 483 878 620">
    <p class='ocr_par' dir='ltr' id='par_1_3' title="bbox 266 483 878 620">
     <span class='ocr_line' id='line_1_5' title="bbox 374 483 773 557; baseline -0.005 -9"><span class='ocrx_word' id='word_1_17' title='bbox 374 506 458 548; x_wconf 89' lang='lat' dir='ltr'>Die</span> <span class='ocrx_word' id='word_1_18' title='bbox 487 507 545 547; x_wconf 87' lang='lat'>14.</span> <span class='ocrx_word' id='word_1_19' title='bbox 545 483 773 557; x_wconf 59' lang='lat' dir='ltr'>Augusti.</span> 
     </span>
     <span class='ocr_line' id='line_1_6' title="bbox 266 568 878 620; baseline -0.007 -10"><span class='ocrx_word' id='word_1_20' title='bbox 266 570 425 620; x_wconf 85' lang='lat' dir='ltr'>Quinta</span> <span class='ocrx_word' id='word_1_21' title='bbox 445 568 515 610; x_wconf 94' lang='lat' dir='ltr'>die</span> <span class='ocrx_word' id='word_1_22' title='bbox 535 568 643 609; x_wconf 89' lang='lat' dir='ltr'>infra</span> <span class='ocrx_word' id='word_1_23' title='bbox 664 568 804 608; x_wconf 86' lang='lat' dir='ltr'>Octav</span> <span class='ocrx_word' id='word_1_24' title='bbox 808 580 878 607; x_wconf 86' lang='lat' dir='ltr'>am</span> 
     </span>
    </p>
   </div>
   <div class='ocr_carea' id='block_1_4' title="bbox 402 624 748 669">
    <p class='ocr_par' dir='ltr' id='par_1_4' title="bbox 402 624 748 669">
     <span class='ocr_line' id='line_1_7' title="bbox 402 624 748 669; baseline -0.012 0"><span class='ocrx_word' id='word_1_25' title='bbox 402 629 445 669; x_wconf 87' lang='lat' dir='ltr'>S.</span> <span class='ocrx_word' id='word_1_26' title='bbox 472 624 748 668; x_wconf 83' lang='lat' dir='ltr'>Laurentii.</span> 
     </span>
    </p>
   </div>
   <div class='ocr_carea' id='block_1_5' title="bbox 157 683 985 780">
    <p class='ocr_par' dir='ltr' id='par_1_5' title="bbox 157 683 985 780">
     <span class='ocr_line' id='line_1_8' title="bbox 211 683 985 722; baseline -0.009 1"><span class='ocrx_word' id='word_1_27' title='bbox 211 687 255 722; x_wconf 88' lang='lat' dir='ltr'>In</span> <span class='ocrx_word' id='word_1_28' title='bbox 284 687 311 722; x_wconf 91' lang='grc' dir='ltr'>Ι.</span> <span class='ocrx_word' id='word_1_29' title='bbox 340 687 541 722; x_wconf 91' lang='lat' dir='ltr'>Nocturno</span> <span class='ocrx_word' id='word_1_30' title='bbox 572 685 778 720; x_wconf 86' lang='lat' dir='ltr'>Lectiones</span> <span class='ocrx_word' id='word_1_31' title='bbox 807 683 854 718; x_wconf 93' lang='lat' dir='ltr'>de</span> <span class='ocrx_word' id='word_1_32' title='bbox 886 683 985 718; x_wconf 90' lang='lat' dir='ltr'>Scri-</span> 
     </span>
     <span class='ocr_line' id='line_1_9' title="bbox 157 737 982 780; baseline -0.004 -9"><span class='ocrx_word' id='word_1_33' title='bbox 157 740 271 780; x_wconf 83' lang='lat' dir='ltr'>ptura</span> <span class='ocrx_word' id='word_1_34' title='bbox 296 739 529 771; x_wconf 89' lang='lat' dir='ltr'>occurrente.</span> <span class='ocrx_word' id='word_1_35' title='bbox 980 737 982 739; x_wconf 74' lang='grc'><strong><em>’</em></strong></span> 
     </span>
    </p>
   </div>
   <div class='ocr_carea' id='block_1_6' title="bbox 195 800 947 958">
    <p class='ocr_par' dir='ltr' id='par_1_6' title="bbox 195 800 947 958">
     <span class='ocr_line' id='line_1_10' title="bbox 392 800 752 841; baseline -0.008 0"><span class='ocrx_word' id='word_1_36' title='bbox 392 801 442 841; x_wconf 94' lang='lat' dir='ltr'>In</span> <span class='ocrx_word' id='word_1_37' title='bbox 459 801 511 840; x_wconf 90' lang='lat'>11.</span> <span class='ocrx_word' id='word_1_38' title='bbox 530 800 752 840; x_wconf 83' lang='lat' dir='ltr'>Nocturno.</span> 
     </span>
     <span class='ocr_line' id='line_1_11' title="bbox 195 858 947 913; baseline -0.005 -9"><span class='ocrx_word' id='word_1_39' title='bbox 195 864 348 906; x_wconf 89' lang='lat' dir='ltr'>Sermo</span> <span class='ocrx_word' id='word_1_40' title='bbox 369 862 508 904; x_wconf 89' lang='lat' dir='ltr'>sancti</span> <span class='ocrx_word' id='word_1_41' title='bbox 526 861 706 903; x_wconf 79' lang='lat' dir='ltr'>Maximi</span> <span class='ocrx_word' id='word_1_42' title='bbox 725 858 947 913; x_wconf 80' lang='lat' dir='ltr'>Episcopi.</span> 
     </span>
     <span class='ocr_line' id='line_1_12' title="bbox 287 921 861 958; baseline -0.007 0"><span class='ocrx_word' id='word_1_43' title='bbox 287 923 460 958; x_wconf 86' lang='lat' dir='ltr'>Homilia</span> <span class='ocrx_word' id='word_1_44' title='bbox 478 923 505 957; x_wconf 93' lang='lat' dir='ltr'>l.</span> <span class='ocrx_word' id='word_1_45' title='bbox 524 922 571 957; x_wconf 88' lang='lat' dir='ltr'>de</span> <span class='ocrx_word' id='word_1_46' title='bbox 589 922 624 958; x_wconf 90' lang='lat' dir='ltr'>S.</span> <span class='ocrx_word' id='word_1_47' title='bbox 641 921 861 957; x_wconf 86' lang='lat' dir='ltr'>Laurentio.</span> 
     </span>
    </p>
   </div>
   <div class='ocr_carea' id='block_1_7' title="bbox 160 480 985 488">
    <p class='ocr_par' dir='ltr' id='par_1_7' title="bbox 160 480 985 488">
     <span class='ocr_line' id='line_1_13' title="bbox 160 480 985 488; baseline 0 0"><span class='ocrx_word' id='word_1_48' title='bbox 160 480 985 488; x_wconf 95' lang='lat' dir='ltr'> </span> 
     </span>
    </p>
   </div>
   <div class='ocr_carea' id='block_1_8' title="bbox 163 984 995 1322">
    <p class='ocr_par' dir='ltr' id='par_1_8' title="bbox 163 984 995 1322">
     <span class='ocr_line' id='line_1_14' title="bbox 460 984 684 1025; baseline -0.009 0"><span class='ocrx_word' id='word_1_49' title='bbox 460 984 612 1025; x_wconf 84' lang='lat' dir='ltr'>Lectio</span> <span class='ocrx_word' id='word_1_50' title='bbox 632 984 684 1023; x_wconf 88' lang='lat' dir='ltr'>iv.</span> 
     </span>
     <span class='ocr_line' id='line_1_15' title="bbox 177 1043 994 1099; baseline -0.006 -11"><span class='ocrx_word' id='word_1_51' title='bbox 177 1049 440 1099; x_wconf 48' lang='lat' dir='ltr'>gajf&#39;iemctum</span> <span class='ocrx_word' id='word_1_52' title='bbox 477 1049 560 1094; x_wconf 87' lang='lat' dir='ltr'>est,</span> <span class='ocrx_word' id='word_1_53' title='bbox 597 1044 772 1093; x_wconf 90' lang='lat' dir='ltr'>fratres,</span> <span class='ocrx_word' id='word_1_54' title='bbox 810 1055 861 1084; x_wconf 89' lang='lat' dir='ltr'>ac</span> <span class='ocrx_word' id='word_1_55' title='bbox 898 1043 994 1084; x_wconf 94' lang='lat' dir='ltr'>Deo</span> 
     </span>
     <span class='ocr_line' id='line_1_16' title="bbox 176 1098 995 1155; baseline -0.007 -9"><span class='ocrx_word' id='word_1_56' title='bbox 176 1101 258 1155; x_wconf 47' lang='lat'>{3³¹</span> <span class='ocrx_word' id='word_1_57' title='bbox 289 1102 516 1155; x_wconf 78' lang='lat' dir='ltr'>placitum,</span> <span class='ocrx_word' id='word_1_58' title='bbox 561 1105 609 1142; x_wconf 91' lang='lat' dir='ltr'>ut</span> <span class='ocrx_word' id='word_1_59' title='bbox 645 1099 837 1142; x_wconf 77' lang='lat' dir='ltr'>natalem</span> <span class='ocrx_word' id='word_1_60' title='bbox 876 1098 995 1141; x_wconf 74' lang='lat' dir='ltr'>beati</span> 
     </span>
     <span class='ocr_line' id='line_1_17' title="bbox 289 1155 994 1210; baseline -0.004 -10.36"><span class='ocrx_word' id='word_1_61' title='bbox 289 1158 514 1200; x_wconf 88' lang='lat' dir='ltr'>Laurentii</span> <span class='ocrx_word' id='word_1_62' title='bbox 542 1160 767 1210; x_wconf 85' lang='lat' dir='ltr'>praecipua</span> <span class='ocrx_word' id='word_1_63' title='bbox 796 1155 994 1198; x_wconf 83' lang='lat' dir='ltr'>devotio-</span> 
     </span>
     <span class='ocr_line' id='line_1_18' title="bbox 163 1213 995 1265; baseline -0.004 -9"><span class='ocrx_word' id='word_1_64' title='bbox 163 1228 218 1258; x_wconf 89' lang='lat' dir='ltr'>ne</span> <span class='ocrx_word' id='word_1_65' title='bbox 254 1217 527 1257; x_wconf 88' lang='lat' dir='ltr'>veneremur:</span> <span class='ocrx_word' id='word_1_66' title='bbox 566 1214 686 1265; x_wconf 88' lang='lat' dir='ltr'>cujus</span> <span class='ocrx_word' id='word_1_67' title='bbox 720 1213 995 1254; x_wconf 78' lang='lat' dir='ltr'>radiantibus</span> 
     </span>
     <span class='ocr_line' id='line_1_19' title="bbox 164 1270 994 1322; baseline -0.004 -9"><span class='ocrx_word' id='word_1_68' title='bbox 164 1272 350 1314; x_wconf 87' lang='lat' dir='ltr'>flammis</span> <span class='ocrx_word' id='word_1_69' title='bbox 391 1271 548 1313; x_wconf 81' lang='lat' dir='ltr'>victrix</span> <span class='ocrx_word' id='word_1_70' title='bbox 583 1270 627 1311; x_wconf 91' lang='lat' dir='ltr'>in</span> <span class='ocrx_word' id='word_1_71' title='bbox 663 1270 778 1311; x_wconf 92' lang='lat' dir='ltr'>hunc</span> <span class='ocrx_word' id='word_1_72' title='bbox 816 1282 994 1322; x_wconf 90' lang='lat' dir='ltr'>quoque</span> 
     </span>
    </p>
   </div>
   <div class='ocr_carea' id='block_1_9' title="bbox 163 1326 998 2404">
    <p class='ocr_par' dir='ltr' id='par_1_9' title="bbox 163 1326 997 2054">
     <span class='ocr_line' id='line_1_20' title="bbox 164 1326 995 1371; baseline -0.005 0"><span class='ocrx_word' id='word_1_73' title='bbox 164 1329 282 1371; x_wconf 91' lang='lat' dir='ltr'>diem</span> <span class='ocrx_word' id='word_1_74' title='bbox 317 1332 414 1370; x_wconf 89' lang='lat' dir='ltr'>toto</span> <span class='ocrx_word' id='word_1_75' title='bbox 453 1327 560 1370; x_wconf 89' lang='lat' dir='ltr'>orbe</span> <span class='ocrx_word' id='word_1_76' title='bbox 596 1326 758 1368; x_wconf 88' lang='lat' dir='ltr'>Christi</span> <span class='ocrx_word' id='word_1_77' title='bbox 792 1329 995 1367; x_wconf 74' lang='lat' dir='ltr'>coruscat</span> 
     </span>
     <span class='ocr_line' id='line_1_21' title="bbox 163 1383 994 1435; baseline -0.002 -9"><span class='ocrx_word' id='word_1_78' title='bbox 163 1385 373 1427; x_wconf 89' lang='lat' dir='ltr'>Ecclesia.</span> <span class='ocrx_word' id='word_1_79' title='bbox 406 1384 491 1434; x_wconf 78' lang='lat' dir='ltr'>Qui</span> <span class='ocrx_word' id='word_1_80' title='bbox 515 1397 615 1426; x_wconf 90' lang='lat' dir='ltr'>cum</span> <span class='ocrx_word' id='word_1_81' title='bbox 636 1384 681 1424; x_wconf 91' lang='lat' dir='ltr'>in</span> <span class='ocrx_word' id='word_1_82' title='bbox 707 1383 814 1425; x_wconf 87' lang='lat' dir='ltr'>sede</span> <span class='ocrx_word' id='word_1_83' title='bbox 836 1383 994 1435; x_wconf 89' lang='lat' dir='ltr'>glorio-</span> 
     </span>
     <span class='ocr_line' id='line_1_22' title="bbox 165 1439 994 1483; baseline -0.002 -1"><span class='ocrx_word' id='word_1_84' title='bbox 165 1441 324 1483; x_wconf 86' lang='lat' dir='ltr'>sissimi</span> <span class='ocrx_word' id='word_1_85' title='bbox 338 1440 607 1482; x_wconf 75' lang='lat' dir='ltr'>Patriarchae</span> <span class='ocrx_word' id='word_1_86' title='bbox 627 1439 884 1482; x_wconf 78' lang='lat' dir='ltr'>diaconatus</span> <span class='ocrx_word' id='word_1_87' title='bbox 904 1439 994 1480; x_wconf 91' lang='lat' dir='ltr'>fun-</span> 
     </span>
     <span class='ocr_line' id='line_1_23' title="bbox 164 1497 994 1550; baseline -0.002 -11"><span class='ocrx_word' id='word_1_88' title='bbox 164 1500 341 1549; x_wconf 88' lang='lat' dir='ltr'>geretur</span> <span class='ocrx_word' id='word_1_89' title='bbox 369 1497 534 1547; x_wconf 86' lang='lat' dir='ltr'>officio,</span> <span class='ocrx_word' id='word_1_90' title='bbox 566 1497 759 1550; x_wconf 80' lang='lat' dir='ltr'>puritate</span> <span class='ocrx_word' id='word_1_91' title='bbox 791 1497 994 1538; x_wconf 90' lang='lat' dir='ltr'>innocen-</span> 
     </span>
     <span class='ocr_line' id='line_1_24' title="bbox 164 1553 995 1606; baseline -0.005 -9"><span class='ocrx_word' id='word_1_92' title='bbox 164 1556 220 1597; x_wconf 92' lang='lat' dir='ltr'>tis</span> <span class='ocrx_word' id='word_1_93' title='bbox 238 1555 353 1604; x_wconf 86' lang='lat' dir='ltr'>vitae,</span> <span class='ocrx_word' id='word_1_94' title='bbox 378 1554 720 1606; x_wconf 71' lang='lat' dir='ltr'>fortissimaeque</span> <span class='ocrx_word' id='word_1_95' title='bbox 743 1553 898 1595; x_wconf 91' lang='lat' dir='ltr'>mortis</span> <span class='ocrx_word' id='word_1_96' title='bbox 922 1553 995 1594; x_wconf 92' lang='lat' dir='ltr'>tri-</span> 
     </span>
     <span class='ocr_line' id='line_1_25' title="bbox 165 1609 994 1664; baseline -0.004 -11"><span class='ocrx_word' id='word_1_97' title='bbox 165 1611 350 1664; x_wconf 80' lang='lat' dir='ltr'>umpho,</span> <span class='ocrx_word' id='word_1_98' title='bbox 391 1610 639 1663; x_wconf 85' lang='lat' dir='ltr'>apostolico</span> <span class='ocrx_word' id='word_1_99' title='bbox 680 1622 728 1651; x_wconf 93' lang='lat' dir='ltr'>se</span> <span class='ocrx_word' id='word_1_100' title='bbox 770 1609 994 1651; x_wconf 82' lang='lat' dir='ltr'>consortio</span> 
     </span>
     <span class='ocr_line' id='line_1_26' title="bbox 165 1666 994 1721; baseline -0.004 -11"><span class='ocrx_word' id='word_1_101' title='bbox 165 1667 399 1721; x_wconf 80' lang='lat' dir='ltr'>copulavit.</span> <span class='ocrx_word' id='word_1_102' title='bbox 433 1667 529 1708; x_wconf 91' lang='lat' dir='ltr'>Nee</span> <span class='ocrx_word' id='word_1_103' title='bbox 554 1667 726 1708; x_wconf 89' lang='lat' dir='ltr'>imerito</span> <span class='ocrx_word' id='word_1_104' title='bbox 752 1679 851 1708; x_wconf 90' lang='lat' dir='ltr'>eum</span> <span class='ocrx_word' id='word_1_105' title='bbox 875 1666 994 1718; x_wconf 91' lang='lat' dir='ltr'>Apo-</span> 
     </span>
     <span class='ocr_line' id='line_1_27' title="bbox 166 1722 996 1792; baseline -0.005 -25"><span class='ocrx_word' id='word_1_106' title='bbox 166 1724 380 1767; x_wconf 85' lang='lat' dir='ltr'>stolorum</span> <span class='ocrx_word' id='word_1_107' title='bbox 415 1726 656 1792; x_wconf 85' lang='lat' dir='ltr'>supparem</span> <span class='ocrx_word' id='word_1_108' title='bbox 690 1722 996 1787; x_wconf 66' lang='lat' dir='ltr'>praedicamus,</span> 
     </span>
     <span class='ocr_line' id='line_1_28' title="bbox 165 1779 996 1822; baseline -0.002 0"><span class='ocrx_word' id='word_1_109' title='bbox 165 1781 236 1822; x_wconf 93' lang='lat' dir='ltr'>cui</span> <span class='ocrx_word' id='word_1_110' title='bbox 260 1785 304 1822; x_wconf 88' lang='lat' dir='ltr'>et</span> <span class='ocrx_word' id='word_1_111' title='bbox 328 1780 507 1822; x_wconf 78' lang='lat' dir='ltr'>castitas</span> <span class='ocrx_word' id='word_1_112' title='bbox 528 1780 659 1821; x_wconf 81' lang='lat' dir='ltr'>animi</span> <span class='ocrx_word' id='word_1_113' title='bbox 677 1779 902 1821; x_wconf 87' lang='lat' dir='ltr'>leviticum</span> <span class='ocrx_word' id='word_1_114' title='bbox 921 1779 996 1820; x_wconf 88' lang='lat' dir='ltr'>mi-</span> 
     </span>
     <span class='ocr_line' id='line_1_29' title="bbox 165 1835 997 1889; baseline -0.004 -10"><span class='ocrx_word' id='word_1_115' title='bbox 165 1837 392 1879; x_wconf 89' lang='lat' dir='ltr'>nisterium</span> <span class='ocrx_word' id='word_1_116' title='bbox 417 1835 550 1886; x_wconf 85' lang='lat' dir='ltr'><strong>dedit,</strong></span> <span class='ocrx_word' id='word_1_117' title='bbox 575 1841 620 1878; x_wconf 91' lang='lat' dir='ltr'>et</span> <span class='ocrx_word' id='word_1_118' title='bbox 642 1835 872 1889; x_wconf 83' lang='lat' dir='ltr'>plenitudo</span> <span class='ocrx_word' id='word_1_119' title='bbox 892 1835 997 1877; x_wconf 90' lang='lat' dir='ltr'>fidei</span> 
     </span>
     <span class='ocr_line' id='line_1_30' title="bbox 165 1869 858 1946; baseline -0.004 -10"><span class='ocrx_word' id='word_1_120' title='bbox 165 1893 362 1946; x_wconf 71' lang='lat' dir='ltr'>martyrii</span> <span class='ocrx_word' id='word_1_121' title='bbox 381 1869 566 1935; x_wconf 72' lang='lat' dir='ltr'>contulit</span> <span class='ocrx_word' id='word_1_122' title='bbox 587 1893 858 1944; x_wconf 79' lang='lat' dir='ltr'>dignitatem.</span> 
     </span>
     <span class='ocr_line' id='line_1_31' title="bbox 215 1949 812 2002; baseline 0 -12"><span class='ocrx_word' id='word_1_123' title='bbox 215 1950 266 2002; x_wconf 72' lang='lat' dir='ltr'>R.</span> <span class='ocrx_word' id='word_1_124' title='bbox 288 1951 386 2000; x_wconf 91' lang='lat' dir='ltr'>Quo</span> <span class='ocrx_word' id='word_1_125' title='bbox 405 1949 698 2002; x_wconf 66' lang='lat' dir='ltr'>progrederis.</span> <span class='ocrx_word' id='word_1_126' title='bbox 717 1951 812 1991; x_wconf 87' lang='grc'><strong>493.</strong></span> 
     </span>
     <span class='ocr_line' id='line_1_32' title="bbox 474 2013 683 2054; baseline -0.01 0"><span class='ocrx_word' id='word_1_127' title='bbox 474 2013 626 2054; x_wconf 86' lang='lat' dir='ltr'>Lectio</span> <span class='ocrx_word' id='word_1_128' title='bbox 646 2027 683 2053; x_wconf 86' lang='lat' dir='ltr'>v.</span> 
     </span>
    </p>

    <p class='ocr_par' dir='ltr' id='par_1_10' title="bbox 253 2070 996 2123">
     <span class='ocr_line' id='line_1_33' title="bbox 253 2070 996 2123; baseline -0.001 -11"><span class='ocrx_word' id='word_1_129' title='bbox 253 2083 354 2117; x_wconf 89' lang='lat' dir='ltr'>uem</span> <span class='ocrx_word' id='word_1_130' title='bbox 389 2070 652 2113; x_wconf 80' lang='lat' dir='ltr'>venerabilis</span> <span class='ocrx_word' id='word_1_131' title='bbox 685 2071 873 2123; x_wconf 89' lang='lat' dir='ltr'>Xystus,</span> <span class='ocrx_word' id='word_1_132' title='bbox 909 2071 996 2111; x_wconf 84' lang='lat' dir='ltr'>Ro-</span> 
     </span>
    </p>

    <p class='ocr_par' dir='ltr' id='par_1_11' title="bbox 168 2126 998 2404">
     <span class='ocr_line' id='line_1_34' title="bbox 271 2126 997 2176; baseline -0.001 -8"><span class='ocrx_word' id='word_1_133' title='bbox 271 2129 413 2168; x_wconf 68' lang='lat' dir='ltr'>mimae</span> <span class='ocrx_word' id='word_1_134' title='bbox 432 2126 553 2169; x_wconf 91' lang='lat' dir='ltr'>urbis</span> <span class='ocrx_word' id='word_1_135' title='bbox 572 2127 781 2176; x_wconf 89' lang='lat' dir='ltr'>Antistes‚</span> <span class='ocrx_word' id='word_1_136' title='bbox 805 2140 904 2169; x_wconf 92' lang='lat' dir='ltr'>cum</span> <span class='ocrx_word' id='word_1_137' title='bbox 922 2126 997 2167; x_wconf 90' lang='lat' dir='ltr'>im-</span> 
     </span>
     <span class='ocr_line' id='line_1_35' title="bbox 168 2182 997 2236; baseline -0.001 -12"><span class='ocrx_word' id='word_1_138' title='bbox 168 2182 379 2235; x_wconf 82' lang='lat' dir='ltr'>pietatem</span> <span class='ocrx_word' id='word_1_139' title='bbox 397 2184 620 2225; x_wconf 76' lang='lat' dir='ltr'>saevientis</span> <span class='ocrx_word' id='word_1_140' title='bbox 643 2182 794 2225; x_wconf 92' lang='lat' dir='ltr'>mundi</span> <span class='ocrx_word' id='word_1_141' title='bbox 814 2195 894 2236; x_wconf 90' lang='lat' dir='ltr'>per</span> <span class='ocrx_word' id='word_1_142' title='bbox 912 2187 997 2224; x_wconf 90' lang='lat' dir='ltr'>tor-</span> 
     </span>
     <span class='ocr_line' id='line_1_36' title="bbox 169 2240 998 2292; baseline 0 -12"><span class='ocrx_word' id='word_1_143' title='bbox 169 2241 317 2281; x_wconf 93' lang='lat' dir='ltr'>menta</span> <span class='ocrx_word' id='word_1_144' title='bbox 350 2242 595 2292; x_wconf 73' lang='lat' dir='ltr'>superaret,</span> <span class='ocrx_word' id='word_1_145' title='bbox 630 2245 674 2282; x_wconf 92' lang='lat' dir='ltr'>et</span> <span class='ocrx_word' id='word_1_146' title='bbox 707 2240 852 2290; x_wconf 89' lang='lat' dir='ltr'>regnis</span> <span class='ocrx_word' id='word_1_147' title='bbox 882 2244 998 2281; x_wconf 89' lang='lat' dir='ltr'>esset</span> 
     </span>
     <span class='ocr_line' id='line_1_37' title="bbox 170 2295 998 2348; baseline 0 -12"><span class='ocrx_word' id='word_1_148' title='bbox 170 2295 424 2338; x_wconf 87' lang='lat' dir='ltr'>coelestibus</span> <span class='ocrx_word' id='word_1_149' title='bbox 443 2297 528 2348; x_wconf 83' lang='lat' dir='ltr'>iam</span> <span class='ocrx_word' id='word_1_150' title='bbox 542 2296 722 2346; x_wconf 88' lang='lat' dir='ltr'>vicinus,</span> <span class='ocrx_word' id='word_1_151' title='bbox 741 2295 998 2347; x_wconf 89' lang='lat' dir='ltr'>videretque</span> 
     </span>
     <span class='ocr_line' id='line_1_38' title="bbox 171 2351 997 2404; baseline -0.001 -11"><span class='ocrx_word' id='word_1_152' title='bbox 171 2364 270 2393; x_wconf 93' lang='lat' dir='ltr'>eum</span> <span class='ocrx_word' id='word_1_153' title='bbox 307 2353 491 2404; x_wconf 88' lang='lat' dir='ltr'>patema</span> <span class='ocrx_word' id='word_1_154' title='bbox 526 2351 581 2394; x_wconf 91' lang='lat' dir='ltr'>de</span> <span class='ocrx_word' id='word_1_155' title='bbox 625 2357 768 2394; x_wconf 88' lang='lat' dir='ltr'>morte</span> <span class='ocrx_word' id='word_1_156' title='bbox 804 2352 997 2394; x_wconf 88' lang='lat' dir='ltr'>tristissi-</span> 
     </span>
    </p>
   </div>
   <div class='ocr_carea' id='block_1_10' title="bbox 169 2407 1170 2466">
    <p class='ocr_par' dir='ltr' id='par_1_12' title="bbox 169 2404 1170 2466">
     <span class='ocr_line' id='line_1_39' title="bbox 169 2407 1170 2466; baseline -0.001 -17"><span class='ocrx_word' id='word_1_157' title='bbox 169 2421 300 2458; x_wconf 91' lang='lat' dir='ltr'>mum,</span> <span class='ocrx_word' id='word_1_158' title='bbox 319 2408 380 2450; x_wconf 88' lang='lat' dir='ltr'>ita</span> <span class='ocrx_word' id='word_1_159' title='bbox 399 2407 521 2449; x_wconf 90' lang='lat' dir='ltr'>illum</span> <span class='ocrx_word' id='word_1_160' title='bbox 536 2409 693 2461; x_wconf 90' lang='lat' dir='ltr'>spiritu</span> <span class='ocrx_word' id='word_1_161' title='bbox 706 2409 997 2461; x_wconf 88' lang='lat' dir='ltr'>praescientiae</span> <span class='ocrx_word' id='word_1_162' title='bbox 1127 2424 1170 2466; x_wconf 49' lang='grc' dir='ltr'><strong><em>ς</em></strong></span> 
     </span>
    </p>
   </div>
   <div class='ocr_carea' id='block_1_11' title="bbox 170 2464 999 2799">
    <p class='ocr_par' dir='ltr' id='par_1_13' title="bbox 170 2464 999 2740">
     <span class='ocr_line' id='line_1_40' title="bbox 171 2464 998 2518; baseline -0.001 -12"><span class='ocrx_word' id='word_1_163' title='bbox 171 2464 462 2518; x_wconf 65' lang='lat' dir='ltr'>compellasse</span> <span class='ocrx_word' id='word_1_164' title='bbox 474 2466 689 2506; x_wconf 78' lang='lat' dir='ltr'>narratur:</span> <span class='ocrx_word' id='word_1_165' title='bbox 702 2465 807 2506; x_wconf 91' lang='lat' dir='ltr'>Noli</span> <span class='ocrx_word' id='word_1_166' title='bbox 822 2464 883 2505; x_wconf 90' lang='lat' dir='ltr'>fili</span> <span class='ocrx_word' id='word_1_167' title='bbox 893 2478 998 2506; x_wconf 90' lang='lat' dir='ltr'>moe-</span> 
     </span>
     <span class='ocr_line' id='line_1_41' title="bbox 170 2520 999 2573; baseline 0 -11"><span class='ocrx_word' id='word_1_168' title='bbox 170 2526 264 2563; x_wconf 88' lang='lat' dir='ltr'>stus</span> <span class='ocrx_word' id='word_1_169' title='bbox 285 2534 397 2562; x_wconf 89' lang='lat' dir='ltr'>esse:</span> <span class='ocrx_word' id='word_1_170' title='bbox 422 2526 526 2573; x_wconf 91' lang='lat' dir='ltr'>post</span> <span class='ocrx_word' id='word_1_171' title='bbox 545 2520 738 2563; x_wconf 84' lang='lat' dir='ltr'>triduum</span> <span class='ocrx_word' id='word_1_172' title='bbox 756 2534 827 2563; x_wconf 92' lang='lat' dir='ltr'>me</span> <span class='ocrx_word' id='word_1_173' title='bbox 847 2523 999 2572; x_wconf 87' lang='lat' dir='ltr'>seque-</span> 
     </span>
     <span class='ocr_line' id='line_1_42' title="bbox 170 2576 999 2630; baseline 0.001 -12"><span class='ocrx_word' id='word_1_174' title='bbox 170 2578 240 2619; x_wconf 92' lang='lat' dir='ltr'>ris.</span> <span class='ocrx_word' id='word_1_175' title='bbox 276 2576 402 2619; x_wconf 91' lang='lat' dir='ltr'>Unde</span> <span class='ocrx_word' id='word_1_176' title='bbox 429 2579 625 2630; x_wconf 81' lang='lat' dir='ltr'>apparet,</span> <span class='ocrx_word' id='word_1_177' title='bbox 650 2578 874 2627; x_wconf 84' lang='lat' dir='ltr'>carissimi,</span> <span class='ocrx_word' id='word_1_178' title='bbox 900 2577 999 2619; x_wconf 77' lang='lat' dir='ltr'>bea-</span> 
     </span>
     <span class='ocr_line' id='line_1_43' title="bbox 170 2633 999 2675; baseline -0.001 0"><span class='ocrx_word' id='word_1_179' title='bbox 170 2639 264 2675; x_wconf 88' lang='lat' dir='ltr'>tum</span> <span class='ocrx_word' id='word_1_180' title='bbox 277 2634 560 2675; x_wconf 81' lang='lat' dir='ltr'>Laurentium</span> <span class='ocrx_word' id='word_1_181' title='bbox 578 2646 667 2674; x_wconf 92' lang='lat' dir='ltr'>non</span> <span class='ocrx_word' id='word_1_182' title='bbox 686 2633 742 2675; x_wconf 92' lang='lat' dir='ltr'>de</span> <span class='ocrx_word' id='word_1_183' title='bbox 756 2633 999 2675; x_wconf 80' lang='lat' dir='ltr'>sacerdetis</span> 
     </span>
     <span class='ocr_line' id='line_1_44' title="bbox 173 2689 999 2740; baseline 0.001 -10"><span class='ocrx_word' id='word_1_184' title='bbox 173 2690 239 2730; x_wconf 92' lang='lat' dir='ltr'>sui</span> <span class='ocrx_word' id='word_1_185' title='bbox 253 2690 438 2731; x_wconf 85' lang='lat' dir='ltr'>victoria</span> <span class='ocrx_word' id='word_1_186' title='bbox 452 2689 658 2731; x_wconf 86' lang='lat' dir='ltr'>habuisse</span> <span class='ocrx_word' id='word_1_187' title='bbox 673 2690 906 2740; x_wconf 85' lang='lat' dir='ltr'>tristitiam,</span> <span class='ocrx_word' id='word_1_188' title='bbox 920 2689 999 2732; x_wconf 90' lang='lat' dir='ltr'>sed</span> 
     </span>
    </p>

    <p class='ocr_par' dir='ltr' id='par_1_14' title="bbox 173 2745 998 2799">
     <span class='ocr_line' id='line_1_45' title="bbox 173 2745 998 2799; baseline -0.001 -11"><span class='ocrx_word' id='word_1_189' title='bbox 173 2745 377 2796; x_wconf 85' lang='lat' dir='ltr'>doluisse,</span> <span class='ocrx_word' id='word_1_190' title='bbox 398 2746 500 2798; x_wconf 89' lang='lat' dir='ltr'>quia</span> <span class='ocrx_word' id='word_1_191' title='bbox 519 2758 607 2786; x_wconf 92' lang='lat' dir='ltr'>non</span> <span class='ocrx_word' id='word_1_192' title='bbox 622 2746 754 2788; x_wconf 89' lang='lat' dir='ltr'>etiam</span> <span class='ocrx_word' id='word_1_193' title='bbox 768 2746 864 2799; x_wconf 91' lang='lat' dir='ltr'>ipse</span> <span class='ocrx_word' id='word_1_194' title='bbox 880 2759 998 2787; x_wconf 91' lang='lat' dir='ltr'>mun-</span> 
     </span>
    </p>
   </div>
   <div class='ocr_carea' id='block_1_12' title="bbox 329 2885 516 2910">
    <p class='ocr_par' dir='ltr' id='par_1_15' title="bbox 329 2885 516 2910">
     <span class='ocr_line' id='line_1_46' title="bbox 329 2885 516 2910; baseline 0 0"><span class='ocrx_word' id='word_1_195' title='bbox 329 2885 393 2910; x_wconf 73' lang='lat' dir='ltr'>Pnrs</span> <span class='ocrx_word' id='word_1_196' title='bbox 409 2886 516 2910; x_wconf 81' lang='lat' dir='ltr'>AEstiva.</span> 
     </span>
    </p>
   </div>
   <div class='ocr_carea' id='block_1_13' title="bbox 1048 2351 1181 2494">
    <p class='ocr_par' dir='ltr' id='par_1_16' title="bbox 1048 2351 1181 2494">
     <span class='ocr_line' id='line_1_47' title="bbox 1048 2351 1181 2494; baseline 0 482"><span class='ocrx_word' id='word_1_197' title='bbox 1048 2351 1181 2494; x_wconf 95' lang='lat' dir='ltr'> </span> 
     </span>
    </p>
   </div>
   <div class='ocr_carea' id='block_1_14' title="bbox 830 210 1582 255">
    <p class='ocr_par' dir='ltr' id='par_1_17' title="bbox 830 210 1582 255">
     <span class='ocr_line' id='line_1_48' title="bbox 830 210 1582 255; baseline -0.008 -6"><span class='ocrx_word' id='word_1_198' title='bbox 830 214 971 255; x_wconf 89' lang='lat' dir='ltr'>Quinta</span> <span class='ocrx_word' id='word_1_199' title='bbox 997 213 1059 247; x_wconf 91' lang='lat' dir='ltr'>die</span> <span class='ocrx_word' id='word_1_200' title='bbox 1084 212 1183 247; x_wconf 86' lang='lat' dir='ltr'>infra</span> <span class='ocrx_word' id='word_1_201' title='bbox 1209 212 1289 246; x_wconf 90' lang='lat' dir='ltr'>Oct.</span> <span class='ocrx_word' id='word_1_202' title='bbox 1315 212 1349 246; x_wconf 88' lang='lat' dir='ltr'>S.</span> <span class='ocrx_word' id='word_1_203' title='bbox 1375 210 1582 245; x_wconf 84' lang='lat' dir='ltr'>Laurentii.</span> 
     </span>
    </p>
   </div>
   <div class='ocr_carea' id='block_1_15' title="bbox 1042 306 1882 1622">
    <p class='ocr_par' dir='ltr' id='par_1_18' title="bbox 1042 306 1882 1622">
     <span class='ocr_line' id='line_1_49' title="bbox 1042 306 1874 360; baseline 0 -12"><span class='ocrx_word' id='word_1_204' title='bbox 1042 306 1146 348; x_wconf 92' lang='lat' dir='ltr'>dum</span> <span class='ocrx_word' id='word_1_205' title='bbox 1184 319 1284 348; x_wconf 91' lang='lat' dir='ltr'>cum</span> <span class='ocrx_word' id='word_1_206' title='bbox 1321 320 1401 349; x_wconf 90' lang='lat' dir='ltr'>suo</span> <span class='ocrx_word' id='word_1_207' title='bbox 1438 308 1605 360; x_wconf 78' lang='lat' dir='ltr'>pariter</span> <span class='ocrx_word' id='word_1_208' title='bbox 1642 306 1874 348; x_wconf 83' lang='lat' dir='ltr'>sacerdote</span> 
     </span>
     <span class='ocr_line' id='line_1_50' title="bbox 1042 363 1875 416; baseline 0 -12"><span class='ocrx_word' id='word_1_209' title='bbox 1042 363 1256 405; x_wconf 87' lang='lat' dir='ltr'>vincebat.</span> <span class='ocrx_word' id='word_1_210' title='bbox 1289 363 1404 414; x_wconf 91' lang='lat' dir='ltr'>Noli,</span> <span class='ocrx_word' id='word_1_211' title='bbox 1429 364 1582 416; x_wconf 88' lang='lat' dir='ltr'>inquit,</span> <span class='ocrx_word' id='word_1_212' title='bbox 1606 364 1668 404; x_wconf 92' lang='lat' dir='ltr'>fili</span> <span class='ocrx_word' id='word_1_213' title='bbox 1689 368 1875 405; x_wconf 89' lang='lat' dir='ltr'>moestus</span> 
     </span>
     <span class='ocr_line' id='line_1_51' title="bbox 1043 420 1876 473; baseline -0.002 -11"><span class='ocrx_word' id='word_1_214' title='bbox 1043 433 1156 462; x_wconf 88' lang='lat' dir='ltr'>esse:</span> <span class='ocrx_word' id='word_1_215' title='bbox 1193 425 1296 473; x_wconf 91' lang='lat' dir='ltr'>post</span> <span class='ocrx_word' id='word_1_216' title='bbox 1333 420 1527 462; x_wconf 87' lang='lat' dir='ltr'>triduum</span> <span class='ocrx_word' id='word_1_217' title='bbox 1563 434 1633 462; x_wconf 92' lang='lat' dir='ltr'>me</span> <span class='ocrx_word' id='word_1_218' title='bbox 1667 420 1876 472; x_wconf 88' lang='lat' dir='ltr'>sequeris.</span> 
     </span>
     <span class='ocr_line' id='line_1_52' title="bbox 1042 477 1878 527; baseline 0.001 -10"><span class='ocrx_word' id='word_1_219' title='bbox 1042 477 1143 518; x_wconf 91' lang='lat' dir='ltr'>Hoc</span> <span class='ocrx_word' id='word_1_220' title='bbox 1176 482 1260 527; x_wconf 89' lang='lat' dir='ltr'>est,</span> <span class='ocrx_word' id='word_1_221' title='bbox 1294 477 1398 519; x_wconf 94' lang='lat' dir='ltr'>Noli</span> <span class='ocrx_word' id='word_1_222' title='bbox 1434 477 1572 519; x_wconf 91' lang='lat' dir='ltr'>tristis</span> <span class='ocrx_word' id='word_1_223' title='bbox 1607 490 1720 527; x_wconf 88' lang='lat' dir='ltr'>esse,</span> <span class='ocrx_word' id='word_1_224' title='bbox 1758 477 1878 519; x_wconf 90' lang='lat' dir='ltr'>velut</span> 
     </span>
     <span class='ocr_line' id='line_1_53' title="bbox 1044 533 1877 586; baseline 0 -11"><span class='ocrx_word' id='word_1_225' title='bbox 1044 533 1164 586; x_wconf 88' lang='lat' dir='ltr'>apud</span> <span class='ocrx_word' id='word_1_226' title='bbox 1180 534 1392 576; x_wconf 73' lang='lat' dir='ltr'>saeculum</span> <span class='ocrx_word' id='word_1_227' title='bbox 1408 533 1658 576; x_wconf 89' lang='lat' dir='ltr'>derelictus:</span> <span class='ocrx_word' id='word_1_228' title='bbox 1679 548 1780 576; x_wconf 88' lang='lat' dir='ltr'>nam</span> <span class='ocrx_word' id='word_1_229' title='bbox 1796 547 1877 575; x_wconf 92' lang='lat' dir='ltr'>nec</span> 
     </span>
     <span class='ocr_line' id='line_1_54' title="bbox 1045 589 1877 644; baseline -0.001 -12"><span class='ocrx_word' id='word_1_230' title='bbox 1045 595 1088 632; x_wconf 94' lang='lat' dir='ltr'>te</span> <span class='ocrx_word' id='word_1_231' title='bbox 1108 589 1219 632; x_wconf 89' lang='lat' dir='ltr'>fides</span> <span class='ocrx_word' id='word_1_232' title='bbox 1239 593 1416 644; x_wconf 88' lang='lat' dir='ltr'>vitaque</span> <span class='ocrx_word' id='word_1_233' title='bbox 1439 596 1515 633; x_wconf 94' lang='lat' dir='ltr'>tua</span> <span class='ocrx_word' id='word_1_234' title='bbox 1533 591 1610 633; x_wconf 85' lang='lat' dir='ltr'>tali</span> <span class='ocrx_word' id='word_1_235' title='bbox 1629 596 1773 633; x_wconf 83' lang='lat' dir='ltr'>morte</span> <span class='ocrx_word' id='word_1_236' title='bbox 1793 590 1877 643; x_wconf 93' lang='lat' dir='ltr'>pri-</span> 
     </span>
     <span class='ocr_line' id='line_1_55' title="bbox 1044 647 1176 689; baseline -0.008 0"><span class='ocrx_word' id='word_1_237' title='bbox 1044 647 1176 689; x_wconf 74' lang='lat' dir='ltr'>vabit.</span> 
     </span>
     <span class='ocr_line' id='line_1_56' title="bbox 1096 704 1812 758; baseline -0.001 -13"><span class='ocrx_word' id='word_1_238' title='bbox 1096 707 1146 758; x_wconf 64' lang='lat' dir='ltr'>R.</span> <span class='ocrx_word' id='word_1_239' title='bbox 1165 704 1269 746; x_wconf 90' lang='lat' dir='ltr'>Noli</span> <span class='ocrx_word' id='word_1_240' title='bbox 1288 717 1359 746; x_wconf 92' lang='lat' dir='ltr'>me</span> <span class='ocrx_word' id='word_1_241' title='bbox 1381 704 1697 756; x_wconf 90' lang='lat' dir='ltr'>derelinquere.</span> <span class='ocrx_word' id='word_1_242' title='bbox 1716 705 1812 745; x_wconf 89' lang='grc'><strong>494.</strong></span> 
     </span>
     <span class='ocr_line' id='line_1_57' title="bbox 1347 769 1571 811; baseline -0.009 -2"><span class='ocrx_word' id='word_1_243' title='bbox 1347 769 1498 811; x_wconf 93' lang='lat' dir='ltr'>Lectio</span> <span class='ocrx_word' id='word_1_244' title='bbox 1520 769 1571 809; x_wconf 87' lang='lat' dir='ltr'>vi.</span> 
     </span>
     <span class='ocr_line' id='line_1_58' title="bbox 1044 823 1879 929; baseline -0.002 -60"><span class='ocrx_word' id='word_1_245' title='bbox 1044 823 1206 929; x_wconf 84' lang='lat' dir='ltr'>Ergo</span> <span class='ocrx_word' id='word_1_246' title='bbox 1230 832 1278 869; x_wconf 95' lang='lat' dir='ltr'>ut</span> <span class='ocrx_word' id='word_1_247' title='bbox 1303 827 1519 880; x_wconf 84' lang='lat' dir='ltr'>comperit</span> <span class='ocrx_word' id='word_1_248' title='bbox 1539 839 1614 869; x_wconf 88' lang='lat' dir='ltr'>ore</span> <span class='ocrx_word' id='word_1_249' title='bbox 1635 826 1879 869; x_wconf 70' lang='lat' dir='ltr'>sacerdOtis</span> 
     </span>
     <span class='ocr_line' id='line_1_59' title="bbox 1151 884 1879 937; baseline -0.003 -11"><span class='ocrx_word' id='word_1_250' title='bbox 1151 890 1194 926; x_wconf 91' lang='lat' dir='ltr'>et</span> <span class='ocrx_word' id='word_1_251' title='bbox 1217 884 1437 937; x_wconf 75' lang='lat' dir='ltr'>martyris,</span> <span class='ocrx_word' id='word_1_252' title='bbox 1465 897 1513 926; x_wconf 92' lang='lat' dir='ltr'>se</span> <span class='ocrx_word' id='word_1_253' title='bbox 1539 896 1719 937; x_wconf 92' lang='lat' dir='ltr'>quoque</span> <span class='ocrx_word' id='word_1_254' title='bbox 1745 885 1879 925; x_wconf 87' lang='lat' dir='ltr'>omni-</span> 
     </span>
     <span class='ocr_line' id='line_1_60' title="bbox 1047 941 1880 992; baseline -0.001 -10"><span class='ocrx_word' id='word_1_255' title='bbox 1047 941 1192 984; x_wconf 92' lang='lat' dir='ltr'>modis</span> <span class='ocrx_word' id='word_1_256' title='bbox 1230 941 1555 991; x_wconf 87' lang='lat' dir='ltr'>assumendum,</span> <span class='ocrx_word' id='word_1_257' title='bbox 1602 941 1880 992; x_wconf 83' lang='lat' dir='ltr'>congregatis</span> 
     </span>
     <span class='ocr_line' id='line_1_61' title="bbox 1048 998 1879 1051; baseline -0.001 -12"><span class='ocrx_word' id='word_1_258' title='bbox 1048 1001 1230 1051; x_wconf 91' lang='lat' dir='ltr'>inopum</span> <span class='ocrx_word' id='word_1_259' title='bbox 1244 998 1396 1047; x_wconf 91' lang='lat' dir='ltr'>turbis,</span> <span class='ocrx_word' id='word_1_260' title='bbox 1417 998 1764 1040; x_wconf 76' lang='lat' dir='ltr'>ecclesiasticum</span> <span class='ocrx_word' id='word_1_261' title='bbox 1784 1010 1879 1039; x_wconf 93' lang='lat' dir='ltr'>cen-</span> 
     </span>
     <span class='ocr_line' id='line_1_62' title="bbox 1048 1054 1881 1106; baseline -0.001 -10"><span class='ocrx_word' id='word_1_262' title='bbox 1048 1069 1145 1097; x_wconf 93' lang='lat' dir='ltr'>sum</span> <span class='ocrx_word' id='word_1_263' title='bbox 1180 1055 1387 1106; x_wconf 83' lang='lat' dir='ltr'>religiosa</span> <span class='ocrx_word' id='word_1_264' title='bbox 1422 1054 1684 1097; x_wconf 82' lang='lat' dir='ltr'>liberalitate</span> <span class='ocrx_word' id='word_1_265' title='bbox 1722 1054 1881 1096; x_wconf 90' lang='lat' dir='ltr'>divisit.</span> 
     </span>
     <span class='ocr_line' id='line_1_63' title="bbox 1049 1111 1882 1164; baseline -0.002 -10"><span class='ocrx_word' id='word_1_266' title='bbox 1049 1113 1190 1163; x_wconf 91' lang='lat' dir='ltr'>Quam</span> <span class='ocrx_word' id='word_1_267' title='bbox 1208 1111 1478 1164; x_wconf 79' lang='lat' dir='ltr'>profundum</span> <span class='ocrx_word' id='word_1_268' title='bbox 1497 1111 1707 1164; x_wconf 78' lang='lat' dir='ltr'>spiritalis</span> <span class='ocrx_word' id='word_1_269' title='bbox 1726 1112 1819 1159; x_wconf 88' lang='lat' dir='ltr'>viri,</span> <span class='ocrx_word' id='word_1_270' title='bbox 1840 1117 1882 1152; x_wconf 93' lang='lat' dir='ltr'>et</span> 
     </span>
     <span class='ocr_line' id='line_1_64' title="bbox 1050 1169 1881 1221; baseline 0 -11"><span class='ocrx_word' id='word_1_271' title='bbox 1050 1182 1182 1221; x_wconf 83' lang='lat' dir='ltr'>quam</span> <span class='ocrx_word' id='word_1_272' title='bbox 1198 1169 1378 1211; x_wconf 88' lang='lat' dir='ltr'>coeleste</span> <span class='ocrx_word' id='word_1_273' title='bbox 1395 1169 1638 1218; x_wconf 83' lang='lat' dir='ltr'>consilium,</span> <span class='ocrx_word' id='word_1_274' title='bbox 1657 1174 1706 1210; x_wconf 92' lang='lat' dir='ltr'>ut</span> <span class='ocrx_word' id='word_1_275' title='bbox 1722 1173 1765 1210; x_wconf 89' lang='lat' dir='ltr'>et</span> <span class='ocrx_word' id='word_1_276' title='bbox 1785 1170 1881 1220; x_wconf 85' lang='lat' dir='ltr'>ege-</span> 
     </span>
     <span class='ocr_line' id='line_1_65' title="bbox 1048 1224 1881 1275; baseline -0.001 -9"><span class='ocrx_word' id='word_1_277' title='bbox 1048 1226 1115 1266; x_wconf 93' lang='lat' dir='ltr'>nis</span> <span class='ocrx_word' id='word_1_278' title='bbox 1134 1225 1395 1275; x_wconf 82' lang='lat' dir='ltr'>consuleret,</span> <span class='ocrx_word' id='word_1_279' title='bbox 1420 1231 1463 1267; x_wconf 93' lang='lat' dir='ltr'>et</span> <span class='ocrx_word' id='word_1_280' title='bbox 1482 1224 1761 1267; x_wconf 82' lang='lat' dir='ltr'>multitudine</span> <span class='ocrx_word' id='word_1_281' title='bbox 1782 1237 1881 1266; x_wconf 92' lang='lat' dir='ltr'>con-</span> 
     </span>
     <span class='ocr_line' id='line_1_66' title="bbox 1049 1281 1882 1334; baseline -0.002 -10"><span class='ocrx_word' id='word_1_282' title='bbox 1049 1284 1248 1324; x_wconf 81' lang='lat' dir='ltr'>sumente</span> <span class='ocrx_word' id='word_1_283' title='bbox 1265 1295 1364 1334; x_wconf 82' lang='lat' dir='ltr'>quae</span> <span class='ocrx_word' id='word_1_284' title='bbox 1383 1281 1575 1333; x_wconf 89' lang='lat' dir='ltr'>dederat,</span> <span class='ocrx_word' id='word_1_285' title='bbox 1594 1282 1777 1323; x_wconf 90' lang='lat' dir='ltr'>inveniri</span> <span class='ocrx_word' id='word_1_286' title='bbox 1794 1295 1882 1323; x_wconf 95' lang='lat' dir='ltr'>non</span> 
     </span>
     <span class='ocr_line' id='line_1_67' title="bbox 1049 1339 1881 1392; baseline -0.001 -12"><span class='ocrx_word' id='word_1_287' title='bbox 1049 1339 1207 1392; x_wconf 90' lang='lat' dir='ltr'>possit,</span> <span class='ocrx_word' id='word_1_288' title='bbox 1245 1339 1366 1391; x_wconf 90' lang='lat' dir='ltr'>quod</span> <span class='ocrx_word' id='word_1_289' title='bbox 1401 1341 1578 1392; x_wconf 78' lang='lat' dir='ltr'>raperet</span> <span class='ocrx_word' id='word_1_290' title='bbox 1606 1341 1881 1392; x_wconf 82' lang='lat' dir='ltr'>persecutor:</span> 
     </span>
     <span class='ocr_line' id='line_1_68' title="bbox 1048 1395 1882 1438; baseline -0.002 -1"><span class='ocrx_word' id='word_1_291' title='bbox 1048 1396 1167 1437; x_wconf 87' lang='lat' dir='ltr'>illam</span> <span class='ocrx_word' id='word_1_292' title='bbox 1186 1397 1390 1437; x_wconf 89' lang='lat' dir='ltr'>nimirum</span> <span class='ocrx_word' id='word_1_293' title='bbox 1411 1400 1587 1438; x_wconf 85' lang='lat' dir='ltr'>secutus</span> <span class='ocrx_word' id='word_1_294' title='bbox 1607 1395 1882 1437; x_wconf 85' lang='lat' dir='ltr'>sententiam:</span> 
     </span>
     <span class='ocr_line' id='line_1_69' title="bbox 1048 1452 1881 1506; baseline -0.002 -12"><span class='ocrx_word' id='word_1_295' title='bbox 1048 1453 1281 1506; x_wconf 90' lang='lat' dir='ltr'>Dispersit‚</span> <span class='ocrx_word' id='word_1_296' title='bbox 1308 1452 1431 1494; x_wconf 89' lang='lat' dir='ltr'>dedit</span> <span class='ocrx_word' id='word_1_297' title='bbox 1454 1452 1743 1505; x_wconf 89' lang='lat' dir='ltr'>pauperibus;</span> <span class='ocrx_word' id='word_1_298' title='bbox 1766 1453 1881 1503; x_wconf 88' lang='lat' dir='ltr'>justi-</span> 
     </span>
     <span class='ocr_line' id='line_1_70' title="bbox 1048 1510 1691 1562; baseline -0.003 -10"><span class='ocrx_word' id='word_1_299' title='bbox 1048 1510 1109 1552; x_wconf 87' lang='lat' dir='ltr'>tia</span> <span class='ocrx_word' id='word_1_300' title='bbox 1128 1511 1218 1562; x_wconf 90' lang='lat' dir='ltr'>ejus</span> <span class='ocrx_word' id='word_1_301' title='bbox 1238 1514 1385 1552; x_wconf 89' lang='lat' dir='ltr'>manet</span> <span class='ocrx_word' id='word_1_302' title='bbox 1405 1510 1449 1550; x_wconf 91' lang='lat' dir='ltr'>in</span> <span class='ocrx_word' id='word_1_303' title='bbox 1469 1512 1691 1552; x_wconf 89' lang='lat' dir='ltr'>aeternum.</span> 
     </span>
     <span class='ocr_line' id='line_1_71' title="bbox 1100 1571 1742 1622; baseline 0.003 -13"><span class='ocrx_word' id='word_1_304' title='bbox 1100 1571 1150 1622; x_wconf 64' lang='lat' dir='ltr'>R.</span> <span class='ocrx_word' id='word_1_305' title='bbox 1170 1571 1333 1612; x_wconf 79' lang='lat' dir='ltr'>Beatus</span> <span class='ocrx_word' id='word_1_306' title='bbox 1352 1571 1625 1613; x_wconf 88' lang='lat' dir='ltr'>Laurentius.</span> <span class='ocrx_word' id='word_1_307' title='bbox 1645 1572 1742 1612; x_wconf 88' lang='lat'>494.</span> 
     </span>
    </p>
   </div>
   <div class='ocr_carea' id='block_1_16' title="bbox 1270 1642 1653 1683">
    <p class='ocr_par' dir='ltr' id='par_1_19' title="bbox 1270 1642 1653 1683">
     <span class='ocr_line' id='line_1_72' title="bbox 1270 1642 1653 1683; baseline -0.01 0"><span class='ocrx_word' id='word_1_308' title='bbox 1270 1645 1319 1683; x_wconf 92' lang='lat' dir='ltr'>In</span> <span class='ocrx_word' id='word_1_309' title='bbox 1338 1644 1409 1682; x_wconf 93' lang='lat' dir='ltr'>III.</span> <span class='ocrx_word' id='word_1_310' title='bbox 1430 1642 1653 1682; x_wconf 82' lang='lat' dir='ltr'>Nocturno.</span> 
     </span>
    </p>
   </div>
   <div class='ocr_carea' id='block_1_17' title="bbox 1047 1706 1883 1872">
    <p class='ocr_par' dir='ltr' id='par_1_20' title="bbox 1047 1706 1883 1872">
     <span class='ocr_line' id='line_1_73' title="bbox 1047 1706 1883 1758; baseline 0.002 -13"><span class='ocrx_word' id='word_1_311' title='bbox 1047 1706 1202 1749; x_wconf 90' lang='lat' dir='ltr'>Lectio</span> <span class='ocrx_word' id='word_1_312' title='bbox 1229 1708 1369 1749; x_wconf 91' lang='lat' dir='ltr'>sancti</span> <span class='ocrx_word' id='word_1_313' title='bbox 1387 1706 1614 1758; x_wconf 87' lang='lat' dir='ltr'>Evangelii</span> <span class='ocrx_word' id='word_1_314' title='bbox 1639 1706 1883 1748; x_wconf 84' lang='lat' dir='ltr'>secundum</span> 
     </span>
     <span class='ocr_line' id='line_1_74' title="bbox 1352 1765 1578 1806; baseline -0.004 -1"><span class='ocrx_word' id='word_1_315' title='bbox 1352 1765 1578 1806; x_wconf 74' lang='lat' dir='ltr'>Ioannem.</span> 
     </span>
     <span class='ocr_line' id='line_1_75' title="bbox 1125 1818 1801 1872; baseline -0.009 -8"><span class='ocrx_word' id='word_1_316' title='bbox 1125 1823 1277 1864; x_wconf 89' lang='lat' dir='ltr'>Lectio</span> <span class='ocrx_word' id='word_1_317' title='bbox 1298 1823 1366 1863; x_wconf 87' lang='lat' dir='ltr'>vii.</span> <span class='ocrx_word' id='word_1_318' title='bbox 1562 1822 1665 1872; x_wconf 87' lang='lat' dir='ltr'>Cap.</span> <span class='ocrx_word' id='word_1_319' title='bbox 1685 1821 1741 1859; x_wconf 83' lang='lat'>12.</span> <span class='ocrx_word' id='word_1_320' title='bbox 1762 1818 1801 1860; x_wconf 92' lang='lat' dir='ltr'>d.</span> 
     </span>
    </p>
   </div>
   <div class='ocr_carea' id='block_1_18' title="bbox 1049 1882 1883 2163">
    <p class='ocr_par' dir='ltr' id='par_1_21' title="bbox 1049 1882 1883 2163">
     <span class='ocr_line' id='line_1_76' title="bbox 1049 1882 1882 1988; baseline -0.004 -60"><span class='ocrx_word' id='word_1_321' title='bbox 1049 1882 1125 1988; x_wconf 86' lang='lat' dir='ltr'>In</span> <span class='ocrx_word' id='word_1_322' title='bbox 1144 1887 1219 1928; x_wconf 91' lang='lat' dir='ltr'>illo</span> <span class='ocrx_word' id='word_1_323' title='bbox 1239 1889 1454 1939; x_wconf 86' lang='lat' dir='ltr'>tempore:</span> <span class='ocrx_word' id='word_1_324' title='bbox 1472 1885 1595 1927; x_wconf 79' lang='lat' dir='ltr'>Dixit</span> <span class='ocrx_word' id='word_1_325' title='bbox 1608 1885 1632 1926; x_wconf 89' lang='lat' dir='ltr'>J</span> <span class='ocrx_word' id='word_1_326' title='bbox 1635 1898 1735 1927; x_wconf 90' lang='lat' dir='ltr'>esus</span> <span class='ocrx_word' id='word_1_327' title='bbox 1755 1884 1882 1927; x_wconf 90' lang='lat' dir='ltr'>disci-</span> 
     </span>
     <span class='ocr_line' id='line_1_77' title="bbox 1114 1940 1882 1996; baseline -0.001 -12"><span class='ocrx_word' id='word_1_328' title='bbox 1114 1943 1229 1996; x_wconf 92' lang='lat' dir='ltr'>pulis</span> <span class='ocrx_word' id='word_1_329' title='bbox 1246 1943 1351 1984; x_wconf 85' lang='lat' dir='ltr'>suis:</span> <span class='ocrx_word' id='word_1_330' title='bbox 1371 1943 1524 1991; x_wconf 89' lang='lat' dir='ltr'>Arnen,</span> <span class='ocrx_word' id='word_1_331' title='bbox 1544 1955 1671 1983; x_wconf 86' lang='lat' dir='ltr'>amen</span> <span class='ocrx_word' id='word_1_332' title='bbox 1691 1940 1792 1983; x_wconf 91' lang='lat' dir='ltr'>dico</span> <span class='ocrx_word' id='word_1_333' title='bbox 1808 1954 1882 1983; x_wconf 88' lang='lat' dir='ltr'>vo-</span> 
     </span>
     <span class='ocr_line' id='line_1_78' title="bbox 1050 1998 1883 2051; baseline -0.001 -11"><span class='ocrx_word' id='word_1_334' title='bbox 1050 1999 1132 2049; x_wconf 86' lang='lat' dir='ltr'>bis,</span> <span class='ocrx_word' id='word_1_335' title='bbox 1166 1999 1248 2040; x_wconf 92' lang='lat' dir='ltr'>nisi</span> <span class='ocrx_word' id='word_1_336' title='bbox 1276 2013 1459 2051; x_wconf 85' lang='lat' dir='ltr'>granum</span> <span class='ocrx_word' id='word_1_337' title='bbox 1487 1998 1692 2040; x_wconf 88' lang='lat' dir='ltr'>frumenti</span> <span class='ocrx_word' id='word_1_338' title='bbox 1720 1998 1883 2040; x_wconf 93' lang='lat' dir='ltr'>cadens</span> 
     </span>
     <span class='ocr_line' id='line_1_79' title="bbox 1050 2055 1883 2107; baseline -0.002 -10"><span class='ocrx_word' id='word_1_339' title='bbox 1050 2057 1093 2097; x_wconf 92' lang='lat' dir='ltr'>in</span> <span class='ocrx_word' id='word_1_340' title='bbox 1118 2062 1295 2105; x_wconf 91' lang='lat' dir='ltr'>terram,</span> <span class='ocrx_word' id='word_1_341' title='bbox 1319 2058 1542 2098; x_wconf 84' lang='lat' dir='ltr'>mortuum</span> <span class='ocrx_word' id='word_1_342' title='bbox 1566 2055 1711 2104; x_wconf 82' lang='lat' dir='ltr'>fuerit,</span> <span class='ocrx_word' id='word_1_343' title='bbox 1737 2055 1883 2107; x_wconf 89' lang='lat' dir='ltr'>ipsum</span> 
     </span>
     <span class='ocr_line' id='line_1_80' title="bbox 1051 2111 1653 2163; baseline 0 -10"><span class='ocrx_word' id='word_1_344' title='bbox 1051 2112 1194 2153; x_wconf 94' lang='lat' dir='ltr'>solum</span> <span class='ocrx_word' id='word_1_345' title='bbox 1213 2117 1370 2154; x_wconf 88' lang='lat' dir='ltr'>manet.</span> <span class='ocrx_word' id='word_1_346' title='bbox 1398 2112 1455 2153; x_wconf 90' lang='lat' dir='ltr'>Et</span> <span class='ocrx_word' id='word_1_347' title='bbox 1473 2111 1653 2163; x_wconf 85' lang='lat' dir='ltr'>reliqua.</span> 
     </span>
    </p>
   </div>
   <div class='ocr_carea' id='block_1_19' title="bbox 1051 2180 1882 2796">
    <p class='ocr_par' dir='ltr' id='par_1_22' title="bbox 1180 2180 1752 2289">
     <span class='ocr_line' id='line_1_81' title="bbox 1180 2180 1752 2222; baseline 0.002 -2"><span class='ocrx_word' id='word_1_348' title='bbox 1180 2180 1374 2222; x_wconf 85' lang='lat' dir='ltr'>Homilia</span> <span class='ocrx_word' id='word_1_349' title='bbox 1402 2181 1543 2222; x_wconf 87' lang='lat' dir='ltr'>sancti</span> <span class='ocrx_word' id='word_1_350' title='bbox 1570 2181 1594 2221; x_wconf 91' lang='lat' dir='ltr'><strong>J</strong></span> <span class='ocrx_word' id='word_1_351' title='bbox 1598 2181 1752 2222; x_wconf 78' lang='lat' dir='ltr'>oannis</span> 
     </span>
     <span class='ocr_line' id='line_1_82' title="bbox 1309 2237 1624 2289; baseline 0 -11"><span class='ocrx_word' id='word_1_352' title='bbox 1309 2237 1624 2289; x_wconf 82' lang='lat' dir='ltr'>Chrysostomi.</span> 
     </span>
    </p>

    <p class='ocr_par' dir='ltr' id='par_1_23' title="bbox 1051 2294 1882 2796">
     <span class='ocr_line' id='line_1_83' title="bbox 1100 2294 1835 2338; baseline -0.003 -8"><span class='ocrx_word' id='word_1_353' title='bbox 1100 2296 1271 2332; x_wconf 88' lang='lat' dir='ltr'>Homilia</span> <span class='ocrx_word' id='word_1_354' title='bbox 1285 2297 1337 2332; x_wconf 84' lang='lat'>65.</span> <span class='ocrx_word' id='word_1_355' title='bbox 1355 2296 1395 2330; x_wconf 91' lang='lat' dir='ltr'>in</span> <span class='ocrx_word' id='word_1_356' title='bbox 1411 2296 1613 2338; x_wconf 81' lang='lat' dir='ltr'>Joannem,</span> <span class='ocrx_word' id='word_1_357' title='bbox 1630 2300 1721 2338; x_wconf 89' lang='lat' dir='ltr'>post</span> <span class='ocrx_word' id='word_1_358' title='bbox 1738 2294 1835 2328; x_wconf 84' lang='lat' dir='ltr'>med.</span> 
     </span>
     <span class='ocr_line' id='line_1_84' title="bbox 1130 2348 1881 2411; baseline -0.004 -19.219"><span class='ocrx_word' id='word_1_359' title='bbox 1130 2370 1159 2411; x_wconf 34' lang='grc' dir='ltr'>,τῇ</span> <span class='ocrx_word' id='word_1_360' title='bbox 1180 2350 1308 2400; x_wconf 85' lang='lat' dir='ltr'>alem,</span> <span class='ocrx_word' id='word_1_361' title='bbox 1347 2349 1402 2392; x_wconf 92' lang='lat' dir='ltr'>de</span> <span class='ocrx_word' id='word_1_362' title='bbox 1438 2348 1759 2392; x_wconf 79' lang='lat' dir='ltr'>resurrectione</span> <span class='ocrx_word' id='word_1_363' title='bbox 1798 2349 1881 2391; x_wconf 88' lang='lat' dir='ltr'>dis-</span> 
     </span>
     <span class='ocr_line' id='line_1_85' title="bbox 1172 2406 1882 2459; baseline -0.004 -10"><span class='ocrx_word' id='word_1_364' title='bbox 1172 2431 1173 2434; x_wconf 62' lang='lat'><em>=</em></span> <span class='ocrx_word' id='word_1_365' title='bbox 1197 2412 1372 2459; x_wconf 86' lang='lat' dir='ltr'>putans,</span> <span class='ocrx_word' id='word_1_366' title='bbox 1404 2407 1621 2448; x_wconf 82' lang='lat' dir='ltr'>rati6nem</span> <span class='ocrx_word' id='word_1_367' title='bbox 1647 2406 1810 2448; x_wconf 87' lang='lat' dir='ltr'>Paulus</span> <span class='ocrx_word' id='word_1_368' title='bbox 1843 2406 1882 2446; x_wconf 89' lang='lat' dir='ltr'>e-</span> 
     </span>
     <span class='ocr_line' id='line_1_86' title="bbox 1197 2461 1881 2514; baseline -0.003 -10.146"><span class='ocrx_word' id='word_1_369' title='bbox 1197 2463 1303 2505; x_wconf 88' lang='lat' dir='ltr'>tiam</span> <span class='ocrx_word' id='word_1_370' title='bbox 1323 2463 1479 2505; x_wconf 71' lang='lat' dir='ltr'>attulit.</span> <span class='ocrx_word' id='word_1_371' title='bbox 1508 2464 1649 2514; x_wconf 88' lang='lat' dir='ltr'>Quam</span> <span class='ocrx_word' id='word_1_372' title='bbox 1664 2463 1794 2514; x_wconf 88' lang='lat' dir='ltr'>igitur</span> <span class='ocrx_word' id='word_1_373' title='bbox 1809 2461 1881 2502; x_wconf 88' lang='lat' dir='ltr'>ha-</span> 
     </span>
     <span class='ocr_line' id='line_1_87' title="bbox 1051 2519 1882 2572; baseline -0.005 -10"><span class='ocrx_word' id='word_1_374' title='bbox 1051 2519 1217 2562; x_wconf 86' lang='lat' dir='ltr'>bebunt</span> <span class='ocrx_word' id='word_1_375' title='bbox 1240 2520 1570 2562; x_wconf 83' lang='lat' dir='ltr'>excusationem</span> <span class='ocrx_word' id='word_1_376' title='bbox 1595 2520 1670 2572; x_wconf 93' lang='lat' dir='ltr'>qui</span> <span class='ocrx_word' id='word_1_377' title='bbox 1693 2530 1882 2560; x_wconf 89' lang='lat' dir='ltr'>resurre-</span> 
     </span>
     <span class='ocr_line' id='line_1_88' title="bbox 1052 2575 1881 2627; baseline -0.005 -9"><span class='ocrx_word' id='word_1_378' title='bbox 1052 2577 1243 2619; x_wconf 84' lang='lat' dir='ltr'>ctionem</span> <span class='ocrx_word' id='word_1_379' title='bbox 1262 2589 1350 2618; x_wconf 93' lang='lat' dir='ltr'>non</span> <span class='ocrx_word' id='word_1_380' title='bbox 1365 2575 1561 2627; x_wconf 88' lang='lat' dir='ltr'>credunt,</span> <span class='ocrx_word' id='word_1_381' title='bbox 1582 2589 1681 2618; x_wconf 93' lang='lat' dir='ltr'>cum</span> <span class='ocrx_word' id='word_1_382' title='bbox 1699 2575 1743 2616; x_wconf 92' lang='lat' dir='ltr'>in</span> <span class='ocrx_word' id='word_1_383' title='bbox 1757 2575 1881 2616; x_wconf 90' lang='lat' dir='ltr'>semi-</span> 
     </span>
     <span class='ocr_line' id='line_1_89' title="bbox 1051 2630 1882 2686; baseline -0.005 -11"><span class='ocrx_word' id='word_1_384' title='bbox 1051 2633 1179 2675; x_wconf 87' lang='lat' dir='ltr'>nibus</span> <span class='ocrx_word' id='word_1_385' title='bbox 1216 2639 1259 2675; x_wconf 92' lang='lat' dir='ltr'>et</span> <span class='ocrx_word' id='word_1_386' title='bbox 1291 2634 1334 2674; x_wconf 89' lang='lat' dir='ltr'>in</span> <span class='ocrx_word' id='word_1_387' title='bbox 1367 2633 1528 2686; x_wconf 90' lang='lat' dir='ltr'>plantis</span> <span class='ocrx_word' id='word_1_388' title='bbox 1565 2632 1764 2685; x_wconf 89' lang='lat' dir='ltr'>quotidie</span> <span class='ocrx_word' id='word_1_389' title='bbox 1797 2630 1882 2672; x_wconf 93' lang='lat' dir='ltr'>hoc</span> 
     </span>
     <span class='ocr_line' id='line_1_90' title="bbox 1051 2688 1881 2740; baseline -0.005 -9"><span class='ocrx_word' id='word_1_390' title='bbox 1051 2689 1294 2740; x_wconf 77' lang='lat' dir='ltr'>videamus,</span> <span class='ocrx_word' id='word_1_391' title='bbox 1322 2703 1373 2732; x_wconf 88' lang='lat' dir='ltr'>ac</span> <span class='ocrx_word' id='word_1_392' title='bbox 1402 2691 1541 2738; x_wconf 73' lang='lat' dir='ltr'>etiamv</span> <span class='ocrx_word' id='word_1_393' title='bbox 1560 2690 1604 2730; x_wconf 94' lang='lat' dir='ltr'>in</span> <span class='ocrx_word' id='word_1_394' title='bbox 1630 2693 1782 2730; x_wconf 93' lang='lat' dir='ltr'>nostro</span> <span class='ocrx_word' id='word_1_395' title='bbox 1811 2688 1881 2737; x_wconf 85' lang='lat' dir='ltr'>ge—</span> 
     </span>
     <span class='ocr_line' id='line_1_91' title="bbox 1051 2743 1881 2796; baseline -0.006 -8"><span class='ocrx_word' id='word_1_396' title='bbox 1051 2745 1178 2788; x_wconf 88' lang='lat' dir='ltr'>nere?</span> <span class='ocrx_word' id='word_1_397' title='bbox 1212 2747 1407 2788; x_wconf 89' lang='lat' dir='ltr'>Primum</span> <span class='ocrx_word' id='word_1_398' title='bbox 1431 2747 1547 2788; x_wconf 91' lang='lat' dir='ltr'>enim</span> <span class='ocrx_word' id='word_1_399' title='bbox 1571 2743 1795 2796; x_wconf 77' lang='lat' dir='ltr'>corrumpi</span> <span class='ocrx_word' id='word_1_400' title='bbox 1818 2755 1881 2784; x_wconf 87' lang='lat' dir='ltr'>se-</span> 
     </span>
    </p>
   </div>
   <div class='ocr_carea' id='block_1_20' title="bbox 89 149 1949 2843">
    <p class='ocr_par' dir='ltr' id='par_1_24' title="bbox 89 149 1949 2843">
     <span class='ocr_line' id='line_1_92' title="bbox 89 149 1949 2843; baseline 0 0"><span class='ocrx_word' id='word_1_401' title='bbox 89 149 1949 2843; x_wconf 95' lang='lat' dir='ltr'> </span> 
     </span>
    </p>
   </div>
   <div class='ocr_carea' id='block_1_21' title="bbox 1606 2874 1647 2906">
    <p class='ocr_par' dir='ltr' id='par_1_25' title="bbox 1606 2874 1647 2906">
     <span class='ocr_line' id='line_1_93' title="bbox 1606 2874 1647 2906; baseline 0.024 -1"><span class='ocrx_word' id='word_1_402' title='bbox 1606 2874 1647 2906; x_wconf 90' lang='lat'>33</span> 
     </span>
    </p>
   </div>
  </div>
 </body>
</html>
