2040 2976
636 233 678 266 In
704 232 828 265 Festis
853 231 892 265 B.
918 231 1051 264 Mariae
1075 231 1118 264 V.
1144 241 1213 273 per
1238 242 1387 265 annum.

163 332 188 358 *
205 344 259 374 ex
287 331 443 385 quibus
463 331 790 373 delectaverunt
812 334 857 371 te
885 329 987 370 filiae

164 401 316 439 regum
341 388 386 429 in
413 387 580 429 honore
607 392 695 429 tuo.

215 445 367 487 Astitit
399 447 548 496 regina
581 457 606 485 a
634 443 798 486 dextris
832 443 917 485 tuis
944 442 988 483 in

164 503 324 543 vestitu
343 500 569 543 deaurato:
586 501 610 526 *
630 499 898 542 circumdata
917 512 987 541 va-

163 557 329 600 rietate.

216 614 335 656 Audi
356 613 455 663 filia,
478 618 521 656 et
539 613 649 663 vide,
671 618 714 655 et
737 613 895 655 inclina
917 626 987 654 au-

165 683 258 712 rem
275 675 409 712 tuam:
401 671 442 696 ·*
454 675 497 712 et
508 669 765 712 obliviscere
778 670 989 735 populum

165 732 299 777 tuum,
327 732 371 768 et
397 726 575 768 domum
601 727 738 779 patris
765 727 839 769 tui.

216 783 273 825 Et
287 785 567 836 concupiscet
585 784 683 825 Rex
702 783 906 825 decorem
924 788 987 825 tu-

163 853 251 881 um:
278 840 302 866 *
331 840 535 892 quoniam
561 840 656 892 ipse
683 844 749 882 est
775 840 987 881 Dominus

164 896 284 938 Deus
311 901 422 945 tuus,
451 901 495 938 et
522 895 768 938 adorabunt
796 909 904 938 eum.

216 953 273 994 Et
289 952 391 994 filiae
410 953 516 1005 Tyri
535 953 579 994 in
597 952 847 995 muneribus
861 954 884 979 *
900 953 988 995 vul-

164 1014 257 1052 tum
289 1014 411 1051 tuum
439 1009 804 1062 deprecabuntur:
838 1023 988 1052 omnes

166 1065 322 1108 divites
350 1065 501 1119 plebis.

218 1122 369 1164 Omnis
387 1122 526 1174 gloria
547 1123 636 1175 ejus
660 1122 761 1164 fssiae
780 1124 914 1174 Regis
935 1123 989 1165 ab

164 1179 290 1228 intus,
316 1179 340 1205 *
363 1179 407 1220 in
433 1179 614 1221 fimbriis
639 1180 781 1221 aureis
811 1180 989 1222 circum-

151 1238 323 1277 amicta
349 1235 643 1277 varietatibus.

217 1291 504 1334 Adducentur
532 1293 644 1343 Regi
668 1293 857 1344 virgines
889 1299 992 1347 post

167 1360 277 1390 eam:
287 1349 311 1374 *
321 1349 533 1401 proximae
550 1349 639 1401 ejus
655 1349 888 1392 afferentur
902 1350 991 1392 tibi.

219 1404 469 1447 Afferentur
495 1405 539 1446 in
558 1405 710 1447 laetitia
737 1411 781 1448 et
806 1407 991 1448 exsulta-

166 1461 300 1503 tione:
333 1462 357 1487 *
391 1460 662 1504 adducentur
700 1463 744 1503 in
780 1463 991 1516 templum

166 1517 312 1568 Regis.

219 1574 306 1615 Pro
333 1574 532 1627 patribus
559 1575 644 1616 tuis
670 1576 759 1617 nati
787 1581 887 1618 sunt
914 1576 993 1618 tibi

167 1629 260 1671 filii:
278 1630 302 1655 *
321 1633 559 1673 constitues
581 1644 657 1673 eos
682 1633 902 1686 principes
925 1646 991 1674 su-

169 1699 248 1739 per
277 1699 450 1728 omnem
475 1692 648 1729 terram.

220 1743 438 1785 Memores
477 1749 603 1786 erunt
637 1745 823 1786 nominis
859 1746 941 1787 tui:
968 1746 991 1771 *

170 1798 214 1840 in
239 1799 356 1843 omni
379 1801 658 1851 generatione
685 1806 728 1843 et
752 1803 992 1852 generatio-

169 1868 278 1897 nem.

220 1912 463 1965 Propterea
489 1913 642 1966 populi
670 1915 993 1957 confitebuntur

169 1967 249 2010 tibi
274 1968 319 2009 in
346 1968 572 2010 aeternum:
595 1970 619 1995 *
644 1975 687 2012 et
714 1971 758 2011 in
785 1971 994 2013 saeculum

170 2024 329 2065 saeculi.

222 2082 321 2122 Ant.
346 2081 499 2134 Specie
516 2086 592 2123 tua
611 2087 654 2125 et
671 2083 994 2136 pulchritudine

169 2141 247 2178 tua
265 2137 458 2188 intende,
482 2141 696 2192 prospere
714 2141 922 2193 procede,
952 2146 996 2183 et

169 2206 312 2245 regna.

222 2254 322 2293 Ant.
341 2250 579 2303 Adiuvabit
594 2265 691 2294 eam
702 2253 726 2278 *
736 2253 857 2295 Deus
872 2253 995 2295 vultu

171 2318 265 2346 suo:
283 2306 406 2348 Deus
424 2307 468 2348 in
486 2308 632 2350 medio
654 2310 755 2361 eius,
776 2323 864 2351 non
881 2323 994 2352 com-

169 2361 426 2404 movebitur.

436 2422 635 2462 Psalmus
664 2423 729 2462 45.

173 2475 334 2581 Deus
358 2480 507 2516 noster
526 2477 753 2528 refugium,
780 2483 823 2520 et
842 2479 995 2521 virtus:

277 2530 302 2594 'ff
338 2531 509 2583 adjetor
544 2533 588 2573 in
627 2534 995 2586 tribulationibus,

174 2599 272 2638 quae
291 2589 548 2629 invenerunt
565 2602 648 2630 nos
666 2590 804 2632 nimis.

221 2643 462 2695 Propterea
492 2657 580 2686 non
612 2646 860 2689 timebimus
893 2648 997 2690 dum

170 2698 417 2740 turbabitur
444 2704 575 2741 terra:
603 2702 626 2727 *
657 2707 701 2744 et
736 2705 995 2746 transferen-

171 2758 243 2795 tur
259 2760 431 2798 montes
452 2757 495 2797 in
515 2770 591 2799 cor
609 2759 752 2800 maris.

1091 329 1348 381 Sonuerunt,
1364 336 1407 373 et
1421 331 1610 373 turbatae
1627 335 1727 372 sunt
1741 343 1867 383 aquae

1041 388 1208 427 eorum:
1237 388 1260 413 *
1289 387 1538 430 conturbati
1567 392 1669 429 sunt
1693 391 1867 428 montes

1039 443 1083 483 in
1102 442 1357 486 fortitudine
1377 446 1478 496 ejus.

1090 499 1301 542 Fluminis
1328 503 1518 554 impetus
1545 500 1740 542 laetificat
1768 499 1868 541 civi-

1040 557 1177 597 tatem
1197 557 1294 598 Dei:
1314 558 1338 583 *
1358 558 1644 600 sanctificavit
1667 556 1868 599 taberna-

1041 612 1186 654 culum
1207 626 1333 654 suum
1352 614 1612 656 Altissimus.

1091 669 1212 711 Deus
1231 670 1274 711 in
1293 670 1438 712 medio
1455 672 1556 723 ejus,
1572 685 1660 713 non
1678 684 1868 713 commo-

1041 726 1227 768 vebitur:
1245 727 1269 753 *
1289 727 1511 779 adjuvabit
1531 741 1627 770 eam
1641 729 1763 770 Deus
1781 741 1868 769 ma-

1041 796 1095 824 ne
1115 782 1318 826 diluculo.

1094 840 1376 882 Conturbatae
1405 846 1505 882 sunt
1526 842 1709 891 Gentes,
1739 846 1782 882 et
1809 841 1868 881 in-

1042 897 1201 938 clinata
1228 902 1328 939 sunt
1355 911 1504 949 regna:
1522 898 1546 924 *
1566 897 1688 940 dedit
1714 910 1870 939 vocem

1043 967 1176 1004 suam,
1194 959 1315 996 mota
1334 960 1401 996 est
1419 959 1545 996 terra.

1093 1011 1308 1052 Dominus
1335 1012 1545 1065 virtutum
1571 1010 1819 1052 nobiscum:
1846 1010 1869 1035 *

1043 1069 1273 1120 susceptor
1291 1073 1442 1109 noster
1460 1068 1581 1109 Deus
1600 1067 1749 1108 Jacob.

1094 1124 1268 1174 Venite,
1293 1129 1337 1166 et
1358 1124 1503 1166 videte
1528 1127 1663 1177 opera
1682 1123 1870 1172 Domini,

1044 1193 1143 1232 quae
1161 1181 1310 1234 posuit
1329 1181 1530 1234 prodigia
1546 1193 1677 1234 super
1690 1185 1871 1222 terram:

1043 1238 1067 1263 *
1099 1237 1299 1279 auferens
1331 1237 1447 1279 bella
1479 1251 1619 1290 usque
1651 1237 1708 1278 ad
1739 1236 1871 1277 finem

1043 1299 1184 1335 terrae.

1096 1350 1261 1392 Arcum
1293 1353 1507 1401 conteret,
1549 1355 1592 1392 et
1629 1350 1872 1400 confringet

1045 1420 1181 1448 arma:
1200 1407 1223 1432 *
1243 1412 1287 1449 et
1306 1413 1431 1449 scuta
1452 1407 1681 1449 comburet
1699 1406 1798 1457 igni.

1095 1464 1279 1513 Vacate,
1308 1469 1352 1506 et
1380 1463 1526 1505 videte
1556 1464 1762 1516 quoniam
1790 1476 1872 1514 ego

1045 1533 1141 1561 sum
1156 1521 1292 1562 Deus:
1307 1521 1331 1546 *
1343 1520 1571 1562 exaltabor
1586 1520 1630 1560 in
1647 1519 1872 1568 Gentibus,

1046 1581 1089 1618 et
1110 1576 1338 1618 exaltabor
1356 1577 1401 1618 in
1419 1582 1547 1619 terra.

1097 1633 1312 1674 Dominus
1340 1634 1550 1675 virtutum
1577 1633 1823 1675 nobiscum:
1850 1631 1874 1658 *

1045 1691 1276 1742 susceptor
1294 1695 1446 1732 noster
1463 1691 1585 1731 Deus
1604 1689 1753 1730 Jacob.

1098 1747 1196 1788 Ant.
1230 1746 1465 1798 Adiuvabit
1491 1760 1586 1788 eam
1605 1746 1726 1787 Deus
1751 1745 1875 1787 vultu
1952 1789 1958 1795 ⁸

1047 1816 1142 1844 suo:
1161 1803 1283 1850 Deus
1302 1804 1346 1844 in
1364 1803 1510 1845 medio
1532 1804 1633 1855 ejus,
1652 1815 1741 1844 non
1760 1815 1874 1843 com-

1046 1860 1305 1902 movebitur.

1098 1915 1198 1954 Ant.
1228 1915 1350 1958 Sicut
1371 1916 1614 1957 laetantium
1634 1916 1657 1940 *
1682 1914 1876 1956 omnium

1046 1979 1246 2015 nostrum
1263 1972 1476 2014 habitatio
1497 1978 1564 2014 est
1583 1973 1627 2013 in
1646 1977 1701 2022 te,
1723 1975 1875 2012 sancta

1046 2030 1130 2071 Dei
1149 2030 1358 2071 Genitrix.

1321 2082 1520 2122 Psalmus
1542 2083 1606 2122 86.

1129 2141 1393 2183 undamenta
1434 2143 1524 2195 ejus
1565 2143 1609 2183 in
1652 2143 1875 2186 montibus

1143 2199 1317 2240 sanctis:
1336 2199 1360 2224 *
1381 2198 1523 2251 diligit
1540 2199 1756 2242 Dominus
1775 2213 1874 2254 por-

1048 2260 1116 2296 tas
1139 2255 1244 2296 Sion
1268 2268 1400 2308 super
1425 2256 1570 2297 omnia
1592 2256 1876 2299 tabernacula

1047 2311 1196 2354 Jacob.
1639 2355 1648 2363 ,

1101 2368 1305 2410 Gloriosa
1325 2368 1443 2411 dicta
1462 2374 1562 2411 sunt
1583 2370 1638 2412 de
1656 2375 1711 2419 te,
1731 2371 1754 2397 *
1774 2369 1874 2411 civi-

1047 2429 1115 2465 tas
1133 2425 1228 2466 Dei.

1098 2481 1268 2523 Memor
1288 2495 1364 2524 ero
1384 2481 1551 2532 Rahab,
1574 2486 1618 2523 et
1635 2481 1873 2533 Babylonis

1048 2537 1071 2562 *
1091 2538 1319 2580 scientium
1337 2553 1417 2581 me.

1098 2594 1213 2636 Ecce
1246 2595 1518 2647 alienigenae,
1557 2599 1600 2636 et
1631 2594 1794 2646 Tyrus,
1831 2597 1874 2634 et

1047 2651 1237 2703 populus
1264 2652 1540 2705 AEthiopum‚
1571 2652 1595 2677 *
1626 2650 1671 2691 hi
1700 2650 1874 2690 fuerunt

1047 2706 1145 2748 illic.

1099 2763 1326 2817 Numquid
1349 2764 1452 2806 Sion
1479 2763 1609 2806 dicet:
1636 2762 1801 2811 Homo,
1829 2765 1874 2802 et
