2040 2976
505 175 576 209 Die
600 175 651 208 25.
677 174 777 215 Maii.
825 174 859 208 S.
885 173 1064 216 Gregorii
1088 173 1170 207 VH.
1196 173 1314 215 Papae
1339 178 1375 207 et
1399 173 1507 207 Cons.

161 267 240 309 das
267 267 386 319 Maji,
419 279 533 308 anno
566 265 728 307 Christi
759 265 991 308 millesimo

159 322 485 376 septuagesimo
499 322 641 371 tertio,
660 322 863 363 Summus
878 323 989 363 Pon-

159 380 267 420 tifex
295 379 477 428 electus,
519 379 632 420 sicut
661 378 728 419 sol
757 378 919 420 effulsit
946 379 990 420 in

159 435 292 477 domo
321 435 420 484 Dei3
451 447 554 475 nam
584 439 744 487 potens
779 437 912 487 opere
947 440 991 477 et

158 493 378 541 serm6ne,
407 491 719 537 ecclesiasticae
745 489 988 544 disciplinae

158 547 437 600 reparandae,
466 547 570 589 fidei
593 546 913 599 propagandae,
941 548 987 588 li-

157 603 319 645 bertati
346 603 558 644 Ecclesiae
586 602 888 653 restituendae,
917 616 987 644 ex-

157 658 395 712 stirpandis
411 658 645 708 erroribus,
665 663 709 701 et
724 660 988 712 corruptelis

155 720 280 757 tanto
307 715 453 757 studio
478 715 691 765 incubuit,
719 720 768 756 ut
792 728 847 756 ex
866 716 985 769 Apo-

157 772 371 813 stolorum
396 774 527 813 aetate
554 771 698 813 nullus
723 772 986 814 Pontificum

155 828 288 870 fm'sse
319 827 536 878 tradatur,
576 828 652 880 qui
683 829 871 880 majeres
903 843 986 882 pro

153 884 351 926 Ecclesia
367 883 452 925 Dei
467 883 652 933 labo'reS,
671 883 987 937 molestiasque

154 939 403 993 pertulerit,
434 945 509 982 aut
535 940 607 992 qui
633 953 716 993 pro
743 942 834 992 ejus
858 941 985 983 liber-

152 998 243 1038 tate
289 997 432 1038 acrius
473 997 746 1049 pugnaverit.
803 997 986 1050 Aliquot

151 1053 404 1105 provincias
424 1066 450 1094 a
468 1054 708 1095 simoniaca
722 1053 822 1095 labe
838 1067 987 1106 expur-

153 1110 283 1160 gavit.
320 1110 485 1151 Contra
503 1110 684 1152 Henrici
703 1110 985 1162 imperatOris

152 1166 312 1218 impios
344 1169 528 1208 conatus
562 1166 688 1208 fortis
725 1179 807 1218 per
840 1167 985 1208 emnia

153 1222 318 1264 athleta
349 1222 597 1275 impavidus
626 1223 885 1275 permansit,
920 1237 983 1265 se-

153 1291 239 1330 que
258 1292 342 1332 pro
357 1292 484 1320 muro
501 1279 650 1321 domui
665 1279 803 1320 Israel
818 1282 984 1332 ponere

153 1348 242 1376 non
259 1336 418 1385 timuit,
442 1348 494 1377 ac
519 1335 723 1377 eumdem
743 1336 984 1377 Henricum

151 1391 196 1431 in
215 1390 482 1443 profundum
497 1391 713 1433 malorum
727 1392 984 1444 prolapsum

151 1447 347 1489 fidelium
388 1448 711 1498 communione,
757 1451 983 1501 regnoque

150 1503 356 1555 privavit,
389 1510 522 1556 atque
555 1504 757 1546 subditos
789 1506 982 1557 pepulos

150 1558 238 1601 fide
258 1560 299 1602 ei
318 1559 422 1602 data
439 1560 654 1602 liberavit.

204 1620 257 1672 R.
285 1616 420 1658 Posui
453 1616 717 1668 adjutorium
746 1630 878 1669 super
905 1631 982 1671 po-

150 1674 326 1722 tentem,
347 1677 391 1714 et
410 1673 600 1715 exaltavi
619 1673 806 1715 electum
822 1673 877 1715 de
892 1675 982 1726 ple-

149 1727 206 1770 be
232 1741 345 1770 mea:
366 1733 389 1756 *
409 1730 565 1771 Manus
593 1730 710 1771 enim
737 1743 836 1771 mea
864 1732 981 1772 auxi-

149 1784 326 1827 liabitur
342 1786 392 1827 ei.
413 1784 628 1836 VJnveni
646 1786 792 1828 David
807 1800 983 1829 servum

149 1854 306 1892 meum,
331 1842 431 1884 oleo
453 1847 605 1884 sancto
627 1855 728 1884 meo
747 1844 853 1884 unxi
872 1857 982 1886 eum.

149 1897 305 1939 Manus
326 1898 451 1939 enim.

452 1957 607 1998 Lectio
627 1957 682 1997 vi.

153 2009 311 2115 Dum
325 2010 561 2052 Missarum
575 2011 788 2053 solemnia
802 2015 981 2064 perage-

245 2072 322 2116 ret,
344 2067 438 2108 visa
458 2072 526 2109 est
544 2067 650 2108 viris
670 2067 757 2120 piis
777 2068 982 2110 columba

152 2135 175 2163 e
187 2122 300 2164 coelo
311 2122 505 2176 delapsa,
519 2123 704 2165 humero
719 2125 810 2175 ejus
823 2124 981 2167 dextro

150 2178 364 2229 insidens,
400 2179 480 2220 alis
508 2180 700 2221 extensis
728 2185 862 2232 caput
890 2182 981 2232 ejus

150 2234 309 2283 velare,
333 2247 420 2286 quo
441 2235 734 2286 significatum
753 2241 830 2285 est,
849 2237 982 2289 Spiri-

150 2295 221 2332 tus
256 2291 398 2332 sancti
433 2291 603 2340 afflatu,
646 2305 735 2333 non
777 2292 982 2334 humanae

150 2346 396 2399 prudentiae
427 2347 671 2390 rati6nibus
701 2349 847 2400 ipsum
880 2349 982 2390 duci

150 2403 195 2443 in
212 2402 426 2444 Ecclesiae
443 2404 664 2453 regimine.
700 2405 810 2446 Cum
830 2404 885 2446 ab
905 2405 982 2446 ini-

152 2459 227 2510 qui
250 2459 432 2501 Henrici
461 2460 657 2501 exercitu
678 2461 836 2502 Romae
860 2463 982 2511 gravi

152 2515 384 2557 obsidiene
420 2517 706 2568 premeretur,
744 2517 982 2559 excitatum

153 2570 208 2613 ab
231 2571 434 2614 hestibus
461 2572 712 2613 incendium
736 2573 860 2623 signo
889 2586 981 2615 cru-

153 2628 215 2669 cis
244 2628 462 2669 exstinxit.
503 2628 571 2669 De
604 2629 695 2680 ejus
726 2641 858 2670 manu
890 2635 981 2672 tan-

152 2682 254 2725 dem
289 2696 315 2724 a
346 2683 547 2726 Roberto
582 2684 829 2727 Guiscardo
868 2685 980 2729 duce

1043 266 1352 309 Northmanno
1371 269 1560 320 ereptus,
1581 268 1810 309 Cassinum
1830 280 1877 309 se

1044 323 1243 374 centulit3
1276 328 1409 375 atque
1435 324 1537 365 inde
1564 324 1792 365 Salernum
1820 323 1877 365 ad

1045 379 1337 421 dedicandam
1356 379 1588 421 ecclesiam
1609 381 1749 421 sancti
1767 381 1875 421 Mat-

1042 436 1149 477 thaei
1168 436 1375 488 Apostoli
1396 435 1633 478 contendit.
1667 437 1777 477 Cum
1802 436 1874 478 ali-

1044 492 1223 544 quando
1256 493 1299 533 in
1334 505 1385 534 ea
1417 492 1594 533 civitate
1627 495 1876 534 sermenem

1042 548 1269 590 habuisset
1306 547 1364 590 ad
1399 548 1630 601 papulum,
1669 549 1875 589 aerumnis

1045 605 1272 646 confectus
1293 605 1337 645 in
1359 604 1564 646 morbum
1587 605 1755 654 incidit,
1785 618 1873 656 quo

1043 674 1090 702 se
1118 661 1397 702 interiturum
1423 661 1658 713 praescivit.
1702 662 1874 702 Postre-

1041 730 1113 758 ma
1144 717 1372 758 morientis
1407 717 1611 768 Gregorii
1643 717 1779 758 verba
1811 718 1873 758 fu-

1041 775 1129 814 ere:
1161 773 1307 814 Dilexi
1330 773 1556 825 justitiam,
1586 779 1629 815 et
1656 773 1777 814 odivi
1796 774 1871 814 ini-

1043 830 1270 882 quitatem,
1295 831 1535 882 propterea
1553 829 1719 870 motior
1738 829 1782 869 in
1802 842 1872 870 ex-

1040 886 1149 927 silio.
1185 885 1525 928 Innumerabilia
1543 890 1662 934 sunt,
1683 898 1783 936 quae
1802 886 1873 926 vel

1040 942 1213 983 fortiter
1225 942 1439 992 sustinuit,
1455 942 1526 983 vel
1540 941 1690 982 multis
1707 942 1872 983 coactis

1038 999 1083 1039 in
1105 998 1225 1040 Urbe
1255 997 1435 1050 synodis
1466 998 1689 1050 sapienter
1714 1000 1871 1039 consti-

1039 1055 1140 1104 tuit,
1178 1055 1243 1095 vir
1275 1067 1378 1096 vere
1413 1059 1607 1103 sanetus,
1644 1054 1873 1095 criminum

1039 1111 1217 1161 vindeX,
1244 1116 1287 1152 et
1307 1111 1546 1152 acerrimus
1567 1110 1779 1151 Ecclesiae
1799 1110 1871 1151 de-

1040 1168 1197 1208 fensor.
1241 1167 1420 1208 Exactis
1449 1169 1597 1219 itaque
1624 1167 1669 1206 in
1698 1167 1871 1218 pontifi-

1039 1226 1141 1265 catu
1167 1224 1289 1264 annis
1315 1223 1564 1272 duodecim,
1597 1223 1799 1273 migravit
1827 1224 1871 1263 in

1038 1280 1200 1321 coelum
1215 1293 1329 1321 anno
1348 1280 1501 1322 salutis
1516 1280 1747 1321 millesimo
1760 1284 1873 1320 octo-

1037 1337 1204 1387 gesimo
1227 1337 1396 1389 quinto,
1415 1336 1616 1388 pluribus
1635 1336 1679 1376 in
1698 1336 1803 1385 vita,
1828 1342 1871 1377 et

1037 1398 1141 1445 post
1154 1398 1342 1434 mortem
1357 1392 1577 1434 miraculis
1593 1392 1747 1441 clarus,
1763 1393 1870 1444 ejus—

1038 1462 1123 1501 que
1156 1462 1330 1490 sacrum
1364 1462 1525 1501 corpus
1556 1449 1600 1488 in
1628 1448 1871 1490 cathedrali

1036 1505 1218 1557 basilica
1236 1506 1512 1548 Salernitana
1536 1510 1603 1546 est
1627 1505 1869 1546 honorifice

1037 1562 1274 1604 conditum.

1090 1632 1140 1682 R.
1167 1629 1259 1670 Iste
1280 1634 1347 1670 est
1367 1629 1452 1680 qui.
1472 1628 1556 1680 [54]

1089 1700 1131 1733 In
1156 1700 1220 1733 ΠΙ.
1242 1700 1441 1733 Nocturuo
1468 1699 1639 1733 Homilia
1667 1700 1700 1732 in
1726 1700 1867 1741 liv-aug.

1037 1747 1214 1790 Vigilate.
1233 1748 1279 1781 dc
1299 1748 1434 1781 codem
1456 1748 1561 1782 Com.
1578 1750 1608 1781 2.
1627 1749 1723 1781 loco.
1746 1745 1814 1788 [61]

1101 1825 1176 1860 Pro
1200 1825 1236 1860 S.
1259 1824 1417 1859 Urbano
1442 1825 1468 1859 1.
1494 1825 1601 1869 Papa
1628 1830 1664 1859 et
1688 1826 1795 1859 Mart.

1340 1894 1492 1934 Lectio
1513 1893 1567 1933 ix.

1063 1970 1114 2012 «fg-32
1136 1955 1299 1998 rbanus
1331 1956 1577 2004 Romanus,
1611 1954 1867 1996 Alexandro

1048 2006 1124 2059 (332.
1153 2012 1317 2053 Severo
1348 2012 1633 2064 imperatare,
1668 2011 1869 2053 doctrina

1036 2074 1080 2110 et
1104 2069 1206 2110 vitae
1231 2068 1463 2109 sanctitate
1487 2067 1650 2109 multos
1670 2067 1727 2109 ad
1748 2068 1867 2109 Chri-

1036 2126 1091 2167 sti
1119 2124 1254 2166 fidem
1282 2124 1517 2166 convertit:
1556 2124 1599 2164 in
1625 2124 1710 2165 illis
1738 2124 1866 2166 Vale—

1035 2182 1220 2231 rianum,
1252 2180 1396 2222 beatae
1426 2181 1616 2222 Caeciliae
1645 2193 1867 2233 sponsum,

1036 2244 1079 2280 et
1115 2237 1366 2279 Tiburtium
1402 2237 1627 2278 Valeriani
1672 2238 1868 2286 fratrem3

1037 2294 1111 2346 qui
1129 2296 1288 2346 postea
1311 2293 1570 2346 martyrium
1593 2294 1696 2335 forti
1721 2293 1866 2334 animo

1035 2350 1273 2392 subierunt.
1314 2349 1400 2390 Hic
1423 2349 1479 2391 de
1502 2348 1631 2391 bonis
1654 2349 1866 2391 Ecclesiae

1037 2405 1259 2447 attributis
1278 2405 1454 2457 scripsit
1473 2404 1540 2446 his
1560 2405 1721 2447 verbis:
1749 2405 1866 2457 Ipsae

1035 2475 1105 2504 res
1124 2461 1331 2509 fidelium,
1351 2474 1451 2514 quae
1470 2461 1660 2502 Demino
1681 2461 1866 2502 offerun-

1034 2523 1115 2568 tur,
1135 2531 1223 2560 non
1238 2516 1401 2559 debent
1413 2517 1457 2558 in
1473 2517 1582 2559 alios
1599 2530 1715 2566 usus,
1736 2529 1867 2568 quam

1035 2574 1361 2616 ecclesiasticos
1381 2579 1425 2616 et
1440 2573 1776 2628 christianorum
1793 2573 1868 2613 fra-

1033 2635 1167 2680 trum,
1204 2630 1275 2673 vel
1310 2629 1615 2681 indigentium,
1652 2628 1865 2670 converti:

1034 2687 1136 2740 quia
1159 2692 1264 2729 vota
1289 2691 1390 2729 sunt
1413 2685 1628 2735 fidelium,
1658 2690 1702 2727 et
1720 2684 1864 2737 pretia
