2040 2976
612 211 684 245 Die
712 211 767 246 10.
791 212 969 254 Augusti.
1017 211 1051 245 S.
1076 211 1275 245 Laurentii
1298 211 1405 245 Mart.

205 302 422 352 Quoniam
455 306 504 343 tu
539 303 798 355 percussisti
829 316 981 345 omnes

152 358 438 400 adversantes
457 358 564 399 mihi
579 358 672 401 sine
688 355 833 401 causa:
844 362 868 388 *
880 360 980 402 den-

151 420 219 457 tes
238 416 525 467 peccatorum
544 416 802 458 contrivisti.

203 480 382 534 Domini
402 484 469 522 est
494 480 628 521 salus:
645 481 669 508 *
689 485 733 523 et
753 494 886 535 super
904 484 980 535 po-

151 537 303 590 pulum
321 541 445 579 tuum
463 536 714 579 benedictio
733 543 819 579 tua.

204 607 304 649 Ant.
332 607 431 647 Non
455 618 537 657 ego
561 610 606 647 te
630 606 788 649 desero
812 607 978 658 fili,ne-

151 675 236 715 que
274 661 552 715 derelinquo:
590 663 670 704 sed
703 665 869 716 majora
899 664 980 706 tibi

151 718 367 785 debentur
402 732 484 773 pro
521 719 682 762 Christi
717 721 806 763 fide
843 723 979 763 certa-

149 789 276 818 mma.

204 832 255 884 V.
284 828 437 880 Gloria
473 843 516 880 et
551 839 720 881 honore
757 840 980 881 coronasti

150 908 250 936 eum
285 895 486 937 Domine.
541 895 592 948 R.
626 897 684 938 Et
716 896 980 938 constituisti

149 964 248 993 eum
267 964 400 1005 super
415 954 551 1004 opera
567 955 775 995 manuum
793 955 979 996 tuarum.

298 1047 366 1088 De
385 1045 499 1089 libro
518 1046 828 1089 Ecclesiastici.

226 1126 379 1168 Lectio
399 1127 422 1167 i.
723 1130 826 1183 Cap.
842 1132 901 1172 51.

248 1193 488 1236 onfitebor
507 1194 589 1236 tibi
602 1195 792 1237 Domine
806 1195 915 1246 Rex,
936 1201 980 1238 et

154 1204 260 1309 <fl
287 1250 551 1293 collaudabo
583 1256 628 1293 te
660 1252 805 1293 Deum
832 1252 977 1294 Salva-

154 1281 260 1333 &a
285 1309 429 1349 torem
447 1321 604 1349 meum.
635 1308 891 1351 Confitebor
904 1311 979 1351 no-

147 1363 254 1404 mini
272 1368 365 1405 tuo:
393 1365 601 1417 quoniam
621 1364 796 1417 adji'itor
816 1370 860 1407 et
878 1379 978 1419 pro-

146 1420 291 1462 tector
318 1420 459 1462 factus
488 1434 534 1463 es
560 1421 681 1471 mihi,
711 1427 755 1464 et
782 1422 979 1465 liberasti

147 1488 309 1529 corpus
335 1490 482 1519 meum
510 1490 535 1519 a
562 1478 830 1531 perditione,
862 1492 887 1520 a
919 1480 977 1521 la-

148 1545 262 1585 queo
298 1533 458 1585 linguae
494 1535 672 1588 iniquae,
709 1540 754 1577 et
789 1549 815 1577 a
850 1536 977 1579 labiis

146 1590 425 1642 operantium
442 1591 731 1642 mendacium,
754 1597 798 1634 et
815 1593 859 1634 in
878 1606 976 1635 con-

145 1647 300 1698 spectu
336 1648 572 1690 astantium
608 1649 751 1690 factus
789 1662 836 1691 es
868 1650 976 1692 mihi

145 1702 330 1755 adjutor.
357 1705 414 1747 Et
431 1704 629 1761 liberasti
647 1719 717 1747 me
733 1705 976 1749 secundum

144 1759 470 1803 multitudinem
495 1762 812 1804 misericordiae
840 1764 975 1805 nomi-

142 1816 209 1858 nis
228 1817 294 1859 tui
312 1830 338 1859 a
352 1818 623 1870 rugientibus
637 1821 902 1873 praeparatis
918 1821 974 1863 ad

143 1885 301 1924 escam,
324 1872 380 1916 de
399 1875 601 1917 manibus
621 1877 912 1928 quaerentium
933 1881 973 1920 a·

142 1930 305 1972 nimam
323 1942 476 1983 meam,
497 1937 540 1974 et
561 1931 616 1974 de
635 1933 777 1986 portis
794 1934 973 1977 tribula-

141 1986 312 2028 tionum
344 2001 443 2040 quae
476 1990 859 2033 circumdederunt
887 2005 974 2034 me:

143 2056 169 2084 a
186 2048 395 2096 pressura
409 2045 598 2088 flammae
619 2059 718 2100 quae
734 2048 974 2091 circumde-

144 2098 209 2141 dit
226 2113 309 2150 me,
333 2106 376 2143 et
398 2102 442 2143 in
466 2103 612 2145 medio
638 2104 750 2155 ignis
769 2118 857 2146 non
877 2119 974 2147 sum

144 2159 374 2200 aestuatus:
399 2158 455 2201 de
478 2159 709 2203 altitudine
728 2162 894 2204 ventris
913 2165 973 2204 in—

143 2213 241 2263 feri,
268 2218 311 2256 et
335 2227 360 2255 a
382 2214 530 2267 lingua
556 2218 854 2271 coinquinata,
880 2225 923 2262 et
948 2233 974 2262 a

143 2269 280 2311 verbo
299 2271 527 2323 mendacii,
547 2287 572 2316 a
590 2287 693 2326 rege
707 2275 870 2328 iniquO,
890 2281 934 2318 et
948 2290 973 2319 a

142 2326 290 2377 lingua
308 2327 477 2380 injusta.

195 2398 246 2449 R.
254 2395 409 2438 Levita
416 2397 676 2442 Laurentius
684 2401 851 2443 bonum
860 2415 972 2455 opus

144 2454 354 2505 operatus
379 2458 456 2504 est,
484 2456 559 2506 qui
583 2469 663 2509 per
689 2458 860 2508 signum
879 2471 972 2500 cru-

143 2509 205 2550 cis
225 2522 369 2551 caecos
388 2510 656 2563 illuminavit,
677 2515 700 2540 *
724 2514 781 2556 Et
799 2514 971 2557 thesau-

142 2577 217 2606 ros
261 2565 472 2608 Ecclesiae
519 2568 642 2610 dedit
694 2571 972 2623 pauperibus.

140 2616 191 2669 ΥΤ.
238 2622 477 2675 Dispersit,
519 2623 642 2667 dedit
685 2628 972 2680 pauperibus:

143 2678 304 2775 julsititila3
322 2680 414 2730 ejus
432 2686 580 2723 manet
598 2682 642 2723 in
664 2684 874 2725 saeculum
893 2688 971 2727 sae-

144 2747 168 2776 c
215 2735 240 2775 i.
305 2740 333 2777 t.

1801 206 1867 241 491

1351 316 1503 357 Lectio
1524 317 1563 357 ii.

1112 379 1295 421 audabit
1318 392 1459 432 usque
1484 379 1541 420 ad
1566 384 1755 421 mortem
1782 380 1867 421 ani-

1128 449 1200 478 ma
1217 449 1316 478 mea
1331 436 1581 486 Dominum,
1601 441 1645 478 et
1663 437 1754 478 vita
1771 450 1870 478 mea

1034 495 1397 547 appropinquans
1423 498 1516 534 erat
1539 493 1583 533 in
1607 493 1776 534 inferno
1797 493 1868 535 de-

1035 553 1196 592 orsum.
1232 548 1628 592 Circumdederunt
1651 563 1722 592 me
1745 550 1868 592 undi-

1034 620 1131 659 que,
1152 612 1196 649 et
1210 620 1299 648 non
1315 611 1410 648 erat
1430 606 1505 659 qui
1524 606 1760 659 adjuvaret.
1785 607 1868 648 Re-

1033 665 1224 717 spiciens
1256 677 1376 705 eram
1408 663 1465 705 ad
1497 662 1762 715 adjutorium
1781 663 1869 705 ·ho-

1032 721 1213 771 minum,
1247 725 1291 762 et
1323 733 1412 762 non
1447 725 1552 762 erat.
1597 720 1869 762 Memoratus

1033 791 1130 819 sum
1151 776 1468 819 misericordiae
1492 781 1581 818 tuae
1599 777 1801 827 Domine,
1826 782 1870 819 et

1034 834 1304 887 operationis
1314 839 1414 884 tuae,
1431 846 1529 886 quae
1541 846 1566 874 a
1578 833 1742 875 saeculo
1755 839 1869 875 sunt:

1035 891 1242 944 quoniam
1267 891 1383 932 eruis
1416 890 1683 932 sustinentes
1710 895 1755 932 te
1780 891 1867 932 Do-

1033 948 1165 998 mine,
1199 953 1243 990 et
1273 947 1434 990 liberas
1469 960 1546 989 eos
1580 946 1635 989 de
1667 948 1869 990 manibus

1033 1005 1238 1056 gentium.
1292 1004 1510 1046 Exaltasti
1543 1017 1677 1058 super
1705 1009 1869 1046 terram

1032 1061 1352 1104 habitationem
1375 1074 1529 1112 meam,
1555 1066 1598 1104 et
1622 1074 1706 1114 pro
1726 1066 1869 1103 morte

1034 1117 1256 1160 defluente
1276 1117 1541 1171 deprecatus
1561 1131 1669 1160 sum.

1086 1200 1138 1251 R.
1162 1197 1277 1238 Puer
1304 1209 1427 1238 meus
1456 1196 1547 1238 noli
1572 1197 1738 1247 timere,
1766 1197 1869 1249 quia

1034 1263 1123 1303 ego·
1140 1258 1286 1294 tecum
1312 1267 1426 1303 sum,
1455 1253 1562 1295 dicit
1586 1254 1820 1295 Dominus:
1844 1261 1867 1283 *

1032 1309 1078 1350 Si
1109 1311 1337 1351 transieris
1374 1323 1454 1362 per
1490 1310 1654 1361 ignem,
1692 1311 1868 1352 flamma

1032 1379 1121 1408 non
1139 1366 1318 1409 nocebit
1336 1366 1427 1416 tibi,
1455 1371 1498 1408 et
1518 1366 1630 1409 odor
1648 1368 1760 1418 ignis
1779 1380 1867 1409 non

1032 1424 1116 1465 erit
1133 1424 1178 1464 in
1197 1428 1253 1465 te.
1281 1423 1330 1475 V.
1349 1424 1573 1466 Liberabo
1593 1429 1637 1466 te
1658 1424 1713 1466 de
1734 1438 1867 1466 manu

1031 1480 1337 1533 pessimorum,
1360 1486 1404 1523 et
1424 1483 1573 1523 eruam
1596 1487 1640 1524 te
1661 1482 1716 1524 de
1735 1494 1867 1523 manu

1031 1537 1221 1579 fortium.
1249 1537 1304 1579 Si.

1335 1630 1488 1672 Lectio
1509 1630 1564 1671 iii.

1076 1699 1264 1741 nvocavi
1293 1699 1533 1741 Dominum
1565 1700 1744 1742 Patrem
1776 1701 1863 1742 Do-

1093 1756 1198 1796 mini
1217 1757 1314 1805 mei,
1334 1761 1383 1798 ut
1398 1769 1487 1798 non
1503 1757 1779 1809 derelinquat
1794 1770 1864 1799 me

1027 1813 1072 1854 in
1088 1812 1160 1854 die
1178 1812 1475 1855 tribulationis
1489 1827 1612 1864 meae,
1633 1819 1676 1855 et
1694 1814 1738 1854 in
1758 1816 1863 1856 tem-

1027 1882 1138 1922 pore
1175 1870 1472 1923 superborum
1507 1871 1599 1912 sine
1633 1870 1863 1923 adjutorio.

1027 1925 1243 1968 Laudabo
1270 1939 1431 1968 nomen
1457 1932 1581 1968 tuum
1606 1927 1794 1978 assidue,
1821 1934 1864 1971 et

1028 1982 1294 2025 collaudabo
1314 1983 1423 2025 illud
1440 1984 1484 2024 in
1504 1984 1794 2034 confessione,
1820 1991 1864 2027 et

1028 2039 1236 2082 exaudita
1261 2045 1329 2082 est
1355 2041 1497 2083 oratio
1523 2054 1631 2083 mea.
1676 2041 1735 2084 Et
1757 2041 1862 2084 libe-

1026 2097 1135 2138 rasti
1153 2109 1224 2138 me
1244 2096 1299 2138 de
1319 2097 1580 2149 perditione,
1601 2102 1644 2140 et
1664 2098 1862 2151 eripuisti

1026 2166 1096 2195 me
1114 2152 1177 2194 >de
1201 2155 1402 2206 tempore
1421 2154 1583 2206 iniquo.
1616 2155 1861 2208 Propterea

1027 2209 1290 2260 confitebor,
1322 2215 1366 2252 et
1393 2210 1570 2253 laudem
1598 2211 1743 2253 dicam
1770 2213 1860 2264 tibi,

1027 2270 1071 2308 et
1088 2265 1349 2308 benedicam
1367 2267 1533 2309 nomini
1550 2269 1740 2310 Domini.

1081 2350 1131 2401 R.
1146 2348 1424 2391 Strinxerunt
1444 2351 1645 2404 corporis
1662 2351 1860 2394 membra

1025 2404 1172 2457 posita
1183 2418 1316 2458 super
1330 2407 1600 2449 craticulam:
1615 2408 1858 2450 ministran-

1024 2460 1142 2503 tibus
1168 2474 1332 2514 prunas
1356 2463 1538 2507 insultat
1559 2464 1716 2506 Levita
1741 2465 1859 2506 Chri-

1028 2518 1098 2559 sti:
1116 2521 1138 2545 *
1158 2519 1296 2561 Beate
1315 2520 1534 2572 Laurenti,
1552 2522 1720 2573 Martyr
1740 2521 1858 2562 Chri-

1026 2575 1099 2625 sti,
1131 2575 1357 2619 intercede
1384 2591 1467 2631 pro
1500 2578 1641 2621 nobis
1680 2572 1728 2624 V.
1759 2578 1858 2620 Mea

1023 2644 1113 2672 nox
1142 2632 1381 2675 obscurum
1407 2648 1495 2676 non
1523 2635 1672 2685 habet,
1704 2634 1785 2676 sed
1813 2636 1856 2675 ό-

1023 2688 1141 2729 mnia
1176 2688 1221 2729 in
1261 2689 1358 2732 luce
1396 2687 1654 2733 clarescunt.
1707 2691 1856 2733 Beate.

1025 2744 1179 2786 Gloria
1206 2745 1338 2788 Patri.
1374 2748 1524 2790 Beate.
