2040 2976
766 186 937 221 Sabbato
964 188 1013 221 ad
1036 188 1243 231 Vesperas.

147 283 283 335 opera
309 286 399 323 tua:
422 282 446 308 *
470 286 515 323 et
542 282 684 324 sancti
710 283 774 324 tui
801 283 977 326 benedi-

145 343 248 380 cant
269 337 359 380 tibi.

198 394 395 436 Gloriam
413 395 537 446 regni
553 394 618 436 tui
637 394 797 437 dicent:
808 396 832 422 *
843 401 888 438 et
900 409 976 449 po-

145 451 327 493 tentiam
344 456 466 493 tuam
483 451 733 503 loquentur:

196 508 256 550 Ut
274 512 426 550 notam
449 508 612 549 faciant
631 507 731 549 filiis
751 508 978 550 hominum

143 565 389 616 potentiam
412 569 548 606 tuam:
567 564 591 590 *
612 568 656 606 et
678 564 865 616 gloriam
889 579 975 607 ma-

143 621 407 671 gnificentiae
426 621 549 672 regni
566 621 641 662 tui.

196 678 398 729 Regnum
421 682 545 719 tuum
573 690 756 728 regnum
782 679 976 720 omnium

144 733 420 775 saeculorum:
439 734 464 760 *
488 738 531 776 et
559 733 801 776 dominatio
830 740 905 776 tua
931 736 975 776 in

144 790 263 831 omni
278 791 561 841 generatione
577 795 621 832 et
634 792 975 842 generationem.

193 846 356 888 Fidelis
370 847 587 888 Dominus
602 847 646 887 in
662 847 865 890 omnibus
882 862 974 890 ver-

141 902 210 944 bis
235 904 339 945 suis:
362 904 386 930 *
410 909 454 946 et
487 908 665 945 sanctus
696 905 741 945 in
771 905 974 947 omnibus

142 960 350 1012 operibus
370 961 471 1002 suis.

193 1016 369 1059 Allevat
378 1017 595 1058 Dominus
613 1029 766 1059 omnes
786 1018 861 1070 qui
880 1021 972 1060 cor-

141 1078 285 1114 ruunt:
304 1073 328 1099 *
348 1078 392 1115 et
412 1074 538 1124 erigit
558 1086 711 1115 omnes
731 1074 875 1116 elisos.

193 1129 320 1171 Oculi
341 1130 535 1171 omnium
558 1130 602 1170 in
621 1134 666 1172 te
685 1136 866 1183 sperant
883 1132 971 1173 Do-

139 1185 269 1227 mine:
288 1186 312 1212 *
332 1190 377 1228 et
395 1191 444 1228 tu
464 1186 543 1228 das
564 1199 712 1228 escam
736 1187 910 1228 illorum
929 1189 972 1229 in

138 1243 339 1295 tempore
359 1247 625 1296 opportano.

190 1298 351 1352 Aperis
372 1304 421 1341 tu
438 1312 617 1341 manum
635 1305 770 1342 tuam:
790 1302 813 1328 *
834 1307 878 1343 et
897 1303 970 1343 im-

138 1354 235 1406 ples
255 1368 385 1397 omne
405 1356 565 1396 animal
583 1356 902 1400 benedictione.

191 1411 342 1453 Justus
360 1412 576 1454 Dominus
600 1413 643 1454 in
668 1414 871 1456 omnibus
889 1416 971 1457 viis

139 1467 244 1509 suis:
262 1468 286 1494 *
306 1473 350 1510 et
373 1473 550 1510 sanctus
573 1470 618 1510 in
642 1470 844 1513 omnibus
869 1474 970 1524 ope-

139 1523 259 1566 ribus
279 1525 381 1566 suis.

183 1581 335 1636 Prope
356 1585 423 1623 est
439 1582 658 1624 Dominus
683 1584 886 1626 omnibus
910 1585 969 1625 in-

138 1637 400 1680 vocantibus
429 1651 543 1680 eum:
570 1639 594 1665 *
620 1639 823 1682 omnibus
850 1641 969 1683 invo-

139 1693 340 1735 cantibus
360 1707 460 1736 eum
478 1695 523 1735 in
541 1696 739 1738 veritate.

189 1750 479 1793 Voluntatem
497 1752 743 1794 timentium
762 1766 810 1795 se
825 1753 970 1796 faciet:

138 1805 163 1831 *
191 1811 236 1848 et
264 1806 623 1860 deprecationem
656 1811 809 1851 eorum
841 1814 969 1852 exau-

140 1861 246 1904 diet:
264 1867 308 1905 et
328 1863 475 1906 salvos
494 1864 627 1906 faciet
647 1878 735 1907 eos.

193 1919 396 1962 Custodit
427 1921 644 1963 Dominus
683 1928 836 1964 omnes
877 1923 969 1964 dili-

139 1977 293 2027 gentes
321 1990 383 2019 se:
405 1978 430 2003 *
455 1982 499 2019 et
528 1990 681 2020 omnes
709 1982 970 2032 peccatores

139 2031 377 2085 disperdet.
633 2037 635 2039 ’

190 2088 510 2132 Laudationem
546 2091 724 2134 Domini
764 2092 970 2144 loquetur

140 2156 191 2185 os
226 2158 387 2187 meum:
418 2146 442 2172 *
477 2151 521 2188 et
558 2147 793 2190 benedicat
828 2150 970 2191 omnis

140 2213 243 2241 caro
270 2202 436 2243 nomini
464 2208 618 2245 sancto
647 2205 738 2256 ejus
765 2205 809 2245 in
834 2207 968 2247 saecu-

139 2256 239 2307 lum,
259 2261 303 2299 et
321 2257 367 2298 in
385 2259 597 2300 saeculum
615 2261 777 2302 saeculi.

199 2311 300 2350 Ant.
332 2312 415 2355 Per
446 2316 641 2366 singulos
671 2316 764 2358 dies
792 2317 968 2360 benedi-

140 2381 237 2410 cam
255 2373 300 2411 te
318 2369 519 2412 Domine.

193 2424 292 2478 Ant.
320 2425 548 2469 Laudabo.

404 2482 604 2522 Psalmus
624 2483 710 2522 145.

208 2537 322 2579 auda
341 2539 485 2580 anima
501 2552 600 2581 mea
613 2540 861 2592 Dominum,
880 2543 967 2584 lau-

235 2593 352 2636 dabo
371 2595 610 2637 Dominum
632 2597 676 2637 in
700 2598 789 2639 vita
811 2611 925 2641 mea:
944 2600 968 2626 *

138 2650 325 2701 psallam
342 2651 439 2693 Deo
459 2664 558 2693 meo
580 2653 788 2704 quamdiu
807 2654 942 2697 fuero.

190 2706 339 2749 Nolite
364 2708 588 2751 confidere
615 2709 659 2749 in
682 2710 968 2763 principibus:

1799 188 1862 224 123

1030 284 1054 310 *
1073 284 1117 324 in
1136 283 1236 325 filiis
1260 283 1499 334 hominum,
1523 285 1567 325 in
1591 285 1750 338 quibus
1772 298 1861 327 non

1031 345 1098 382 est
1118 340 1246 382 salus.

1081 396 1232 439 Exibit
1245 397 1425 450 spiritus
1437 399 1537 450 ejus,
1558 403 1602 440 et
1617 400 1862 440 revertetur

1029 453 1074 494 in
1101 458 1265 496 terram
1293 467 1430 495 suam:
1450 455 1537 495 *in
1564 455 1638 496 illa
1666 455 1737 496 die
1763 468 1860 508 per-

1030 510 1155 552 ibunt
1175 523 1328 552 omnes
1348 511 1638 562 cogitationes
1657 514 1821 553 eorum.

1082 568 1265 617 Beatus,
1294 568 1415 619 cujus
1433 568 1556 609 Deus
1579 568 1717 609 Jacob
1743 568 1860 620 adju-

1028 628 1100 665 tor
1120 625 1226 676 ejus,
1251 637 1354 676 spes
1375 624 1465 675 ejus
1488 625 1533 664 in
1550 625 1742 666 Domino
1762 625 1860 674 Deo

1029 681 1215 733 ipsius:*
1231 681 1305 733 qui
1318 680 1422 722 fecit
1441 681 1603 722 coelum
1623 686 1667 723 et
1685 686 1860 731 terram,

1028 750 1159 788 mare,
1179 742 1223 779 et
1243 737 1400 787 omnia,
1422 750 1520 790 quae
1539 738 1583 778 in
1603 739 1665 780 eis
1686 743 1796 779 sunt.

1082 795 1166 844 Qui
1192 793 1386 835 custodit
1407 794 1639 836 veritatem
1662 795 1705 835 in
1726 798 1859 838 saecu-

1028 850 1128 900 lum,
1143 851 1248 892 facit
1262 850 1470 902 judicium
1484 851 1685 903 injuriam
1694 853 1859 904 patien-

1027 906 1161 949 tibus:
1181 907 1204 933 *
1225 906 1301 948 dat
1321 920 1469 948 escam
1489 908 1792 949 esurientibus.

1078 964 1296 1005 Dominus
1335 963 1468 1005 solvit
1505 964 1799 1017 compeditos:
1836 967 1859 992 *

1026 1021 1241 1062 Dominus
1260 1020 1474 1062 illaminat
1493 1034 1648 1062 caecos.

1078 1077 1295 1118 Dominus
1325 1077 1452 1128 erigit
1480 1077 1631 1127 elisos,
1659 1078 1683 1103 *
1711 1078 1858 1119 Domi-

1026 1147 1108 1175 nus
1128 1133 1269 1185 diligit
1293 1134 1443 1185 justos.

1077 1191 1294 1231 Dominus
1320 1189 1516 1232 custodit
1542 1189 1753 1240 advenas,
1781 1205 1857 1244 pu-

1025 1246 1179 1299 pillum
1213 1251 1256 1288 et
1289 1246 1467 1288 viduam
1500 1247 1726 1299 suscipiet:
1758 1248 1781 1273 *
1814 1253 1858 1289 et

1025 1303 1117 1343 vias
1137 1305 1423 1355 peccatorum
1443 1302 1679 1355 disperdet.

1077 1359 1298 1410 Regnabit
1342 1359 1559 1400 Dominus
1604 1359 1648 1399 in
1695 1361 1857 1401 saecula

1024 1415 1146 1457 Deus
1165 1420 1266 1457 tuus
1286 1416 1401 1466 Sion,
1421 1416 1445 1441 *
1464 1416 1508 1456 in
1528 1416 1855 1467 generationem

1025 1477 1069 1514 et
1088 1473 1427 1524 generationem.

1079 1532 1181 1572 Ant.
1227 1528 1440 1570 Laudabo
1468 1529 1613 1570 Deum
1639 1541 1786 1570 meum
1812 1530 1855 1570 in

1025 1586 1115 1627 vita
1133 1599 1242 1628 mea.

1083 1640 1183 1685 Ant.
1207 1645 1303 1685 Deo
1328 1646 1493 1683 nostro.
1598 1673 1603 1677 .

1288 1696 1490 1737 Psalmus
1510 1697 1597 1736 146.

1027 1746 1255 1852 Laudate
1279 1755 1518 1797 Dominum
1544 1756 1751 1807 quoniam
1779 1756 1854 1798 bo-

1115 1825 1197 1853 nus
1217 1817 1285 1854 est
1304 1811 1515 1865 psalmus:
1533 1811 1557 1837 *
1576 1811 1674 1853 Deo
1699 1818 1854 1854 nostro

1024 1869 1080 1910 sit
1098 1868 1298 1921 jucunda,
1318 1868 1569 1920 decoraque
1587 1868 1795 1910 laudatio.

1075 1924 1320 1967 AEdificans
1347 1924 1591 1966 Jerusalem
1622 1925 1854 1966 Dominus:

1023 1981 1047 2007 *
1059 1981 1356 2034 dispersiones
1366 1981 1542 2022 Israelis
1557 1982 1854 2032 congregabit.

1076 2038 1161 2088 Qui
1189 2042 1317 2079 sanat
1346 2039 1559 2079 contritos
1588 2037 1737 2080 corde:
1761 2039 1784 2064 *
1810 2043 1853 2080 ct

1024 2093 1173 2145 alligat
1193 2094 1479 2136 contritiones
1500 2096 1662 2135 eorum.

1076 2151 1161 2200 Qui
1184 2153 1385 2192 mimerat
1407 2150 1735 2192 multitadinem
1754 2151 1852 2192 stel-

1022 2205 1177 2247 larum:
1204 2207 1228 2233 *
1257 2211 1301 2248 et
1338 2206 1542 2248 omnibus
1579 2207 1648 2248 eis'
1676 2207 1853 2248 nomina

1022 2267 1164 2304 vocat.

1073 2319 1260 2370 Magnus
1279 2319 1497 2360 Dominus
1516 2324 1681 2370 noster,
1702 2325 1746 2362 et
1765 2333 1851 2361 ma-

1021 2388 1108 2426 gna
1125 2376 1264 2417 virtus
1285 2376 1390 2427 ejus:
1409 2376 1432 2402 *
1453 2380 1497 2418 et
1515 2377 1742 2429 sapientiae
1762 2378 1852 2429 ejus

1021 2444 1110 2473 non
1130 2436 1198 2474 est
1219 2435 1437 2474 numerus.

1073 2488 1326 2541 Suscipiens
1349 2490 1603 2530 mansuetos
1622 2489 1852 2530 Dominus:

1022 2544 1046 2570 *
1069 2544 1302 2586 humilians
1327 2549 1474 2587 autem
1500 2547 1759 2597 peccatores
1783 2557 1850 2585 us-

1023 2613 1108 2653 que
1128 2601 1185 2642 ad
1203 2606 1376 2643 terram.

1073 2658 1305 2699 Praecinite
1327 2658 1522 2699 Domino
1547 2658 1591 2698 in
1617 2657 1850 2698 confessio-

1021 2726 1091 2755 ne:
1102 2714 1126 2739 *
1137 2714 1312 2766 psallite
1321 2715 1419 2755 Deo
1438 2718 1590 2755 nostro
1610 2714 1653 2753 in
1673 2712 1850 2754 cithara.
