2040 2976
642 229 745 264 Ordo
770 229 1124 264 Commendationis
1148 229 1309 263 Animae.

137 327 298 369 Omnes
314 327 453 368 sancti
465 325 668 368 Monachi
682 330 725 367 et
738 325 953 373 Eremstae,

818 382 952 422 orate.

134 439 292 481 Sancta
310 438 446 480 Maria
463 438 731 490 Magdalena‚
865 449 953 478 ora.

134 495 292 537 Sancta
308 495 453 546 Lucia,
865 506 953 535 ora.

135 552 297 594 Omnes
316 556 479 594 sanctae
498 551 700 602 Virgines
723 556 766 593 et
783 549 954 599 Viduae,

818 609 953 648 orate.

136 664 298 706 Omnes
325 664 471 706 Sancti
499 669 542 706 et
568 664 740 706 Sanctae
766 663 865 714 Dei,
893 663 952 703 in-

184 720 394 762 tercedite
412 733 493 773 pro
514 733 578 762 eo.

133 777 353 830 Propitius
372 781 478 827 esto,
497 789 629 829 parce
649 777 688 818 ei
705 777 903 819 Domine.

134 833 353 886 Propitius
370 838 475 883 esto,
490 833 627 875 libera
641 846 739 875 eum
754 833 953 875 Domine.

133 889 354 942 Propitius
374 894 481 939 esto,
805 889 952 931 libera.

133 945 203 987 Ab
222 946 286 987 ira
303 950 389 995 tua,
805 945 953 987 libera.

134 1003 175 1042 A
192 1002 387 1055 periculo
406 1001 569 1052 11101115,
805 1002 953 1043 libera.

133 1059 174 1100 A
193 1058 306 1099 mala
324 1062 476 1108 morte,
806 1058 953 1101 libera.

134 1115 174 1156 A
192 1115 336 1168 poenis
355 1115 519 1165 inferni,
805 1115 952 1157 libera.

133 1171 203 1213 Ab
223 1171 340 1213 omni
357 1171 483 1221 malo,
805 1171 953 1213 libera.

132 1229 173 1270 A
192 1229 414 1281 potestate
433 1227 608 1278 diaboli,
805 1228 952 1270 libera.

132 1285 216 1326 Per
234 1284 505 1325 nativitatem
522 1288 652 1333 tuam,
806 1283 951 1326 libera.

132 1341 216 1383 Per
235 1353 408 1382 crucem
427 1344 471 1381 et
487 1340 737 1392 passionem
755 1344 886 1391 tuam,
907 1340 952 1381 li-

185 1397 290 1439 bera
308 1410 406 1439 eum
424 1397 621 1438 Domine.

133 1454 216 1496 Per
233 1458 418 1495 mortem
437 1459 481 1495 et
499 1453 767 1506 sepulturam
785 1458 914 1503 tuam,

806 1509 953 1551 libera.

133 1566 216 1608 Per
241 1565 478 1617 gloriosam
501 1566 863 1607 resurrectionem
890 1570 952 1607 tu-

183 1635 263 1672 am,
805 1621 953 1664 libera.

132 1679 217 1720 Per
241 1677 540 1720 admirabilem
565 1678 865 1720 ascensionem
889 1682 952 1719 tu-

184 1747 264 1786 am,
805 1733 953 1776 libera.

133 1791 218 1833 Per
243 1791 427 1842 gratiam
451 1791 636 1844 Spiritus
663 1791 801 1833 sancti
824 1791 952 1832 Para-

184 1846 284 1898 cliti,
303 1847 440 1889 libera
459 1860 558 1889 eum
577 1847 774 1890 Domine.

134 1904 184 1944 In
206 1903 276 1946 die
294 1903 450 1956 judicii,

132 1959 405 2010 Peccatores,
423 1965 467 2002 te
485 1962 688 2011 rogamus
708 1959 810 2002 audi
827 1972 918 2001 1105.

134 2015 193 2057 Ut
212 2016 252 2057 ei
269 2028 436 2068 parcaS,
454 2020 499 2057 te
515 2018 731 2067 rogamus.

134 2072 270 2125 Kyrie
285 2072 459 2114 eleison.
483 2071 652 2114 Christe
667 2071 841 2113 eleison.
864 2071 952 2123 Ky-

185 2129 246 2170 rie
267 2128 441 2171 eleison.

805 1903 952 1946 libera.

189 2199 355 2238 Deinde,
391 2209 476 2233 eum
507 2200 546 2233 in
580 2209 701 2242 agone
739 2200 797 2233 sui
829 2200 954 2233 exitus

85 2246 88 2250 ’
136 2246 263 2329 {nima
302 2247 496 2289 anxiatur,
536 2247 712 2282 dicuntur
750 2252 953 2291 sequentes

170 2299 348 2329 rationes,

469 2346 630 2388 Oratio.

218 2409 466 2451 roficiscere
485 2410 627 2451 anima
645 2409 881 2451 christiana
900 2409 954 2451 de

230 2465 314 2507 hoc
331 2466 506 2516 mundo,
525 2466 568 2507 in
586 2466 760 2508 nomine
779 2466 862 2507 Dei
876 2466 954 2507 Pa-

137 2523 217 2564 tris
245 2523 571 2575 omnipotentis,
605 2523 678 2575 qui
705 2527 749 2564 te
776 2523 954 2564 creavit:

137 2579 181 2619 in
214 2578 388 2620 nomine
418 2579 522 2620 Jesu
555 2578 713 2620 Christi
744 2579 841 2619 Filii
873 2578 955 2620 Dei

136 2635 238 2684 vivi,
267 2635 340 2687 qui
362 2648 444 2687 pro
467 2640 511 2676 te
529 2648 685 2687 passus
705 2640 785 2676 est:
813 2636 856 2676 in
881 2637 954 2677 110-

137 2692 252 2733 1111110
266 2692 449 2744 Spiritus
469 2692 616 2741 5311011,
637 2692 710 2744 qui
728 2692 772 2732 in
789 2697 833 2733 te
852 2691 954 2733 effu-

138 2761 211 2790 sus
236 2753 316 2791 est:
347 2748 391 2788 in
418 2748 590 2790 nomine
616 2748 884 2799 Angelorum
912 2753 955 2790 et

1732 221 1828 265 [189]

1006 322 1396 373 Archangelorum:
1423 322 1467 362 in
1491 321 1666 363 nomine
1691 319 1828 360 Thro-

1004 381 1160 420 norum
1194 383 1237 420 et
1268 378 1641 419 Dominationum:
1680 377 1724 417 in
1755 377 1830 417 no-

1004 436 1119 476 mine
1132 435 1464 487 Principatuum
1484 439 1527 476 et
1540 434 1831 475 Potestatum:

1004 492 1049 533 in
1071 491 1246 533 nomine
1267 490 1502 533 Cherubim
1526 494 1570 532 et
1588 489 1831 542 seraphim:

1006 548 1050 589 in
1074 548 1249 589 nomine
1274 547 1627 588 Patriarcharum
1657 550 1701 587 et
1726 546 1828 587 Pro-

1004 603 1251 657 phetarum:
1287 603 1331 644 in
1366 603 1541 644 nomine
1578 604 1830 644 sanctorum

1006 660 1325 714 Apostolorum
1361 664 1406 700 et
1437 659 1831 709 Evangelistarum:

1005 718 1050 759 in
1066 717 1240 759 nomine
1260 718 1511 757 sanctorum
1529 713 1768 767 Martyrum
1787 719 1830 756 et

1007 773 1335 816 Confessorum:
1370 772 1414 812 in
1450 772 1625 813 nomine
1663 773 1830 812 sancto-

1005 844 1102 872 rum
1119 828 1437 871 Monachorum
1462 832 1505 870 et
1524 828 1830 869 Eremitarum:

1005 888 1049 928 in
1066 887 1241 929 nomine
1259 887 1509 928 sanctarum
1527 885 1767 935 Virginum‚
1788 890 1831 926 et

1007 944 1198 985 omnium
1223 943 1482 984 Sanctorum
1508 946 1551 983 et
1574 941 1828 982 Sanctarum

1006 1001 1102 1042 Dei:
1130 999 1264 1041 hodie
1288 999 1344 1041 sit
1368 998 1413 1039 in
1438 1011 1548 1051 pace
1570 997 1694 1038 locus
1718 1002 1829 1046 tuus,

1007 1062 1050 1098 et
1088 1056 1301 1098 habitatio
1338 1060 1413 1097 tua
1448 1055 1492 1095 in
1529 1058 1680 1095 sancta
1715 1053 1829 1095 Sion.

1005 1114 1089 1155 Per
1118 1112 1319 1155 eumdem
1348 1111 1569 1153 Christum
1592 1110 1829 1152 Dominum

1006 1175 1212 1211 nostrum.
1242 1171 1293 1222 R.
1310 1169 1462 1210 Amen.

1338 1253 1500 1294 Oratio.

1096 1330 1172 1359 eus
1195 1317 1458 1366 misericorS,
1484 1317 1605 1358 Deus
1629 1316 1830 1365 clemens,

1111 1374 1247 1423 Deus,
1277 1374 1350 1426 qui
1377 1373 1618 1415 secundum
1642 1371 1829 1414 multitu-

1007 1429 1152 1472 dinem
1177 1430 1503 1472 miserationum
1530 1431 1704 1471 tuarum
1730 1441 1828 1480 pec-

1008 1489 1105 1528 cata
1135 1486 1441 1540 poenitentium
1473 1485 1611 1535 deles,
1645 1489 1688 1526 et
1719 1497 1828 1537 prae-

1005 1544 1236 1585 teritorum
1267 1543 1495 1585 criminum
1525 1542 1676 1595 culpas
1705 1541 1831 1583 venia

1006 1600 1274 1642 remissionis
1303 1602 1504 1642 evacuas:
1532 1599 1703 1651 respice
1731 1610 1830 1651 pro-

1006 1657 1139 1709 pitius
1168 1669 1300 1709 super
1331 1656 1446 1698 hunc
1474 1655 1681 1697 famulum
1708 1659 1831 1696 tuum

1008 1716 1049 1757 N
1052 1745 1072 1763 .‚
1091 1717 1134 1755 et
1150 1712 1452 1755 remissionem
1471 1712 1662 1754 omnium
1679 1724 1831 1764 pecca-

1005 1772 1153 1812 torum
1176 1771 1355 1811 suorum
1378 1773 1473 1811 tota
1496 1768 1643 1810 cordis
1663 1767 1829 1809 confes-

1007 1826 1129 1868 sione
1166 1827 1423 1878 poscentem
1460 1825 1722 1878 deprecatus
1761 1836 1830 1865 ex·
1878 1831 1879 1836 ’

1007 1882 1119 1924 audi.
1160 1883 1343 1924 Renova
1367 1882 1410 1922 in
1437 1894 1506 1931 eo,
1532 1881 1728 1933 piissime
1752 1880 1830 1920 Pa-

1006 1943 1093 1989 ter,
1139 1937 1354 1991 quidquid
1389 1939 1563 1980 terrena
1597 1936 1831 1988 fragilitate

1007 1997 1273 2047 corruptum,
1292 1994 1362 2036 vel
1383 1993 1596 2047 quidquid
1615 1992 1832 2035 diabolica

1007 2050 1160 2093 fraude
1177 2050 1389 2092 violatum
1407 2055 1487 2092 est:
1506 2055 1551 2092 et
1569 2050 1725 2091 unitati
1739 2051 1830 2091 cor-

1006 2107 1127 2160 poris
1153 2107 1363 2148 Ecclesiae
1390 2106 1634 2148 membrum
1665 2105 1830 2148 redem-

1006 2163 1169 2216 ptionis
1187 2165 1381 2205 annecte.
1416 2163 1625 2204 Miserere
1642 2163 1830 2204 Domine

1006 2222 1262 2271 gemituum,
1305 2219 1511 2261 miserere
1554 2219 1831 2261 lacrimarum

1007 2277 1112 2329 ejus:
1149 2280 1193 2318 et
1224 2289 1312 2318 non
1345 2275 1578 2318 habentem
1609 2275 1830 2325 fiduciam,

1006 2333 1090 2374 nisi
1122 2333 1167 2373 in
1198 2337 1274 2374 tua
1305 2332 1620 2383 misericordia,
1639 2332 1711 2374 »ad
1742 2336 1830 2373 tuae

1007 2390 1325 2430 sacramentum
1360 2388 1724 2431 reconciliationis
1758 2387 1829 2430 ad-

1007 2448 1140 2487 mitte.
1164 2446 1248 2488 Per
1268 2445 1486 2488 Christum
1500 2445 1737 2487 Dominum
1755 2457 1828 2486 no-

1008 2506 1155 2543 strum.
1184 2503 1234 2554 Rv.
1252 2502 1403 2544 Amen.

1010 2575 1318 2683 Commendo
1341 2586 1386 2623 te
1409 2580 1698 2633 omnipotenti
1721 2579 1830 2628 Deo,

1098 2637 1319 2679 carissime
1343 2637 1490 2687 frater,
1516 2641 1559 2678 et
1579 2636 1617 2678 ei
1642 2636 1762 2687 cujus
1782 2647 1828 2676 es

1008 2696 1206 2734 creatura
1227 2696 1468 2735 committo:
1486 2697 1545 2742 ut,
1564 2705 1663 2733 cum
1681 2691 1828 2733 huma-

1006 2749 1155 2791 nitatis
1173 2749 1368 2792 debitum
1386 2753 1526 2791 morte
1543 2747 1827 2789 intervenien-
