2040 2976
200 205 270 250 [14]

201 305 362 344 ruinas:
398 302 423 327 *
460 301 774 355 conquassabit
808 302 953 355 capita
987 303 1029 343 in

202 365 319 402 terra
336 358 585 400 multorum.

251 417 320 458 De
344 417 540 457 torrente
564 415 608 456 in
634 415 703 456 via
724 414 863 457 bibet:
880 415 905 441 *
931 428 1029 468 pro-

201 475 354 526 pterea
374 472 584 514 exaltabit
603 476 746 525 caput.

252 532 352 570 Ant.
396 529 566 571 Juravit
596 529 831 579 Dominus,
867 533 911 570 et
942 541 1029 570 non

201 585 434 639 poenitebit
453 599 566 628 eum:
595 586 668 627 Tu·
688 598 735 628 es
760 585 968 627 sacerdos
987 585 1030 626 in

202 644 425 684 aeternum.

254 702 353 741 Ant.
395 699 595 742 Collocet
627 713 727 742 eum
758 700 782 726 *
814 700 1030 741 Dominus

202 769 302 799 cum
320 755 593 809 principibus
612 756 765 810 populi
784 756 860 797 sui.

464 817 663 857 Psalmus
683 818 760 857 112.

253 870 413 912 audate
445 870 572 923 pueri
604 870 856 911 Dominum:
886 870 911 895 *
941 869 1030 910 lau-

306 927 407 969 date
425 939 586 968 nomen
604 927 793 968 Domini.

252 984 317 1026 Sit
334 996 493 1025 nomen
507 983 686 1025 Domini
704 983 996 1034 benedictum,
1006 982 1030 1008 *

201 1054 255 1083 ex
273 1040 359 1082 hoc
378 1053 503 1090 nunc,
525 1045 569 1082 et
587 1053 727 1093 usque
744 1040 789 1081 in
809 1039 1030 1081 saeculum.

251 1098 293 1139 A
313 1097 419 1139 solis
436 1102 536 1138 ortu
551 1096 763 1149 usquead
778 1099 995 1146 occasum,
1005 1096 1029 1122 *

200 1154 419 1196 laudabile
439 1166 599 1195 nomen
618 1153 807 1194 Domini.

252 1211 463 1252 Excelsus
504 1223 636 1263 super
673 1223 826 1252 omnes
863 1210 1029 1252 Gentes

199 1268 431 1317 DominuS,
450 1267 474 1293 *
502 1272 546 1309 et
573 1280 706 1320 super
726 1267 865 1309 coelos
889 1267 1029 1318 gloria

201 1338 302 1377 ejus.

252 1382 359 1432 Quis
374 1381 486 1423 sieut
500 1381 715 1422 Dominus
730 1381 852 1423 Deus
867 1385 1028 1431 noster,

201 1439 275 1491 qui
293 1438 336 1479 in
355 1438 455 1479 altis
474 1437 653 1488 habitat,
668 1438 691 1463 *
712 1442 756 1480 et
770 1437 950 1479 humilia
964 1439 1028 1479 re-

201 1495 329 1548 spicit
345 1495 389 1535 in
409 1494 523 1536 coelo
545 1499 588 1536 et
607 1495 650 1535 in
669 1493 811 1536 terra?

251 1552 476 1594 Suscitans
507 1565 533 1593 a
563 1556 682 1593 terra
713 1554 907 1605 inopem,
932 1552 956 1578 *
985 1556 1029 1594 et

200 1609 255 1651 de
275 1610 470 1650 stercore
490 1609 661 1660 erigens
679 1612 936 1662 pauperem:

253 1666 313 1708 Ut
341 1665 529 1707 collocet
558 1678 657 1707 eum
690 1678 791 1707 cum
823 1666 1027 1719 principi-

199 1722 296 1773 bus,
316 1723 340 1748 *
369 1735 467 1764 cum
486 1722 760 1775 principibus
779 1722 933 1775 populi
951 1723 1028 1764 sui.

251 1779 336 1829 Qui
354 1778 550 1821 habitare
568 1779 671 1821 facit
686 1778 880 1821 sterilem
894 1779 938 1820 in
953 1779 1027 1821 do-

199 1848 283 1886 mo,
302 1836 326 1862 *
353 1841 538 1878 matrem
555 1836 746 1877 filiorum
763 1835 997 1878 laetantem.

253 1893 350 1932 Ant.
371 1892 569 1935 Collocet
583 1906 683 1935 eum
697 1893 914 1935 Dominus
929 1894 1028 1942 etim

199 1948 469 2001 principibus
488 1949 643 2003 populi
662 1950 739 1991 sui.

254 2004 351 2045 Ant.
363 2005 580 2059 Dirupisti
589 2007 687 2048 Dfie
697 2007 721 2032 *
731 2006 904 2048 vincula
917 2019 1029 2048 mea:

201 2060 279 2102 tibi
299 2062 555 2105 sacrificabo
574 2063 764 2105 hostiam
782 2063 934 2105 laudis

463 2120 661 2161 Psalmus
681 2122 761 2162 115.

203 2168 435 2276 Credidi,
479 2180 663 2228 propter
700 2176 821 2228 quod
855 2176 1030 2218 locutus

298 2231 458 2295 sumn*
493 2235 591 2282 ego‘x
603 2237 750 2274 autem
777 2232 1030 2274 humiliatus

203 2299 300 2328 sum
322 2299 461 2327 n1m1s.

253 2343 349 2394 Ego
362 2342 452 2384 dixi
466 2344 510 2384 in
521 2346 705 2386 excessu
718 2346 864 2387 meoz*
875 2345 1030 2387 Omnis

202 2398 336 2441 homo
355 2399 556 2441 mendax.

255 2455 371 2506 Quid
398 2456 637 2498 retribuam
663 2457 871 2508 Domino,
896 2459 920 2484 *
947 2471 1030 2511 pro

203 2511 416 2562 omnibus,
445 2526 544 2565 quae
563 2513 764 2555 retribuit
782 2514 909 2555 mihi?

257 2569 449 2611 Calicem
469 2569 671 2610 salutaris
690 2571 916 2622 accipiam:
940 2572 963 2598 *
987 2577 1032 2614 et

203 2639 362 2668 nomen
381 2626 561 2667 Domini
579 2626 807 2668 invocabo.

255 2683 373 2724 Vota
400 2695 499 2724 mea
526 2683 716 2724 Domino
746 2683 929 2725 reddam
962 2697 1031 2726 co-

204 2753 297 2782 ram
322 2739 441 2780 omni
466 2739 633 2793 populo
659 2741 765 2791 ejus:
790 2740 813 2765 *
837 2741 1032 2793 pretiosa

789 210 999 244 Commune
1024 208 1313 253 Apostolorum.

1080 302 1124 342 in
1145 302 1386 354 conspectu
1403 300 1584 342 Domini
1601 313 1722 342 mors
1740 303 1910 344 sancto-

1082 371 1178 399 rum
1198 358 1304 409 ejus:

1135 414 1172 456 O
1191 414 1381 456 Domine
1401 414 1503 466 quia
1522 426 1604 465 ego
1623 427 1777 457 servus
1795 420 1911 458 tuus:

1081 472 1103 497 *
1125 484 1206 522 ego
1227 484 1380 513 servus
1399 476 1515 521 tuuS‚
1544 475 1588 513 et
1606 471 1722 514 filius
1741 472 1910 515 ancillae

1082 533 1181 570 tuae.

1133 585 1349 638 Dirupisti
1367 585 1541 627 vincula
1564 598 1677 627 mea:
1699 586 1723 613 *
1747 585 1827 628 tibi
1846 599 1911 628 sa-

1084 641 1291 684 crificabo
1307 642 1497 684 hostiam
1515 641 1669 692 laudis»,
1690 647 1734 685 et
1752 655 1911 686 nomen

1082 699 1261 740 Domini
1279 698 1509 740 invocabo.

1133 755 1253 797 Vota
1288 768 1387 797 mea
1417 755 1610 797 Domino
1648 755 1832 798 reddam
1867 756 1911 797 in

1082 814 1323 865 conspectu
1346 813 1489 854 omnis
1514 812 1669 866 populi
1693 813 1799 866 ejus:
1820 813 1844 840 *
1867 814 1911 854 in

1082 869 1204 910 atriis
1224 868 1381 910 domus
1399 869 1592 919 Domini,
1620 869 1665 910 in
1683 869 1830 912 medio
1849 870 1912 912 tui

1080 925 1336 968 Jerusalem.

1132 985 1232 1025 Ant.
1257 983 1474 1035 Dirupisti
1492 983 1589 1025 Dfie
1608 983 1782 1025 vincula
1799 996 1913 1026 mea:

1082 1038 1162 1081 tibi
1181 1039 1439 1081 sacrificabo
1459 1039 1650 1081 hostiam
1668 1040 1822 1082 laudis.

1132 1098 1233 1138 Ant.
1266 1097 1435 1138 Euntes
1467 1096 1589 1138 ibant
1615 1097 1639 1123 *
1668 1102 1712 1139 et
1740 1097 1914 1147 flebant,

1080 1152 1303 1195 mittentes
1323 1153 1489 1194 semina
1508 1166 1596 1195 sua.

1340 1211 1541 1253 Psalmus
1559 1212 1646 1253 125.

1126 1279 1155 1306 n
1179 1265 1478 1308 convertendo
1497 1266 1714 1308 Dominus
1733 1266 1912 1319 captivi-

1156 1324 1294 1364 tatem
1310 1322 1430 1364 Sion:
1453 1323 1478 1349 *
1503 1322 1607 1365 facti
1628 1336 1778 1365 sumus
1800 1323 1913 1366 sicut

1080 1379 1315 1421 consolati:

1132 1436 1258 1478 Tunc
1273 1436 1491 1490 repletum
1506 1441 1573 1479 est
1587 1436 1750 1489 gaudio
1768 1449 1819 1478 os
1837 1449 1911 1478 no-

1081 1498 1236 1535 strum:
1263 1493 1287 1519 *
1317 1498 1361 1535 et
1386 1493 1535 1545 lingua
1554 1498 1707 1536 nostra
1725 1494 1911 1536 exsulta-

1079 1550 1209 1592 tione.

1131 1607 1258 1648 Tunc
1277 1606 1424 1648 dicent
1447 1607 1561 1649 inter
1581 1607 1762 1649 Gentes:
1780 1607 1804 1634 *
1823 1607 1912 1649 Μ3-

1079 1664 1304 1715 gnificavit
1317 1664 1536 1705 Dominus
1555 1663 1702 1706 facere
1722 1677 1822 1706 cum
1839 1665 1912 1707 eis.

1131 1720 1430 1771 Magnificavit
1443 1721 1662 1762 Dominus
1676 1721 1823 1764 facere
1837 1734 1912 1763 no-

1083 1777 1267 1819 biscum:
1285 1777 1310 1803 *
1329 1777 1434 1819 facti
1452 1790 1602 1819 sumus
1620 1777 1834 1820 laetantes.

1133 1834 1350 1876 Converte
1381 1834 1571 1876 Domine
1609 1834 1912 1887 captivitatem

1081 1896 1290 1941 nostram,
1305 1891 1329 1917 *
1350 1891 1463 1933 sicut
1482 1895 1656 1933 torrens
1674 1891 1719 1932 in
1734 1891 1912 1934 Austro.

1134 1948 1218 1999 Qui
1233 1948 1448 1990 seminant
1462 1948 1507 1989 in
1520 1948 1725 1999 lacrimis,
1739 1948 1763 1975 *
1782 1949 1826 1990 111
1841 1961 1911 1991 ex-

1081 2005 1316 2047 sultatione
1334 2009 1511 2047 metent.
1691 2008 1704 2026 ⁰

1132 2062 1300 2104 Euntes
1315 2061 1437 2103 ibant
1452 2066 1496 2104 et
1511 2061 1686 2112 flebant,
1699 2062 1723 2088 *
1742 2062 1912 2104 mitten-

1081 2124 1149 2161 tes
1169 2119 1334 2160 semina
1355 2131 1444 2160 sua.

1133 2175 1373 2218 Venientes
1413 2180 1560 2217 autem
1597 2175 1773 2218 venient
1813 2188 1913 2217 cum

1083 2232 1390 2283 exsultatione,
1408 2233 1432 2259 *
1463 2234 1700 2286 portantes
1717 2234 1912 2286 manipu-

1082 2290 1150 2332 los
1170 2302 1285 2331 suos.

1135 2347 1235 2387 Ant.
1252 2347 1419 2388 Euntes
1433 2345 1555 2388 ibant
1569 2350 1612 2388 et
1627 2345 1802 2396 flebant,
1817 2345 1911 2387 mit-

1082 2405 1224 2446 tentes
1244 2402 1410 2445 semina
1430 2415 1518 2444 sua.

1135 2460 1234 2500 Ant.
1265 2459 1548 2501 Consortatus
1568 2464 1635 2501 est
1653 2459 1677 2486 *
1695 2459 1911 2512 principa-

1084 2522 1154 2558 tus
1175 2518 1343 2565 eorum‚
1378 2521 1422 2558 et
1439 2516 1646 2558 honorati
1666 2520 1767 2557 sunt
1786 2515 1913 2557 amici

1083 2573 1146 2615 tui
1164 2573 1298 2615 Deus.
1824 2592 1830 2597 ·

1343 2621 1541 2662 Psalmus
1562 2623 1647 2662 138.

1083 2670 1319 2777 Domine
1344 2685 1544 2738 probasti
1566 2697 1652 2735 me,
1685 2689 1729 2727 et
1753 2697 1912 2735 cogno-

1201 2743 1301 2784 visti
1326 2755 1410 2784 me:
1433 2743 1457 2769 *
1480 2747 1529 2784 tu
1553 2741 1797 2792 cognovisti
1825 2754 1911 2783 ses-
