2040 2976
617 202 826 235 Commune
853 202 1100 238 Conlcssoris
1126 211 1202 234 non
1227 200 1435 234 Pontificis.

230 303 354 343 Pater
372 306 535 343 noster.
609 318 611 320 >

224 361 467 402 Absolutio.
492 362 637 415 [psius
651 362 805 413 pietas.
825 355 873 406 Y.
891 358 1003 400 Jube

174 418 346 460 domne.
398 416 559 457 Bened.
599 418 717 458 Deus
739 416 883 458 Pater.

173 496 326 537 Sermo
343 495 483 537 sancti
496 495 521 536 J
523 495 676 536 oannis
689 493 1002 546 Chrysostomi.

222 563 259 597 ln
287 564 387 597 Orat.
414 563 460 597 dc
484 562 518 597 S.
542 562 787 606 Philogonio,
814 568 900 596 tom.
922 561 950 595 3.

475 625 626 665 Lectio
648 624 699 663 iv.

183 701 247 738 μμ,
276 685 371 726 eati
404 685 453 725 N.
487 684 601 733 dies,
638 684 759 735 cujus
793 682 1001 724 festivita-

184 749 188 755 *
269 742 277 767 ²³
302 746 391 782 tem
433 740 721 788 celebramus,
768 738 824 780 ad
864 738 1002 790 ipsius

185 798 189 806 ¹
303 802 423 838 recte
443 797 660 837 factorum
680 795 1003 837 enarrationem

172 853 363 904 linguam
391 858 589 894 nostram
618 851 836 900 evocavit,
871 851 1002 902 siqui-

174 909 275 951 dem
294 909 427 950 hodie
448 909 605 950 beatus
625 909 709 949 iste
723 907 779 948 ad
794 906 1002 958 tranquil-

173 961 275 1010 lam,
305 963 534 1012 omnisque
559 959 906 1012 perturbationis
933 971 1002 1000 ex-

172 1019 344 1070 pertem
376 1018 510 1058 vitam
541 1016 733 1058 transiit:
767 1017 910 1067 eoque
931 1027 1003 1055 na-

173 1074 337 1125 vigium
361 1073 547 1125 appulit,
576 1072 651 1113 ubi
679 1071 888 1123 deinceps
914 1083 1002 1111 non

173 1129 339 1182 poterit
370 1132 567 1170 metuere
595 1128 886 1179 naufragium,
923 1139 1004 1168 nec

172 1185 307 1226 ullam
335 1185 467 1226 animi
495 1184 892 1237 perturbationem,
929 1188 1005 1224 aut

174 1242 384 1283 dolorem.
412 1242 468 1283 Et
489 1240 596 1293 quid
614 1241 773 1281 mirum
793 1244 871 1290 est,
888 1239 926 1280 si
943 1239 1004 1280 lo-

173 1311 250 1339 cus
278 1298 353 1339 ille
380 1311 518 1350 purus
547 1302 614 1339 est
642 1297 696 1338 ab
726 1297 845 1338 omni
872 1295 1004 1336 mole-

175 1355 258 1396 stia
277 1354 426 1403 animi,
452 1366 552 1395 cum
571 1353 733 1394 Paulus
755 1351 1005 1393 hominibus

174 1410 318 1452 adhuc
351 1411 395 1451 in
425 1409 508 1451 hac
535 1410 625 1451 vita
654 1408 915 1460 degentibus
943 1408 1005 1449 lo-

177 1479 314 1518 quens
344 1466 476 1507 dicat:
507 1466 690 1518 Semper
718 1464 923 1516 gaudete,
952 1464 1005 1505 si-

175 1536 229 1564 ne
249 1522 574 1564 intermissione
594 1521 739 1563 orate?

229 1585 275 1635 Rg.
307 1584 552 1624 Honestum
581 1582 684 1623 fecit
709 1581 832 1622 illum
857 1580 1006 1622 Domi-

176 1652 270 1687 nuS‚
298 1643 341 1680 et
360 1638 599 1680 custodivit
618 1651 718 1679 eum
736 1637 791 1678 ab
811 1637 1007 1685 inimicis,

179 1700 222 1736 et
249 1708 274 1735 a
300 1694 608 1736 seductoribus
635 1694 797 1735 tutavit
821 1693 957 1734 illum:
979 1695 1002 1717 *

177 1751 234 1792 Et
267 1750 390 1792 dedit
419 1751 482 1791 illi
513 1750 758 1792 claritatem
786 1751 1008 1791 aeternam.

175 1802 224 1852 V.
261 1807 435 1848 Justum
466 1806 651 1848 deduxit
680 1806 897 1847 Dominus
929 1818 1009 1858 per

177 1863 270 1904 vias
292 1868 446 1913 rectas,
469 1868 512 1904 et
533 1862 727 1904 ostendit
745 1862 807 1905 illi
826 1875 1009 1913 regnum

178 1919 272 1960 Dei.
315 1919 372 1960 Et
391 1919 524 1961 dedit.

228 1976 387 2017 Bened.
420 1975 623 2018 Christus
643 1977 883 2027 perpetuae.

486 2036 639 2078 Lectio
660 2050 696 2075 v.

178 2078 357 2201 Quod
377 2096 413 2137 si
433 2096 516 2146 hic,
535 2095 611 2137 ubi
630 2096 784 2146 morbi,
802 2096 879 2138 ubi
897 2096 1008 2139 inse-

278 2152 504 2202 ctationes,
518 2152 594 2194 ubi
608 2156 889 2204 praematurae
904 2165 1010 2195 mor-

181 2212 260 2257 tes,
279 2207 354 2249 ubi
374 2208 614 2258 calumniae,
633 2208 708 2250 ubi
727 2209 915 2260 invidiae,
934 2209 1009 2251 ubi

181 2263 553 2316 perturbationes,
579 2264 656 2306 ubi
676 2265 771 2315 irae,
795 2265 871 2307 ubi
892 2266 1009 2319 cupi-

183 2319 356 2370 ditates,
375 2320 451 2361 ubi
468 2321 806 2363 innumerabiles
825 2322 1008 2372 insidiae,

184 2375 260 2417 ubi
284 2376 553 2428 quotidianae
575 2377 908 2428 sollicitudines,
934 2378 1010 2420 ubi

181 2434 398 2485 perpetua
412 2431 584 2483 sibique
599 2433 881 2475 succedentia
895 2434 1010 2475 mala

183 2492 296 2538 sunt,
316 2488 570 2529 innumeros
590 2501 644 2529 ex
659 2490 777 2530 omni
792 2495 918 2541 parte
935 2490 1010 2532 do-

183 2543 301 2585 lores
325 2543 569 2593 afferentia,
591 2544 754 2585 Paulus
778 2545 890 2587 dixit
914 2546 1010 2587 fieri

183 2611 332 2652 posse,
365 2604 413 2641 ut
445 2612 619 2652 semper
651 2600 937 2651 gaudeamus,
974 2602 1011 2642 si

185 2656 283 2708 quis
300 2655 526 2708 palilulum
544 2669 598 2697 ex
614 2669 760 2697 rerum
775 2656 1011 2698 mundana-

186 2725 282 2753 rum
311 2711 518 2753 fluctibus
549 2712 738 2753 erexerit
771 2717 919 2764 caput,
952 2714 1011 2754 vi—

1056 298 1236 347 tamque
1264 307 1389 336 suam
1421 299 1542 337 recte
1571 296 1885 348 composuerit:

1056 352 1195 393 multo
1212 352 1363 404 magis,
1382 356 1621 404 postquam
1633 351 1735 393 hinc
1752 351 1885 394 demi-

1056 408 1341 459 graverimus,
1381 407 1508 449 facile
1540 409 1772 460 compotes
1806 408 1885 450 eri-

1055 478 1152 505 mus
1186 465 1276 516 ejus
1306 464 1426 514 boni,
1468 477 1568 505 cum
1603 463 1701 505 haec
1740 464 1887 506 omnia

1057 520 1229 562 sublata
1252 521 1429 570 fuerint,
1455 519 1642 562 adversa
1665 520 1886 570 valetudo,

1056 576 1217 627 morbi,
1241 576 1458 629 peccandi
1474 576 1674 626 materia,
1702 576 1779 618 ubi
1798 589 1886 618 non

1057 638 1124 674 est
1142 646 1288 674 meum
1311 646 1362 674 ac
1386 638 1525 682 tuum,
1552 631 1759 684 frigidum
1778 632 1887 674 illud

1055 689 1255 739 verbum,
1285 694 1329 731 et
1349 688 1566 741 quidquid
1587 693 1654 730 est
1670 688 1887 730 malerum

1056 745 1101 786 in
1125 746 1261 798 vitam
1286 750 1484 787 nostram
1510 745 1738 795 invehens,
1764 745 1886 786 innu-

1056 814 1265 853 meraque
1284 802 1468 853 gignens
1487 801 1614 843 bella.

1108 862 1157 913 Eg.
1180 858 1360 899 Amavit
1379 871 1480 899 eum
1499 858 1734 907 Dominus,
1757 862 1801 900 et
1820 870 1886 899 or-

1055 914 1177 956 navit
1209 927 1327 955 eum:
1369 914 1529 955 stolam
1562 914 1715 965 gloriae
1747 913 1888 955 induit

1057 983 1167 1020 eum,
1182 975 1203 998 *
1227 971 1284 1012 Et
1303 969 1359 1011 ad
1378 974 1531 1022 portas
1551 970 1747 1022 paradisi
1764 982 1887 1012 coro·

1056 1027 1177 1067 navit
1205 1039 1316 1068 eum.
1356 1024 1405 1075 V.
1434 1025 1584 1068 Induit
1612 1039 1712 1068 eum
1738 1027 1887 1068 Domi-

1055 1095 1137 1123 nus
1155 1082 1340 1124 loricam
1359 1082 1480 1131 fidei,
1509 1087 1552 1124 et
1579 1083 1752 1124 ornavit
1777 1095 1887 1124 eum.

1055 1138 1114 1180 Et
1134 1138 1191 1180 ad
1209 1144 1375 1191 portas.

1111 1198 1270 1239 Bened.
1302 1198 1455 1246 Ignem
1475 1195 1542 1236 sui
1561 1194 1740 1243 amoris,

1362 1255 1514 1295 Lectio
1538 1253 1590 1293 vi.

1146 1307 1405 1349 uamobrem
1426 1308 1728 1361 maximopere
1747 1309 1891 1360 gratu-

1154 1363 1221 1404 lor
1240 1363 1367 1415 hujus
1383 1365 1524 1405 sancti
1538 1364 1749 1415 felicitati,
1770 1364 1891 1416 quod

1060 1433 1327 1472 quamquam
1357 1420 1597 1462 translatus
1629 1425 1714 1471 est,
1756 1425 1890 1472 atque

1058 1476 1182 1526 hanc,
1204 1489 1303 1528 quae
1323 1476 1443 1528 apud
1462 1489 1544 1518 nos
1565 1482 1642 1527 est,
1666 1476 1891 1518 civitatem

1060 1532 1252 1584 reliquit,
1280 1538 1428 1574 tamen
1453 1533 1497 1573 in
1520 1533 1704 1575 alteram
1729 1532 1891 1574 adscri-

1059 1593 1162 1641 ptus
1183 1594 1251 1630 est
1270 1589 1511 1638 civitatem,
1540 1602 1699 1642 nempe
1717 1589 1818 1631 Dei:
1847 1594 1891 1631 et

1061 1644 1285 1696 digressus
1301 1644 1357 1686 ab
1372 1644 1455 1686 hac
1469 1645 1679 1696 Ecclesia,
1699 1645 1757 1687 ad
1770 1645 1892 1686 illam

1060 1701 1272 1752 pervenit,
1292 1713 1392 1752 quae
1412 1706 1479 1742 est
1498 1701 1893 1753 primogenitorum

1062 1755 1388 1808 descriptorum
1412 1757 1457 1797 in
1481 1756 1624 1798 coelis:
1648 1769 1701 1798 ac
1725 1757 1892 1799 relictis

1060 1811 1182 1854 hisce
1208 1812 1348 1862 festis,
1365 1813 1555 1866 ¹transiit
1582 1813 1641 1854 ad
1663 1812 1892 1855 celebrita-

1060 1873 1151 1910 tem
1178 1868 1461 1920 Angelorum.
1494 1869 1671 1911 Etenim
1701 1869 1822 1921 quod
1848 1875 1893 1912 et

1062 1925 1216 1966 civitas
1239 1938 1412 1966 sursum
1435 1925 1509 1975 sit,
1537 1930 1581 1967 et
1602 1925 1819 1976 Ecclesia,
1847 1930 1893 1968 et

1061 1980 1311 2031 celebritas,
1331 1981 1434 2023 audi
1453 1981 1639 2023 Paulum
1657 1981 1893 2024 dicentem:

1061 2037 1325 2079 Accessistis
1340 2037 1398 2079 ad
1413 2038 1639 2080 civitatem
1650 2038 1736 2080 Dei
1747 2038 1892 2079 viven-

1061 2093 1133 2143 tis,
1155 2093 1401 2135 Jerusalem
1420 2094 1664 2144 coelestem,
1684 2099 1728 2136 et
1743 2094 1892 2136 Eccle-

1063 2149 1173 2190 siam
1193 2150 1530 2202 primitivorum‚
1558 2151 1633 2202 qui
1653 2151 1894 2203 conscripti

1063 2211 1166 2247 sunt
1184 2206 1229 2247 in
1249 2206 1383 2257 coelis,
1407 2211 1451 2248 et
1470 2207 1526 2248 ad
1542 2207 1782 2248 multorum
1800 2207 1892 2248 mil-

1061 2262 1168 2303 lium
1187 2262 1459 2314 Angelorum
1479 2263 1781 2316 frequentiam.

1114 2322 1165 2373 R'·
1186 2319 1276 2361 Iste
1291 2319 1423 2361 homo
1439 2320 1625 2372 perfecit
1635 2320 1783 2361 omnia
1793 2331 1893 2372 quae

1062 2378 1237 2419 locutus
1270 2381 1337 2418 est
1370 2377 1411 2417 ei
1442 2377 1581 2426 Deus,
1616 2380 1661 2418 et
1694 2375 1805 2417 dixit
1837 2376 1894 2418 ad

1063 2447 1178 2476 eum:
1197 2432 1435 2483 Ingredere
1454 2432 1499 2473 in
1518 2432 1716 2484 requiem
1733 2444 1893 2473 meam:

1061 2490 1083 2513 *
1115 2489 1227 2540 Quia
1255 2494 1300 2530 te
1328 2488 1419 2530 vidi
1446 2489 1608 2540 justum
1644 2501 1794 2530 coram
1822 2501 1893 2530 me

1063 2559 1118 2587 ex
1143 2545 1346 2587 omnibus
1376 2544 1592 2596 gentibus.
1632 2539 1684 2591 Y.
1712 2544 1802 2586 Iste
1826 2549 1893 2586 cst

1064 2602 1139 2653 qui
1172 2602 1438 2653 contempsit
1471 2601 1608 2643 vitam
1640 2599 1810 2650 mundi,
1849 2605 1893 2642 et

1063 2658 1266 2709 pervenit
1289 2657 1346 2699 ad
1366 2658 1566 2699 coelestia
1586 2669 1732 2707 regna.
1769 2656 1892 2706 Quia.

1063 2713 1216 2754 Grloria
1235 2714 1367 2754 Patri.
1395 2714 1519 2763 Quia.
