2040 2976
186 199 278 244 [342]

240 295 290 334 R.
319 294 599 336 Desiderium
629 294 785 336 animae
819 296 910 347 ejus
941 296 1014 338 tri-

186 351 319 393 buisti
353 351 392 393 ei
419 351 624 401 Demine,
658 352 681 376 *
704 352 760 393 Et
787 352 1014 394 voluntate

185 407 402 449 labiorum
428 409 519 460 ejus
546 421 635 449 non
662 407 877 450 fraudasti
905 421 1014 450 eum.

188 458 238 510 V.
250 464 468 514 Queniam
488 465 743 518 praevenisti
763 478 862 506 eum
878 465 923 506 in
940 465 1013 507 be-

184 521 509 563 nedictionibus
539 521 799 563 dulcedinis:
827 523 1015 575 posuisti

184 578 226 618 in
253 578 399 631 capite
428 580 519 630 ejus
547 581 757 620 coronam
784 579 839 620 de
865 579 1014 632 lapide

184 635 395 687 pretieso.
422 636 490 677 Et.

489 687 641 729 Lectio
663 688 714 728 vi.

266 761 325 790 uo
358 749 453 791 viso
486 749 733 791 clamabant
764 749 908 791 multi:
941 749 1013 790 Di-

291 805 492 847 mittatur
530 807 683 858 justus;
723 819 907 857 magnus
947 811 1015 848 est

184 863 306 904 Deus
337 862 699 912 Christianorum,
733 863 807 915 qui
837 862 1014 915 quidem

183 919 304 961 solus
333 924 377 961 et
404 933 534 961 verus
561 925 638 962 est.
679 919 768 962 Sed
790 919 1013 961 Maximia-

182 989 281 1026 nus,
309 989 390 1018 nec
412 977 598 1018 edectus
621 990 646 1018 a
669 977 772 1018 feris
790 976 1013 1029 pietatem,

181 1046 262 1074 nec
289 1038 412 1075 tanto
443 1033 595 1074 lumini
621 1032 798 1082 cedens,
825 1035 1014 1086 imperat

181 1090 495 1132 Pantaleonem
508 1091 552 1131 in
566 1090 713 1132 locum
729 1090 895 1132 editum
910 1090 1014 1132 ferri

182 1152 226 1188 et
251 1152 361 1188 rotae
387 1147 613 1198 alligatum
636 1147 679 1188 in
705 1160 908 1200 praeceps
933 1160 1013 1200 per

182 1203 352 1245 declive
378 1203 565 1245 demitti:
595 1208 639 1245 at
666 1208 765 1245 rota
789 1203 944 1246 ultrice
969 1208 1013 1245 et

181 1260 330 1312 plures
359 1259 543 1302 deorum
573 1260 849 1313 opprimente
875 1261 1011 1302 culto-

181 1329 268 1366 res,
301 1316 465 1358 illaesus
499 1317 654 1365 evasit;
694 1330 830 1368 quare
863 1316 1012 1368 gladio

182 1373 324 1415 occidi
342 1374 477 1426 jussit.
511 1374 714 1415 Accessit
732 1374 876 1424 lictor,
901 1374 1012 1416 oleae

181 1430 343 1482 plantae
367 1431 491 1472 illum
516 1431 682 1482 alligat,
711 1430 791 1472 sed
816 1444 916 1472 cum
942 1444 1012 1472 ex-

182 1489 439 1539 sequeretur
482 1487 632 1538 ictum,
680 1489 894 1529 conversa
932 1488 1013 1529 fuit

181 1543 284 1584 ferri
305 1545 422 1586 acies
443 1557 556 1586 cerae
577 1545 744 1595 similis;
772 1557 861 1597 quo
885 1545 1012 1586 mira-

182 1600 280 1642 culo
315 1601 551 1654 stupefacti
582 1601 763 1643 lictores
791 1600 847 1643 ad
874 1601 1012 1654 pedes

181 1657 386 1710 Martyris
406 1658 631 1710 provoluti
646 1659 818 1699 veniam
831 1660 1011 1710 precan-

181 1719 268 1764 tur,
307 1714 530 1756 Christum
559 1716 711 1767 aperte
741 1715 1012 1757 confitentes.

181 1770 269 1812 Sed
283 1770 472 1820 tandem,
491 1784 546 1812 ne
564 1773 730 1823 periret
745 1771 885 1822 gloria
903 1785 1012 1813 mar-

180 1828 298 1880 tyrii,
331 1832 465 1882 caput
493 1828 765 1870 abscinditur
793 1835 838 1870 et
865 1829 1012 1870 statim

180 1884 249 1926 lac
274 1898 356 1937 pro
384 1886 594 1937 sanguine
618 1885 762 1935 fluxit,
792 1890 836 1927 et
861 1885 1013 1938 planta

183 1941 304 1992 oleae,
326 1942 395 1983 cui
410 1942 611 1993 alligatus
626 1942 778 1992 fuerat,
797 1942 1012 1984 fructibus

183 2002 341 2040 onusta
362 1999 576 2052 apparuit.
612 1999 722 2040 Cum
749 2004 895 2040 autem
921 1999 1011 2052 qui-

183 2054 284 2096 dam
310 2054 463 2097 fideles
488 2058 813 2105 convenissent,
839 2068 1013 2097 sacrum

184 2124 344 2164 corpus
394 2112 438 2152 in
486 2112 739 2154 suburbano
786 2112 1012 2165 cujusdam

183 2167 442 2210 Scholastici
486 2171 739 2211 reverenter
783 2171 1012 2222 reponunt,

184 2229 228 2266 et
266 2237 395 2277 quem
431 2226 474 2266 in
510 2226 601 2267 vita
632 2226 764 2267 tantis
797 2225 1012 2279 prodigiis

183 2281 398 2323 Dominus
435 2281 750 2332 illustraverat,
796 2287 900 2335 post
938 2282 1012 2324 eb-

183 2338 293 2379 itum
332 2338 571 2380 innumeris
612 2339 860 2381 honoravit:
901 2340 1013 2381 inter

186 2407 284 2447 quae
308 2395 571 2447 praeclarum
592 2395 716 2446 illud,
746 2395 866 2448 quod
889 2409 1013 2438 sacer

185 2453 276 2502 ejus
295 2464 435 2501 cruor,
457 2452 530 2504 qui
545 2452 589 2492 in
606 2452 798 2504 ampulla
813 2455 1014 2494 servatur

184 2507 356 2549 Ravelli
393 2509 437 2549 in
473 2520 609 2559 regno
641 2508 936 2561 Neapolitano
970 2514 1014 2550 et

184 2565 341 2606 Romae
367 2577 393 2606 a
416 2564 569 2618 primis
587 2564 798 2616 Vesperis
823 2565 923 2606 festi
945 2579 1012 2606 us-

186 2634 271 2673 que
303 2620 360 2663 ad
393 2621 509 2663 diem
541 2622 812 2673 sequentem,
848 2622 892 2662 in
926 2635 1013 2674 quo

184 2677 383 2719 Ecclesia
412 2677 605 2719 celebrat
630 2678 721 2729 ejus
747 2678 1013 2730 martyrium,

186 2747 285 2775 cum
304 2734 562 2785 coagulatus
582 2736 710 2776 antea
728 2736 920 2784 exsistat,
938 2735 1012 2775 mi-

666 198 738 231 Die
761 198 813 231 27.
838 197 944 232 Julii.
990 198 1025 232 S.
1050 198 1300 233 Pantaleonis
1325 199 1432 233 Mart.

1069 309 1164 337 rum
1188 296 1232 336 in
1256 295 1439 338 modum
1462 297 1679 350 liquefieri
1698 302 1741 340 et
1763 298 1896 342 unde-

1069 355 1243 405 quaque
1279 352 1464 394 fiuidum
1498 354 1684 404 moveri,
1729 356 1897 398 cunctis

1068 409 1361 461 cernentibus,
1408 411 1643 462 quotannis
1685 412 1897 465 conspici-

1066 471 1150 517 tur,
1173 466 1292 519 quod
1312 466 1443 508 etiam
1463 467 1623 510 accidit
1636 468 1680 509 in
1695 469 1898 521 portiene

1067 523 1306 574 sanguinis,
1341 523 1416 576 qui
1441 523 1486 564 in
1513 525 1784 567 monasterio
1813 525 1897 567 Re-

1066 579 1154 630 gali
1174 580 1493 622 Incarnatienis
1518 581 1776 623 Monialium
1803 595 1897 623 san-

1067 637 1126 678 cti
1150 636 1383 688 Augustini
1408 637 1574 680 Matriti
1597 638 1711 680 inter
1735 639 1897 692 pretio-

1067 693 1185 735 sieta
1203 696 1389 746 pignora
1410 697 1672 737 asservatur.

1121 749 1173 801 Rc·
1197 750 1320 792 Stola
1338 751 1631 802 jucunditatis.
1651 752 1732 805 [27]

1121 810 1165 845 In
1189 810 1253 845 111.
1270 810 1471 845 Nocturno
1496 810 1667 845 Homilia
1692 810 1731 845 in
1752 811 1898 855 Evang.

1068 858 1175 894 Nihil
1203 863 1262 894 est
1291 861 1476 904 opertum.
1509 859 1555 894 de
1587 859 1725 894 eodem
1754 859 1898 895 Comm.

1067 907 1097 941 3.
1122 907 1219 942 loco.
1245 908 1315 953 [33]
1907 923 1911 932 <

1332 969 1411 1010 Ad
1436 969 1635 1011 Laudes

1286 1025 1333 1057 et
1367 1032 1392 1066 p
1410 1032 1462 1057 er
1495 1022 1532 1056 H
1548 1032 1681 1057 oras.

1118 1075 1355 1117 Ant.1.1n
1383 1075 1613 1117 tormentis
1640 1076 1663 1101 *
1692 1075 1897 1128 apparuit

1069 1131 1268 1173 Christus
1287 1132 1602 1174 Pantaleonem
1620 1132 1731 1174 mira
1750 1131 1895 1174 dulce-

1067 1187 1167 1229 dine
1186 1188 1467 1241 perfundens.

1119 1246 1187 1286 Ps.
1215 1246 1430 1287 Deminus
1452 1246 1662 1297 regnavit.
1681 1247 1741 1288 14.

1117 1304 1154 1343 2
1190 1302 1288 1352 Ego
1322 1302 1456 1352 enim,
1485 1302 1509 1328 *
1537 1303 1598 1345 ait
1625 1302 1824 1345 Christus
1852 1302 1897 1343 in

1066 1358 1218 1400 habitu
1250 1358 1493 1409 Hermolai,
1533 1364 1680 1401 tecum
1720 1372 1818 1400 sum
1852 1359 1897 1400 in

1067 1415 1286 1466 Omnibus,
1307 1429 1407 1468 quae
1426 1421 1611 1469 propter
1629 1429 1700 1458 me
1719 1416 1896 1469 pateris.

1117 1477 1154 1517 3.
1191 1476 1301 1517 Cum
1325 1485 1408 1526 pro
1434 1472 1664 1515 lieteribus
1691 1475 1715 1500 *
1744 1475 1895 1515 exora-

1065 1535 1148 1581 ret,
1191 1530 1359 1572 audivit
1391 1530 1447 1572 de
1479 1530 1611 1572 coelo:
1651 1530 1777 1572 Ultra
1808 1542 1897 1572 non

1065 1587 1297 1629 vocaberis
1315 1588 1574 1638 Pantaleon,
1599 1587 1679 1629 sed
1697 1587 1895 1629 Pantale—

1066 1647 1205 1695 emon,
1224 1644 1270 1686 id
1290 1649 1357 1686 est
1370 1644 1636 1694 misericors,
1656 1644 1758 1697 quia
1771 1644 1897 1686 multi

1064 1714 1145 1754 per
1172 1706 1216 1743 te
1248 1701 1598 1743 misericordiam
1626 1703 1895 1759 consequen-

1064 1763 1146 1800 tur.

1116 1817 1154 1856 4.
1195 1815 1332 1856 Lacte
1366 1820 1410 1858 et
1444 1817 1600 1857 cruore
1632 1816 1656 1843 *
1687 1814 1894 1868 Martyris

1067 1872 1228 1914 collum
1255 1872 1365 1922 fluit,
1392 1885 1476 1926 pro
1507 1885 1594 1924 quo
1623 1874 1824 1914 cruorem
1851 1877 1895 1914 et

1065 1941 1226 1981 aquam
1246 1928 1445 1971 Christus
1464 1929 1649 1971 fuderat.

1116 1985 1154 2025 5.
1195 1984 1434 2028 Pantaleon
1466 1987 1491 2014 *
1520 1986 1642 2028 varie
1676 1986 1894 2028 cruciatus

1064 2043 1220 2094 jugiter
1240 2042 1439 2085 canebat:
1466 2043 1595 2096 Saepe
1620 2045 1893 2096 expugnave-

1065 2104 1165 2140 runt
1191 2111 1261 2140 me
1290 2111 1316 2140 a
1339 2100 1565 2152 juventute
1590 2112 1702 2150 mea3
1735 2099 1896 2141 etenim

1064 2167 1153 2200 non
1170 2157 1411 2208 potuerunt
1428 2155 1544 2197 mihi.

1117 2214 1379 2267 Capitulum.
1589 2215 1612 2255 J
1616 2213 1744 2255 acobi
1759 2215 1789 2254 1.
1803 2213 1843 2255 b.

1065 2272 1273 2379 Beatus
1301 2278 1384 2328 vir,
1414 2278 1489 2330 qui
1515 2277 1669 2320 suffert
1692 2278 1894 2320 tentatio-

1164 2347 1278 2375 nem:
1313 2335 1519 2387 quoniam
1552 2348 1651 2376 cum
1681 2333 1895 2387 probatus

1065 2390 1207 2440 fuerit,
1218 2391 1406 2444 accipiet
1417 2393 1625 2433 corenam
1634 2391 1748 2441 vitae,
1764 2404 1895 2443 quam

1066 2447 1319 2499 repromisit
1335 2448 1458 2490 Deus
1477 2447 1760 2500 diligentibus
1779 2461 1838 2490 se.

1375 2508 1586 2559 Hymnus.

1164 2567 1309 2608 nvicte
1327 2566 1504 2618 Martyr,
1525 2566 1701 2607 unicum

1187 2622 1331 2664 Patris
1350 2626 1527 2665 secutus
1546 2622 1714 2672 Filium,
1841 2662 1845 2666 x

1170 2678 1312 2721 Victis
1331 2679 1576 2732 triumphas
1595 2678 1810 2729 hestibus,

1170 2735 1328 2777 Victor
1346 2735 1494 2777 fruens
1515 2735 1779 2778 coelestibus.
