2040 2976
211 206 278 240 150
295 221 299 225 ·

772 203 810 236 ln
839 202 950 235 Festo
976 198 1161 242 Corporis
1186 195 1338 231 Christi.

260 300 349 352 Ipsi
372 296 551 347 obligati
569 301 679 344 sunt,
702 301 746 336 et
767 294 1029 336 ceciderunt:

209 358 232 383 *
259 369 339 397 nos
363 358 508 395 autem
536 352 801 394 surreximus
829 356 872 392 et
897 350 1029 392 erecti

210 424 367 454 sumus.

261 467 446 509 Domine
471 465 637 507 salvum
662 464 729 505 fac
754 475 916 514 regem:
941 464 964 490 *
988 467 1030 503 et

210 523 368 566 exaudi
390 535 471 564 nos
492 522 535 563 in
556 521 636 571 die,
660 533 744 573 qua
767 518 1030 560 invocaveri—

210 594 306 621 mus
326 585 380 621 te.

265 640 363 678 Ant.
392 636 558 676 Memor
586 634 642 675 sit
666 632 879 674 Dominus
906 631 1031 673 sacri-

212 693 298 734 ficii
335 692 494 741 nostri,
539 696 582 732 et
618 690 921 731 holocaustum
957 700 1031 728 no-

214 755 351 791 strum
370 748 529 801 pingue
548 747 633 787 fiat.

267 808 365 848 Ant.
394 806 574 845 Paratur
591 802 717 843 nobis
736 803 759 827 *
778 814 926 842 mensa
942 800 1029 841 Do-

213 862 317 903 mini
337 860 545 902 adversus
565 871 716 901 omnes
737 858 810 909 qui
826 857 1033 899 tribulant

213 931 305 959 nos.

487 970 763 1012 I'salmus122.

306 1025 476 1066 ominus
501 1023 610 1074 regit
628 1035 711 1072 me,
737 1027 780 1063 et
803 1022 908 1063 nihil
932 1021 1035 1062 mihi

322 1080 478 1122 deerit:
511 1081 534 1105 *
565 1080 608 1120 in
639 1079 738 1120 loco
768 1081 945 1131 pascuae
976 1077 1035 1119 ibi

216 1150 286 1179 me
309 1136 550 1178 collocavit.

267 1194 406 1245 Super
429 1205 586 1244 aquam
610 1191 856 1232 refectionis
881 1189 1035 1232 educa-

216 1251 278 1292 vit
296 1262 380 1291 me:
403 1250 426 1275 *
448 1249 633 1289 animam
651 1260 792 1288 meam
812 1247 1037 1288 convertit.

267 1305 459 1347 Deduxit
479 1317 548 1346 me
571 1317 701 1356 super
725 1304 900 1345 semitas
923 1304 1037 1355 justi-

216 1363 301 1411 tiae,
320 1364 343 1389 *
363 1366 546 1415 propter
565 1373 723 1402 nomen
744 1373 879 1401 suum.

268 1419 391 1467 Nam,
415 1423 458 1459 et
477 1418 513 1458 si
533 1416 811 1458 ambulavero
831 1417 874 1457 in
893 1415 1038 1458 medio

218 1474 385 1516 umbrae
404 1474 568 1523 mortis,
587 1486 673 1514 non
691 1472 854 1514 timebo
870 1473 997 1514 mala:
1016 1474 1038 1499 *

221 1531 425 1582 quoniam
442 1536 490 1572 tu
508 1542 678 1571 mecum
698 1542 756 1570 es.

271 1587 407 1637 Virga
422 1592 506 1635 tua,
524 1592 568 1627 et
581 1585 764 1627 baculus
779 1590 892 1627 tuus:
908 1586 931 1611 *
946 1586 1041 1638 ipsa

221 1656 290 1684 me
309 1642 535 1684 consolata
554 1647 663 1683 sunt.

273 1699 443 1740 Parasti
469 1699 512 1739 in
540 1700 777 1750 conspectu
803 1710 901 1739 meo
927 1710 1042 1739 men-

223 1768 335 1804 sam,
372 1757 395 1781 *
431 1754 639 1796 adversus
672 1767 767 1804 eOS‚
806 1755 879 1807 qui
911 1754 1043 1795 tribu-

222 1812 313 1852 lant
335 1824 415 1852 me.

275 1867 560 1920 Impinguasti
591 1867 634 1907 in
666 1867 764 1908 oleo
798 1871 930 1918 caput
959 1878 1044 1907 me-

225 1937 312 1964 um:
326 1925 350 1950 *
366 1929 408 1965 et
423 1923 535 1965 calix
548 1936 670 1965 meus
684 1923 901 1965 inebrians
917 1935 1046 1974 quam

226 1979 462 2032 praeclarus
482 1979 562 2021 est!

277 2036 332 2077 Et
350 2035 647 2077 misericordia
664 2041 739 2077 tua
757 2035 1046 2088 subsequetur

226 2105 295 2133 me
314 2094 336 2119 *
357 2092 556 2134 Omnibus
576 2092 728 2134 diebus
746 2093 848 2134 vitae
867 2105 991 2134 meae:

279 2149 334 2190 Et
348 2154 395 2190 ut
409 2148 645 2190 inhabitem
659 2149 702 2189 in
717 2147 848 2190 domo
860 2149 1047 2198 Domini,

228 2206 251 2230 '⁸¹
269 2205 312 2245 in
331 2204 643 2255 longitudinem
663 2204 839 2246 dierum.

280 2261 377 2300 Ant.
423 2260 598 2302 Paratur
630 2261 756 2302 nobis
786 2274 935 2302 mensa
962 2261 1050 2302 Do-

228 2317 333 2358 mini
365 2316 574 2358 adversus
607 2330 777 2367 omnes,
815 2318 888 2370 qui
919 2317 1050 2359 tribu-

229 2373 320 2415 lant
339 2386 431 2415 nos.

283 2429 379 2469 Ant.
408 2429 458 2469 In
484 2442 592 2471 voce
617 2430 918 2471 exsultationis
941 2431 964 2456 *
988 2432 1050 2471 re-

231 2491 387 2528 sonent
403 2486 630 2539 epulantes
645 2487 687 2526 in
702 2499 852 2528 mensa
866 2486 1052 2527 Domini.

507 2544 700 2584 Psalmus
720 2545 777 2584 41.

233 2579 650 2702 Quemadmodum
664 2600 885 2643 desiderat
900 2615 1053 2643 cervus

333 2659 389 2700 ad
408 2659 551 2700 fontes
572 2661 797 2709 aquarum:
820 2660 843 2684 *
866 2659 925 2699 ita
944 2657 1052 2699 desi-

234 2715 357 2757 derat
386 2716 525 2756 anima
554 2728 650 2756 mea
678 2714 733 2755 ad
761 2719 804 2755 te
833 2715 963 2756 Deus.

1131 291 1274 333 Sitivit
1297 290 1439 331 anima
1461 301 1559 330 mea
1581 286 1638 330 ad
1656 287 1799 329 Deum
1821 287 1904 328 for-

1080 355 1170 391 tem
1196 348 1361 389 vivum:
1387 346 1411 371 *
1440 344 1616 398 quando
1643 344 1834 394 veniam,
1861 347 1906 386 et

1082 403 1304 458 apparebo
1333 407 1434 444 ante
1461 401 1618 443 faciem
1644 400 1751 442 Dei?

1134 462 1325 502 Fuerunt
1351 458 1457 500 mihi
1483 457 1674 499 lacrimae
1697 469 1809 498 meae
1833 469 1906 509 pa-

1082 530 1159 559 nes
1191 516 1261 558 die
1293 528 1345 556 ac
1376 518 1526 556 nocte:
1559 515 1583 541 *
1616 512 1720 555 dum
1751 511 1908 554 dicitur

1083 573 1188 614 mihi
1209 570 1421 624 quotidie:
1448 570 1534 612 Ubi
1558 574 1625 612 est
1643 569 1764 611 Deus
1783 567 1907 611 tuus?

1135 630 1246 670 Haec
1272 626 1530 669 recordatus
1557 639 1672 676 sum,
1705 629 1749 667 et
1776 623 1910 666 effudi

1085 686 1127 726 in
1154 698 1224 726 me
1253 684 1441 742 animam
1466 695 1626 725 meam:
1653 683 1677 709 ¹⁸¹
1706 680 1910 733 quoniam

1085 741 1282 784 transibo
1307 741 1350 781 in
1373 740 1520 782 locum
1543 737 1814 780 tabernaculi
1838 736 1909 778 ad-

1085 797 1304 846 mirabilis
1332 809 1472 848 usque
1500 795 1558 837 ad
1585 794 1765 836 domum
1791 793 1885 835 Dei.

1123 855 1188 901 ‚In
1211 866 1321 895 voce
1346 851 1657 901 exsultationis,
1681 855 1726 892 et
1745 849 1910 892 confes-

1088 911 1238 952 sionis:
1266 910 1289 935 *
1318 921 1450 950 sonus
1479 906 1706 960 epulantis.

1139 968 1283 1017 Quare
1314 965 1451 1006 tristis
1469 977 1530 1005 -es
1563 963 1707 1004 anima
1733 959 1857 1004 mea?
1888 962 1911 987 ¹⁸²

1088 1028 1131 1065 et
1159 1035 1294 1075 quare
1322 1020 1559 1063 conturbas
1586 1017 1680 1060 me?

1140 1080 1277 1132 Spera
1307 1078 1351 1119 in
1379 1078 1496 1126 Deo,
1533 1075 1740 1128 quoniam
1771 1072 1914 1116 adhuc

1089 1134 1333 1177 confitebor
1370 1133 1449 1174 illi:
1484 1133 1508 1158 *
1544 1131 1735 1173 salutare
1769 1129 1914 1172 vultus

1089 1192 1186 1242 mei,
1214 1196 1258 1233 et
1284 1191 1405 1232 Deus
1430 1201 1565 1230 meus.

1142 1247 1214 1290 Ad
1232 1250 1448 1299 meipsum
1466 1245 1608 1286 anima
1625 1255 1724 1285 mea
1742 1246 1914 1284 contur-

1090 1306 1195 1347 bata
1223 1309 1307 1346 est:
1332 1304 1356 1329 *
1383 1303 1618 1356 propterea
1644 1311 1812 1341 memor
1839 1310 1916 1340 ero

1090 1362 1153 1404 tui
1181 1360 1236 1403 de
1263 1365 1382 1402 terra
1408 1359 1433 1400 J
1435 1357 1630 1408 ordanis,
1662 1361 1706 1398 et
1733 1355 1916 1397 Hermo-

1091 1418 1195 1459 niim
1223 1430 1247 1458 a
1274 1420 1423 1458 monte
1450 1413 1638 1456 modico.

1144 1474 1344 1526 Aby‘ssus
1373 1472 1579 1524 abyssum
1606 1472 1798 1518 invocat,
1824 1468 1848 1495 ¹⁸¹
1873 1466 1917 1507 in

1092 1544 1201 1573 voce
1230 1531 1549 1572 cataractarum
1574 1529 1760 1568 tuarum.

1145 1587 1301 1628 Omnia
1320 1585 1493 1627 excelsa
1511 1588 1597 1634 tua,
1616 1587 1661 1625 et
1679 1582 1837 1623 fluctus
1855 1580 1919 1621 tui

1093 1646 1116 1672 *
1145 1656 1277 1696 super
1304 1655 1373 1683 me
1400 1641 1674 1696 transierunt7

1144 1702 1196 1742 In
1221 1699 1290 1742 die
1313 1697 1538 1740 mandavit
1560 1697 1655 1738 Dfis
1676 1696 1919 1738 misericor-

1095 1757 1211 1800 diam
1223 1769 1359 1797 suam:
1369 1755 1392 1781 *
1402 1759 1445 1796 et
1454 1758 1585 1796 nocte
1594 1753 1811 1795 canticum
1820 1753 1920 1805 eius,

1147 1811 1281 1866 Apud
1299 1825 1369 1853 me
1395 1811 1537 1852 oratio
1555 1810 1653 1851 Deo
1675 1810 1778 1851 vitae
1799 1821 1920 1858 meae,

1096 1872 1119 1898 *
1148 1870 1290 1912 dicam
1312 1869 1426 1909 Deo:
1453 1867 1693 1919 Susceptor
1715 1878 1839 1907 meus
1862 1877 1922 1907 es.

1149 1928 1292 1978 Quare
1313 1924 1473 1967 oblitus
1493 1936 1540 1965 es
1556 1921 1664 1965 mei?
1684 1925 1708 1950 *
1729 1927 1772 1965 et
1788 1934 1922 1974 quare

1099 1983 1380 2026 contristatus
1415 1979 1592 2031 incedo,
1631 1979 1735 2021 dum
1771 1978 1924 2029 affligit

1098 2053 1168 2082 me
1195 2036 1417 2080 inimicus?

1149 2097 1265 2137 Dum
1290 2094 1620 2145 confringuntur
1644 2104 1745 2134 ossa
1768 2102 1876 2140 mea,
1901 2091 1924 2117 *

1100 2151 1477 2205 exprobraverunt
1494 2149 1599 2190 mihi
1620 2149 1694 2201 qui
1715 2146 1925 2189 tribulant

1100 2222 1169 2251 me
1196 2220 1357 2250 1n1m1ci
1384 2219 1479 2248 mel.

1151 2265 1269 2306 Dum
1301 2263 1449 2304 dicunt
1480 2261 1586 2302 mihi
1619 2273 1699 2313 per
1732 2258 1925 2311 singulos

1101 2322 1211 2364 dies:
1237 2320 1323 2362 Ubi
1352 2324 1418 2361 est
1441 2319 1562 2360 Deus
1590 2316 1716 2359 tuus?
1744 2318 1767 2343 *
1793 2327 1926 2368 quare

1101 2378 1239 2420 tristis
1259 2389 1306 2418 es
1325 2375 1470 2417 anima
1485 2387 1593 2424 mea,
1614 2379 1658 2416 et
1674 2385 1807 2426 quare
1827 2384 1926 2414 con-

1101 2434 1254 2475 turbas
1277 2431 1370 2474 me?

1153 2491 1291 2543 Spera
1322 2489 1366 2529 in
1395 2488 1510 2538 Deo,
1547 2487 1752 2540 quoniam
1784 2481 1928 2527 adhuc

1104 2545 1346 2588 confitebor
1381 2544 1460 2585 illi:
1496 2546 1518 2571 *
1556 2544 1746 2585 salutare
1782 2541 1927 2584 vultus

1103 2604 1198 2652 mei,
1226 2608 1270 2644 et
1297 2602 1418 2643 Deus
1445 2613 1579 2642 meus.

1155 2658 1253 2698 Ant.
1280 2658 1329 2699 ln
1352 2670 1461 2699 voce
1485 2655 1787 2698 exsultationis
1811 2655 1927 2695 reso-

1105 2720 1208 2756 nent
1228 2714 1454 2767 epulantes
1472 2714 1516 2755 in
1534 2725 1685 2754 mensa
1702 2710 1890 2753 Domini.
