2040 2976
214 194 313 238 [190]

213 296 256 332 te
276 291 556 343 persolveris,
584 291 640 333 ad
660 294 884 334 auctorem
901 297 1034 343 tuum,

215 347 287 399 qui
314 353 358 389 te
387 347 442 389 de
469 347 574 390 limo
601 354 731 390 terrae
760 349 1035 399 formaverat,

213 404 455 445 revertaris.
495 404 746 456 Egredienti
772 407 920 458 itaque
948 406 1033 446 ani-

213 473 296 501 mae
336 465 424 501 tuae
463 460 518 502 de
555 463 742 514 corpore
779 461 1036 515 splendidus

215 516 482 567 Angelorum
506 522 647 559 coetus
667 521 883 560 occurrat:
907 517 1036 570 judex

214 573 531 626 Apostolorum
572 573 652 615 tibi
694 577 871 616 senatus
909 574 1035 615 adve-

214 630 319 670 niat:
345 628 679 671 candidatorum
697 630 776 672 tibi
796 630 1036 682 Martyrum

213 685 505 739 triumphator
541 687 758 728 exercitus
790 687 953 729 obviet:
989 687 1035 727 li-

214 742 318 784 liata
349 742 617 784 rutilantium
647 748 691 785 te
728 743 1036 785 Confessorum

215 804 357 840 turma
393 799 645 841 circumdet:
685 799 956 850 jubilantium
990 805 1034 841 te

214 856 442 907 Virginum
462 855 620 897 chorus
645 857 846 909 excipiat:
871 861 915 898 et
936 856 1034 898 bea-

213 918 271 954 tae
305 912 460 964 quietis
491 912 534 952 in
566 913 662 953 sinu
688 912 1036 954 Patriarcharum

214 975 258 1010 te
286 968 539 1021 complexus
572 970 797 1019 astringat:
828 969 943 1011 mitis
975 975 1035 1011 at-

216 1038 300 1078 que
318 1025 497 1066 festivus
518 1024 677 1066 Christi
695 1025 719 1066 J
723 1038 799 1066 esu
817 1025 897 1067 tibi
916 1028 1037 1080 aspe-

216 1087 311 1123 ctus
344 1083 571 1134 appareat,
614 1082 763 1133 qui-te
794 1082 905 1123 inter
937 1083 1038 1123 assi-

216 1140 378 1180 stentes
415 1137 497 1179 sibi
531 1137 686 1190 jugiter
721 1138 931 1180 interesse
967 1138 1038 1181 de-

216 1197 373 1236 cernat.
401 1194 582 1245 Ignores
605 1207 732 1236 omne
753 1194 872 1247 quod
891 1195 1040 1237 horret

215 1251 257 1291 in
284 1250 491 1300 tenebris,
525 1250 644 1303 quod
672 1250 827 1293 stridet
854 1252 896 1292 in
922 1252 1038 1293 flam-

215 1307 307 1357 mis,
328 1306 447 1359 quod
465 1307 630 1348 cruciat
643 1307 686 1347 in
699 1308 937 1350 tormentis.
963 1309 1039 1350 Ce-

217 1362 291 1405 dat
309 1363 387 1405 tibi
405 1363 652 1405 teterrimus
673 1365 846 1405 satanas
863 1377 961 1406 cum
976 1378 1039 1406 sa-

216 1419 424 1462 tellitibus
457 1420 560 1460 suis:
591 1420 635 1460 in
667 1419 857 1462 adventu
888 1427 965 1463 tuo
997 1427 1040 1464 te

217 1475 524 1518 comitantibus
534 1475 713 1527 Angelis
725 1480 1041 1532 contremiscat,

217 1538 348 1585 atque
372 1532 415 1572 in
440 1534 615 1574 aeternae
639 1533 780 1574 noctis
808 1533 941 1575 chaos
966 1534 1039 1575 im-

216 1591 342 1630 mane
362 1588 569 1640 diffugiat.
599 1589 819 1641 Exsurgat
836 1590 972 1640 Deus,
999 1597 1041 1633 et

219 1645 482 1698 dissipentur
500 1645 660 1687 inimici
679 1647 783 1697 ejus:
804 1652 847 1688 et
866 1647 1041 1698 fugiant,

219 1702 291 1755 qui
312 1701 498 1743 oderunt
517 1714 630 1752 eum,
649 1715 674 1744 a
692 1703 802 1745 facie
821 1704 923 1756 ejus.
955 1704 1041 1746 Sic-

218 1765 264 1800 ut
297 1758 443 1800 deficit
473 1758 631 1808 fumus,
674 1759 890 1802 deficiant:
931 1760 1042 1803 sicut

218 1815 310 1857 fluit
331 1828 431 1857 cera
450 1828 476 1856 a
494 1815 603 1857 facie
622 1816 748 1867 ignis,
774 1816 837 1858 sic
861 1819 1042 1869 pereant

216 1874 473 1925 peccateres
493 1884 518 1912 a
534 1871 644 1914 facie
659 1872 756 1914 Dei:
776 1879 818 1915 et
832 1873 931 1924 justi
947 1886 1042 1927 epu·

216 1928 373 1979 lentur,
406 1934 449 1970 et
481 1928 697 1971 exsultent
727 1929 771 1969 in
803 1932 1041 1983 conspectu

217 1985 310 2027 Dei.
351 1983 680 2027 Confundantur
711 1986 841 2037 igitur
873 1991 916 2028 et
949 1999 1039 2028 eru-

217 2041 396 2083 bescant
424 2054 575 2083 omnes
602 2044 805 2084 tartareae
837 2042 1040 2094 legiones,

218 2103 262 2140 et
280 2098 463 2140 ministri
482 2100 645 2140 satanae
668 2099 751 2141 iter
769 2104 891 2141 tuum
909 2099 1040 2153 impe-

219 2154 311 2196 dire
331 2167 418 2195 non
434 2153 633 2197 audeant.
656 2155 834 2198 Liberet
847 2161 892 2198 te
908 2168 934 2197 a
949 2169 1040 2198 cru-

219 2211 335 2252 ciatu
365 2210 576 2261 Christus,
606 2212 678 2264 qui
702 2224 783 2264 pro
807 2218 852 2254 te
876 2203 1040 2254 crucifi-

220 2280 301 2308 xus
316 2271 393 2308 est.
419 2266 597 2309 Liberet
614 2273 659 2309 te
678 2268 732 2310 ab
754 2270 916 2310 aetema
931 2282 1042 2311 mor-

217 2329 262 2365 te
282 2322 490 2372 Christus,
511 2324 584 2376 qui
602 2337 684 2376 pro
704 2330 748 2366 te
766 2325 876 2366 mori
896 2325 1041 2377 digna-

220 2385 291 2421 tus
333 2384 410 2421 est.
476 2379 720 2443 Constituat
760 2386 804 2422 te
846 2381 1043 2424 Christus

219 2435 353 2477 Filius
386 2435 468 2477 Dei
502 2435 588 2476 vivi
615 2436 727 2478 intra
753 2437 945 2489 paradisi
977 2438 1043 2479 sui

221 2505 393 2545 semper
425 2495 597 2533 amo'ena
628 2493 824 2542 virentia,
857 2499 899 2536 et
933 2494 1044 2536 inter

220 2561 326 2590 oves
358 2561 458 2590 suas
490 2554 534 2590 te
552 2561 681 2590 verus
704 2549 776 2591 ille
795 2550 951 2592 Pastor
975 2564 1043 2602 ag-

219 2607 382 2647 noscat.
433 2604 512 2646 Ille
544 2604 598 2646 ab
629 2605 828 2647 omnibus
851 2607 1043 2658 peccatis

219 2661 306 2703 tuis
332 2667 377 2703 te
405 2661 620 2711 absolvat,
655 2667 786 2714 atque
814 2661 871 2702 ad
898 2662 1043 2704 dexte-

220 2731 313 2760 ram
354 2731 477 2760 suam
517 2718 560 2758 in
596 2718 834 2760 electorum
855 2721 1045 2760 ,suorum

727 202 829 235 Ordo
856 201 1209 236 Commendationis

1232 201 1391 234 Animae.

1085 298 1130 334 te
1149 297 1267 333 sorte
1287 293 1531 334 constituat.
1564 291 1907 344 Redemptorem

1086 354 1208 391 tuum
1240 348 1349 389 facie
1382 347 1437 390 ad
1473 348 1628 390 faciem
1658 347 1824 398 videaS,
1865 354 1907 390 et

1087 417 1282 457 praesens
1303 416 1475 457 semper
1493 406 1716 454 assistens,
1734 404 1907 446 manife-

1088 461 1319 503 stissimam
1364 460 1504 503 beatis
1547 460 1684 503 oculis
1724 461 1908 513 aspicias

1088 518 1325 559 veritatem.
1358 517 1629 560 Constitutus
1651 517 1780 569 igitur
1797 517 1909 559 inter

1089 574 1258 625 agmina
1291 574 1542 624 Beatorum,
1582 574 1907 627 contemplatio—

1088 631 1154 671 nis
1194 629 1351 671 divinae
1388 629 1617 672 dulcedine
1653 630 1835 683 potiaris
1865 630 1909 670 in

1090 686 1251 728 saecula
1269 686 1539 728 saeculorum.

1140 749 1188 799 152·
1218 743 1368 784 Amen.

1420 804 1582 845 Oratio.

1160 857 1310 909 uscipe
1330 856 1515 898 Domine
1537 868 1711 898 servum
1727 861 1850 897 tuum
1868 856 1911 896 in

1175 912 1320 954 locum
1348 912 1576 966 sperandae
1605 912 1686 955 sibi
1711 912 1910 954 salvatio-

1091 968 1157 1009 nis
1175 981 1200 1010 a
1218 969 1516 1011 misericordia
1534 975 1619 1011 tua.
1645 976 1694 1027 R·
1718 969 1868 1011 Amen.

1142 1029 1176 1069 I
1181 1025 1302 1067 ibera
1315 1026 1501 1068 Domine
1521 1026 1707 1067 animam
1723 1025 1838 1067 servi
1849 1025 1913 1068 tui

1093 1094 1147 1124 ex
1166 1082 1365 1124 omnibus
1384 1082 1588 1135 periculis
1606 1082 1775 1132 inferni,
1795 1087 1839 1124 et
1858 1081 1913 1124 de

1091 1138 1259 1191 laqueis
1287 1141 1532 1192 poenarum,
1561 1144 1603 1181 et
1631 1151 1686 1180 ex
1714 1138 1912 1180 omnibus

1091 1194 1451 1237 tribulationibus.
1476 1199 1526 1251 R.
1552 1195 1702 1236 Amen.

1140 1251 1302 1293 Libera
1342 1252 1527 1293 Domine
1572 1251 1757 1292 animam
1801 1251 1914 1292 servi

1092 1308 1164 1357 tui,
1185 1307 1295 1349 sicut
1309 1307 1503 1350 liberasti
1516 1307 1702 1349 Henoch
1716 1312 1759 1349 et
1772 1307 1912 1349 Eliam

1094 1363 1148 1405 de
1168 1364 1384 1405 communi
1403 1369 1543 1406 morte
1561 1363 1720 1406 mundi.

1141 1425 1191 1477 R.
1219 1421 1369 1462 Amen.

1142 1477 1303 1521 Libera
1343 1477 1529 1519 Domine
1573 1477 1758 1518 animam
1802 1476 1915 1521 servi

1092 1534 1170 1583 tui,
1197 1534 1308 1575 sicut
1331 1533 1525 1576 liberasti
1543 1533 1641 1575 Noe
1666 1532 1721 1575 de
1741 1532 1915 1575 diluvio.

1186 1624 1194 1632 .
1222 1591 1373 1632 Amen.

1142 1594 1304 1689 ffibera
1343 1647 1529 1689 Domine
1574 1646 1761 1688 animam
1801 1645 1916 1687 servi

1093 1703 1171 1753 tui,
1196 1703 1307 1745 sicut
1325 1703 1519 1745 liberasti
1540 1702 1762 1745 Abraham
1781 1701 1836 1744 de
1854 1702 1916 1744 Ur

1095 1759 1413 1801 Chaldaeorum.
1439 1762 1488 1812 R·-
1510 1759 1662 1801 Amen.

1142 1815 1303 1858 Libera
1343 1816 1529 1858 Domine
1572 1816 1758 1857 animam
1802 1815 1916 1856 servi

1093 1873 1172 1922 tui,
1201 1873 1312 1914 sicut
1338 1871 1532 1914 liberasti
1557 1872 1581 1913 J
1583 1871 1640 1914 ob
1669 1871 1725 1913 de
1751 1871 1916 1924 passio-

1095 1929 1220 1971 nibus
1240 1929 1339 1970 suis.
1367 1932 1416 1983 K.
1441 1930 1592 1971 Amen.

1147 1985 1304 2028 Libera
1345 1986 1530 2027 Domine
1574 1985 1761 2034 animam
1803 1984 1918 2026 servi

1095 2043 1175 2092 tui,
1201 2043 1312 2084 sicut
1334 2042 1529 2084 liberasti
1547 2042 1672 2084 Isaac
1695 2041 1751 2083 de
1773 2040 1918 2082 hostia

1096 2105 1138 2141 et
1159 2099 1214 2141 de
1232 2111 1361 2140 manu
1379 2099 1515 2151 patris
1535 2099 1601 2140 sui
1621 2097 1822 2140 Abrahae.

1151 2159 1198 2210 Ru
1216 2155 1366 2197 Amen.

1145 2211 1303 2254 Libera
1343 2212 1529 2253 Domine
1574 2211 1759 2252 animam
1804 2210 1918 2251 servi

1095 2269 1172 2318 tui,
1196 2269 1306 2310 sicut
1324 2267 1518 2310 liberasti
1536 2267 1620 2309 Lot
1635 2266 1690 2309 de
1704 2265 1916 2316 Sodomis,

1096 2331 1139 2367 et
1162 2325 1216 2367 de
1236 2325 1440 2366 flamma
1429 2324 1549 2376 lgnis.
1574 2327 1623 2378 Rg.
1646 2323 1796 2364 Amen.

1146 2381 1306 2424 Libera
1346 2381 1530 2422 Domine
1576 2380 1761 2422 animam
1804 2379 1917 2421 servi

1095 2438 1173 2488 tui,
1201 2438 1312 2479 sicut
1335 2436 1529 2479 liberasti
1549 2437 1731 2490 Moysen
1755 2435 1810 2478 de
1831 2449 1916 2479 ma-

1095 2508 1153 2536 nu
1171 2493 1408 2536 Pharaonis
1428 2494 1542 2545 regis
1559 2492 1876 2546 AEgyptiorum.

1149 2552 1199 2603 R.
1218 2551 1368 2592 Amen.

1148 2607 1308 2649 Libera
1349 2607 1534 2648 Domine
1579 2606 1764 2647 animam
1804 2585 1917 2647 servi

1096 2664 1174 2713 tui,
1221 2664 1332 2705 sicut
1368 2663 1562 2706 liberasti
1598 2663 1823 2704 Danielem
1862 2661 1916 2704 de

1097 2720 1195 2762 lacu
1213 2720 1397 2762 leonum.
1423 2721 1477 2773 R.
1494 2720 1645 2762 Amen.
