2040 2976
644 241 819 276 Officium
843 241 884 276 B.
908 241 1040 275 Mariae
1065 241 1102 274 in
1128 240 1306 275 Sabbato.

183 338 439 391 Capitulum.
632 338 760 380 Eccli.
779 338 843 379 24.
863 338 900 379 b.

176 406 383 507 nbffilaffiis
411 406 522 449 sicut
549 405 882 504 cintnamOmiam,
908 408 952 446 et

270 477 438 506 samum
459 475 609 505 aroma
630 474 749 503 izans
769 474 796 503 o
832 474 953 503 orem

130 520 251 563 dedi:
297 520 422 574 quasi
459 519 636 572 myrrha
676 518 815 561 electa
851 517 954 560 dedi

130 577 391 619 suavitatem
409 575 568 619 odoris,

184 642 235 694 R.
269 639 330 682 br.
365 641 509 694 Elegit
543 653 639 682 eam
669 640 811 690 DeuS,
843 638 866 690 ἦ*
897 638 954 680 Et

130 697 367 751 praeelegit
384 710 491 739 eam.
530 696 685 747 Elegit.
733 691 783 741 V.
814 695 866 736 In
891 699 952 736 ta-

130 754 367 796 bernaculo
393 765 476 795 suo
496 752 695 794 habitare
721 751 824 793 facit
848 763 954 792 eam.

131 809 188 852 Et
206 809 443 863 praeelegit.
472 808 622 851 Gloria
638 808 768 850 Patri.
799 807 955 858 Elegit.

184 866 235 918 V.
269 869 440 912 Diffusa
476 874 542 911 est
576 868 717 921 gratia
750 868 795 909 in
828 867 955 910 labiis

1004 340 1101 382 tuis.
1152 340 1202 391 Rz.
1239 341 1482 392 Propterea
1520 335 1746 380 benedixit
1786 340 1831 376 te

1004 397 1125 439 Deus
1151 396 1196 437 in
1224 398 1444 438 aeternum.

1205 470 1267 510 In
1293 470 1354 511 Π.
1379 467 1631 519 vesperis.

1068 527 1203 563 Omnia
1221 527 1292 561 dic.
1311 533 1350 561 ut
1368 528 1405 560 in
1422 526 1448 560 Ι.
1460 525 1674 569 Vesp.[133]
1692 526 1831 566 practer

1058 575 1108 627 V.
1126 578 1318 631 Dignare
1335 591 1405 620 me
1423 577 1604 620 laudare
1622 583 1677 629 te,
1692 577 1832 628 Virgo

1007 638 1188 678 sacrata.
1225 637 1276 689 R.
1296 635 1367 677 Da
1383 635 1489 676 mihi
1507 635 1713 677 virtutem
1732 647 1831 676 con-

1006 698 1075 735 tra
1091 692 1243 734 hostes
1259 696 1373 734 tuos.

1060 754 1130 795 Ad
1151 754 1323 804 Magnis.
1348 755 1445 794 Ant.
1479 753 1655 793 Beatam
1677 764 1747 793 me
1771 749 1831 792 di-

1009 814 1108 852 cent
1138 810 1163 836 *
1195 821 1346 851 omnes
1375 809 1697 860 generationes,
1733 807 1835 860 quia

1009 865 1209 908 ancillam
1227 865 1435 907 humilem
1453 865 1646 918 respexit
1664 865 1796 906 Deus.

774 946 1194 972 *es-sme—

409 1012 728 1065 OFFICIUM
760 1012 818 1061 B.
851 1010 1088 1060 MARIAE
1122 1008 1191 1057 IN
1224 1006 1556 1057 SABBATO.

185 1123 371 1159 Omnibus
392 1123 572 1165 Sabbatis
592 1133 661 1167 per
684 1132 834 1165 annum,
860 1131 956 1165 prae-

133 1175 306 1216 terquam
344 1171 383 1206 in
420 1171 591 1213 Qnatuor
624 1170 881 1214 Temporibus
921 1172 957 1203 et

134 1219 304 1263 Vigiliis,
334 1224 370 1255 et
397 1220 474 1254 nisi
503 1219 679 1255 Officium
707 1218 789 1253 fieri
819 1218 958 1252 debeat

135 1267 182 1302 de
196 1267 318 1311 Feria,
335 1272 493 1311 propter
510 1267 686 1302 Officium
701 1266 863 1309 alicujus
880 1265 956 1300 Do-

134 1315 285 1350 minicae
302 1315 401 1350 infra
415 1315 710 1351 Hebdomadam
724 1313 956 1358 ponendum,

134 1367 175 1398 ut
197 1363 336 1398 dicitur
355 1363 394 1398 in
410 1363 578 1398 Rubrica
599 1363 646 1397 de
662 1362 892 1404 Dominicis;
914 1371 958 1396 ac

65 1447 70 1454 ,
134 1410 210 1445 nisi
227 1411 366 1446 festum
381 1421 521 1447 novem
533 1410 758 1446 Lectionum
774 1414 958 1451 occurrat,

135 1459 176 1493 fit
209 1458 385 1494 Officium
421 1459 467 1494 de
505 1463 638 1494 sancta
668 1458 806 1501 Maria,
842 1457 958 1492 modo

136 1507 392 1551 infr-ascripto.

185 1554 230 1590 In
258 1555 443 1599 Vesperis
473 1555 596 1590 Feriae
627 1558 749 1590 sextae
781 1554 960 1588 dicuntur

135 1603 279 1647 Psahni
298 1603 452 1638 feriales
469 1603 508 1638 in
525 1603 715 1638 Psalterio
732 1602 863 1646 positi,
883 1601 959 1635 nisi

136 1651 250 1690 fuerit
272 1651 411 1686 festum
434 1660 575 1686 novem
598 1650 839 1685 Lectionum:
869 1650 960 1693 quia

135 1703 225 1734 tunc
249 1698 296 1733 de
320 1702 453 1734 sancta
473 1698 595 1733 Maria
618 1699 659 1733 fit
682 1701 830 1733 tantum
849 1697 959 1732 Com-

136 1746 361 1782 memoratio
378 1747 417 1781 in
435 1746 548 1781 dictis
561 1746 746 1790 Vesperis
764 1755 849 1780 cum
861 1745 960 1787 Ant„

136 1789 183 1836 V.
207 1797 244 1829 et
266 1793 458 1838 Oratione,
479 1798 521 1829 ut
544 1794 658 1829 infra:
683 1797 771 1838 quae
791 1793 959 1828 Comem.

138 1842 333 1885 omittitur,
355 1842 510 1886 quando
530 1842 643 1876 Feria
664 1846 774 1876 sexta
795 1841 961 1876 occurrit

136 1889 244 1925 aliud
267 1890 440 1934 ejusdem
461 1889 503 1925 B.
527 1890 660 1924 Mariae
684 1889 872 1924 Officium.

190 1946 410 1991 Capitulum
438 1951 476 1982 et
502 1946 679 1990 Hymnus
710 1950 751 1981 ut
782 1946 821 1980 in
852 1945 962 1980 festis

138 1993 180 2028 B.
203 1994 250 2029 M.
273 1994 318 2029 V.
343 1993 434 2037 [135]

140 2060 142 2063 ’
190 2045 241 2098 V.
273 2049 445 2091 Diffusa
481 2053 548 2092 est
582 2048 722 2100 gratia
755 2047 799 2089 in
833 2047 961 2091 labiis

137 2107 235 2149 tuis.
287 2107 338 2159 R.
374 2106 617 2159 Propterea
655 2104 879 2147 benedixit
917 2109 962 2147 te

137 2164 259 2212 Deus
284 2163 330 2204 in
356 2164 576 2204 aeternum.

140 2285 146 2290 Α
191 2232 263 2274 Ad
280 2233 454 2284 Magnis.
472 2234 572 2275 Ant.
600 2231 739 2273 Beata
755 2229 912 2279 Mater,
937 2229 961 2256 *

139 2293 183 2331 et
208 2289 371 2332 intecta
392 2288 548 2340 Virgo,
577 2286 769 2340 gloriosa
792 2285 963 2336 Regina

137 2344 297 2410 mundi,
314 2345 537 2388 intercede
554 2357 636 2411 pro
655 2343 784 2386 nobis
803 2341 860 2384 ad
873 2342 961 2383 Do-

138 2415 311 2444 mmum.

142 2447 145 2451 i
194 2458 244 2509 Ys-
281 2465 503 2507 Dominus·
533 2465 772 2507 vobiscum.
819 2465 868 2517 R.
904 2462 962 2504 Et

140 2534 240 2563 cum
266 2521 423 2574 spiritu
447 2525 537 2562 tuo.

196 2601 199 2604 ’
476 2589 638 2630 Oratio.

258 2650 425 2693 oncede
437 2662 519 2692 nos
533 2648 719 2691 famulos
732 2653 843 2699 tuOS,
855 2649 964 2700 quae-

175 2720 191 2758 ‘ij
274 2719 421 2748 sumus
443 2706 630 2747 Domine
647 2705 783 2756 Deus,
807 2705 962 2757 perpe-

147 2798 151 2806 ,
197 2774 217 2775 ”
238 2797 242 2803 .
272 2768 348 2806 tua
372 2762 531 2805 mentis
558 2766 602 2804 et
628 2761 825 2815 corporis
852 2759 962 2803 sani-

295 2905 358 2930 Pars
374 2905 482 2930 AEstiva.

1006 1124 1098 1163 tate
1133 1120 1344 1172 gaudere:
1383 1125 1426 1163 et
1463 1119 1655 1172 gloriosa
1674 1119 1835 1162 &beatae

1007 1178 1158 1219 Mariae
1194 1190 1367 1231 semper
1398 1177 1593 1228 Virginis
1630 1176 1834 1218 interces-

1009 1234 1147 1284 sione,
1172 1247 1198 1275 a
1220 1233 1428 1287 praesenti
1450 1233 1628 1275 liberari
1649 1232 1836 1283 tristitia,

1010 1294 1053 1331 et
1076 1292 1240 1331 aeterna
1260 1290 1425 1343 perfrui
1447 1289 1611 1332 laetitia.
1641 1289 1727 1331 Per
1746 1289 1835 1331 Do-

1008 1346 1172 1387 minum
1189 1351 1399 1389 nostrum.
1526 1346 1528 1349 ’

1064 1430 1158 1465 Post
1187 1429 1287 1464 Orat.
1319 1428 1413 1462 fiunt
1443 1424 1837 1461 Commemorationes

1013 1482 1207 1513 consuetae
1232 1478 1279 1511 de
1307 1476 1341 1511 S.
1368 1475 1531 1519 Joseph.
1562 1474 1609 1509 de
1634 1473 1837 1517 Apostolis
1888 1496 1889 1499 η

1013 1531 1049 1561 et
1073 1526 1120 1561 de
1143 1526 1254 1560 Pace.
1281 1523 1353 1559 125.

1064 1582 1105 1616 Si
1129 1586 1254 1615 autem
1279 1583 1454 1614 occurrat
1478 1577 1633 1612 Festum
1656 1575 1838 1619 Simplex,

1013 1630 1060 1665 de
1085 1640 1131 1664 eo
1155 1630 1195 1663 fit
1220 1629 1386 1663 Coffiem.
1413 1631 1499 1661 ante
1527 1626 1613 1669 ipsa
1638 1623 1837 1665 Suffragia.

1063 1681 1367 1725 Completorium
1387 1683 1427 1713 ut
1448 1679 1486 1712 in
1503 1677 1703 1712 PsalteriO.
1732 1675 1779 1709 Et
1800 1675 1839 1708 in
1888 1704 1889 1718 ἶ
1963 1675 1968 1679 ’

1012 1730 1086 1813 {ne
1116 1730 1259 1774 Hymni
1296 1728 1348 1762 Te
1377 1726 1476 1762 lucis
1507 1730 1594 1762 ante
1624 1725 1838 1770 terminum,

1042 1778 1154 1812 icitur

1097 1835 1205 1883 Jesu,
1223 1832 1303 1874 tibi
1322 1832 1378 1887 sit
1395 1831 1546 1884 gloria,

1142 1889 1226 1940 Qui
1243 1893 1370 1931 natus
1389 1901 1437 1931 es
1456 1887 1511 1931 de
1529 1887 1723 1939 Virgine.

1016 1964 1166 1999 etiamsi
1187 1964 1226 1998 in
1242 1963 1358 2006 Vesp.
1377 1962 1477 1996 facta
1499 1960 1549 1994 sit
1569 1963 1717 1994 tantum
1733 1958 1838 1993 Com.

1016 2013 1063 2047 de
1089 2012 1130 2046 B.
1155 2011 1291 2054 Maria,
1320 2010 1397 2044 nisi
1419 2009 1569 2053 Hymni
1594 2007 1698 2042 illius
1723 2006 1839 2046 Festi,

1016 2060 1121 2104 quod
1143 2059 1256 2094 Feria
1280 2059 1343 2093 VI.
1372 2058 1605 2092 celebratum
1628 2059 1701 2098 est,
1731 2054 1841 2089 aliter

1016 2107 1272 2143 concludendi
1304 2107 1398 2148 sint,
1434 2110 1473 2139 ut
1506 2106 1545 2138 in
1577 2103 1841 2147 Transfigura-

1015 2157 1120 2193 tione
1141 2155 1307 2191 Domini.

1107 2259 1110 2261 ’
1171 2256 1260 2298 Ad
1293 2255 1679 2299 matutinum.

1070 2338 1194 2379 Invit.
1228 2338 1316 2378 Ave
1343 2334 1498 2386 Maria,
1530 2334 1672 2386 gratia
1698 2334 1839 2387 plena,

1019 2395 1041 2420 ⁸¹
1056 2392 1272 2434 Dominus
1289 2397 1446 2434 tecum.

1070 2459 1138 2501 Ps.
1166 2459 1326 2509 Venite,
1345 2457 1622 2500 exsultemus.
1640 2457 1678 2499 2.

1327 2528 1537 2579 Hymnus.

1150 2601 1252 2631 uem
1269 2593 1397 2640 terra,
1415 2591 1590 2642 pontus,
1609 2585 1754 2628 sidera

1180 2645 1350 2696 Colunt,
1369 2645 1566 2693 adorant,
1585 2641 1839 2696 praedicant,

1116 2702 1297 2744 Trinam
1315 2703 1538 2754 regentem
1557 2698 1812 2746 machinam,

1118 2759 1367 2801 Claustrum
1384 2758 1534 2799 Mariae
1552 2754 1726 2807 bajulat.
