2040 2976
633 213 703 246 Dic
733 212 780 245 17.
807 212 903 252 Aug.

527 313 690 352 Oratio.

277 373 521 414 amulorum
546 373 738 419 tuorum,
768 371 1017 421 quaesumus

294 428 499 478 Domine,
535 426 707 468 delictis
739 426 933 476 ignosce:
969 427 1017 463 ut

193 487 266 540 qui
284 485 363 527 tibi
386 485 562 538 placere
587 482 642 524 de
668 481 837 524 actibus
855 479 1016 521 nostris

191 557 278 586 non
309 542 525 590 valemus;
559 539 794 582 Genitricis
825 537 923 578 Filii
953 535 1016 576 tui

190 599 366 641 Domini
386 598 525 639 nostri
544 595 858 640 intercessione
879 591 1015 633 salve-

190 669 302 697 mur:
332 655 415 706 Qui
435 659 580 696 tecum
600 653 707 695 vivit
728 657 771 693 et
790 654 952 700 regnat.

246 721 286 753 In
320 720 343 753 1.
375 720 572 753 Nocturno
608 718 809 751 Lectiones
845 716 890 749 dc
921 714 1017 749 Scri-

195 775 303 811 ptura
342 772 581 802 occurrente.
624 772 663 800 ut
705 766 847 799 dictum
886 768 943 797 est
980 763 1017 795 in

197 818 450 850 Rubricaantc
478 816 626 848 Domin.
654 814 715 847 ΙΙΙ.
742 812 916 855 Augusti.
941 809 1015 843 246.

418 877 466 915 In
493 877 543 914 ΙΙ.
572 875 793 913 Nocturno.

250 938 313 977 Ex
334 937 546 977 Tractatu
569 934 708 976 sancti
731 931 963 983 Augustini

345 992 557 1046 Episcopi
575 991 620 1031 in
638 991 662 1031 J
665 992 860 1031 oannem.

392 1053 593 1086 'l'mctatus
611 1052 661 1085 27.
682 1052 717 1100 in
737 1051 819 1083 fine.

498 1106 649 1146 Lectio
670 1105 722 1143 iv.

198 1168 388 1227 '1131‘an
420 1174 585 1210 sumus,
625 1160 799 1208 fratres,
839 1157 940 1210 quia
973 1170 1015 1198 o-

196 1241 301 1298 &⁸²
322 1232 460 1267 mnes,
490 1217 564 1270 qui
587 1230 736 1258 sumus
760 1216 803 1256 in
828 1217 1016 1267 corpore

197 1277 218 1298 ⁹⁴
236 1286 296 1302 --s‘
322 1274 513 1324 Domini,
543 1279 586 1315 et
610 1275 836 1314 manemus
860 1271 904 1311 in
928 1270 1016 1321 illo,

190 1337 237 1374 ut
261 1337 304 1373 et
328 1332 422 1384 ipse
445 1333 619 1372 maneat
637 1330 681 1370 in
699 1328 843 1378 nobis,
867 1328 911 1368 in
931 1327 1016 1369 hoc

190 1388 352 1430 saeculo
377 1389 556 1429 necesse
580 1386 792 1428 habemus
814 1396 954 1436 usque
972 1384 1016 1424 in

190 1445 320 1486 finem
344 1445 456 1485 inter
480 1443 619 1484 malos
644 1445 810 1492 vivere3
842 1454 930 1483 non
956 1441 1016 1481 in-

190 1506 256 1542 ter
281 1500 378 1541 illos
405 1500 504 1541 dico
528 1499 685 1549 malos,
715 1499 789 1551 qui
815 1497 1017 1550 blasphe-

190 1563 310 1599 mant
330 1557 564 1606 Christum3
591 1568 691 1597 raro
717 1555 832 1596 enim
850 1556 934 1607 jam
957 1555 1017 1595 in-

191 1614 431 1662 veniantur,
452 1614 525 1665 qui
538 1613 685 1663 lingua
699 1611 1017 1665 blasphemant,

192 1670 270 1712 sed
297 1670 438 1718 multi,
473 1669 546 1721 qui
574 1669 674 1710 vita.
726 1668 922 1709 Necesse
951 1673 1018 1709 est

192 1739 312 1777 ergo,
337 1732 385 1768 ut
410 1726 523 1767 inter
546 1725 645 1766 illos
664 1738 804 1777 usque
823 1725 866 1765 in
886 1724 1018 1765 finem

191 1785 401 1824 vivamus.
441 1781 529 1824 Sed
562 1781 668 1835 quid
699 1787 766 1824 est
798 1780 919 1834 quod
948 1781 1018 1831 ait,

192 1840 274 1890 Qui
302 1844 448 1881 manet
475 1839 518 1879 in
545 1852 633 1888 me,
665 1844 708 1880 et
736 1851 818 1889 ego
847 1838 889 1878 in
917 1836 1017 1878 illo?

192 1896 323 1946 Quid,
359 1896 441 1936 nisi
476 1895 595 1948 quod
623 1895 840 1948 Martyres
873 1895 1019 1936 audie·

191 1952 311 1994 bant:
336 1953 418 2002 Qui
442 1952 792 2004 perseveraverit
815 1964 955 2003 usque
975 1951 1019 1991 in

192 2009 334 2057 finem,
352 2008 422 2050 hic
442 2009 588 2050 salvus
609 2007 712 2050 erit?

251 2068 299 2118 Rg.
345 2065 441 2114 Quo
478 2064 759 2118 progrederis
797 2065 888 2106 sine
926 2064 1016 2105 fssio

193 2119 339 2173 pater?
379 2134 465 2173 quo
503 2122 710 2163 sacerdos
743 2127 893 2164 sancte
926 2122 1018 2163 sine

194 2176 379 2218 diacono
399 2178 634 2230 properas?
657 2181 679 2204 *
696 2178 765 2219 Tu
781 2191 1019 2231 numquam

194 2233 285 2274 sine
327 2234 524 2275 ministro
562 2234 823 2276 sacrificium
861 2235 1019 2276 offerre

194 2291 498 2331 consueveras.
543 2286 594 2336 W.
613 2291 727 2341 Quid
751 2304 855 2341 ergo
880 2292 923 2332 in
948 2305 1019 2334 me

194 2345 419 2398 displicuit
451 2347 702 2399 paternitati
730 2346 840 2388 tuae?
886 2348 1019 2390 Num·

196 2400 302 2453 quid
322 2401 583 2452 degenerem
600 2415 670 2443 me
690 2403 910 2455 probasti?
936 2405 1019 2445 Ex—

195 2459 339 2509 perire
367 2463 512 2499 utrum
540 2457 747 2499 idoneum
774 2459 1020 2502 ministrum

195 2513 395 2564 elegeris,
422 2515 491 2555 cui
519 2515 775 2556 commisisti
803 2515 1021 2558 Dominici

196 2569 419 2620 sanguinis
439 2569 821 2623 dispensationem.
848 2572 926 2613 Tu.

509 2633 658 2674 Lectio
687 2646 722 2671 v.

283 2681 476 2724 uomodo
500 2682 659 2723 mansit
682 2683 725 2723 in
748 2682 822 2723 illo
847 2689 1022 2725 sanctus

288 2738 560 2788 Laurentius,
579 2739 698 2789 cujus
718 2739 848 2780 hodie
865 2740 1023 2781 festum

952 211 991 244 ln
1019 210 1163 244 Octava
1189 208 1224 242 S.
1251 206 1457 241 Laurentii.

1071 308 1187 350 diem
1219 303 1517 349 celebramus?
1562 305 1725 347 Mansit
1759 315 1900 357 usque

1071 364 1127 406 ad
1154 363 1459 412 tentationem,
1486 361 1647 402 mansit
1674 373 1814 413 usque
1842 359 1900 402 ad

1070 420 1343 473 tyrannicam
1359 417 1763 469 interrogationem,
1782 429 1900 459 man-

1070 478 1126 519 sit
1148 489 1288 528 usque
1310 474 1367 517 ad
1387 475 1644 516 acerrimam
1665 474 1900 516 commina-

1069 534 1250 583 tionem,
1283 532 1442 574 mansit
1474 543 1615 583 usque
1647 529 1705 572 ad
1731 543 1900 583 perem-

1069 591 1275 644 ptionem.
1307 590 1468 630 Parum
1488 593 1570 629 est:
1588 599 1730 640 usque
1749 586 1807 635 ad
1824 587 1900 628 im-

1070 649 1245 689 manem
1303 644 1674 688 excruciationem
1732 643 1901 685 mansit.

1069 705 1170 746 Non
1208 704 1324 745 enim
1361 704 1534 744 occisus
1571 706 1639 743 est
1675 701 1782 757 cito,
1822 700 1902 742 sed

1070 761 1290 803 cruciatus
1319 764 1386 801 est
1413 759 1456 799 in
1484 758 1595 810 igne.
1638 757 1728 799 Diu
1753 759 1901 798 vivere

1068 820 1308 871 permissus
1329 821 1410 857 est:
1435 815 1523 856 imo
1551 827 1640 856 non
1659 813 1735 855 diu
1752 815 1902 856 vivere

1068 876 1309 926 permissus
1327 877 1404 922 est,
1423 870 1504 913 sed
1517 869 1644 913 tarde
1658 870 1771 912 mori
1785 882 1901 912 com-

1068 930 1223 984 pulsus
1244 935 1321 971 est.
1350 930 1402 970 In
1421 928 1495 970 illa
1515 940 1620 978 ergo
1639 927 1772 978 longa
1789 938 1902 968 mor-

1069 984 1125 1037 te‘,
1133 988 1182 1028 ‘in
1198 987 1282 1028 illis
1298 986 1541 1035 tormentis,
1557 985 1659 1037 quia
1670 984 1783 1026 bene
1793 997 1904 1025 man-

1070 1043 1327 1094 ducaverat,
1361 1049 1404 1086 et
1431 1043 1543 1084 bene
1574 1041 1762 1091 biberat,
1793 1046 1901 1083 tam-

1071 1114 1203 1154 quam
1234 1101 1309 1142 illa
1344 1113 1446 1142 esca
1479 1099 1718 1151 saginatus,
1750 1102 1794 1139 et
1824 1097 1901 1139 illo

1070 1158 1207 1199 calice
1227 1157 1386 1207 ebrius,
1406 1157 1628 1198 tormenta
1646 1167 1735 1196 non
1754 1154 1902 1196 sensit.

1126 1220 1177 1270 Rg.
1208 1218 1312 1260 Noli
1339 1231 1409 1259 me
1442 1216 1747 1268 derelinquere
1774 1220 1902 1269 pater

1070 1281 1237 1326 sancte,
1277 1275 1379 1327 quia
1417 1273 1651 1316 thesauros
1682 1277 1785 1314 tuos
1816 1273 1902 1324 jam

1070 1332 1270 1386 expendi.
1295 1334 1317 1357 *
1337 1331 1440 1372 Non
1465 1343 1548 1382 ego
1574 1335 1618 1372 te
1645 1328 1802 1370 desero
1828 1328 1901 1379 fili,

1070 1402 1213 1442 neque
1233 1388 1508 1441 derelinquo:
1534 1386 1614 1428 sed
1638 1386 1805 1437 majora
1821 1385 1903 1427 tibi

1071 1446 1286 1488 debentur
1322 1458 1406 1499 pro
1442 1444 1530 1486 fide
1564 1442 1728 1485 Christi
1765 1444 1901 1484 certa-

1070 1504 1199 1545 mina.
1239 1500 1290 1550 V.
1307 1503 1403 1544 Nos
1429 1501 1554 1554 quasi
1577 1512 1705 1542 senes
1724 1499 1902 1541 levioris

1069 1573 1230 1613 pugnae
1245 1573 1420 1601 cursum
1435 1558 1680 1611 recipimus,
1695 1561 1739 1598 te
1754 1561 1902 1598 autem

1073 1617 1199 1670 quasi
1216 1617 1416 1669 juvenem
1433 1620 1581 1657 manet
1595 1614 1831 1666 gloriosior
1846 1612 1902 1655 de

1070 1676 1258 1726 tyranno
1286 1673 1550 1726 triumphus:
1576 1675 1681 1725 post
1706 1669 1901 1713 triduum

1070 1743 1140 1772 me
1187 1731 1386 1782 sequeris
1434 1728 1713 1771 sacerdotem
1758 1727 1902 1769 levita.

1070 1787 1173 1828 Non
1193 1799 1287 1837 ego.

1376 1838 1531 1879 Lectio
1552 1837 1605 1878 vi.

1167 1898 1307 1937 ixerat
1336 1900 1483 1937 autem
1501 1894 1563 1936 illi
1589 1894 1761 1946 Xystus
1788 1893 1901 1935 Mar-

1165 1957 1236 2005 tyr
1257 1957 1446 2002 sanctus,
1471 1952 1591 2003 cujus
1611 1950 1729 1992 diem
1748 1950 1901 2003 quinto

1058 2008 1230 2050 ,abhinc
1279 2013 1400 2050 retro
1451 2007 1522 2050 die
1571 2007 1903 2050 celebravimus:

1070 2065 1175 2107 Noli
1198 2067 1386 2107 moerere
1411 2065 1490 2106 fili:
1516 2066 1769 2118 (episcopus
1788 2063 1903 2106 enim

1072 2127 1166 2164 erat
1193 2121 1281 2171 ille,
1314 2122 1397 2164 iste
1425 2121 1652 2172 diaconus)
1679 2120 1772 2162 noli
1797 2133 1902 2163 moe-

1071 2180 1184 2228 rere,
1210 2178 1367 2230 inquit,
1394 2178 1593 2230 sequeris
1616 2189 1686 2218 me
1709 2181 1813 2229 post
1829 2178 1902 2218 tri-

1072 2233 1217 2276 duum.
1258 2233 1472 2276 Triduum
1503 2239 1650 2276 autem
1679 2233 1790 2275 dixit
1816 2234 1902 2274 me-

1072 2290 1191 2332 dium
1226 2291 1340 2332 inter
1368 2290 1484 2332 diem
1516 2289 1736 2343 passionis
1764 2289 1903 2331 sancti

1071 2348 1221 2400 Xysti,
1250 2352 1294 2389 et
1317 2346 1434 2389 diem
1459 2346 1718 2389 hodiernam
1736 2346 1901 2399 passio-

1071 2405 1137 2445 nis
1163 2403 1305 2445 sancti
1324 2403 1558 2445 Laurentii.
1595 2402 1811 2445 Triduum
1835 2408 1903 2444 est

1071 2460 1275 2502 medium.
1325 2461 1362 2501 O
1397 2459 1660 2502 consolatio!
1692 2459 1794 2501 Non
1827 2459 1902 2509 ait,

1072 2516 1175 2558 Noli
1194 2518 1381 2558 moerere
1401 2516 1478 2566 fili,
1504 2516 1675 2558 desinet
1697 2517 1900 2568 persecu-

1072 2574 1150 2622 tio,
1171 2579 1214 2615 et
1234 2576 1415 2614 securus
1436 2574 1536 2615 eris:
1560 2571 1654 2623 sed,
1673 2571 1778 2613 Noli
1795 2582 1901 2612 moe-

1073 2631 1182 2670 rere:
1211 2642 1298 2681 quo
1324 2642 1407 2680 ego
1431 2629 1652 2682 praecedo,
1681 2633 1730 2670 tu
1748 2628 1900 2679 seque-

1073 2685 1149 2734 ris,
1182 2698 1264 2727 nec
1296 2686 1552 2727 consecutio
1584 2690 1660 2726 tua
1692 2683 1901 2726 differtur.

1073 2741 1287 2783 Triduum
1314 2741 1507 2783 medium
1534 2741 1630 2791 erit,
1659 2745 1703 2782 et
1730 2752 1903 2781 mecum
