2040 2976
507 194 607 228 Infra
632 195 928 229 Hebdomadam
951 206 986 247 x.
1010 201 1100 238 post
1125 196 1203 230 Oct.
1229 198 1486 234 Pentecoste&

148 279 220 329 de,
249 280 320 322 dic
345 294 513 333 quaeso,
540 288 708 326 tantam
725 299 819 327 rem
839 287 975 328 audes

146 335 322 387 publice
340 337 479 389 loqui,
505 344 637 390 atque
658 353 712 381 ex
730 344 875 394 teipso
895 343 974 384 fer-

147 404 193 432 re
222 392 503 434 sententiam?
539 394 636 445 Ego
664 397 827 449 quippe
852 403 896 439 θῖ
921 411 975 439 θΧ

145 447 197 487 iis
224 459 323 498 quae
348 447 460 489 dixit
478 449 616 500 Deus,
646 456 689 492 et
717 465 771 493 ex
794 453 847 493 iis
874 466 972 504 quae

144 502 264 552 fecit,
292 505 558 545 contrarium
585 507 776 557 probare
803 511 973 560 petere.

145 557 275 608 Quod
294 559 331 599 si
350 565 534 611 propter
553 561 699 602 futura
716 576 804 604 non
819 563 973 614 credis,

143 613 214 654 vel
238 614 393 655 saltem
416 621 601 667 propter
620 629 672 657 ea
693 629 791 668 quae
810 620 895 670 jam
914 620 972 660 fa-

144 674 215 710 cta
242 675 359 719 sunt,
392 670 533 711 crede.
581 672 684 713 Non
712 674 826 714 enim
854 680 972 716 certe

142 725 271 765 minae
299 731 400 767 sunt
426 731 469 767 θῖ
495 727 630 768 verba
656 729 971 781 tantummodo,

144 793 242 831 quae
270 781 385 822 facta
413 786 513 822 sunt
544 787 587 823 et
614 783 658 823 in
687 797 799 836 opus
826 785 972 836 ipsum

143 836 352 877 exierunt.
381 837 488 886 Quis
506 837 638 887 igitur
656 844 799 880 totum
819 840 972 882 orbem

141 891 323 932 inducto
345 891 510 933 diluvio
537 895 771 945 stagnavit,
802 909 854 936 ac
877 909 970 946 gra-

141 959 194 987 ve
213 946 320 988 illud
339 947 627 998 naufragium,
657 951 969 993 omnimodam—

142 1014 228 1053 que
248 1004 419 1053 generis
442 1005 582 1045 nostri
600 1006 893 1057 perditic'mem
913 1009 969 1048 ef-

140 1056 264 1099 fecit?
315 1059 423 1108 Quis
464 1058 623 1101 deinde
664 1062 844 1103 flilmina
878 1064 968 1113 illa,

139 1112 314 1164 telaque
346 1114 614 1157 flammantia
645 1129 778 1169 super
806 1124 967 1160 terram

138 1167 433 1210 Sodomorum
452 1169 647 1212 demisit?
675 1173 781 1221 Quis
801 1175 968 1215 univer-

138 1235 235 1264 sum
270 1225 454 1277 AEgypti
492 1227 733 1268 exercitum
770 1229 814 1268 in
848 1243 969 1270 mare

139 1278 366 1321 demersit?
387 1281 493 1330 Quis
511 1286 780 1334 synagogam
798 1284 969 1326 Abiron

140 1335 404 1377 combussit?
447 1337 554 1386 Quis
589 1342 869 1390 septuaginta
895 1341 969 1381 illa

138 1390 272 1431 mfflia
302 1397 486 1444 propter
517 1393 702 1435 Davidis
735 1398 968 1447 peccatum

138 1458 225 1486 uno
252 1448 465 1499 temporis
493 1450 716 1490 momento
746 1456 872 1502 peste
897 1464 968 1492 oc-

139 1500 266 1543 cidit?
313 1502 470 1544 Nonne
502 1504 598 1545 haec
632 1506 777 1547 omnia
808 1512 851 1548 et
883 1507 967 1548 alia

138 1557 259 1598 Deus
278 1557 363 1598 illis
381 1558 546 1600 intulit?

188 1618 240 1669 R.
272 1614 368 1664 Ego
398 1619 443 1656 te
470 1615 550 1656 tuli
583 1615 638 1657 de
667 1616 800 1658 domo
828 1617 965 1669 patris

137 1669 211 1717 tui,
239 1668 345 1711 dicit
362 1670 588 1721 Dominus,
617 1677 661 1713 θῖ
678 1673 807 1724 posui
827 1678 872 1714 te
890 1677 965 1725 pa-

139 1736 261 1766 scere
284 1738 463 1776 gregem
484 1727 640 1778 p6puli
664 1729 764 1769 mei:
780 1733 804 1758 *
826 1729 882 1769 Et
907 1729 966 1769 fui

138 1784 285 1821 tecum
302 1781 346 1821 in
372 1782 575 1823 emnibus
594 1783 860 1836 ubicumque
880 1798 965 1825 am-

138 1834 318 1886 bulasti,
351 1837 529 1878 firmans
561 1851 742 1889 regnum
770 1845 893 1881 tuum
921 1841 965 1880 in

140 1893 360 1932 aetemum.
399 1892 450 1943 V.
479 1894 672 1946 Fecique
699 1895 778 1937 tibi
805 1908 966 1937 nomen

139 1947 322 1997 grande,
359 1949 477 1999 juxta
509 1962 670 1991 nomen
695 1953 984 2001 magnorum,-

141 2002 215 2053 qui
236 2008 336 2044 sunt
359 2004 404 2043 in
421 2009 552 2045 terra:
579 2011 622 2047 et
644 2007 840 2057 requiem
863 2007 966 2048 dedi

139 2057 220 2098 tibi
247 2058 301 2099 ab
331 2059 532 2100 emnibus
559 2061 745 2102 inimicis
767 2063 873 2102 tuis..
898 2063 964 2103 Et.

141 2112 292 2154 Gloria
309 2114 439 2156 Patri.
467 2116 533 2157 Et.

187 2172 240 2222 R.
259 2172 328 2211 vii.
367 2170 555 2212 Peccavi
579 2185 711 2224 super
736 2176 965 2213 numerum

139 2226 282 2265 arenae
307 2226 455 2275 maris,
483 2232 526 2268 et
552 2227 843 2279 multiplicata
867 2234 967 2269 sunt

138 2282 323 2331 peccata
349 2294 461 2322 mea:
495 2287 539 2323 et
565 2296 654 2323 non
683 2296 781 2323 sum
810 2283 965 2332 dignus

138 2334 287 2376 videre
314 2336 588 2378 altitudinem
614 2339 714 2379 coeli
738 2351 831 2390 prae
859 2339 965 2379 mul-

137 2390 324 2432 titudine
346 2392 587 2444 iniquitatis
606 2406 732 2434 meae:
759 2394 967 2445 queniam

137 2446 303 2487 irritavi
340 2448 450 2488 iram
487 2453 624 2498 tuam,
654 2451 677 2474 ¹⁸¹
715 2449 773 2489 Et
803 2449 966 2489 malum

138 2513 287 2542 coram
310 2507 354 2543 te
378 2503 472 2544 feci.
502 2498 552 2549 V.
577 2505 792 2553 Quoniam
812 2504 964 2555 iniqui-

137 2559 273 2597 tatem
295 2571 439 2599 meam
462 2571 544 2608 ego
565 2562 805 2608 cognosco:
826 2564 874 2610 'et
893 2559 964 2600 de-

137 2611 288 2653 lictum
315 2626 460 2654 meum
489 2619 642 2654 contra
670 2627 739 2654 me
765 2619 831 2655 est
855 2627 964 2655 sem-

137 2679 228 2718 per,
250 2669 351 2719 quia
369 2664 449 2709 tibi
469 2669 551 2709 soli
569 2669 761 2719 peccavi.
789 2669 856 2709 Et.

1793 199 1859 233 225

1080 291 1131 341 Rz.
1160 291 1243 331 viii.
1290 291 1392 331 Duo
1431 291 1659 344 seraphim
1700 294 1856 336 clama-

1028 344 1134 385 bant
1162 345 1273 386 alter
1301 344 1358 386 ad
1387 346 1584 388 alterum:
1611 353 1633 377 *
1659 349 1856 400 Sanctus,

1029 404 1223 449 sanctus,
1271 406 1448 442 sanctus
1483 403 1698 445 Deminus
1734 406 1856 447 Deus

1027 455 1238 497 Sabaoth:
1263 461 1286 483 *
1312 456 1447 497 Plena
1476 463 1541 499 est
1569 461 1710 500 omnis
1737 466 1856 502 terra

1026 511 1168 561 gloria
1187 512 1288 563 ejus.
1318 509 1367 560 V.
1394 513 1505 554 Tres
1525 520 1624 555 sunt
1645 517 1718 567 qui
1737 518 1855 558 testi-

1026 567 1221 607 menium
1241 567 1347 608 dant
1365 568 1410 607 in
1431 569 1561 618 coelo,
1583 570 1727 620 Pater,
1747 573 1854 613 Ver-

1026 621 1141 671 bum,
1163 628 1206 663 et
1223 623 1411 675 Spiritus
1432 631 1621 666 sanctus:
1641 631 1684 667 et
1702 627 1745 667 hi
1764 633 1854 669 tres

1026 690 1162 718 unum
1181 684 1292 719 sunt.
1325 679 1521 720 Sanctus.
1554 681 1705 723 G16ria
1723 683 1852 724 Patri.

1025 732 1169 773 Plena.

1198 828 1370 864 Feria
1404 829 1682 865 Secunda.

1063 899 1076 911 ·
1135 887 1205 926 De
1233 883 1346 925 libro
1376 890 1533 936 quarto
1561 886 1743 934 Regum.

1075 941 1228 985 Lectio
1249 946 1273 985 i.
1628 953 1729 1004 Cap.
1750 955 1799 992 11.
1823 984 1826 985 γ

1133 1002 1267 1043 thalia
1308 1016 1414 1044 vero
1454 1010 1593 1045 mater
1634 1006 1852 1055 Ochoziae,

1055 1061 1103 1095 sss
1145 1057 1299 1099 videns
1319 1062 1540 1100 mertuum
1560 1060 1697 1100 filium
1717 1074 1852 1111 suum,

1023 1114 1226 1163 surrexit,
1251 1120 1294 1155 et
1317 1115 1535 1156 interfecit
1555 1128 1683 1156 omne
1704 1129 1852 1157 semen

1022 1169 1199 1218 regium.
1220 1169 1400 1210 Tollens
1420 1175 1566 1211 autem
1580 1171 1604 1210 J
1608 1171 1744 1212 esaba
1765 1172 1853 1212 filia

1022 1224 1137 1273 regis
1156 1225 1180 1264 J
1184 1237 1322 1274 oram,
1351 1238 1477 1266 soror
1497 1225 1720 1275 Ochoziae‚
1748 1228 1772 1267 J
1775 1240 1852 1268 oas

1021 1279 1159 1320 filium
1179 1280 1401 1330 Ochoziae,
1428 1282 1571 1322 furata
1591 1288 1658 1323 est
1679 1295 1776 1323 eum
1797 1282 1851 1324 de

1021 1335 1166 1375 medio
1199 1336 1390 1377 filiorum
1422 1338 1553 1387 regis,
1587 1338 1660 1388 qui
1691 1338 1851 1379 interfi-

1022 1390 1263 1441 ciebantur,
1293 1397 1336 1433 et
1362 1395 1575 1434 nutricem
1596 1395 1686 1444 ejus
1707 1392 1761 1434 de
1781 1394 1850 1434 tri-
1898 1397 1899 1401 ’

1021 1446 1168 1487 clinio:
1205 1453 1248 1488 et
1282 1447 1514 1489 abscondit
1549 1461 1648 1489 eum
1684 1462 1709 1489 a
1740 1449 1850 1490 facie

1020 1502 1211 1543 Athaliae
1226 1508 1274 1544 ut
1288 1516 1376 1544 non
1388 1504 1716 1546 interficeretur.
1736 1505 1852 1545 Erat-

1021 1570 1105 1609 que
1131 1571 1230 1599 cum
1256 1572 1308 1600 ea
1332 1572 1410 1600 sex
1434 1561 1556 1600 annis
1582 1560 1694 1601 clam
1712 1561 1755 1600 in
1775 1559 1848 1601 do—

1018 1627 1091 1654 mo
1116 1615 1308 1655 Domini:
1336 1628 1472 1667 porro
1497 1616 1675 1658 Athah'a
1700 1618 1848 1666 regna-

1018 1671 1081 1712 vit
1100 1683 1233 1722 super
1252 1676 1426 1712 terram.

1072 1729 1123 1779 R.
1148 1726 1404 1768 Recordare
1424 1727 1623 1768 Demine.
1643 1728 1728 1767 179.

1328 1791 1480 1833 Lectio
1500 1793 1539 1833 ii.

1019 1841 1181 1945 Ᾱιηο
1198 1847 1343 1883 autem
1355 1842 1543 1893 septimo
1553 1842 1669 1883 misit
1679 1843 1704 1882 J
1707 1842 1847 1890 oiada‚
1893 1849 1896 1851 ’

1121 1902 1165 1938 θῖ
1181 1901 1407 1938 assumens
1425 1897 1701 1938 centurienes
1718 1903 1761 1938 et
1773 1900 1847 1937 mi-

1018 1952 1116 1993 lites
1140 1952 1386 1993 introduxit
1412 1953 1469 1993 ad
1494 1965 1541 1993 εθ
1567 1953 1611 1992 in
1635 1953 1847 2005 templum
1894 1958 1896 1960 ’

1017 2008 1205 2057 Domini,
1223 2009 1480 2060 pepigitque
1498 2021 1596 2049 cum
1612 2009 1674 2049 eis
1690 2008 1848 2049 foedus:

1018 2068 1062 2104 θῖ
1089 2063 1293 2114 adjurans
1322 2076 1399 2104 eos
1427 2064 1471 2103 in
1499 2062 1632 2104 domo
1660 2064 1846 2111 Demini‚

1018 2119 1210 2167 ostendit
1230 2119 1292 2159 eis
1312 2119 1448 2158 filium
1469 2119 1599 2169 regis:
1620 2124 1664 2160 et
1683 2121 1844 2171 praece-

1017 2174 1082 2225 pit
1114 2174 1219 2222 illis,
1253 2173 1419 2215 dicens:
1461 2175 1552 2215 Iste
1585 2180 1652 2219 est
1684 2187 1844 2223 sermo,

1019 2242 1148 2280 quem
1176 2230 1320 2270 facere
1349 2229 1534 2271 debetis:
1565 2230 1715 2271 Tertia
1742 2242 1845 2281 pars

1017 2290 1212 2325 vestrum
1226 2285 1414 2327 intreeat
1430 2286 1628 2335 sabbato,
1648 2291 1691 2326 et
1708 2285 1846 2326 obser-

1017 2345 1090 2381 vet
1116 2340 1323 2381 excubias
1350 2339 1507 2381 domus
1533 2341 1659 2390 regis.
1695 2340 1844 2380 Tertia

1017 2400 1163 2436 autem
1186 2408 1290 2446 pars
1317 2396 1374 2436 sit
1398 2395 1455 2436 ad
1478 2401 1654 2447 portam
1677 2395 1773 2435 Sur:
1802 2400 1844 2435 et

1015 2451 1145 2491 tertia
1163 2463 1267 2502 pars
1288 2451 1343 2491 sit
1362 2450 1418 2491 ad
1436 2456 1629 2502 portam,
1658 2463 1756 2501 quae
1778 2455 1843 2490 est

1015 2511 1120 2556 post
1146 2505 1443 2546 habitaculum
1470 2506 1772 2547 scutariorum:
1801 2509 1843 2544 θῖ

1017 2561 1274 2602 custodietis
1294 2561 1500 2602 excubias
1516 2560 1671 2602 domus
1686 2560 1841 2600 Messa.

1015 2616 1127 2656 Duae
1157 2629 1262 2656 vero
1289 2621 1438 2667 partes
1465 2629 1488 2656 θ
1515 2615 1657 2663 vobis,
1690 2626 1840 2655 omnes

1015 2670 1290 2720 egredientes
1334 2671 1540 2719 sabbato,
1593 2668 1840 2711 custodiant
