2040 2976
133 284 239 335 Quis
280 283 506 326 accusabit
547 282 759 324 adversus
796 280 961 322 electos

132 340 239 382 Dei?
271 340 392 381 Deus
420 339 494 392 qui
519 338 739 390 justificat,
772 337 870 390 quis
895 341 962 378 est

135 397 209 449 qui
248 394 532 438 condemnet?
583 394 780 436 Christus
818 394 961 442 Jesus,

134 454 208 506 qui
232 455 431 494 mortuus
457 457 541 502 est,
568 451 701 493 immo
733 450 806 504 qui
831 455 874 492 et
897 462 961 491 re-

135 509 337 559 surrexit,
365 509 439 561 qui
458 513 525 550 est
545 507 602 549 ad
622 507 849 550 dexteram
867 505 962 555 Dei,

135 566 209 619 qui
228 566 359 608 etiam
377 564 630 617 interpellat
648 577 730 617 pro
749 563 889 605 nobis.

186 635 239 686 R.
263 630 366 673 Vidi
390 631 647 683 conjunctos
666 630 785 671 viros
803 628 962 670 haben-

133 691 200 729 tes
226 685 480 740 splendidas
507 692 669 736 vestes,
698 691 742 728 et
767 685 962 737 Angelus

134 744 311 786 Domini
329 743 503 785 locutus
524 748 591 784 est
611 743 667 785 ad
686 755 771 792 me,
797 741 962 784 dicens:

136 803 159 827 *
185 801 264 842 Isti
293 805 393 842 sunt
421 800 502 840 viri
535 800 675 841 sancti
704 799 807 841 facti
836 799 963 840 amici

134 857 228 898 Dei.
258 852 308 904 V.
324 855 429 898 Vidi
448 856 667 908 Angelum
685 856 768 898 Dei
791 856 962 905 fortem,

135 913 357 955 volantem
375 926 456 966 per
474 912 667 954 medium
686 912 863 962 coelum,
888 925 962 954 vo-

135 983 184 1012 ce
207 983 365 1022 magna
389 969 651 1011 clamantem
671 974 714 1011 et
734 969 962 1011 dicentem.

132 1027 212 1069 Isti
230 1031 341 1070 sunt.

436 1081 587 1123 Lectio
607 1082 661 1122 iii.

139 1122 286 1247 Quis
314 1157 419 1196 ergo
445 1158 527 1186 nos
556 1145 780 1198 separabit
805 1157 830 1185 a
857 1144 962 1185 cari-

235 1203 327 1244 tate
348 1200 531 1243 Christi?
557 1201 799 1251 tribulatio,
819 1213 874 1241 an
892 1213 962 1241 an-

134 1258 295 1308 gustia,
329 1271 383 1299 an
411 1258 563 1308 fames,
596 1271 650 1299 an
676 1256 870 1307 nuditas,
909 1270 963 1298 an

134 1314 393 1366 periculum,
422 1328 476 1356 an
501 1314 769 1368 persecutio,
798 1326 853 1355 an
875 1314 963 1365 gla-

135 1369 255 1412 dius?
273 1371 400 1421 (sieut
415 1371 627 1424 scriptum
643 1376 724 1413 est:
739 1372 851 1421 Quia
863 1383 962 1424 pro-

134 1430 235 1479 pter
259 1432 304 1468 te
328 1427 645 1470 mortificamur
669 1432 765 1469 tota
793 1427 880 1469 die:
909 1440 963 1468 ae-

135 1483 298 1541 stimati
325 1497 474 1525 sumus
503 1484 617 1526 sicut
645 1497 751 1526 oves
781 1484 962 1526 occisio-

135 1539 226 1590 nis.)
265 1539 352 1582 Sed
383 1540 427 1581 in
459 1540 526 1582 his
555 1541 758 1582 omnibus
786 1543 963 1593 supera-

134 1609 231 1637 mus
250 1601 435 1650 propter
459 1610 572 1648 eum,
600 1597 673 1650 qui
698 1597 850 1639 dilexit
869 1610 963 1639 nos.

136 1652 291 1695 Certus
311 1666 407 1695 sum
426 1654 541 1696 enim
558 1654 661 1707 quia
674 1667 818 1707 neque
832 1667 963 1705 mors,

135 1721 277 1761 neque
305 1710 410 1760 vita,
438 1724 581 1764 neque
611 1711 785 1763 Angeli,
819 1724 963 1764 neque

134 1766 420 1819 Principatus,
438 1780 581 1820 neque
596 1768 807 1818 Virtutes,
820 1781 963 1820 neque

134 1822 351 1873 instantia,
374 1836 517 1876 neque
537 1824 691 1875 futura,
715 1837 858 1876 neque
878 1824 962 1866 for-

97 1903 101 1906 ·
122 1878 288 1929 titudo,
310 1891 454 1932 neque
479 1880 676 1930 altitudo,
700 1893 843 1933 neque
862 1893 961 1933 pro-

134 1934 332 1986 fundum,
360 1949 504 1989 neque
529 1941 730 1979 creatura
755 1938 841 1979 alia
865 1938 961 1989 pot-

135 1991 218 2032 erit
247 2005 329 2034 nos
361 1995 569 2046 separare
601 2007 626 2035 a
659 1994 840 2036 caritate
867 1995 962 2044 Dei,

137 2060 235 2100 quae
264 2053 331 2091 est
361 2049 405 2090 in
434 2049 609 2092 Christo
637 2051 662 2092 J
665 2063 742 2092 esu
770 2051 962 2093 Domino

134 2109 299 2146 nostro.
345 2105 396 2157 Rz.
423 2106 729 2149 Tradiderunt.
759 2107 841 2159 [38]

369 2182 418 2221 In
437 2181 488 2222 11.
507 2181 730 2222 Nocturno.

438 2249 592 2292 Lectio
612 2251 666 2291 iv.

210 2319 410 2364 oannes
439 2322 482 2359 et
505 2318 667 2359 Paulus
696 2319 853 2361 fratres
876 2319 962 2360 Ro-

148 2376 167 2426 -ζ
205 2379 240 2423 Jw
262 2375 391 2424 mani,
406 2387 506 2416 cum
522 2374 803 2417 facultatibus
819 2388 844 2416 a
860 2375 964 2416 Con-

201 2437 205 2440 ’
231 2426 236 2432 ’
263 2431 423 2472 stantia
452 2430 725 2473 Constantini
752 2431 857 2481 filia,
895 2431 964 2472 0111

134 2486 207 2539 pie
226 2486 503 2538 fideliterque
522 2489 775 2537 servierant,
797 2487 881 2529 sibi
899 2500 962 2529 re-

134 2542 266 2592 lictis,
296 2542 459 2584 Christi
483 2546 703 2595 pauperes
727 2544 909 2593 alerent,
938 2557 963 2585 a

136 2598 309 2640 Juliano
337 2599 557 2651 Apostata
586 2598 629 2638 in
653 2602 881 2640 numerum
905 2600 963 2642 fa-

135 2654 365 2696 miliarium
398 2657 576 2696 suorum
607 2655 791 2705 invitati,
828 2655 963 2698 libere

135 2712 402 2761 negaverunt
417 2723 464 2752 se
479 2710 597 2763 apud
612 2724 711 2752 eum
731 2724 826 2753 esse
841 2712 964 2763 velle,

290 2850 354 2875 Pars
370 2851 478 2876 AEstiva.

475 183 546 217 Die
569 184 620 217 26.
644 183 761 216 Junii.
808 184 863 216 Ss.
889 182 1052 215 Joannis
1079 190 1115 215 et
1138 182 1247 215 Pauli
1275 182 1492 225 Martyrum.

1015 279 1089 331 qui
1107 292 1133 320 a
1151 279 1176 320 J
1179 292 1256 320 esu
1272 279 1447 321 Christo
1468 279 1712 321 defecisset.
1742 279 1841 329 Qui-

1016 336 1096 378 bus
1127 335 1200 377 1110
1233 335 1290 378 ad
1324 335 1656 379 deliberandum
1690 336 1843 377 decem

1016 393 1109 434 dies
1126 393 1334 446 praefinit,
1363 398 1411 434 ut
1434 393 1517 435 nisi
1536 394 1591 436 ad
1612 407 1707 435 eam
1727 392 1843 434 diem

1015 450 1055 491 ei
1090 449 1337 500 adhaerere,
1384 455 1428 491 et
1462 450 1561 491 Jovi
1598 451 1844 492 sacrificare

1016 506 1332 556 constituerint,
1353 506 1436 548 sibi
1455 506 1730 549 moriendum
1746 520 1843 549 esse

1016 568 1137 605 certo
1157 563 1307 605 sciant.

1070 624 1120 674 K.
1150 620 1298 662 Sancti
1330 620 1394 662 tui
1425 620 1612 663 Demine
1644 622 1844 664 mirabile

1017 678 1243 719 consecuti
1259 682 1359 719 sunt
1373 677 1466 727 iter,
1486 679 1726 720 servientes
1741 693 1845 732 prae-

1017 735 1156 788 ceptis
1184 735 1289 784 tuis,
1318 739 1367 776 ut
1394 734 1691 777 invenirentur
1718 736 1843 778 illaesi

1015 791 1058 832 in
1083 791 1210 844 aquis
1234 790 1408 842 validis3
1433 792 1455 816 *
1479 792 1616 834 Terra
1641 795 1845 846 apparuit

1017 848 1156 898 arida,
1190 853 1233 890 et
1263 849 1307 889 in
1339 848 1450 889 Mari
1483 849 1615 890 rubro
1648 851 1718 891 via
1752 851 1844 893 sine

1015 905 1340 958 impedimento.
1406 900 1456 951 V.
1496 907 1711 956 Queniam
1749 921 1844 960 per-

1017 962 1152 1004 cussit
1176 967 1363 1014 petram,
1392 967 1435 1004 et
1462 963 1680 1005 fluxerunt
1706 977 1845 1017 aquae,

1017 1023 1060 1060 et
1083 1021 1305 1061 torrentes
1327 1018 1659 1061 inundaverunt.
1696 1021 1845 1062 Terra.

1330 1077 1482 1117 Lectio
1504 1090 1539 1116 v.

1063 1132 1109 1172 lli
1138 1132 1255 1174 intra
1287 1132 1333 1174 id
1363 1138 1540 1186 tempus
1570 1133 1740 1186 reliqua
1768 1148 1845 1177 sua

1077 1189 1195 1231 bona
1223 1189 1541 1232 distribuerunt
1568 1192 1846 1243 pauperibus,

1018 1258 1105 1298 quo
1126 1245 1423 1299 expeditiores
1442 1246 1499 1288 ad
1514 1247 1750 1289 Dominum
1770 1250 1846 1290 mi—

1016 1305 1143 1353 grare
1167 1308 1368 1356 possent,
1398 1308 1441 1345 et
1464 1303 1614 1356 plures
1638 1306 1845 1357 juvarent,

1017 1372 1042 1400 a
1081 1360 1239 1412 quibus
1279 1360 1323 1400 in
1364 1362 1528 1402 aeterna
1564 1361 1846 1404 tabernacula

1017 1417 1328 1470 reciperentur.
1374 1417 1458 1459 Die
1488 1417 1658 1460 decima
1685 1419 1843 1461 Teren-

1016 1474 1159 1514 tianus
1197 1474 1420 1526 praetoriae
1459 1474 1654 1516 cohortis
1693 1477 1844 1528 praefe-

1017 1536 1129 1580 ctuS,
1168 1530 1224 1572 ad
1257 1543 1334 1573 eos
1366 1532 1543 1582 missus,
1581 1546 1679 1574 cum
1714 1533 1846 1575 allata

1016 1587 1041 1627 J
1043 1587 1139 1628 ovis
1159 1587 1317 1639 effigie,
1338 1593 1387 1629 ut
1406 1601 1504 1630 eam
1522 1592 1845 1641 venerarentur,

1016 1644 1297 1696 imperatoris
1330 1644 1586 1687 mandatum
1619 1647 1681 1688 eis
1712 1650 1843 1700 expo-

1015 1700 1093 1742 nit:
1117 1706 1164 1743 ut
1187 1701 1270 1742 nisi
1288 1702 1313 1742 J
1316 1702 1388 1743 ovi
1414 1702 1578 1744 cultum
1597 1703 1845 1754 adhibeant,

1015 1757 1269 1799 moriantur.
1317 1758 1401 1809 Qui
1430 1764 1478 1800 ut
1504 1765 1628 1800 erant
1657 1762 1845 1811 orantes,

1015 1814 1354 1867 responderunt,
1383 1828 1430 1857 se
1455 1828 1537 1868 pro
1563 1816 1723 1857 Christi
1746 1817 1844 1867 fide,

1017 1883 1147 1922 quem
1166 1871 1310 1912 Deum
1333 1876 1478 1913 mente
1504 1877 1546 1913 et
1570 1885 1645 1914 ore
1669 1886 1845 1914 venera-

1015 1926 1192 1977 bantur,
1236 1941 1323 1969 non
1365 1927 1616 1970 dubitanter
1656 1934 1845 1971 mortem

1015 1983 1251 2025 subituros.

1072 2042 1122 2093 Rz.
1157 2040 1357 2082 Verbera
1390 2041 1643 2083 carnificum
1674 2055 1763 2084 non
1795 2043 1845 2084 ti-

1014 2097 1218 2137 muerunt
1238 2097 1377 2138 sancti
1392 2097 1486 2148 Dei,
1506 2099 1744 2140 morientes
1762 2112 1843 2152 pro

1016 2151 1176 2193 Christi
1200 2153 1390 2203 nemine,
1419 2157 1440 2179 *
1460 2154 1519 2196 Ut
1544 2154 1744 2197 haeredes
1770 2156 1843 2197 fie-

1014 2213 1110 2250 rent
1128 2208 1172 2248 in
1193 2208 1326 2251 domo
1345 2210 1534 2252 Domini.
1564 2205 1614 2257 W.
1635 2211 1843 2253 Tradide-

1014 2269 1114 2305 runt
1147 2267 1336 2319 corpora
1375 2280 1453 2308 sua
1485 2274 1669 2320 propter
1701 2269 1844 2310 Deum

1015 2320 1071 2362 ad
1091 2321 1319 2374 supplicia.
1347 2323 1406 2365 Ut
1425 2323 1638 2367 haeredes.

1323 2378 1475 2419 Lectio
1496 2379 1548 2419 vi.

1021 2428 1112 2534 At
1151 2434 1442 2477 Terentianus
1484 2436 1667 2486 veritus,
1713 2449 1767 2477 ne
1807 2437 1843 2477 si

1123 2490 1300 2543 publice
1322 2491 1684 2541 interficerentur,
1703 2494 1842 2545 popu-

1015 2545 1083 2587 lus
1103 2550 1472 2598 commoveretur,
1498 2547 1617 2590 domi
1640 2548 1715 2590 ubi
1739 2554 1842 2590 tunc

1016 2607 1155 2652 erant,
1194 2602 1399 2645 abscissis
1431 2606 1583 2645 eerum
1616 2603 1841 2656 capitibus,

1016 2663 1142 2700 sexto
1170 2658 1394 2701 Kalendas
1421 2660 1525 2701 Julii
1559 2662 1731 2702 secreto
1764 2672 1840 2701 eos

1016 2714 1293 2766 sepeliendos
1321 2716 1504 2757 curavit:
1533 2717 1840 2768 rumoremque

1570 2846 1613 2878 24
