2040 2976
666 178 869 213 Dominica
893 178 937 211 V.
962 181 1053 220 post
1076 176 1341 211 Pentecosten.

212 292 219 295 “
436 275 589 315 Lectio
610 273 695 314 viii.

151 335 302 440 Non
324 338 527 380 turbatur
551 338 647 379 haec
665 338 800 386 navis,
824 338 870 378 in
894 349 980 388 qua

273 394 507 447 prudentia
524 394 712 445 navigat,
738 393 865 435 abest
882 406 979 446 per-

149 450 270 501 fidia,
304 450 415 492 fides
450 452 627 502 aspirat.
688 448 978 500 Quemadmo-

150 506 255 549 dum
295 507 410 548 enim
457 505 626 548 turbari
665 508 860 558 peterat,
911 504 981 546 cui

149 565 340 616 praeerat
374 562 426 613 is,
463 563 507 604 in
543 575 631 614 quo
662 561 876 603 Ecclesiae
910 560 979 603 fir-

148 621 418 661 mamentum
432 618 521 661 est?
542 618 638 660 Illic
653 614 759 668 ‘ergo
775 616 980 665 turbatio,

149 675 226 717 ubi
244 675 420 717 medica
434 674 560 717 fides:
580 674 652 716 hic
666 673 891 722 securitaS,
906 672 982 714 ubi

150 732 347 784 perfecta
370 731 561 774 dilectio.
592 731 650 772 Et
673 730 710 771 si
728 730 825 771 aliis
844 730 979 782 impe-

150 790 272 829 ratur
286 793 334 829 ut
347 787 496 829 laxent
510 787 620 828 retia
634 799 724 836 sua,
739 785 823 827 soli
834 791 982 828 tamen

149 844 284 885 Petro
312 842 488 885 dicitur:
524 843 622 884 Duc
645 843 690 883 in
715 842 868 892 altum;
895 842 982 883 hoc

151 905 228 950 est,
255 900 300 941 in
325 899 594 952 profundum
622 899 981 952 disputationum.

151 956 267 1007 Quid
295 956 410 998 enim
436 961 527 998 tam
555 956 702 1006 altum,
731 968 862 1008 quam
889 955 980 996 alti-

149 1011 347 1054 tudinem
381 1012 632 1054 divitiarum
665 1011 835 1061 videre,
870 1011 982 1052 scire

150 1069 235 1110 Dei
262 1068 431 1118 Filium,
458 1074 502 1110 et
525 1068 849 1120 professionem
876 1068 981 1109 divi-

150 1137 220 1165 nae
243 1125 539 1176 generationis
563 1122 808 1166 assumere?
842 1125 983 1174 Quam

151 1180 255 1222 licet
268 1193 392 1222 mens
406 1194 495 1222 non
508 1186 640 1232 queat
651 1181 842 1222 humana
852 1180 983 1232 plene

151 1237 333 1278 rationis
347 1237 686 1288 investigatione
701 1235 983 1289 comprehen-

152 1292 273 1343 dere,
299 1292 406 1335 fidei
430 1299 578 1335 tamen
607 1291 837 1345 plenitudo
866 1305 983 1333 com-

151 1348 369 1401 plectitur.

456 1419 609 1460 Lectio
629 1419 683 1458 ix.

155 1487 321 1594 Nam
355 1496 438 1537 etsi
473 1508 562 1536 non
598 1494 701 1536 licet
733 1494 838 1534 mihi
873 1494 985 1535 scire

279 1551 654 1604 quemadmodum
668 1556 796 1592 natus
812 1550 882 1591 sit:
897 1563 986 1591 non

152 1608 255 1649 licet
273 1612 421 1650 tamen
439 1609 610 1649 nescire
629 1606 750 1658 quod
767 1611 896 1648 natus
917 1606 985 1647 sit.

153 1664 319 1705 seriem
359 1663 656 1715 generatioms
695 1663 868 1713 ignoro:
905 1661 986 1703 sed

156 1721 382 1761 auctorem
434 1719 730 1771 generationis
781 1720 986 1769 agnosco.

154 1775 257 1817 Non
270 1776 546 1817 interfuimus
562 1788 663 1816 cum
680 1787 735 1816 ex
751 1775 882 1816 Patre
902 1774 987 1815 Dei

157 1831 292 1873 Filius
318 1834 587 1874 nasceretur:
610 1830 690 1873 sed
712 1830 986 1872 interfuimus

157 1900 256 1930 cum
281 1900 307 1929 a
329 1888 462 1930 Patre
485 1888 570 1929 Dei
595 1887 731 1928 Filius
757 1886 987 1928 diceretur.

156 1944 203 1985 Si
229 1945 327 1986 Deo
354 1957 443 1986 non
475 1943 709 1994 credimus,
742 1943 812 1985 cui
838 1942 986 1984 crede-

156 2000 276 2043 mus?
313 2000 471 2042 Omnia
494 2001 610 2042 enim
637 2012 737 2052 quae
757 1999 987 2047 credimus,

157 2057 228 2099 vel
241 2058 339 2100 visu
349 2057 578 2105 credimus,
589 2056 660 2098 vel
675 2055 838 2097 auditu.
854 2055 988 2096 Visus
1053 2057 1081 2103 2:

158 2126 280 2165 saepe
298 2113 473 2163 fallitur,
492 2112 667 2154 auditus
687 2112 732 2153 in
750 2111 838 2153 fide
859 2116 937 2152 est.

217 2186 282 2228 Te
301 2186 446 2228 Deum
463 2186 704 2228 laudamus.
723 2186 782 2226 13.

214 2259 284 2300 Ad
308 2259 471 2300 Bened.
504 2259 604 2301 Ant.
642 2258 898 2300 Ascendens
921 2258 989 2299 Je-

159 2327 235 2355 sus
254 2315 277 2340 *
298 2314 342 2354 in
366 2314 525 2363 navim,
549 2318 592 2355 et
615 2314 775 2356 sedens
801 2312 991 2355 docebat

140 2370 322 2420 turbas,
342 2370 526 2422 alleluja.

213 2437 264 2490 V.
290 2443 505 2485 Deminus
534 2425 748 2493 regnavit,
785 2440 992 2483 decorem

162 2500 314 2542 induit.
357 2498 409 2549 R.
449 2497 598 2540 Induit
625 2497 840 2539 Deminus
874 2497 991 2539 forti-

161 2555 370 2606 tudinem,
399 2560 443 2597 et
470 2553 701 2607 praecinxit
731 2565 779 2594 se
807 2553 979 2595 virtute.

240 2626 314 2667 Ad
338 2626 511 2676 Magnis.
539 2626 638 2666 Ant.
675 2625 941 2678 Praeceptor,
969 2629 993 2655 *

163 2698 243 2738 per
262 2690 403 2727 totam
425 2688 600 2726 noctem
618 2681 870 2726 laborantes
888 2683 995 2724 nihil

320 2825 384 2849 Pars
400 2825 511 2862 AEstiva.

1031 271 1238 368 cepimus,
1249 271 1293 311 in
1303 271 1439 312 verbo
1451 276 1598 313 autem
1607 276 1685 313 tuo
1700 271 1861 313 laxabo

1031 339 1079 368 re
1101 339 1136 368 e.

1089 392 1140 442 V.
1153 392 1376 442 Dirigatur
1391 392 1579 433 Domine
1599 393 1739 434 oratio
1754 405 1863 434 mea.

1036 451 1087 503 Ην.
1111 448 1231 489 Sicut
1270 449 1497 489 incensum
1536 448 1580 488 in
1622 451 1863 501 conspectu

1031 509 1121 546 tuo.

1288 593 1356 595 st„
1392 581 1498 607 ,ἑῶυ

1263 672 1540 721 Dominica
1569 671 1630 720 V.

1147 739 1289 786 post
1331 735 1766 775 Pentecosten.

1376 808 1541 848 Oratio.

1039 868 1217 974 Deus,
1252 876 1327 928 qui
1360 874 1640 925 diligentibus
1673 879 1716 915 te
1749 874 1867 916 bona

1137 932 1370 974 invisibilia
1388 931 1663 984 praeparasti:
1687 930 1867 972 infunde

1035 988 1245 1031 cordibus
1281 988 1443 1029 nostris
1477 987 1541 1028 tui
1573 987 1734 1027 amoris
1767 987 1867 1028 affe-

1035 1051 1168 1087 ctum:
1200 1050 1248 1086 ut
1276 1050 1320 1086 te
1348 1045 1391 1084 in
1420 1043 1632 1093 omnibus,
1664 1048 1708 1085 et
1735 1056 1868 1096 super

1036 1102 1181 1143 emnia
1240 1100 1490 1152 diligentes,
1551 1100 1868 1153 promissienes

1035 1163 1145 1208 tuas,
1170 1171 1269 1210 quae
1294 1170 1423 1199 omne
1448 1157 1715 1198 desiderium
1742 1159 1868 1208 supe-

1035 1219 1143 1264 rant,
1159 1217 1493 1266 consequamur.
1520 1214 1604 1254 Per
1620 1213 1869 1254 Deminum.

1039 1292 1190 1336 Lectio
1217 1292 1355 1333 sancti
1374 1290 1601 1341 Evangelii
1627 1290 1871 1331 secundum

1312 1347 1582 1388 Matthaeum.

1137 1417 1291 1457 Lectio
1312 1416 1381 1456 vii.
1568 1415 1672 1466 Cap.
1688 1415 1726 1454 5.
1743 1427 1777 1454 c.

1035 1478 1111 1584 In
1128 1482 1203 1523 illo
1223 1483 1441 1533 tempore:
1460 1481 1583 1521 Dixit
1598 1481 1622 1521 J
1626 1492 1726 1521 esus
1742 1479 1868 1520 disci-

1082 1541 1086 1544 “
1108 1538 1224 1591 pulis
1244 1538 1349 1578 suis:
1382 1538 1479 1578 Nisi
1498 1535 1788 1578 abundaverit
1812 1535 1870 1585 ju-

1037 1594 1156 1635 stitia
1179 1599 1328 1635 vestra
1352 1594 1451 1646 plus
1473 1606 1604 1645 quam
1628 1591 1871 1633 scribarum

1038 1656 1082 1691 et
1108 1651 1441 1703 pharisaeorum,
1467 1662 1555 1690 non
1581 1647 1799 1690 intrabitis
1826 1646 1870 1686 in

1038 1719 1222 1757 regnum
1241 1706 1466 1747 coelerum.
1493 1706 1550 1747 Et
1570 1705 1750 1756 reliqua.

1145 1783 1337 1825 Homilia
1364 1784 1505 1825 sancti
1531 1781 1769 1833 Augustini

1343 1839 1568 1892 Episcopi.

1112 1908 1229 1942 Liber
1254 1907 1281 1941 1.
1308 1907 1354 1940 de
1380 1906 1563 1940 Sermone
1588 1904 1747 1939 Domini
1771 1905 1810 1938 in

1310 1959 1449 1989 monte.
1475 1964 1557 1997 cap.
1579 1954 1609 1988 9.

1112 2012 1302 2062 ustitia
1343 2011 1664 2064 pharisaeorum
1701 2016 1789 2060 est,
1825 2015 1873 2051 ut

1065 2116 1071 2124 ¹
1116 2089 1135 2117 3.
1179 2081 1268 2109 non
1290 2067 1511 2108 occidant:
1534 2067 1696 2118 justitia
1720 2069 1873 2108 eorum

1054 2132 1063 2139 *
1106 2120 1144 2139 ’ὦ
1182 2123 1257 2176 qui
1278 2123 1482 2165 intraturi
1506 2128 1607 2164 sunt
1626 2123 1874 2174 in'regnum

1043 2181 1276 2230 coelorum,
1310 2184 1359 2221 ut
1389 2191 1479 2220 non
1505 2179 1750 2221 irascantur
1781 2180 1873 2220 sine

1043 2249 1186 2279 causa.
1218 2236 1445 2277 Minimum
1469 2240 1536 2276 est
1558 2247 1676 2286 ergo,
1694 2248 1783 2277 non
1803 2248 1873 2276 oc-

1044 2293 1206 2334 cidere:
1231 2298 1275 2334 et
1300 2292 1376 2344 qui
1399 2291 1509 2333 illud
1533 2291 1726 2341 solverit,
1753 2291 1874 2332 mini-

1042 2361 1140 2390 mus
1163 2348 1397 2390 vocabitur
1420 2348 1464 2388 in
1486 2360 1623 2399 regno
1649 2347 1875 2389 coelerum.

1045 2405 1130 2455 Qui
1147 2410 1294 2446 autem
1312 2403 1421 2445 illud
1439 2403 1696 2456 impleverit,
1720 2408 1768 2444 ut
1786 2415 1874 2444 non

1046 2461 1229 2509 occidat,
1249 2473 1337 2502 non
1353 2462 1562 2502 continuo
1580 2456 1764 2510 m'agnus
1783 2459 1875 2507 erit,

1046 2522 1090 2558 et
1106 2517 1292 2558 ideneus
1308 2529 1447 2567 regno
1469 2515 1696 2564 coelorum3
1715 2514 1795 2556 sed
1812 2519 1873 2555 ta-

1045 2585 1147 2614 men
1192 2571 1390 2614 ascendit
1439 2571 1630 2623 aliquem
1674 2569 1874 2621 gradum:

1045 2629 1299 2681 perficietur
1317 2633 1475 2677 autem,
1499 2627 1536 2668 si
1556 2639 1638 2668 nec
1661 2627 1876 2666 irascatur

1046 2685 1140 2726 sine
1181 2696 1327 2726 causa:
1380 2682 1501 2734 quod
1549 2682 1586 2723 si
1630 2680 1875 2734 perfecerit,

1607 2810 1646 2843 18
