2040 2976
557 202 627 235 Die
652 201 682 235 7.
708 201 814 234 Julii.
861 200 895 235 S.
921 201 1118 235 Laurentii
1145 213 1164 235 u
1191 202 1412 235 Brundusio
1438 202 1547 236 Conf.

190 310 236 339 se
255 302 398 339 toturn
418 296 710 350 procurandae
724 296 869 337 modis
885 297 1019 338 omni-

188 353 270 394 bus
290 354 533 395 animarum
553 353 683 395 saluti
699 352 890 395 devovit.
917 353 1019 394 Non

188 410 319 460 curis,
348 423 436 452 non
462 409 715 459 sudoribus,
742 422 830 451 non
849 409 1018 461 vigiliis,

187 481 275 510 non
290 468 392 509 vitae
407 468 503 521 ipsi,
525 481 656 520 quam
676 480 795 520 saepe
811 467 855 508 in
871 467 1019 509 discri-

187 537 287 565 men
306 523 506 574 adduxit,
532 524 743 577 pepercit.
771 524 924 573 Vicos,
951 537 1018 565 ca-

187 581 329 631 stella,
358 581 509 631 urbes,
538 594 669 632 agros
692 580 842 622 obivit.
877 581 927 622 In
947 593 1017 621 au-

186 639 251 680 las
281 638 548 692 principum,
583 638 627 679 in
654 638 947 679 Hebraeorum
976 642 1019 679 et

186 695 510 737 Haereticorum
538 697 782 736 conventus
810 694 1017 747 pervasit.

186 752 346 794 Totam
398 752 488 794 fere
534 752 777 804 Europam,
829 751 1017 801 Italiam,

188 808 486 858 Germaniam,
523 808 812 859 Hungariam,
858 807 1017 859 Hispa-

185 866 319 915 niam,
347 865 637 915 Lusitaniam,
667 864 869 906 Omnibus
888 863 1017 905 bene·

185 922 404 971 faciendo,
440 927 484 964 et
511 922 628 963 viam
656 921 810 963 salutis
838 922 1017 962 aeternae

186 978 586 1028 commonstrando,
597 977 860 1031 peragravit.
877 977 1018 1018 Omne

183 1035 411 1077 hominum
454 1048 592 1087 genus
639 1034 898 1087 complexus
939 1038 1017 1082 est,

185 1092 455 1143 Catholicos,
488 1092 751 1142 Haereticos,
788 1090 1017 1139 Hebraeos,

183 1149 370 1199 nobileS,
398 1149 655 1202 populares,
682 1148 855 1198 milites,
884 1147 1017 1188 omni-

184 1207 266 1249 bus
291 1207 437 1247 omnia
460 1206 619 1255 factus,
647 1210 696 1247 ut
721 1217 874 1247 omnes
899 1203 1017 1246 Chri—

186 1269 254 1306 sto
274 1263 563 1305 lucrifaceret.
594 1262 800 1304 Pluribus
818 1275 901 1315 pro
921 1261 1017 1304 reli-

182 1321 313 1372 gione
339 1319 557 1362 catholica
582 1319 639 1361 acl
664 1332 791 1371 reges
821 1332 873 1361 ac
900 1321 1016 1372 prin-

184 1378 305 1431 cipes
319 1376 614 1428 legationibus
629 1376 802 1417 functus
816 1381 893 1417 est.
911 1375 1017 1417 Nul-

183 1434 269 1475 lam
298 1432 487 1486 denique
517 1431 771 1475 demandati
801 1432 884 1474 sibi
913 1445 1017 1486 apo-

184 1491 327 1532 stolici
380 1490 574 1532 muneris
626 1494 801 1542 partem
853 1489 1017 1531 omisit:

183 1560 421 1600 numquam
447 1546 655 1596 cessavit,
683 1558 901 1598 nusquam
927 1546 1016 1598 qui-

184 1604 283 1646 evit.
320 1604 418 1654 Quo
447 1608 594 1644 autem
622 1603 783 1652 fructu,
813 1602 900 1644 dici
927 1615 1016 1644 non

183 1666 344 1713 potest.
380 1659 728 1701 Innumerabiles
755 1661 1016 1712 peccatores

183 1717 240 1759 ad
258 1717 566 1770 poenitentiam
586 1716 817 1758 convertit:
843 1716 1014 1758 haereti-

183 1786 260 1816 cos
282 1773 339 1815 ad
358 1772 567 1826 ejuranda
586 1773 695 1814 falsa
716 1772 924 1824 dogmata
943 1772 1016 1815 ad-

185 1831 286 1882 egit:
303 1830 522 1872 Hebraeos
539 1830 796 1872 confutavit:
813 1829 1015 1882 perditis-

183 1888 315 1929 simas
347 1887 554 1929 mulieres
589 1899 612 1928 e
646 1886 852 1928 vitiorum
887 1897 1015 1928 coeno

184 1944 349 1986 eduxit:
370 1943 615 1986 discordias
631 1944 895 1996 composuit:
915 1943 1017 1985 odia

185 2001 407 2043 exstinxit:
426 2000 532 2042 nihil
546 2013 634 2042 non
650 1999 707 2042 ad
722 2000 805 2041 Dei
821 2000 1016 2052 gloriam,

185 2058 414 2100 catholicae
439 2057 663 2108 religionis
687 2057 1016 2107 incrementum,

185 2119 228 2156 et
248 2114 434 2157 salutem
453 2115 695 2156 animarum
719 2114 930 2167 suscepit,
959 2114 1016 2156 ef-

186 2171 393 2223 fecitque,
430 2172 527 2213 Deo
560 2172 658 2224 ipso
693 2171 940 2224 opitulante
973 2176 1017 2213 et

185 2229 432 2270 sermonem
461 2228 766 2278 confirmante,
797 2228 1016 2280 sequenti-

184 2284 267 2326 bus
293 2284 438 2335 signis
471 2285 591 2326 Inter
612 2298 711 2337 quae
731 2284 1017 2326 celeberrima

186 2343 455 2383 memoratur
476 2342 662 2383 victoria
686 2342 742 2383 de
765 2341 1016 2394 potentissi-

185 2410 258 2439 mo
286 2398 532 2439 Turcarum
561 2399 755 2440 exercitu
783 2403 946 2451 praeter
973 2410 1016 2439 o-

185 2467 331 2496 mnem
351 2467 491 2507 spem,
511 2455 599 2496 imo
619 2467 726 2496 vero
747 2454 1016 2507 desperanti-

185 2510 268 2552 bus
288 2511 493 2560 ducibus,
522 2523 651 2552 servo
672 2511 754 2552 Dei
778 2514 1016 2563 praeeunte,

187 2573 231 2609 et
246 2567 417 2610 felicem
432 2567 536 2610 belli
548 2567 712 2609 exitum
724 2567 1017 2617 annuntiante,

186 2624 229 2664 in
248 2625 474 2676 Hungaria
494 2638 519 2665 a
538 2624 700 2665 nostris
720 2626 959 2676 reportata.

236 2679 287 2730 R.
316 2682 495 2723 Amavit
516 2694 616 2723 eum
635 2680 866 2729 DominuS,
886 2686 930 2721 et
950 2693 1016 2721 or-

188 2738 308 2779 navit
345 2751 457 2779 eum:
499 2737 657 2779 stolam
697 2736 850 2788 gloriae
878 2736 1018 2777 induit

1072 309 1190 346 eum,
1216 298 1238 321 *
1263 295 1321 337 Et
1348 294 1406 337 ad
1431 300 1584 348 portas
1611 294 1806 348 paradisi
1833 307 1902 337 co-

1072 353 1246 394 ronavit
1267 365 1378 394 eum.
1403 348 1451 401 V.
1473 351 1622 394 Induit
1638 364 1739 393 eum
1752 351 1901 393 Domi-

1072 421 1154 450 nus
1177 409 1360 451 loricam
1384 408 1506 459 fidei,
1533 413 1576 450 et
1599 408 1772 450 ornavit
1792 421 1902 450 eum.

1070 466 1128 507 Et
1152 465 1208 507 ad
1233 471 1398 518 portas,

1374 522 1527 565 Lectio
1546 524 1599 564 vi.

1072 572 1147 678 In
1171 579 1257 621 hoc
1280 584 1370 621 tam
1389 579 1612 621 indefesso
1633 578 1792 620 divinae
1811 577 1901 630 glo-

1135 635 1212 677 riae
1237 635 1577 689 amplificandae,
1608 639 1653 677 et
1677 635 1901 688 proximo-

1071 706 1168 734 rum
1199 692 1410 745 urgendae
1443 692 1598 734 salutis
1635 691 1783 733 studio
1819 690 1903 733 sibi

1070 749 1166 802 ipse
1192 762 1281 791 non
1310 749 1466 791 defuit:
1502 748 1740 790 virtutibus
1767 748 1901 790 omni-

1071 806 1155 847 bus
1176 805 1221 847 in
1245 805 1386 858 gradu
1403 806 1586 848 heroico
1606 805 1802 855 eminuit3
1826 818 1902 846 un·

1072 861 1128 904 de
1150 862 1217 904 vis
1240 862 1315 903 illa
1343 861 1613 904 incredibilis
1636 861 1694 903 ad
1716 861 1903 903 aliorum

1072 919 1258 961 salutem
1286 919 1442 973 erupit.
1487 919 1582 960 Has
1614 918 1672 960 ob
1704 917 1902 967 virtutes,

1071 977 1340 1030 et-reliquas
1373 976 1505 1018 animi
1542 975 1690 1025 dotes,
1731 973 1903 1017 consilii

1070 1034 1317 1086 praesertim
1349 1046 1401 1075 ac
1436 1032 1699 1086 prudentiae,
1738 1035 1903 1084 praeter

1071 1089 1214 1132 obitas
1229 1091 1422 1132 minores
1437 1089 1726 1143 praefecturas
1742 1088 1787 1128 in
1800 1100 1901 1140 pro-

1070 1147 1224 1188 vinciis
1247 1147 1486 1197 Hetrusca,
1509 1147 1684 1188 Veneta
1707 1149 1751 1187 et
1772 1144 1798 1185 J
1800 1157 1901 1186 anu-

1071 1204 1165 1245 ensi
1193 1205 1402 1257 supremo
1431 1204 1570 1245 totius
1599 1201 1764 1243 ordinis
1791 1202 1901 1252 regi-

1070 1260 1175 1301 mini
1206 1260 1376 1313 praefici
1407 1259 1578 1301 meruit.
1633 1258 1826 1300 Caritate
1857 1257 1902 1298 in

1069 1318 1213 1359 Deum
1224 1317 1304 1359 fuit
1317 1316 1636 1359 ardentissima.
1654 1314 1773 1366 Erga
1783 1313 1902 1356 Chri-

1070 1374 1127 1416 sti
1155 1374 1334 1416 Domini
1366 1374 1620 1427 passionem
1653 1372 1716 1414 sic
1743 1371 1903 1414 afficie-

1069 1431 1212 1481 batur,
1237 1436 1286 1473 ut
1304 1432 1349 1472 in
1369 1443 1421 1472 ea
1440 1429 1710 1482 cogitatione
1729 1428 1902 1470 defixus

1070 1488 1223 1530 fletum
1254 1488 1480 1530 continere
1512 1499 1601 1528 non
1626 1490 1793 1539 posset.
1834 1485 1901 1526 In-

1069 1545 1204 1596 signis
1224 1545 1368 1587 cultor
1387 1544 1469 1587 fuit
1485 1543 1694 1596 Deiparae
1708 1541 1902 1593 Virginis

1069 1602 1238 1652 Mariae,
1267 1601 1338 1644 cui
1363 1599 1583 1653 singulare
1608 1599 1718 1641 illud
1737 1599 1902 1651 lingua-

1068 1671 1165 1700 rum
1202 1658 1367 1701 donum
1403 1656 1623 1700 referebat
1660 1658 1902 1709 acceptum.

1070 1715 1271 1758 Orationi
1290 1717 1490 1768 apprime
1514 1713 1707 1764 deditus,
1736 1712 1858 1766 quod
1877 1724 1903 1753 a

1069 1772 1252 1824 reliquis
1277 1770 1643 1824 occupationibus
1673 1771 1902 1822 supererat

1068 1834 1262 1882 tempus,
1289 1833 1432 1870 totum
1457 1827 1498 1869 ei
1517 1825 1814 1880 impendebat.
1850 1826 1902 1867 In

1070 1886 1255 1928 extasim
1279 1898 1400 1939 saepe
1424 1889 1579 1937 raptus
1599 1883 1747 1925 divina
1763 1883 1900 1937 patie-

1069 1942 1209 1985 batur.
1242 1943 1414 1984 Passim
1440 1939 1605 1983 offendi
1626 1940 1772 1982 Deum
1794 1940 1901 1982 fere-

1069 1999 1146 2042 bat
1166 1999 1410 2051 aegerrime,
1439 2003 1483 2040 et
1506 1997 1729 2049 religionis
1753 1996 1900 2040 catho-

1069 2056 1167 2098 licae
1195 2055 1470 2098 detrimentis
1498 2054 1742 2106 angebatur
1768 2054 1901 2107 pluri-

1069 2127 1198 2155 mum.
1234 2114 1380 2156 Unum
1404 2113 1563 2162 Deum,
1590 2124 1722 2153 unam
1749 2111 1901 2153 carita-

1069 2176 1176 2221 tem,
1204 2183 1335 2212 unam
1359 2169 1602 2211 animarum
1625 2167 1813 2210 salutem
1831 2180 1901 2210 co-

1069 2227 1228 2278 gitare,
1271 2226 1412 2279 loqui,
1450 2225 1621 2278 spirare
1656 2224 1902 2267 videbatur.

1069 2283 1324 2337 Prophetiae
1352 2281 1470 2324 dono
1500 2282 1672 2331 enituit,
1701 2281 1901 2323 cordium

1070 2340 1221 2382 intima
1240 2339 1506 2393 penetravit,
1527 2339 1654 2392 plura
1673 2343 1718 2380 et
1735 2338 1836 2380 loeo
1857 2342 1901 2380 et

1069 2399 1270 2450 tempore
1329 2396 1624 2440 remotissima
1678 2393 1900 2448 praedixit,

1069 2454 1290 2495 miraculis
1324 2452 1455 2495 etiam
1488 2457 1532 2494 et
1558 2451 1774 2505 prodigiis
1801 2451 1900 2493 insi-

1069 2511 1212 2562 gniter
1247 2509 1415 2552 claruit.
1471 2510 1660 2562 Propter
1696 2508 1901 2550 eximiam

1071 2567 1350 2609 sanctitatem
1385 2566 1574 2608 Summis
1610 2564 1900 2607 Pontificibus

1071 2624 1405 2676 acceptissimus
1424 2623 1515 2672 fuit,
1535 2628 1578 2664 et
1597 2622 1687 2663 fere
1707 2621 1900 2663 omnium

1070 2681 1263 2733 Europae
1296 2680 1546 2733 principum
1573 2678 1715 2729 gratia
1742 2677 1900 2720 floruit.

1070 2737 1260 2778 Demum
1286 2739 1437 2778 orator
1463 2749 1489 2777 a
1512 2734 1818 2787 Neapolitanis
1843 2733 1900 2775 ad
