2040 2976
201 209 293 254 [154]

202 319 300 348 eum
333 305 524 347 salutare
554 307 705 358 ipsius:
733 307 757 331 *
784 310 832 347 ut
859 305 1023 348 inhabi-

201 367 265 404 tet
283 362 421 413 gloria
440 362 483 403 in
502 367 620 404 terra
637 367 798 404 nostra.

251 418 574 468 Misericordia,
608 424 652 461 et
682 419 845 460 veritas
878 419 1023 460 obvia-

201 478 356 518 verunt
375 475 471 517 sibi:
490 478 514 503 *
533 475 709 528 justitia,
734 481 777 518 et
795 488 882 528 pax
901 488 1024 517 oscu-

201 533 302 574 latae
322 538 433 574 sunt.

253 589 429 631 Veritas
462 589 517 631 de
551 594 668 631 terra
696 594 792 632 orta
821 594 903 631 est:
930 590 954 616 *
982 593 1027 630 et

201 646 363 699 iustitia
383 645 438 687 de
457 645 571 687 coelo
590 647 828 699 prospexit.

252 703 427 744 Etenim
450 702 664 744 Dominus
689 702 809 744 dabit
835 701 1025 752 benigni-

203 762 354 802 tatem:
372 760 395 785 *
416 765 459 801 et
482 764 600 801 terra
622 765 774 801 nostra
798 758 920 800 dabit
942 758 1026 799 fru-

203 822 320 859 ctum
339 830 476 858 suum.

253 873 428 915 Justitia
460 878 560 915 ante
592 885 691 915 eum
722 871 976 914 ambulabit:
1003 872 1027 898 *

203 936 246 972 et
264 935 401 983 ponet
420 930 464 970 in
483 930 553 971 via
571 943 747 982 gressus
767 941 882 970 suos.

256 986 409 1028 Gloria
431 987 563 1028 Patri.

466 1059 658 1099 l'salmus
693 1060 765 1100 [115.

200 1117 418 1222 Eudate
432 1122 668 1163 Dominum
683 1133 834 1163 omnes
848 1121 1028 1162 Gentes:

297 1179 320 1204 *
339 1177 514 1220 laudate
534 1191 633 1219 eum
653 1190 803 1218 omnes
821 1176 990 1230 populi:

256 1235 471 1286 Quoniam
506 1234 764 1276 confirmata
796 1239 863 1275 est
897 1246 1029 1286 super

203 1305 284 1333 nos
307 1290 607 1333 misericordia
627 1291 731 1343 ejus:
755 1290 779 1316 *
803 1295 847 1332 et
867 1291 1029 1332 veritas

204 1349 380 1390 Domini
398 1352 544 1389 manet
561 1348 605 1388 in
624 1349 846 1388 aeternum.

256 1405 408 1447 Gloria
425 1405 555 1446 Patri.

256 1468 352 1507 Ant.
384 1467 619 1518 Assumpta
639 1469 705 1507 est
723 1465 862 1506 Maria
880 1465 924 1505 in
943 1476 1028 1505 coe-

204 1523 311 1564 lum:
353 1522 544 1574 gaudent
580 1522 757 1573 Angeli:
799 1520 1029 1563 laudantes

204 1579 469 1622 benedicunt
487 1578 734 1620 Dominum.

295 1648 551 1699 Capitulum.
712 1651 829 1688 Cant.
850 1651 886 1687 (ὃ.
908 1661 940 1689 c.

208 1696 359 1821 Quae
390 1718 456 1755 est
484 1713 587 1763 ista,
624 1726 722 1765 quae
749 1711 1031 1765 progreditur

310 1770 434 1823 quasi
457 1773 615 1812 aurora
637 1773 915 1820 consurgens,
938 1768 1030 1821 pul-

206 1826 309 1868 chra
329 1832 376 1868 ut
395 1826 507 1876 luna,
532 1826 671 1868 electa
689 1831 737 1867 ut
760 1827 838 1875 sol,
862 1824 1030 1867 terribi-

205 1884 257 1924 lis
277 1889 323 1926 ut
342 1885 587 1925 castrorum
607 1883 722 1924 acies
743 1879 966 1924 ordinata?

259 1943 306 1993 Rg.
334 1941 431 1982 Deo
450 1940 624 1992 gratias.

258 1994 306 2044 V.
334 1998 527 2048 Dignare
549 2010 619 2038 me
644 1996 823 2038 laudare
848 2000 908 2045 te,
934 1995 1030 2037 Vir-

207 2066 263 2104 go
290 2057 470 2095 sacrata.
519 2056 564 2106 Rg.
601 2054 670 2095 Da
694 2052 799 2094 mihi
824 2053 1032 2094 virtutem

208 2116 359 2151 contra
378 2110 530 2152 hostes
549 2116 659 2152 tuos.

266 2167 394 2218 Kyrie
425 2167 599 2209 eleison.
654 2167 827 2209 (lhriste
855 2166 1032 2208 eleison.

219 2223 344 2276 Kyrie
363 2223 538 2265 eleison.

261 2277 309 2326 Y.
346 2279 559 2322 Dominus
596 2280 833 2323 vobiscum.
887 2285 935 2334 Ην.
976 2281 1033 2322 Et

209 2349 307 2378 curn
327 2336 483 2389 spiritu
501 2342 589 2378 tuo,

542 2399 703 2439 Oratio.

297 2465 385 2502 eus,
408 2453 482 2505 qui
501 2452 754 2503 virginalem
773 2453 915 2495 aulam
933 2453 1033 2495 bea-

321 2514 379 2551 tae
408 2508 559 2550 Mariae
600 2509 643 2549 in
681 2522 767 2561 qua
802 2509 1034 2560 habitares,

210 2566 369 2618 eligere
385 2565 589 2617 dignatus
605 2577 667 2606 es:
687 2565 753 2615 da,
769 2568 1034 2617 quaesumus3

210 2628 257 2665 ut
277 2636 355 2664 sua
375 2635 456 2664 nos
476 2621 729 2664 defensione
747 2624 953 2672 munitos,
977 2624 1034 2674 ju-

211 2679 378 2722 cundos
402 2679 537 2721 facias
563 2691 654 2720 suae
681 2679 893 2720 interesse
919 2692 1033 2720 corn-

209 2736 527 2779 memorationi:
547 2736 630 2786 Qui
650 2735 759 2777 vivis
779 2740 822 2777 et
840 2747 1007 2786 regnas.

697 214 871 247 osticium
899 224 1055 256 parvum
1086 213 1122 246 13.
1151 212 1279 245 Muriae
1308 211 1408 253 Yirg.

1346 304 1414 342 Ad
1437 303 1639 342 Tertiam.

1137 364 1223 403 Ave
1242 358 1390 399 Maria.

1133 419 1179 469 Y.
1204 419 1326 461 Deus
1344 419 1388 459 in
1407 417 1681 470 adjutorium.

1385 485 1422 524 11
1429 497 1593 534 ymnus.

1211 538 1396 587 emento,
1415 549 1560 578 rerum
1580 536 1803 587 Conditor,

1230 593 1384 635 Nostri
1404 593 1525 645 quod
1545 593 1649 635 olim
1668 593 1868 646 corporis

1154 650 1335 692 Sacrata
1355 649 1410 691 ab
1430 650 1530 691 alvo
1550 649 1744 701 Virginis

1154 706 1389 750 Nascendo
1408 707 1595 748 formam
1614 706 1862 760 sumpseris.

1110 776 1241 817 Maria
1259 773 1401 814 Mater
1419 773 1585 824 gratiae,

1155 829 1308 871 Dulcis
1326 829 1491 870 Parens
1511 829 1765 879 clementiae,

1156 887 1226 928 Tu
1244 899 1325 928 nos
1345 886 1400 928 ab
1420 885 1548 928 hoste
1566 887 1762 939 protege,

1156 944 1214 985 Et
1232 943 1386 985 mortis
1405 943 1515 985 hora
1533 943 1718 996 suscipe.

1107 1013 1219 1060 Jesu,
1237 1008 1318 1051 tibi
1337 1008 1394 1050 sit
1411 1008 1562 1060 gloria,

1158 1066 1242 1117 Qui
1259 1070 1388 1107 natus
1407 1077 1454 1107 es
1475 1064 1530 1106 de
1548 1065 1741 1116 Virgine,

1159 1123 1268 1164 Cum
1283 1122 1426 1172 Patre,
1446 1127 1490 1163 et
1509 1121 1624 1163 almo
1645 1121 1809 1174 Spiritu

1157 1180 1208 1220 In
1228 1179 1494 1232 sempiterna
1513 1178 1686 1220 saecula.
1713 1178 1866 1220 Amen.

1137 1244 1235 1282 Ant.
1267 1241 1399 1281 Maria
1417 1238 1568 1290 Virgo.

1350 1301 1544 1341 psalmus
1569 1301 1643 1339 119.

1093 1372 1155 1414 541²„
1170 1371 1217 1407 J
1234 1358 1263 1400 d
1287 1357 1525 1399 Dominum
1553 1369 1652 1398 cum
1677 1355 1910 1398 tribulerer

1095 1411 1097 1420 ’
1206 1422 1220 1443 ²·
1251 1414 1448 1456 clamavi:
1472 1414 1496 1440 *
1521 1419 1564 1456 et
1587 1411 1809 1455 exaudivit
1827 1425 1908 1454 me.

1302 1471 1490 1513 Domine
1537 1470 1675 1512 libera
1719 1469 1909 1511 animam

1081 1542 1223 1571 meam
1243 1542 1268 1570 a
1286 1527 1413 1570 labiis
1432 1527 1601 1580 iniquis,
1619 1527 1643 1553 *
1661 1530 1704 1568 et
1721 1539 1747 1568 a
1762 1525 1910 1578 lingua

1083 1585 1247 1627 dolosa.

1135 1642 1250 1694 Quid
1275 1641 1401 1686 detur
1420 1641 1517 1691 tibi,
1545 1645 1620 1683 aut
1643 1638 1750 1692 quid
1773 1651 1908 1692 appo-

1081 1702 1210 1741 natur
1235 1699 1315 1740 tibi
1339 1699 1363 1724 *
1388 1698 1444 1740 ad
1468 1697 1659 1749 linguam
1688 1695 1909 1738 dolosam?

1134 1761 1313 1812 Sagittae
1345 1758 1539 1813 potentis
1572 1760 1729 1807 acutae,
1757 1757 1781 1782 *
1810 1769 1908 1798 cum

1083 1816 1346 1860 carbonibus
1366 1814 1654 1858 desolatoriis.

1134 1875 1234 1916 Heu
1260 1873 1384 1922 mihi,
1414 1872 1516 1925 quia
1541 1870 1759 1913 incolatus
1785 1882 1910 1912 meus

1082 1931 1368 1985 prolongatus
1388 1934 1468 1972 est:
1495 1927 1690 1970 habitavi
1715 1940 1815 1969 cum
1837 1926 1909 1968 ha-

1083 1986 1324 2030 bitantibus
1344 1985 1502 2028 Cedar:
1520 1986 1544 2011 ¹⁸¹
1562 1983 1746 2026 multum
1768 1982 1911 2025 incola

1083 2045 1163 2087 fuit
1183 2044 1325 2086 anima
1343 2055 1452 2085 mea.

1137 2101 1246 2143 Cum
1281 2100 1365 2149 his,
1412 2099 1486 2151 qui
1522 2098 1709 2140 oderunt
1743 2108 1910 2150 pacem,

1085 2170 1205 2200 eram
1245 2156 1472 2210 pacificus:
1503 2155 1527 2181 *
1559 2167 1658 2196 cum
1698 2152 1910 2206 loquebar

1084 2214 1180 2264 illis,
1198 2211 1513 2266 impugnabant
1529 2224 1600 2253 me
1618 2210 1764 2263 gratis.

1137 2275 1289 2317 Gloria
1308 2273 1440 2315 Patri.

1344 2331 1542 2371 Psalmus
1567 2333 1653 2371 120.

1088 2385 1273 2490 levavi
1298 2390 1450 2433 oculos
1469 2403 1592 2432 meos
1615 2389 1659 2430 in
1681 2393 1865 2438 montes,
1888 2389 1912 2414 *

1180 2447 1296 2490 unde
1314 2448 1459 2489 veniet
1477 2446 1685 2488 auxilium
1702 2444 1819 2486 mihi.

1138 2509 1361 2551 Auxilium
1377 2521 1523 2550 meum
1541 2521 1567 2550 a
1581 2507 1782 2556 Domino,
1798 2507 1822 2534 *
1838 2505 1912 2558 qui

1086 2567 1189 2609 fecit
1207 2566 1368 2608 coelum
1387 2571 1431 2608 et
1449 2571 1623 2607 terram.
1829 2583 1835 2591 ·

1137 2623 1239 2665 Non
1276 2622 1352 2664 det
1386 2622 1430 2663 in
1467 2620 1804 2663 commotionem
1838 2630 1910 2671 pe-

1087 2679 1187 2722 dem
1213 2685 1353 2722 tuum:
1381 2679 1405 2705 *
1432 2690 1575 2731 neque
1603 2676 1811 2719 dormitet
1838 2674 1912 2728 qui

1087 2735 1279 2777 custodit
1297 2741 1352 2777 te.
