2040 2976
638 203 739 237 Infra
765 204 947 237 Octavam
974 204 1158 246 Corporis
1184 205 1336 239 Christi.

1767 205 1832 240 169

135 303 288 352 gentes
310 306 353 343 et
371 301 628 352 mugientes:
654 306 697 342 et
722 313 809 342 non
829 299 959 342 decli-

136 356 299 398 nabant
322 370 464 409 neque
489 356 545 398 ad
569 355 795 398 dexteram
816 369 959 408 neque

137 412 194 455 ad
219 413 450 455 sinistram:
478 412 557 455 sed
583 418 626 455 et
652 415 842 466 satrapae
861 412 958 453 Phi-

124 469 315 511 ·listhiim
333 469 628 522 sequebantur
646 482 786 521 usque
805 468 862 511 ad
876 470 958 511 ter-

136 526 278 567 minos
305 526 575 568 Bethsames.
610 525 750 567 Porro
778 525 959 567 Bethsa-

136 585 254 624 mitae
286 582 511 625 metebant
543 581 736 624 triticum
761 582 805 622 in
830 581 961 623 valle:

138 644 181 680 et
200 639 423 681 elevantes
443 638 595 681 oculos
615 651 733 689 suos,
757 637 961 680 viderunt

137 708 300 746 arcam,
337 700 381 737 et
411 696 550 747 gavisi
578 699 677 736 sunt
705 708 803 737 cum
830 694 959 736 vidis-

137 757 244 793 sent.
275 753 333 794 Et
349 752 592 805 plaustrum
611 752 730 794 venit
747 752 791 792 in
809 764 962 802 agrum

137 808 270 850 Jesue
308 808 610 858 Bethsamitae‚
652 814 696 850 et
731 809 852 850 stetit
890 807 960 849 ibi.

138 865 244 907 Erat
274 870 418 907 autem
449 865 509 907 ibi
539 865 651 918 lapis
680 878 881 916 magnus,
919 869 962 906 et

139 921 423 963 conciderunt
440 922 557 974 ligna
574 922 768 974 plaustri,
787 923 961 963 vaccas-

140 990 223 1029 que
255 977 556 1031 imposuerunt
591 991 723 1031 super
757 991 808 1019 ea
839 977 960 1018 holo-

139 1037 337 1076 caustum
367 1035 570 1076 Demino.
615 1035 782 1077 Levitae
814 1039 962 1076 autem

81 1141 84 1146 Ι
139 1089 435 1143 deposuerunt
454 1104 600 1132 arcam
618 1092 712 1133 Dei.

190 1147 241 1199 R.
265 1147 490 1200 Respexit.
509 1148 598 1188 149.

359 1212 408 1251 In
435 1212 485 1251 ΙΙ.
514 1212 736 1251 Nocturno.

141 1268 208 1308 Ex
234 1267 435 1321 Epistola
463 1268 601 1310 sancti
628 1268 834 1321 Cypriani
860 1269 961 1320 Epi-

182 1325 308 1377 scopi
327 1330 370 1366 et
388 1325 592 1377 Martyris
612 1324 668 1366 ad
689 1324 922 1366 Caecilium.

238 1380 354 1415 Liber
376 1380 405 1414 2.
430 1380 606 1423 Epistola
631 1380 660 1413 3.
686 1380 757 1414 sub
783 1379 863 1413 init.

438 1428 590 1469 Lectio
611 1428 662 1467 iv.

150 1490 288 1542 ζξῑῗζῖῃςη
309 1484 538 1527 sacerdete
554 1484 878 1527 Melchisedech
897 1498 962 1526 sa-

149 1544 188 1597 553
226 1544 248 1594 «ᾖ
277 1541 428 1584 crificii
463 1542 684 1584 Dominici
721 1544 961 1584 sacramen-

152 1607 166 1617 *
212 1597 241 1613 '²
275 1603 369 1640 tum
398 1598 727 1651 praefiguratum
754 1597 963 1648 videmus,

141 1654 382 1696 secundum
413 1653 534 1707 quod
561 1655 786 1708 Scriptura
817 1654 964 1697 divina

140 1712 344 1760 testatur,
365 1715 408 1752 et
427 1710 545 1753 dicit:
564 1711 621 1752 Et
638 1710 964 1753 Melchisedech

140 1779 218 1808 rex
227 1765 371 1808 Salem
384 1766 568 1819 pretulit
582 1780 741 1820 panem
753 1772 796 1809 et
806 1767 963 1808 vinum.

139 1823 240 1864 Fuit
256 1828 401 1867 autem
415 1823 622 1865 sacerdos
637 1824 721 1865 Dei
735 1824 902 1874 summi,
922 1829 965 1866 et

140 1878 364 1921 benedixit
390 1879 624 1921 Abraham.
661 1880 791 1931 Quod
820 1886 965 1922 autem

141 1935 464 1978 Melchisedech
490 1941 644 1989 typum
672 1936 833 1979 Christi
863 1950 963 1990 por-

140 1993 270 2042 taret,
295 1991 490 2034 declarat
511 1993 556 2034 in
574 1993 759 2035 Psalmis
778 1994 964 2046 Spiritus

143 2052 336 2098 sanctus,
365 2061 418 2090 ex
440 2051 630 2101 persena
653 2049 797 2091 Patris
822 2049 879 2091 ad
896 2049 963 2090 Fi-

141 2103 247 2144 lium
267 2103 430 2145 dicens:
454 2106 569 2147 Ante
592 2105 820 2147 luciferum
838 2105 965 2156 genui

142 2164 201 2201 te:
226 2158 295 2201 Tu'
314 2173 361 2201 es
381 2161 589 2203 sacerdos
608 2162 652 2202 in
671 2163 882 2203 aeternum
901 2174 963 2202 se-

143 2215 332 2257 cundum
383 2217 581 2259 Ordinem
631 2217 964 2259 Melchisedech.

144 2272 227 2321 Qui
246 2271 356 2314 ordo
376 2273 527 2325 utique
547 2274 618 2316 hic
637 2279 703 2316 est
729 2273 783 2315 de
804 2273 964 2314 sacrifi-

144 2327 211 2368 cio
244 2327 319 2369 illo
354 2329 546 2379 veniens,
579 2335 622 2372 et
653 2329 755 2371 inde
788 2329 964 2371 descen-

143 2383 261 2434 dens,
281 2384 401 2435 quod
415 2385 738 2428 Melchisedech
758 2385 965 2427 sacerdos

143 2439 228 2481 Dei
259 2440 414 2481 summi
444 2441 540 2491 fuit,
581 2441 700 2494 quod
731 2454 890 2494 panem
922 2447 966 2483 et

143 2495 290 2537 vinum
309 2496 484 2547 ebtulit,
510 2497 630 2549 quod
648 2497 873 2539 Abraham
892 2497 964 2539 be-

144 2551 321 2593 nedixit.
366 2553 416 2603 Βι-
452 2553 744 2595 Coenantibus
773 2553 853 2593 151.

453 2607 603 2648 Lectio
623 2621 660 2646 v.

239 2677 309 2705 am
347 2665 455 2717 quis·
474 2664 612 2715 magis
644 2663 851 2706 sacerdos
882 2665 966 2706 Dei

251 2721 418 2771 summi,
437 2733 568 2773 quam
586 2721 799 2762 Deminus
817 2726 966 2763 noster

299 2860 362 2885 Pars
377 2861 484 2886 AEstiva.

1011 299 1035 340 J
1037 312 1137 340 esus
1149 298 1369 340 Christus?
1382 300 1455 352 qui
1466 301 1725 342 sacrificium
1734 301 1831 343 Deo

1011 355 1130 397 Patri
1151 355 1322 397 ebtulit:
1348 361 1391 398 et
1415 356 1573 398 ebtulit
1597 356 1682 399 hoc
1705 357 1832 407 idern,

1014 412 1133 464 quod
1163 411 1489 454 Melchisedech
1522 413 1756 463 obtulerat,
1788 413 1834 456 id

1013 473 1090 518 est,
1109 481 1269 521 panem
1288 473 1332 510 et
1349 469 1506 519 vinum,
1527 482 1651 510 suum
1670 470 1835 512 scilicet

1013 537 1173 577 corpus
1219 530 1262 566 et
1306 526 1570 576 sanguinem.
1624 526 1680 568 Et
1720 527 1835 568 circa

1012 581 1237 623 Abraham
1275 581 1524 624 benedictio
1566 582 1640 623 illa
1674 585 1835 635 praece-

1014 637 1139 687 dens,
1165 637 1221 680 ad
1246 644 1445 680 nostrum
1470 638 1681 691 pepulum
1706 639 1835 691 perti-

1012 685 1154 736 nebat.
1190 695 1304 736 Nam
1327 695 1364 736 si
1382 694 1605 737 Abraham
1627 695 1723 736 Deo
1749 697 1835 737 cre-

1014 751 1141 801 didit,
1162 756 1206 793 et
1225 750 1483 804 deputatum
1503 757 1569 793 est
1589 752 1628 793 ei
1647 751 1703 793 ad
1721 753 1835 804 justi-

1012 808 1132 849 tiam:
1160 808 1311 860 utique
1338 809 1533 861 quisquis
1557 809 1654 850 Deo
1682 807 1836 858 credit,

1014 869 1058 905 et
1090 863 1177 906 fide
1205 865 1328 912 vivit,
1359 866 1497 916 justus
1529 864 1761 915 invenitur,
1795 869 1838 906 et

1013 922 1098 972 jam
1119 920 1291 974 pridem
1315 921 1358 962 in
1378 921 1600 963 Abraham
1624 920 1743 962 fideli
1765 920 1836 962 be-

1013 977 1214 1019 nedictus
1239 982 1282 1018 et
1305 978 1562 1029 justificatus
1583 977 1837 1027 ostenditur,

1014 1033 1127 1075 sicut
1141 1033 1297 1076 beatus
1308 1034 1551 1087 Apestolus
1562 1033 1723 1075 Paulus
1739 1046 1837 1086 pro-

1013 1089 1099 1139 bat,
1111 1090 1274 1132 dicens:
1291 1090 1487 1132 Credidit
1498 1090 1721 1132 Abraham
1730 1090 1837 1139 Deo,

1015 1151 1058 1187 et
1086 1146 1344 1199 deputatum
1378 1152 1445 1189 est
1473 1147 1512 1189 ei
1539 1146 1595 1188 ad
1622 1147 1837 1199 justitiam.

1016 1202 1290 1254 Cognoscitis
1310 1216 1431 1255 ergo,
1459 1203 1560 1256 quia
1584 1203 1658 1255 qui
1677 1216 1731 1244 ex
1750 1201 1837 1244 fide

1015 1264 1131 1309 sunt,
1156 1260 1200 1300 hi
1227 1266 1326 1302 sunt
1350 1260 1428 1301 filii
1452 1259 1654 1302 Abrahae.
1688 1259 1835 1300 Previ-

1015 1314 1122 1356 dens
1141 1320 1288 1357 autem
1306 1316 1539 1368 Scriptura,
1560 1316 1660 1368 quia
1679 1328 1734 1357 ex
1749 1314 1836 1356 fide

1013 1371 1219 1424 justificat
1240 1378 1393 1423 gentes
1412 1373 1550 1422 Deus,
1575 1372 1834 1425 praenuntia-

1014 1428 1076 1470 vit
1100 1428 1308 1478 Abrahae,
1336 1429 1438 1481 quia
1460 1427 1771 1471 benedicentur
1794 1428 1838 1469 in

1014 1484 1089 1526 illo
1110 1497 1260 1526 omnes
1280 1490 1444 1536 gentes.

1070 1540 1120 1591 R».
1143 1542 1330 1595 Accepit
1349 1542 1374 1583 J
1377 1555 1486 1583 esus.
1514 1542 1594 1583 151.

1316 1595 1467 1635 Lectio
1488 1596 1539 1634 vi.

1104 1659 1123 1695 t
1141 1667 1246 1706 ergo
1269 1655 1313 1696 in
1333 1655 1494 1698 Genesi
1512 1667 1591 1708 per
1610 1654 1833 1696 Melchise-

1131 1710 1243 1753 dech
1278 1710 1553 1753 sacerdetem
1588 1710 1836 1752 benedictio

1016 1767 1133 1808 circa
1164 1767 1388 1809 Abraham
1422 1772 1575 1820 posset
1611 1767 1691 1809 rite
1729 1766 1836 1808 cele-

1015 1822 1149 1874 brari,
1177 1824 1390 1876 praecedit
1415 1829 1514 1866 ante
1540 1824 1683 1874 imago
1709 1823 1836 1864 sacri-

1015 1880 1120 1930 ficii,
1147 1880 1190 1920 in
1213 1893 1327 1933 pane
1354 1885 1398 1922 et
1421 1881 1522 1922 vino
1551 1880 1716 1922 scilicet
1740 1892 1836 1921 con-

1016 1936 1177 1977 stituta.
1220 1937 1360 1987 Quam
1391 1949 1484 1978 rem
1510 1936 1758 1989 perficiens,
1794 1940 1837 1977 et

1016 1991 1259 2045 adimplens
1275 1993 1504 2043 Deminus,
1531 2005 1690 2045 panem
1709 1998 1752 2034 et
1770 1994 1836 2033 ca-

1015 2049 1143 2090 licem
1167 2049 1349 2091 mixtum
1372 2049 1472 2091 vino
1497 2049 1668 2091 ebtulit:
1697 2053 1741 2090 et
1765 2047 1838 2100 qui

1016 2109 1084 2146 est
1110 2105 1355 2158 plenitudo,
1383 2105 1611 2147 veritatem
1638 2104 1836 2157 praefigu-

1015 2163 1123 2202 ratae
1148 2161 1347 2212 imaginis
1370 2160 1657 2216 adimplevit„
1676 2159 1763 2202 Sed
1795 2164 1838 2201 et

1015 2230 1094 2270 per
1129 2217 1407 2259 Salomonem
1438 2218 1624 2271 Spiritus
1661 2221 1836 2258 sanctus

1015 2278 1170 2326 typum
1219 2274 1437 2315 Dominici
1487 2273 1689 2315 sacrificii
1739 2276 1836 2314 ante

1015 2331 1334 2382 praemenstrat,
1353 2330 1589 2371 immolatae
1606 2329 1774 2379 hestiae,
1794 2334 1836 2370 et

1015 2386 1139 2438 panis
1156 2390 1199 2427 et
1213 2384 1310 2436 vini,
1331 2385 1409 2428 sed
1424 2391 1468 2428 et
1483 2386 1640 2435 altaris,
1660 2390 1703 2427 et
1717 2386 1834 2437 Apo-

1016 2442 1230 2483 stolerum
1260 2442 1424 2484 faciens
1450 2442 1728 2484 mentienem:
1763 2441 1834 2482 Sa-

1015 2498 1195 2550 pientia,
1222 2499 1379 2551 inquit,
1408 2498 1642 2540 aedificavit
1660 2497 1742 2539 sibi
1760 2495 1833 2538 do-

1015 2568 1143 2604 mum,
1158 2559 1202 2596 et
1213 2554 1410 2596 subdidit
1420 2554 1642 2596 columnas
1653 2557 1834 2605 septem:

1016 2610 1225 2651 mactavit
1251 2623 1351 2651 suas
1376 2610 1560 2659 hestias,
1595 2608 1767 2650 miscuit
1790 2607 1834 2646 in

1018 2668 1184 2707 cratere
1217 2667 1364 2707 vinum
1399 2679 1542 2715 suum,
1587 2669 1630 2705 et
1665 2662 1834 2716 paravit

1016 2734 1211 2763 mensam
1246 2734 1380 2763 suam.
1440 2722 1497 2762 Et
1529 2720 1647 2761 misit
1682 2730 1833 2759 servos

1591 2848 1630 2880 12
