2040 2976
765 217 872 250 Furia
896 220 1003 248 sextu
1029 213 1077 246 ad
1103 211 1337 245 Matutinum.

250 316 388 368 Imple
406 314 536 355 facies
558 315 708 354 eorum
729 311 978 363 ignominia:
993 311 1016 336 *

201 383 243 418 et
267 380 462 428 quaerent
486 387 644 415 nomen
672 379 793 414 tuum
818 371 1016 412 Domine.

249 432 530 480 Erubescant,
559 435 603 471 et
631 428 944 471 conturbentur
972 427 1016 466 in

199 489 406 530 saeeulum
434 487 599 528 saeculi:
627 488 650 513 *
678 491 722 527 et
753 483 1016 526 confundan-

199 551 279 594 tur,
308 550 351 586 et
378 546 569 596 pereant.

249 602 305 642 Et
333 602 599 651 cognoscant
627 598 727 649 quia
755 609 912 637 nomen
936 594 1016 636 tibi

198 657 427 698 Dominus:
446 658 469 683 *
490 662 538 697 tu
559 655 678 696 solus
702 653 952 694 Altissimus
973 651 1017 691 in

200 714 318 755 omni
345 719 472 755 terra.

468 766 663 806 Psalmus
692 766 753 804 83.

207 810 384 934 Quam
428 825 586 866 dilecta
628 821 907 864 tabernacula
943 826 1018 862 tua

302 883 489 924 Domine
516 881 743 921 virtutum:
769 881 791 906 *
816 879 1017 929 concupi-

201 940 294 989 scit,
319 944 362 980 et
389 938 534 980 deficit
556 937 697 978 anima
718 948 815 976 mea
838 935 881 975 in
908 934 1018 975 atria

201 995 387 1037 Domini.
699 994 702 997 '

254 1052 340 1093 Cor
358 1064 512 1100 meum,
532 1055 574 1091 et
593 1061 695 1090 caro
716 1061 813 1089 mea
831 1049 855 1074 *
879 1046 1018 1088 exsul-

202 1111 402 1150 taverunt
429 1107 473 1147 in
501 1107 641 1147 Deum
669 1105 825 1146 vivum.

252 1164 425 1206 Etenim
451 1175 602 1216 passer
634 1161 798 1202 invenit
829 1159 912 1201 sibi
944 1158 1018 1200 do-

201 1235 334 1262 mum:
358 1223 381 1247 *
406 1225 448 1261 et
475 1224 617 1261 turtur
645 1217 794 1259 nidum
823 1216 917 1266 sibi,
945 1215 1019 1257 ubi

202 1283 337 1330 ponat
363 1276 506 1329 pullos
534 1288 646 1316 suos.

252 1333 420 1374 Altaria
445 1338 519 1374 tua
538 1331 725 1373 Domine
749 1330 974 1371 virtatum:
996 1331 1019 1356 *

200 1391 301 1431 Rex·
323 1402 455 1439 meuS‚
484 1394 526 1430 et
555 1389 674 1429 Deus
702 1400 835 1428 meus.

252 1446 386 1496 Beati⁷
412 1446 486 1497 qui
511 1445 709 1486 habitant
729 1445 773 1484 in
792 1443 924 1485 domo
944 1447 1020 1483 tua

201 1503 402 1543 Domine:
434 1504 458 1528 *
490 1502 533 1542 in
569 1501 728 1542 saecula
761 1499 1019 1541 saeculorum

202 1558 439 1599 laudabunt
466 1563 520 1599 te.

253 1615 413 1656 Beatus
446 1615 527 1665 vir,
563 1615 682 1666 cujus
715 1618 781 1655 est
814 1613 1021 1654 auxilium

204 1670 282 1712 abs
300 1676 360 1712 te:
383 1673 407 1698 *
426 1671 703 1712 ascensiones
723 1671 767 1711 in
789 1669 922 1712 corde
942 1682 1020 1711 suo

204 1726 435 1779 disposuit,
463 1727 506 1768 in
536 1726 646 1768 valle
674 1727 950 1768 lacrimarum
977 1727 1021 1766 in

205 1783 303 1824 loco
333 1796 461 1835 quem
487 1783 645 1835 posuit.

256 1840 429 1880 Etenim
453 1839 803 1881 benedictionem
825 1839 946 1880 dabit
965 1839 1021 1880 le-

206 1896 403 1947 gislator,
439 1896 563 1937 ibunt
599 1895 653 1937 de
681 1896 841 1937 virtute
869 1896 913 1936 in
940 1897 1021 1937 vir-

206 1955 362 1993 tutem:
389 1954 412 1979 *
440 1952 657 1994 videbitur
684 1953 805 1994 Deus
841 1952 1022 1994 deorum

206 2008 249 2048 in
276 2008 389 2049 Sion.

258 2060 443 2101 Domine
471 2061 590 2102 Deus
622 2061 830 2102 virtutum
865 2061 1023 2103 exaudi

207 2117 447 2158 orationem
482 2130 637 2158 meam:
666 2119 689 2144 *
716 2117 893 2159 auribus
930 2120 1023 2170 per-

207 2173 304 2225 cipe
331 2173 451 2214 Deus
478 2173 626 2214 Jacob.

257 2229 487 2270 Protector
512 2235 659 2270 noster
683 2230 830 2282 aspice
850 2231 983 2272 Deus:
1001 2233 1024 2258 *

209 2290 251 2326 et
275 2286 443 2338 respice
471 2286 513 2326 in
542 2286 695 2327 faciem
723 2286 884 2328 Christi
911 2288 990 2328 tui:

259 2342 369 2391 Quia
385 2341 535 2382 melior
552 2347 617 2383 est
633 2341 726 2383 dies
742 2356 826 2383 una
842 2344 886 2383 in
901 2345 1024 2385 atriis

209 2398 305 2446 tuis,
334 2399 357 2424 *
385 2411 514 2450 super
540 2398 684 2439 millia.

259 2453 381 2505 Elegi
402 2453 595 2505 abjectus
615 2467 711 2495 esse
730 2455 773 2495 in
793 2455 923 2497 domo
942 2457 1025 2497 Dei

209 2510 312 2551 mei:
349 2512 371 2536 *
407 2511 544 2560 magis
581 2523 710 2562 quam
746 2511 942 2553 habitare
983 2513 1025 2552 in

209 2566 500 2608 tabernaculis
527 2569 819 2618 peccatorum.

261 2623 370 2673 Quia
402 2623 761 2673 misericordiam,
794 2629 837 2665 et
874 2625 1026 2665 verita-

209 2684 297 2720 tem
316 2678 456 2729 diligit
475 2679 609 2720 Deus:
629 2682 651 2706 *
673 2680 855 2730 gratiam
875 2685 919 2721 et
937 2680 1026 2730 glo-

210 2736 317 2776 riam
347 2735 469 2777 dabit
497 2735 720 2777 Dominus.

1118 307 1218 349 Non
1237 304 1429 358 privabit
1451 303 1578 345 bonis
1598 315 1686 351 eos,
1712 301 1786 353 qui
1805 303 1891 342 am·

1068 363 1220 405 bulant
1255 362 1299 402 in
1335 360 1603 401 innocentia:
1643 360 1668 386 *
1702 357 1892 399 Domine

1069 420 1289 485 virtutum,
1307 417 1463 459 beatus
1482 416 1627 466 homo,
1649 415 1726 483 qui
1743 418 1893 467 sperat

1069 490 1112 517 in
1140 481 1194 517 te.

1127 541 1223 580 Ant.
1251 538 1313 579 Tu
1342 537 1463 579 solus
1480 536 1734 579 Altissimus
1761 548 1893 589 super

1070 609 1244 638 omnem
1271 600 1444 636 terram.

1126 663 1223 702 Ant.
1252 659 1533 701 Benedixisti.

1342 744 1539 784 Psalmus
1568 744 1633 783 84.

1075 808 1386 914 Benedixisti
1393 810 1581 852 Domine
1590 814 1754 851 terram
1761 814 1896 851 tuam:

1174 872 1197 897 *
1217 868 1416 911 avertisti
1432 867 1735 919 captivitatem
1747 866 1772 907 J
1773 865 1906 908 acob.⁴

1112 926 1338 968 Remisisti
1353 924 1630 976 iniquitatem
1639 922 1783 976 plebis
1793 927 1897 965 tuae:

1070 985 1093 1011 *
1117 983 1331 1036 operuisti
1358 981 1503 1023 omnia
1526 982 1710 1034 peccata
1735 981 1897 1021 eorum.

1122 1039 1332 1091 Mitigasti
1368 1050 1543 1080 omnem
1570 1037 1679 1078 iram
1706 1041 1846 1078 tuam:
1873 1037 1898 1063 *

1071 1096 1269 1138 avertisti
1293 1095 1348 1137 ab
1373 1095 1437 1136 ira
1461 1093 1775 1146 indignationis
1798 1097 1898 1134 tuae.

1127 1154 1344 1195 Converte
1394 1164 1474 1192 nos
1523 1151 1645 1192 Deus
1694 1149 1898 1192 salutaris

1072 1215 1235 1252 noster:
1267 1211 1290 1236 *
1324 1213 1367 1250 et
1400 1209 1549 1249 averte
1578 1208 1688 1248 iram
1721 1211 1841 1248 tuam
1873 1219 1900 1247 a

1071 1267 1210 1309 nobis.

1122 1321 1350 1375 Numquid
1383 1322 1427 1362 in
1456 1322 1669 1362 aeternum
1694 1319 1899 1361 irasceris

1071 1379 1226 1422 nobis?
1249 1381 1273 1407 *
1297 1383 1372 1420 aut
1401 1376 1613 1420 extendes
1640 1377 1752 1417 iram
1778 1380 1901 1418 tuam

1073 1451 1098 1479 a
1125 1436 1407 1489 generatione
1435 1435 1479 1475 in
1506 1431 1857 1486 generationem?

1123 1494 1244 1535 Deus
1284 1497 1333 1533 tu
1377 1492 1616 1533 conversus
1656 1488 1900 1530 vivificabis

1074 1563 1171 1592 nos:
1190 1552 1214 1577 *
1234 1553 1278 1590 et
1296 1548 1423 1601 plebs
1444 1552 1520 1589 tua
1539 1545 1762 1588 laetabitur
1781 1545 1826 1586 in
1844 1549 1900 1587 te.

1125 1605 1314 1648 Ostende
1348 1604 1477 1647 nobis
1511 1603 1700 1645 Domine
1736 1602 1900 1644 miseri-

1074 1663 1271 1706 cordiam
1295 1667 1433 1704 tuam:
1450 1663 1474 1689 *
1495 1666 1539 1702 et
1563 1659 1754 1702 salutare
1776 1664 1902 1701 tuum

1075 1720 1131 1763 da
1158 1719 1297 1761 nobis.

1125 1776 1317 1818 Audiam
1333 1774 1439 1828 quid
1453 1774 1658 1826 loquatur
1674 1773 1719 1814 in
1733 1785 1803 1814 me
1812 1772 1900 1814 Do-

1074 1834 1217 1875 minus
1243 1834 1380 1875 Deus:
1407 1834 1431 1860 *
1461 1831 1667 1884 quoniam
1693 1829 1900 1881 loquetur

1074 1903 1229 1943 pacem
1255 1890 1300 1930 in
1327 1889 1504 1942 plebem
1532 1900 1666 1928 suam.

1126 1947 1183 1988 Et
1211 1959 1342 1999 super
1376 1950 1552 1987 sanctos
1583 1955 1706 1985 suos:
1733 1943 1757 1970 *
1786 1946 1830 1983 et
1856 1941 1901 1982 in

1077 2017 1163 2054 eos,
1192 2003 1267 2055 qui
1295 2005 1609 2044 convertuntur
1637 1998 1695 2041 ad
1721 2010 1807 2040 cor.

1126 2061 1442 2102 Verumtamen
1499 2069 1640 2111 prope
1697 2055 1901 2097 timentes

1077 2130 1175 2159 eum
1200 2117 1392 2158 salutare
1419 2116 1572 2168 ipsius:
1604 2115 1628 2140 *
1659 2117 1708 2154 ut
1735 2110 1901 2152 inhabi-

1076 2179 1140 2215 tet
1167 2173 1308 2225 gloria
1334 2173 1379 2213 in
1405 2176 1525 2213 terra
1551 2174 1714 2211 nostra.

1127 2228 1450 2277 Misericordia,
1486 2232 1529 2269 et
1561 2227 1723 2268 veritas
1752 2224 1900 2267 obvia-

1079 2289 1233 2328 verunt
1261 2285 1363 2327 sibi:
1391 2286 1415 2311 *
1442 2283 1621 2337 justitia,
1651 2288 1694 2324 et
1721 2295 1809 2335 pax
1834 2293 1901 2322 os-

1078 2343 1234 2384 culatae
1263 2346 1374 2383 sunt.

1129 2399 1304 2440 Veritas
1338 2397 1394 2439 de
1420 2402 1538 2439 terra
1573 2401 1669 2438 orta
1698 2399 1780 2437 est:
1807 2395 1831 2421 *
1859 2397 1902 2435 et

1079 2456 1241 2507 justitia
1269 2455 1324 2496 de
1352 2454 1466 2496 coelo
1495 2453 1734 2506 prospexit.

1130 2512 1304 2553 Etenim
1323 2511 1538 2552 Dominus
1561 2509 1684 2551 dabit
1706 2505 1901 2558 benigni-

1078 2570 1227 2609 tatem:
1247 2570 1270 2595 *
1290 2573 1333 2610 et
1355 2573 1473 2609 terra
1497 2571 1648 2608 nostra
1673 2564 1796 2606 dabit
1820 2563 1903 2604 fru-

1080 2629 1198 2665 ctum
1226 2638 1361 2666 suum.

1130 2681 1304 2722 Justitia
1337 2685 1439 2722 ante
1467 2693 1565 2721 eum
1593 2675 1851 2719 ambulabit:
1878 2675 1902 2702 *

1081 2742 1123 2778 et
1150 2743 1285 2789 ponet
1312 2738 1355 2778 in
1383 2737 1454 2777 via
1480 2747 1656 2787 gressus
1685 2746 1800 2775 suos.
