<?xml version="1.0" encoding="UTF-8"?>
<!DOCTYPE html PUBLIC "-//W3C//DTD XHTML 1.0 Transitional//EN"
    "http://www.w3.org/TR/xhtml1/DTD/xhtml1-transitional.dtd">
<html xmlns="http://www.w3.org/1999/xhtml" xml:lang="en" lang="en">
 <head>
  <title>
</title>
<meta http-equiv="Content-Type" content="text/html;charset=utf-8" />
  <meta name='ocr-system' content='tesseract 3.04.00' />
  <meta name='ocr-capabilities' content='ocr_page ocr_carea ocr_par ocr_line ocrx_word'/>
</head>
<body>
  <div class='ocr_page' id='page_1' title='image "./p3breviariumroma00cathuoft_0949.png"; bbox 0 0 2040 2976; ppageno 0'>
   <div class='ocr_carea' id='block_1_1' title="bbox 665 247 1319 284">
    <p class='ocr_par' dir='ltr' id='par_1_1' title="bbox 665 247 1319 284">
     <span class='ocr_line' id='line_1_1' title="bbox 665 247 1319 284; baseline 0.005 -4"><span class='ocrx_word' id='word_1_1' title='bbox 665 247 707 280; x_wconf 87' lang='lat' dir='ltr'>B.</span> <span class='ocrx_word' id='word_1_2' title='bbox 732 247 865 281; x_wconf 86' lang='lat' dir='ltr'>Mariae</span> <span class='ocrx_word' id='word_1_3' title='bbox 889 247 932 281; x_wconf 90' lang='lat' dir='ltr'>V.</span> <span class='ocrx_word' id='word_1_4' title='bbox 960 248 1005 282; x_wconf 87' lang='lat' dir='ltr'>de</span> <span class='ocrx_word' id='word_1_5' title='bbox 1032 249 1319 284; x_wconf 69' lang='lat' dir='ltr'>Consolatione.</span> 
     </span>
    </p>
   </div>
   <div class='ocr_carea' id='block_1_2' title="bbox 133 345 963 808">
    <p class='ocr_par' dir='ltr' id='par_1_2' title="bbox 401 345 694 383">
     <span class='ocr_line' id='line_1_2' title="bbox 401 345 694 383; baseline -0.007 0"><span class='ocrx_word' id='word_1_6' title='bbox 401 346 469 383; x_wconf 86' lang='lat' dir='ltr'>Ad</span> <span class='ocrx_word' id='word_1_7' title='bbox 493 345 694 382; x_wconf 90' lang='lat' dir='ltr'><strong>Tertiam.</strong></span> 
     </span>
    </p>

    <p class='ocr_par' dir='ltr' id='par_1_3' title="bbox 187 403 658 446">
     <span class='ocr_line' id='line_1_3' title="bbox 187 403 658 446; baseline -0.006 -1"><span class='ocrx_word' id='word_1_8' title='bbox 187 406 286 446; x_wconf 88' lang='lat' dir='ltr'>Ant.</span> <span class='ocrx_word' id='word_1_9' title='bbox 307 403 504 444; x_wconf 88' lang='lat' dir='ltr'>Dilectus</span> <span class='ocrx_word' id='word_1_10' title='bbox 522 415 658 443; x_wconf 91' lang='lat' dir='ltr'>meus.</span> 
     </span>
    </p>

    <p class='ocr_par' dir='ltr' id='par_1_4' title="bbox 187 461 931 516">
     <span class='ocr_line' id='line_1_4' title="bbox 187 461 931 516; baseline -0.004 -11"><span class='ocrx_word' id='word_1_11' title='bbox 187 465 324 516; x_wconf 81' lang='lat' dir='ltr'>Capit.</span> <span class='ocrx_word' id='word_1_12' title='bbox 351 464 467 504; x_wconf 88' lang='lat' dir='ltr'>Pone</span> <span class='ocrx_word' id='word_1_13' title='bbox 486 475 567 504; x_wconf 91' lang='lat' dir='ltr'>me.</span> <span class='ocrx_word' id='word_1_14' title='bbox 598 468 644 503; x_wconf 89' lang='lat' dir='ltr'>ut</span> <span class='ocrx_word' id='word_1_15' title='bbox 665 477 807 516; x_wconf 88' lang='lat' dir='ltr'>supra.</span> <span class='ocrx_word' id='word_1_16' title='bbox 820 461 931 514; x_wconf 86' lang='lat'>[358]</span> 
     </span>
    </p>

    <p class='ocr_par' dir='ltr' id='par_1_5' title="bbox 133 522 963 688">
     <span class='ocr_line' id='line_1_5' title="bbox 187 522 963 577; baseline -0.004 -12"><span class='ocrx_word' id='word_1_17' title='bbox 187 526 237 577; x_wconf 70' lang='lat' dir='ltr'>R.</span> <span class='ocrx_word' id='word_1_18' title='bbox 258 525 318 566; x_wconf 93' lang='lat' dir='ltr'>br.</span> <span class='ocrx_word' id='word_1_19' title='bbox 345 523 505 565; x_wconf 90' lang='lat' dir='ltr'>Anima</span> <span class='ocrx_word' id='word_1_20' title='bbox 530 535 629 564; x_wconf 87' lang='lat' dir='ltr'>mea</span> <span class='ocrx_word' id='word_1_21' title='bbox 656 525 679 549; x_wconf 91' lang='lat'>*</span> <span class='ocrx_word' id='word_1_22' title='bbox 703 522 963 573; x_wconf 75' lang='lat' dir='ltr'>Liquefacta</span> 
     </span>
     <span class='ocr_line' id='line_1_6' title="bbox 133 574 962 626; baseline -0.006 -4"><span class='ocrx_word' id='word_1_23' title='bbox 133 585 211 622; x_wconf 87' lang='lat' dir='ltr'>est.</span> <span class='ocrx_word' id='word_1_24' title='bbox 239 580 408 621; x_wconf 90' lang='lat' dir='ltr'>Anima.</span> <span class='ocrx_word' id='word_1_25' title='bbox 436 574 488 626; x_wconf 64' lang='lat' dir='ltr'>V.</span> <span class='ocrx_word' id='word_1_26' title='bbox 506 579 564 620; x_wconf 90' lang='lat' dir='ltr'>Ut</span> <span class='ocrx_word' id='word_1_27' title='bbox 583 578 757 619; x_wconf 80' lang='lat' dir='ltr'>locutus</span> <span class='ocrx_word' id='word_1_28' title='bbox 777 583 844 619; x_wconf 93' lang='lat' dir='ltr'>est</span> <span class='ocrx_word' id='word_1_29' title='bbox 859 577 962 618; x_wconf 90' lang='lat' dir='ltr'>dile-</span> 
     </span>
     <span class='ocr_line' id='line_1_7' title="bbox 134 634 928 688; baseline -0.008 -9"><span class='ocrx_word' id='word_1_30' title='bbox 134 641 241 679; x_wconf 88' lang='lat' dir='ltr'>ctus.</span> <span class='ocrx_word' id='word_1_31' title='bbox 268 635 538 688; x_wconf 79' lang='lat' dir='ltr'>Liquefacta.</span> <span class='ocrx_word' id='word_1_32' title='bbox 570 634 730 676; x_wconf 80' lang='lat' dir='ltr'>Gloria.</span> <span class='ocrx_word' id='word_1_33' title='bbox 759 634 928 674; x_wconf 88' lang='lat' dir='ltr'>Anima.</span> 
     </span>
    </p>

    <p class='ocr_par' dir='ltr' id='par_1_6' title="bbox 136 694 963 808">
     <span class='ocr_line' id='line_1_8' title="bbox 188 694 963 747; baseline -0.008 -7"><span class='ocrx_word' id='word_1_34' title='bbox 188 694 238 747; x_wconf 64' lang='lat' dir='ltr'>V.</span> <span class='ocrx_word' id='word_1_35' title='bbox 266 697 413 739; x_wconf 89' lang='lat' dir='ltr'>Fortis</span> <span class='ocrx_word' id='word_1_36' title='bbox 446 701 513 738; x_wconf 87' lang='lat' dir='ltr'>est</span> <span class='ocrx_word' id='word_1_37' title='bbox 540 700 589 737; x_wconf 91' lang='lat' dir='ltr'>ut</span> <span class='ocrx_word' id='word_1_38' title='bbox 620 708 739 736; x_wconf 91' lang='lat' dir='ltr'>mors</span> <span class='ocrx_word' id='word_1_39' title='bbox 774 694 963 736; x_wconf 87' lang='lat' dir='ltr'>dilectio.</span> 
     </span>
     <span class='ocr_line' id='line_1_9' title="bbox 136 750 920 808; baseline -0.006 -12"><span class='ocrx_word' id='word_1_40' title='bbox 136 757 186 808; x_wconf 56' lang='lat' dir='ltr'>R!-</span> <span class='ocrx_word' id='word_1_41' title='bbox 202 754 325 795; x_wconf 88' lang='lat' dir='ltr'>Dura</span> <span class='ocrx_word' id='word_1_42' title='bbox 344 753 456 794; x_wconf 90' lang='lat' dir='ltr'>sicut</span> <span class='ocrx_word' id='word_1_43' title='bbox 474 752 667 793; x_wconf 86' lang='lat' dir='ltr'>infernus</span> <span class='ocrx_word' id='word_1_44' title='bbox 688 750 920 792; x_wconf 80' lang='lat' dir='ltr'>aemulatio.</span> 
     </span>
    </p>
   </div>
   <div class='ocr_carea' id='block_1_3' title="bbox 413 827 690 865">
    <p class='ocr_par' dir='ltr' id='par_1_7' title="bbox 413 827 690 865">
     <span class='ocr_line' id='line_1_10' title="bbox 413 827 690 865; baseline -0.004 0"><span class='ocrx_word' id='word_1_45' title='bbox 413 828 480 865; x_wconf 91' lang='lat' dir='ltr'>Ad</span> <span class='ocrx_word' id='word_1_46' title='bbox 504 827 690 864; x_wconf 86' lang='lat' dir='ltr'>Sextam.</span> 
     </span>
    </p>
   </div>
   <div class='ocr_carea' id='block_1_4' title="bbox 136 885 970 1579">
    <p class='ocr_par' dir='ltr' id='par_1_8' title="bbox 136 885 968 1279">
     <span class='ocr_line' id='line_1_11' title="bbox 189 885 485 928; baseline -0.007 0"><span class='ocrx_word' id='word_1_47' title='bbox 189 888 290 928; x_wconf 86' lang='lat' dir='ltr'><strong>Ant.</strong></span> <span class='ocrx_word' id='word_1_48' title='bbox 309 885 485 928; x_wconf 87' lang='lat' dir='ltr'>Fulcite.</span> 
     </span>
     <span class='ocr_line' id='line_1_12' title="bbox 217 952 886 1005; baseline -0.003 -11"><span class='ocrx_word' id='word_1_49' title='bbox 217 953 478 1005; x_wconf 79' lang='lat' dir='ltr'>Capitulum.</span> <span class='ocrx_word' id='word_1_50' title='bbox 676 952 805 993; x_wconf 84' lang='lat' dir='ltr'>Eccli.</span> <span class='ocrx_word' id='word_1_51' title='bbox 822 953 886 992; x_wconf 67' lang='lat'>24.</span> 
     </span>
     <span class='ocr_line' id='line_1_13' title="bbox 215 1009 965 1062; baseline -0.005 -9"><span class='ocrx_word' id='word_1_52' title='bbox 215 1024 272 1062; x_wconf 91' lang='lat' dir='ltr'>go</span> <span class='ocrx_word' id='word_1_53' title='bbox 288 1023 343 1052; x_wconf 86' lang='lat' dir='ltr'>ex</span> <span class='ocrx_word' id='word_1_54' title='bbox 358 1023 434 1052; x_wconf 87' lang='lat' dir='ltr'>ore</span> <span class='ocrx_word' id='word_1_55' title='bbox 448 1010 665 1051; x_wconf 82' lang='lat' dir='ltr'>Altissimi</span> <span class='ocrx_word' id='word_1_56' title='bbox 679 1009 866 1062; x_wconf 85' lang='lat' dir='ltr'>prodivi,</span> <span class='ocrx_word' id='word_1_57' title='bbox 880 1010 965 1062; x_wconf 91' lang='lat' dir='ltr'>pri-</span> 
     </span>
     <span class='ocr_line' id='line_1_14' title="bbox 233 1066 965 1118; baseline -0.003 -10"><span class='ocrx_word' id='word_1_58' title='bbox 233 1066 454 1118; x_wconf 88' lang='lat' dir='ltr'>mogenita</span> <span class='ocrx_word' id='word_1_59' title='bbox 478 1071 578 1108; x_wconf 87' lang='lat' dir='ltr'>ante</span> <span class='ocrx_word' id='word_1_60' title='bbox 600 1078 775 1107; x_wconf 90' lang='lat' dir='ltr'>omnem</span> <span class='ocrx_word' id='word_1_61' title='bbox 800 1069 965 1106; x_wconf 80' lang='lat' dir='ltr'>creatu-</span> 
     </span>
     <span class='ocr_line' id='line_1_15' title="bbox 136 1122 967 1175; baseline -0.005 -10"><span class='ocrx_word' id='word_1_62' title='bbox 136 1138 245 1166; x_wconf 91' lang='lat' dir='ltr'>ram:</span> <span class='ocrx_word' id='word_1_63' title='bbox 270 1136 353 1175; x_wconf 89' lang='lat' dir='ltr'>ego</span> <span class='ocrx_word' id='word_1_64' title='bbox 378 1123 462 1165; x_wconf 87' lang='lat' dir='ltr'>feci</span> <span class='ocrx_word' id='word_1_65' title='bbox 484 1123 528 1163; x_wconf 91' lang='lat' dir='ltr'>in</span> <span class='ocrx_word' id='word_1_66' title='bbox 547 1122 681 1172; x_wconf 62' lang='lat' dir='ltr'>coelis</span> <span class='ocrx_word' id='word_1_67' title='bbox 706 1127 754 1163; x_wconf 89' lang='lat' dir='ltr'>ut</span> <span class='ocrx_word' id='word_1_68' title='bbox 780 1122 967 1162; x_wconf 90' lang='lat' dir='ltr'>oriretur</span> 
     </span>
     <span class='ocr_line' id='line_1_16' title="bbox 137 1178 968 1229; baseline -0.005 -7"><span class='ocrx_word' id='word_1_69' title='bbox 137 1181 284 1222; x_wconf 92' lang='lat' dir='ltr'>lumen</span> <span class='ocrx_word' id='word_1_70' title='bbox 308 1178 576 1229; x_wconf 80' lang='lat' dir='ltr'>indeficiens,</span> <span class='ocrx_word' id='word_1_71' title='bbox 601 1183 644 1220; x_wconf 89' lang='lat' dir='ltr'>et</span> <span class='ocrx_word' id='word_1_72' title='bbox 670 1178 783 1219; x_wconf 90' lang='lat' dir='ltr'>sicut</span> <span class='ocrx_word' id='word_1_73' title='bbox 808 1178 968 1219; x_wconf 91' lang='lat' dir='ltr'>nebula</span> 
     </span>
     <span class='ocr_line' id='line_1_17' title="bbox 137 1237 631 1279; baseline -0.006 0"><span class='ocrx_word' id='word_1_74' title='bbox 137 1237 230 1279; x_wconf 88' lang='lat' dir='ltr'>texi</span> <span class='ocrx_word' id='word_1_75' title='bbox 256 1249 431 1278; x_wconf 88' lang='lat' dir='ltr'>omnem</span> <span class='ocrx_word' id='word_1_76' title='bbox 457 1240 631 1277; x_wconf 89' lang='lat' dir='ltr'>terram.</span> 
     </span>
    </p>

    <p class='ocr_par' dir='ltr' id='par_1_9' title="bbox 140 1295 969 1452">
     <span class='ocr_line' id='line_1_18' title="bbox 191 1295 968 1351; baseline -0.004 -13"><span class='ocrx_word' id='word_1_77' title='bbox 191 1300 241 1351; x_wconf 60' lang='grc' dir='ltr'>Κ.</span> <span class='ocrx_word' id='word_1_78' title='bbox 261 1297 323 1339; x_wconf 92' lang='lat' dir='ltr'>br.</span> <span class='ocrx_word' id='word_1_79' title='bbox 345 1297 494 1339; x_wconf 90' lang='lat' dir='ltr'>Fortis</span> <span class='ocrx_word' id='word_1_80' title='bbox 519 1301 587 1338; x_wconf 85' lang='lat' dir='ltr'>est</span> <span class='ocrx_word' id='word_1_81' title='bbox 607 1299 630 1323; x_wconf 92' lang='lat'>*</span> <span class='ocrx_word' id='word_1_82' title='bbox 648 1297 708 1338; x_wconf 89' lang='lat' dir='ltr'>Ut</span> <span class='ocrx_word' id='word_1_83' title='bbox 726 1308 845 1336; x_wconf 91' lang='lat' dir='ltr'>mors</span> <span class='ocrx_word' id='word_1_84' title='bbox 865 1295 968 1336; x_wconf 90' lang='lat' dir='ltr'>dile-</span> 
     </span>
     <span class='ocr_line' id='line_1_19' title="bbox 140 1348 969 1399; baseline -0.005 -4"><span class='ocrx_word' id='word_1_85' title='bbox 140 1353 239 1396; x_wconf 89' lang='lat' dir='ltr'>ctio.</span> <span class='ocrx_word' id='word_1_86' title='bbox 260 1354 420 1395; x_wconf 89' lang='lat' dir='ltr'>Fortis.</span> <span class='ocrx_word' id='word_1_87' title='bbox 449 1348 499 1399; x_wconf 65' lang='lat' dir='ltr'>V.</span> <span class='ocrx_word' id='word_1_88' title='bbox 511 1353 635 1394; x_wconf 91' lang='lat' dir='ltr'>Dura</span> <span class='ocrx_word' id='word_1_89' title='bbox 650 1352 763 1393; x_wconf 91' lang='lat' dir='ltr'>sicut</span> <span class='ocrx_word' id='word_1_90' title='bbox 776 1351 969 1392; x_wconf 89' lang='lat' dir='ltr'>infernus</span> 
     </span>
     <span class='ocr_line' id='line_1_20' title="bbox 141 1408 969 1452; baseline -0.005 0"><span class='ocrx_word' id='word_1_91' title='bbox 141 1410 373 1451; x_wconf 79' lang='lat' dir='ltr'>aemulatio.</span> <span class='ocrx_word' id='word_1_92' title='bbox 396 1410 466 1452; x_wconf 90' lang='lat' dir='ltr'>Ut.</span> <span class='ocrx_word' id='word_1_93' title='bbox 490 1409 645 1451; x_wconf 89' lang='lat' dir='ltr'>Gloria</span> <span class='ocrx_word' id='word_1_94' title='bbox 658 1408 789 1450; x_wconf 90' lang='lat' dir='ltr'>Patri.</span> <span class='ocrx_word' id='word_1_95' title='bbox 812 1408 969 1449; x_wconf 90' lang='lat' dir='ltr'>Fortis.</span> 
     </span>
    </p>

    <p class='ocr_par' dir='ltr' id='par_1_10' title="bbox 141 1465 970 1579">
     <span class='ocr_line' id='line_1_21' title="bbox 190 1465 970 1522; baseline 0 -12"><span class='ocrx_word' id='word_1_96' title='bbox 190 1465 242 1517; x_wconf 61' lang='lat' dir='ltr'>V.</span> <span class='ocrx_word' id='word_1_97' title='bbox 259 1471 356 1522; x_wconf 87' lang='lat' dir='ltr'>Ego</span> <span class='ocrx_word' id='word_1_98' title='bbox 373 1469 536 1512; x_wconf 87' lang='lat' dir='ltr'>dilecto</span> <span class='ocrx_word' id='word_1_99' title='bbox 551 1482 664 1510; x_wconf 91' lang='lat' dir='ltr'>meo.</span> <span class='ocrx_word' id='word_1_100' title='bbox 693 1470 742 1521; x_wconf 60' lang='grc' dir='ltr'>Ιίι.</span> <span class='ocrx_word' id='word_1_101' title='bbox 758 1468 814 1510; x_wconf 86' lang='lat' dir='ltr'>Et</span> <span class='ocrx_word' id='word_1_102' title='bbox 829 1468 885 1509; x_wconf 88' lang='lat' dir='ltr'>ad</span> <span class='ocrx_word' id='word_1_103' title='bbox 899 1481 970 1510; x_wconf 92' lang='lat' dir='ltr'>me</span> 
     </span>
     <span class='ocr_line' id='line_1_22' title="bbox 141 1527 492 1579; baseline -0.006 -10"><span class='ocrx_word' id='word_1_104' title='bbox 141 1527 369 1569; x_wconf 90' lang='lat' dir='ltr'>conversio</span> <span class='ocrx_word' id='word_1_105' title='bbox 390 1528 492 1579; x_wconf 90' lang='lat' dir='ltr'>ejus.</span> 
     </span>
    </p>
   </div>
   <div class='ocr_carea' id='block_1_5' title="bbox 142 1604 974 2295">
    <p class='ocr_par' dir='ltr' id='par_1_11' title="bbox 417 1604 694 1640">
     <span class='ocr_line' id='line_1_23' title="bbox 417 1604 694 1640; baseline 0 0"><span class='ocrx_word' id='word_1_106' title='bbox 417 1604 485 1640; x_wconf 92' lang='lat' dir='ltr'>Ad</span> <span class='ocrx_word' id='word_1_107' title='bbox 508 1604 694 1640; x_wconf 87' lang='lat' dir='ltr'>Nonam.</span> 
     </span>
    </p>

    <p class='ocr_par' dir='ltr' id='par_1_12' title="bbox 194 1661 615 1713">
     <span class='ocr_line' id='line_1_24' title="bbox 194 1661 615 1713; baseline -0.01 -8"><span class='ocrx_word' id='word_1_108' title='bbox 194 1665 293 1706; x_wconf 90' lang='lat' dir='ltr'>Ant.</span> <span class='ocrx_word' id='word_1_109' title='bbox 312 1665 410 1713; x_wconf 84' lang='lat' dir='ltr'>Ego</span> <span class='ocrx_word' id='word_1_110' title='bbox 431 1661 615 1704; x_wconf 91' lang='lat' dir='ltr'>dormio.</span> 
     </span>
    </p>

    <p class='ocr_par' dir='ltr' id='par_1_13' title="bbox 142 1728 972 1891">
     <span class='ocr_line' id='line_1_25' title="bbox 223 1728 893 1781; baseline -0.003 -12"><span class='ocrx_word' id='word_1_111' title='bbox 223 1729 484 1781; x_wconf 83' lang='lat' dir='ltr'>Capitulum.</span> <span class='ocrx_word' id='word_1_112' title='bbox 680 1728 810 1768; x_wconf 63' lang='lat' dir='ltr'>Eccli.</span> <span class='ocrx_word' id='word_1_113' title='bbox 827 1729 893 1767; x_wconf 74' lang='lat'>24.</span> 
     </span>
     <span class='ocr_line' id='line_1_26' title="bbox 142 1784 972 1891; baseline -0.005 -62"><span class='ocrx_word' id='word_1_114' title='bbox 142 1786 219 1891; x_wconf 87' lang='lat' dir='ltr'>In</span> <span class='ocrx_word' id='word_1_115' title='bbox 250 1787 370 1829; x_wconf 91' lang='lat' dir='ltr'>omni</span> <span class='ocrx_word' id='word_1_116' title='bbox 395 1791 515 1829; x_wconf 88' lang='lat' dir='ltr'>terra</span> <span class='ocrx_word' id='word_1_117' title='bbox 544 1786 662 1837; x_wconf 88' lang='lat' dir='ltr'>steti,</span> <span class='ocrx_word' id='word_1_118' title='bbox 700 1790 745 1827; x_wconf 90' lang='lat' dir='ltr'>et</span> <span class='ocrx_word' id='word_1_119' title='bbox 776 1785 821 1826; x_wconf 91' lang='lat' dir='ltr'>in</span> <span class='ocrx_word' id='word_1_120' title='bbox 853 1784 972 1826; x_wconf 90' lang='lat' dir='ltr'>omni</span> 
     </span>
    </p>

    <p class='ocr_par' dir='ltr' id='par_1_14' title="bbox 143 1841 973 1998">
     <span class='ocr_line' id='line_1_27' title="bbox 210 1841 972 1897; baseline -0.007 -12"><span class='ocrx_word' id='word_1_121' title='bbox 210 1843 396 1897; x_wconf 91' lang='lat' dir='ltr'>populo,</span> <span class='ocrx_word' id='word_1_122' title='bbox 419 1847 463 1884; x_wconf 92' lang='lat' dir='ltr'>et</span> <span class='ocrx_word' id='word_1_123' title='bbox 486 1842 531 1884; x_wconf 92' lang='lat' dir='ltr'>in</span> <span class='ocrx_word' id='word_1_124' title='bbox 554 1841 757 1884; x_wconf 90' lang='lat' dir='ltr'>omnibus</span> <span class='ocrx_word' id='word_1_125' title='bbox 776 1841 972 1893; x_wconf 91' lang='lat' dir='ltr'>requiem</span> 
     </span>
     <span class='ocr_line' id='line_1_28' title="bbox 145 1897 973 1954; baseline -0.006 -12"><span class='ocrx_word' id='word_1_126' title='bbox 145 1900 344 1954; x_wconf 78' lang='lat' dir='ltr'>quaesivi,</span> <span class='ocrx_word' id='word_1_127' title='bbox 372 1904 416 1942; x_wconf 89' lang='lat' dir='ltr'>et</span> <span class='ocrx_word' id='word_1_128' title='bbox 442 1899 488 1940; x_wconf 91' lang='lat' dir='ltr'>in</span> <span class='ocrx_word' id='word_1_129' title='bbox 510 1897 771 1940; x_wconf 78' lang='lat' dir='ltr'>haereditate</span> <span class='ocrx_word' id='word_1_130' title='bbox 796 1897 973 1939; x_wconf 90' lang='lat' dir='ltr'>Domini</span> 
     </span>
     <span class='ocr_line' id='line_1_29' title="bbox 143 1956 363 1998; baseline -0.005 0"><span class='ocrx_word' id='word_1_131' title='bbox 143 1956 363 1998; x_wconf 76' lang='lat' dir='ltr'>morabor.</span> 
     </span>
    </p>

    <p class='ocr_par' dir='ltr' id='par_1_15' title="bbox 144 2009 972 2173">
     <span class='ocr_line' id='line_1_30' title="bbox 194 2009 972 2066; baseline -0.008 -12"><span class='ocrx_word' id='word_1_132' title='bbox 194 2015 246 2066; x_wconf 69' lang='lat' dir='ltr'>R.</span> <span class='ocrx_word' id='word_1_133' title='bbox 269 2013 331 2054; x_wconf 90' lang='lat' dir='ltr'>br.</span> <span class='ocrx_word' id='word_1_134' title='bbox 359 2012 455 2063; x_wconf 87' lang='lat' dir='ltr'>Ego</span> <span class='ocrx_word' id='word_1_135' title='bbox 480 2013 503 2038; x_wconf 89' lang='lat'>*</span> <span class='ocrx_word' id='word_1_136' title='bbox 526 2011 700 2052; x_wconf 92' lang='lat' dir='ltr'>Dilecto</span> <span class='ocrx_word' id='word_1_137' title='bbox 723 2022 835 2050; x_wconf 89' lang='lat' dir='ltr'>meo.</span> <span class='ocrx_word' id='word_1_138' title='bbox 866 2009 972 2059; x_wconf 88' lang='lat' dir='ltr'>Ego.</span> 
     </span>
     <span class='ocr_line' id='line_1_31' title="bbox 144 2064 972 2118; baseline -0.007 -8"><span class='ocrx_word' id='word_1_139' title='bbox 144 2066 193 2118; x_wconf 67' lang='lat' dir='ltr'>V.</span> <span class='ocrx_word' id='word_1_140' title='bbox 217 2068 275 2110; x_wconf 89' lang='lat' dir='ltr'>Et</span> <span class='ocrx_word' id='word_1_141' title='bbox 293 2067 350 2110; x_wconf 92' lang='lat' dir='ltr'>ad</span> <span class='ocrx_word' id='word_1_142' title='bbox 371 2080 442 2109; x_wconf 87' lang='lat' dir='ltr'>me</span> <span class='ocrx_word' id='word_1_143' title='bbox 467 2067 697 2109; x_wconf 89' lang='lat' dir='ltr'>conversio</span> <span class='ocrx_word' id='word_1_144' title='bbox 723 2066 825 2118; x_wconf 90' lang='lat' dir='ltr'>ejus.</span> <span class='ocrx_word' id='word_1_145' title='bbox 857 2064 972 2105; x_wconf 83' lang='lat' dir='ltr'>Dile-</span> 
     </span>
     <span class='ocr_line' id='line_1_32' title="bbox 146 2123 697 2173; baseline -0.005 -7"><span class='ocrx_word' id='word_1_146' title='bbox 146 2129 229 2167; x_wconf 89' lang='lat' dir='ltr'>cto.</span> <span class='ocrx_word' id='word_1_147' title='bbox 257 2123 411 2167; x_wconf 77' lang='lat' dir='ltr'>Gloria</span> <span class='ocrx_word' id='word_1_148' title='bbox 429 2123 560 2165; x_wconf 89' lang='lat' dir='ltr'>Patri.</span> <span class='ocrx_word' id='word_1_149' title='bbox 588 2123 697 2173; x_wconf 87' lang='lat' dir='ltr'>Ego.</span> 
     </span>
    </p>

    <p class='ocr_par' dir='ltr' id='par_1_16' title="bbox 145 2181 974 2295">
     <span class='ocr_line' id='line_1_33' title="bbox 171 2181 974 2235; baseline -0.009 -8"><span class='ocrx_word' id='word_1_150' title='bbox 171 2186 173 2189; x_wconf 78' lang='grc'>’</span> <span class='ocrx_word' id='word_1_151' title='bbox 196 2183 246 2235; x_wconf 62' lang='lat' dir='ltr'>V.</span> <span class='ocrx_word' id='word_1_152' title='bbox 269 2185 353 2235; x_wconf 86' lang='lat' dir='ltr'>Qui</span> <span class='ocrx_word' id='word_1_153' title='bbox 370 2197 441 2226; x_wconf 90' lang='lat' dir='ltr'>me</span> <span class='ocrx_word' id='word_1_154' title='bbox 460 2182 685 2232; x_wconf 88' lang='lat' dir='ltr'>invenerit,</span> <span class='ocrx_word' id='word_1_155' title='bbox 704 2181 896 2223; x_wconf 88' lang='lat' dir='ltr'>inveniet</span> <span class='ocrx_word' id='word_1_156' title='bbox 914 2181 974 2221; x_wconf 91' lang='lat' dir='ltr'>vi-</span> 
     </span>
     <span class='ocr_line' id='line_1_34' title="bbox 145 2237 974 2295; baseline -0.007 -13"><span class='ocrx_word' id='word_1_157' title='bbox 145 2245 246 2282; x_wconf 88' lang='lat' dir='ltr'>tam.</span> <span class='ocrx_word' id='word_1_158' title='bbox 274 2244 325 2295; x_wconf 70' lang='lat' dir='ltr'>Re·</span> <span class='ocrx_word' id='word_1_159' title='bbox 347 2241 406 2283; x_wconf 90' lang='lat' dir='ltr'>Et</span> <span class='ocrx_word' id='word_1_160' title='bbox 422 2239 595 2281; x_wconf 79' lang='lat' dir='ltr'>hauriet</span> <span class='ocrx_word' id='word_1_161' title='bbox 613 2238 799 2279; x_wconf 80' lang='lat' dir='ltr'>salutem</span> <span class='ocrx_word' id='word_1_162' title='bbox 819 2250 843 2278; x_wconf 90' lang='lat' dir='ltr'>a</span> <span class='ocrx_word' id='word_1_163' title='bbox 862 2237 974 2277; x_wconf 79' lang='lat' dir='ltr'>Dfio.</span> 
     </span>
    </p>
   </div>
   <div class='ocr_carea' id='block_1_6' title="bbox 199 2324 976 2503">
    <p class='ocr_par' dir='ltr' id='par_1_17' title="bbox 199 2324 976 2503">
     <span class='ocr_line' id='line_1_35' title="bbox 357 2324 767 2376; baseline -0.01 -8"><span class='ocrx_word' id='word_1_164' title='bbox 357 2328 418 2368; x_wconf 89' lang='lat' dir='ltr'>In</span> <span class='ocrx_word' id='word_1_165' title='bbox 435 2327 497 2367; x_wconf 92' lang='lat'>11.</span> <span class='ocrx_word' id='word_1_166' title='bbox 515 2324 767 2376; x_wconf 81' lang='lat' dir='ltr'>vesperis.</span> 
     </span>
     <span class='ocr_line' id='line_1_36' title="bbox 199 2389 938 2436; baseline -0.008 -4"><span class='ocrx_word' id='word_1_167' title='bbox 199 2397 336 2432; x_wconf 87' lang='lat' dir='ltr'>Omnia</span> <span class='ocrx_word' id='word_1_168' title='bbox 359 2400 400 2431; x_wconf 89' lang='lat' dir='ltr'>ut</span> <span class='ocrx_word' id='word_1_169' title='bbox 425 2397 463 2429; x_wconf 91' lang='lat' dir='ltr'>in</span> <span class='ocrx_word' id='word_1_170' title='bbox 488 2394 647 2436; x_wconf 86' lang='lat' dir='ltr'>1.Vesp.</span> <span class='ocrx_word' id='word_1_171' title='bbox 675 2389 777 2434; x_wconf 83' lang='lat'>[354],</span> <span class='ocrx_word' id='word_1_172' title='bbox 797 2397 938 2436; x_wconf 81' lang='lat' dir='ltr'>praeter</span> 
     </span>
     <span class='ocr_line' id='line_1_37' title="bbox 200 2450 976 2503; baseline -0.012 -7"><span class='ocrx_word' id='word_1_173' title='bbox 200 2457 249 2503; x_wconf 65' lang='lat' dir='ltr'>V.</span> <span class='ocrx_word' id='word_1_174' title='bbox 292 2453 423 2494; x_wconf 85' lang='lat' dir='ltr'>Viam</span> <span class='ocrx_word' id='word_1_175' title='bbox 458 2451 766 2493; x_wconf 89' lang='lat' dir='ltr'>mandatorum</span> <span class='ocrx_word' id='word_1_176' title='bbox 800 2450 976 2490; x_wconf 88' lang='lat' dir='ltr'>tuorum</span> 
     </span>
    </p>
   </div>
   <div class='ocr_carea' id='block_1_7' title="bbox 149 2506 1137 2565">
    <p class='ocr_par' dir='ltr' id='par_1_18' title="bbox 149 2506 1137 2565">
     <span class='ocr_line' id='line_1_38' title="bbox 149 2506 1137 2565; baseline -0.008 -15"><span class='ocrx_word' id='word_1_177' title='bbox 149 2509 332 2550; x_wconf 81' lang='lat' dir='ltr'>cucurri.</span> <span class='ocrx_word' id='word_1_178' title='bbox 346 2514 397 2565; x_wconf 68' lang='lat' dir='ltr'>R,</span> <span class='ocrx_word' id='word_1_179' title='bbox 407 2508 516 2549; x_wconf 92' lang='lat' dir='ltr'>Cum</span> <span class='ocrx_word' id='word_1_180' title='bbox 528 2506 722 2549; x_wconf 78' lang='lat' dir='ltr'>dilatasti</span> <span class='ocrx_word' id='word_1_181' title='bbox 735 2517 811 2546; x_wconf 92' lang='lat' dir='ltr'>cor</span> <span class='ocrx_word' id='word_1_182' title='bbox 820 2516 975 2544; x_wconf 89' lang='lat' dir='ltr'>meum.</span> <span class='ocrx_word' id='word_1_183' title='bbox 1036 2543 1073 2550; x_wconf 20' lang='grc' dir='ltr'>Ὗ,</span> <span class='ocrx_word' id='word_1_184' title='bbox 1095 2543 1118 2551; x_wconf 5' lang='grc' dir='ltr'>,ζ</span> <span class='ocrx_word' id='word_1_185' title='bbox 1131 2544 1137 2549; x_wconf 56' lang='grc'>,,</span> 
     </span>
    </p>
   </div>
   <div class='ocr_carea' id='block_1_8' title="bbox 148 2565 977 2777">
    <p class='ocr_par' dir='ltr' id='par_1_19' title="bbox 148 2565 977 2731">
     <span class='ocr_line' id='line_1_39' title="bbox 202 2565 976 2624; baseline -0.013 -12"><span class='ocrx_word' id='word_1_186' title='bbox 202 2572 272 2613; x_wconf 90' lang='lat' dir='ltr'>Ad</span> <span class='ocrx_word' id='word_1_187' title='bbox 292 2573 464 2624; x_wconf 82' lang='lat' dir='ltr'>Magnis.</span> <span class='ocrx_word' id='word_1_188' title='bbox 497 2572 595 2612; x_wconf 87' lang='lat' dir='ltr'><strong>Ant.</strong></span> <span class='ocrx_word' id='word_1_189' title='bbox 626 2565 874 2610; x_wconf 79' lang='lat' dir='ltr'>Exsultavit</span> <span class='ocrx_word' id='word_1_190' title='bbox 899 2575 976 2604; x_wconf 93' lang='lat' dir='ltr'>cor</span> 
     </span>
     <span class='ocr_line' id='line_1_40' title="bbox 148 2619 977 2671; baseline -0.008 -5"><span class='ocrx_word' id='word_1_191' title='bbox 148 2637 296 2666; x_wconf 90' lang='lat' dir='ltr'>meum</span> <span class='ocrx_word' id='word_1_192' title='bbox 321 2624 365 2665; x_wconf 92' lang='lat' dir='ltr'>in</span> <span class='ocrx_word' id='word_1_193' title='bbox 392 2625 490 2665; x_wconf 89' lang='lat' dir='ltr'>Deo</span> <span class='ocrx_word' id='word_1_194' title='bbox 519 2623 699 2664; x_wconf 81' lang='lat' dir='ltr'>salutari</span> <span class='ocrx_word' id='word_1_195' title='bbox 726 2634 842 2662; x_wconf 90' lang='lat' dir='ltr'>meo:</span> <span class='ocrx_word' id='word_1_196' title='bbox 875 2619 977 2671; x_wconf 92' lang='lat' dir='ltr'>quia</span> 
     </span>
     <span class='ocr_line' id='line_1_41' title="bbox 149 2679 918 2731; baseline -0.008 -9"><span class='ocrx_word' id='word_1_197' title='bbox 149 2681 252 2722; x_wconf 89' lang='lat' dir='ltr'>fecit</span> <span class='ocrx_word' id='word_1_198' title='bbox 269 2680 375 2721; x_wconf 84' lang='lat' dir='ltr'>mihi</span> <span class='ocrx_word' id='word_1_199' title='bbox 392 2692 551 2731; x_wconf 87' lang='lat' dir='ltr'>magna</span> <span class='ocrx_word' id='word_1_200' title='bbox 571 2679 645 2731; x_wconf 93' lang='lat' dir='ltr'>qui</span> <span class='ocrx_word' id='word_1_201' title='bbox 662 2683 822 2731; x_wconf 88' lang='lat' dir='ltr'>potens</span> <span class='ocrx_word' id='word_1_202' title='bbox 842 2681 918 2717; x_wconf 89' lang='lat' dir='ltr'>est.</span> 
     </span>
    </p>

    <p class='ocr_par' dir='ltr' id='par_1_20' title="bbox 203 2741 879 2777">
     <span class='ocr_line' id='line_1_42' title="bbox 203 2741 879 2777; baseline -0.007 0"><span class='ocrx_word' id='word_1_203' title='bbox 203 2743 250 2777; x_wconf 89' lang='lat' dir='ltr'>Et</span> <span class='ocrx_word' id='word_1_204' title='bbox 274 2743 314 2777; x_wconf 82' lang='lat' dir='ltr'>fit</span> <span class='ocrx_word' id='word_1_205' title='bbox 338 2753 534 2777; x_wconf 83' lang='lat' dir='ltr'>commem.</span> <span class='ocrx_word' id='word_1_206' title='bbox 559 2741 710 2775; x_wconf 83' lang='lat' dir='ltr'>Domin.</span> <span class='ocrx_word' id='word_1_207' title='bbox 736 2749 879 2774; x_wconf 86' lang='lat' dir='ltr'>occurr.</span> 
     </span>
    </p>
   </div>
   <div class='ocr_carea' id='block_1_9' title="bbox 1015 343 1839 454">
    <p class='ocr_par' dir='ltr' id='par_1_21' title="bbox 1015 343 1839 454">
     <span class='ocr_line' id='line_1_43' title="bbox 1130 343 1722 386; baseline -0.007 0"><span class='ocrx_word' id='word_1_208' title='bbox 1130 345 1359 386; x_wconf 89' lang='lat' dir='ltr'>Dominica</span> <span class='ocrx_word' id='word_1_209' title='bbox 1378 344 1489 385; x_wconf 89' lang='lat' dir='ltr'>infra</span> <span class='ocrx_word' id='word_1_210' title='bbox 1509 343 1722 384; x_wconf 87' lang='lat' dir='ltr'>Octavam</span> 
     </span>
     <span class='ocr_line' id='line_1_44' title="bbox 1015 399 1839 454; baseline -0.002 -12"><span class='ocrx_word' id='word_1_211' title='bbox 1015 401 1106 442; x_wconf 90' lang='lat' dir='ltr'>sive</span> <span class='ocrx_word' id='word_1_212' title='bbox 1128 406 1232 454; x_wconf 89' lang='lat' dir='ltr'>post</span> <span class='ocrx_word' id='word_1_213' title='bbox 1255 401 1414 443; x_wconf 88' lang='lat' dir='ltr'>festum</span> <span class='ocrx_word' id='word_1_214' title='bbox 1433 399 1580 441; x_wconf 86' lang='lat' dir='ltr'>Sancti</span> <span class='ocrx_word' id='word_1_215' title='bbox 1598 399 1839 450; x_wconf 83' lang='lat' dir='ltr'>Augustini.</span> 
     </span>
    </p>
   </div>
   <div class='ocr_carea' id='block_1_10' title="bbox 1015 467 1851 2074">
    <p class='ocr_par' dir='ltr' id='par_1_22' title="bbox 1015 467 1839 637">
     <span class='ocr_line' id='line_1_45' title="bbox 1015 467 1839 511; baseline -0.002 -1"><span class='ocrx_word' id='word_1_216' title='bbox 1015 470 1066 510; x_wconf 90' lang='lat' dir='ltr'>B.</span> <span class='ocrx_word' id='word_1_217' title='bbox 1093 469 1270 511; x_wconf 80' lang='lat' dir='ltr'>Mariae</span> <span class='ocrx_word' id='word_1_218' title='bbox 1297 470 1354 510; x_wconf 91' lang='lat' dir='ltr'>V.</span> <span class='ocrx_word' id='word_1_219' title='bbox 1389 468 1449 509; x_wconf 88' lang='lat' dir='ltr'>de</span> <span class='ocrx_word' id='word_1_220' title='bbox 1479 467 1839 509; x_wconf 81' lang='lat' dir='ltr'>Consolatione.</span> 
     </span>
     <span class='ocr_line' id='line_1_46' title="bbox 1275 526 1585 570; baseline 0.01 -10"><span class='ocrx_word' id='word_1_221' title='bbox 1275 526 1428 570; x_wconf 78' lang='lat' dir='ltr'>Duplex</span> <span class='ocrx_word' id='word_1_222' title='bbox 1453 530 1585 570; x_wconf 77' lang='lat' dir='ltr'>maius,</span> 
     </span>
     <span class='ocr_line' id='line_1_47' title="bbox 1233 587 1615 637; baseline -0.003 -9"><span class='ocrx_word' id='word_1_223' title='bbox 1233 589 1294 628; x_wconf 90' lang='lat' dir='ltr'>In</span> <span class='ocrx_word' id='word_1_224' title='bbox 1310 588 1347 628; x_wconf 91' lang='lat'>1.</span> <span class='ocrx_word' id='word_1_225' title='bbox 1367 587 1615 637; x_wconf 79' lang='lat' dir='ltr'>vesperis.</span> 
     </span>
    </p>

    <p class='ocr_par' dir='ltr' id='par_1_23' title="bbox 1020 643 1844 782">
     <span class='ocr_line' id='line_1_48' title="bbox 1074 643 1844 688; baseline 0.001 -10"><span class='ocrx_word' id='word_1_226' title='bbox 1074 645 1160 678; x_wconf 87' lang='lat' dir='ltr'>Ant.</span> <span class='ocrx_word' id='word_1_227' title='bbox 1187 649 1222 678; x_wconf 86' lang='lat' dir='ltr'>et</span> <span class='ocrx_word' id='word_1_228' title='bbox 1240 645 1362 688; x_wconf 78' lang='lat' dir='ltr'>Capit.</span> <span class='ocrx_word' id='word_1_229' title='bbox 1390 645 1435 678; x_wconf 78' lang='lat' dir='ltr'>de</span> <span class='ocrx_word' id='word_1_230' title='bbox 1453 643 1692 686; x_wconf 61' lang='lat' dir='ltr'>1.21ud.[362],</span> <span class='ocrx_word' id='word_1_231' title='bbox 1722 646 1781 679; x_wconf 88' lang='lat' dir='ltr'>Ps.</span> <span class='ocrx_word' id='word_1_232' title='bbox 1808 651 1844 679; x_wconf 87' lang='lat' dir='ltr'>et</span> 
     </span>
     <span class='ocr_line' id='line_1_49' title="bbox 1020 693 1843 736; baseline 0.001 -10"><span class='ocrx_word' id='word_1_233' title='bbox 1020 693 1168 735; x_wconf 83' lang='lat' dir='ltr'>reliqua</span> <span class='ocrx_word' id='word_1_234' title='bbox 1199 693 1260 725; x_wconf 91' lang='lat' dir='ltr'>hic</span> <span class='ocrx_word' id='word_1_235' title='bbox 1290 703 1366 726; x_wconf 88' lang='lat' dir='ltr'>non</span> <span class='ocrx_word' id='word_1_236' title='bbox 1396 694 1553 736; x_wconf 80' lang='lat' dir='ltr'>propria</span> <span class='ocrx_word' id='word_1_237' title='bbox 1583 698 1622 727; x_wconf 86' lang='lat' dir='ltr'>ut</span> <span class='ocrx_word' id='word_1_238' title='bbox 1652 694 1690 727; x_wconf 88' lang='lat' dir='ltr'>in</span> <span class='ocrx_word' id='word_1_239' title='bbox 1718 694 1843 727; x_wconf 81' lang='lat' dir='ltr'>Festis</span> 
     </span>
     <span class='ocr_line' id='line_1_50' title="bbox 1021 739 1398 782; baseline 0 -9"><span class='ocrx_word' id='word_1_240' title='bbox 1021 741 1060 774; x_wconf 80' lang='grc' dir='ltr'>Β.</span> <span class='ocrx_word' id='word_1_241' title='bbox 1086 740 1218 773; x_wconf 72' lang='lat' dir='ltr'>Maria:</span> <span class='ocrx_word' id='word_1_242' title='bbox 1245 740 1285 774; x_wconf 81' lang='lat' dir='ltr'>V.</span> <span class='ocrx_word' id='word_1_243' title='bbox 1308 739 1398 782; x_wconf 82' lang='lat'>[133]</span> 
     </span>
    </p>

    <p class='ocr_par' dir='ltr' id='par_1_24' title="bbox 1072 789 1687 843">
     <span class='ocr_line' id='line_1_51' title="bbox 1072 789 1687 843; baseline -0.003 -12"><span class='ocrx_word' id='word_1_244' title='bbox 1072 792 1282 843; x_wconf 77' lang='lat' dir='ltr'>Hymnus.</span> <span class='ocrx_word' id='word_1_245' title='bbox 1312 793 1404 831; x_wconf 87' lang='lat' dir='ltr'>Ave</span> <span class='ocrx_word' id='word_1_246' title='bbox 1421 789 1565 830; x_wconf 89' lang='lat' dir='ltr'>maris.</span> <span class='ocrx_word' id='word_1_247' title='bbox 1584 789 1687 842; x_wconf 89' lang='lat'>[135]</span> 
     </span>
    </p>

    <p class='ocr_par' dir='ltr' id='par_1_25' title="bbox 1018 849 1843 1016">
     <span class='ocr_line' id='line_1_52' title="bbox 1074 849 1843 903; baseline -0.001 -11"><span class='ocrx_word' id='word_1_248' title='bbox 1074 849 1122 898; x_wconf 62' lang='lat' dir='ltr'>V.</span> <span class='ocrx_word' id='word_1_249' title='bbox 1143 850 1372 903; x_wconf 89' lang='lat' dir='ltr'>Numquid</span> <span class='ocrx_word' id='word_1_250' title='bbox 1399 850 1680 891; x_wconf 90' lang='lat' dir='ltr'>obliviscetur</span> <span class='ocrx_word' id='word_1_251' title='bbox 1704 851 1843 900; x_wconf 88' lang='lat' dir='ltr'>Virgo</span> 
     </span>
     <span class='ocr_line' id='line_1_53' title="bbox 1018 905 1843 959; baseline -0.004 -10"><span class='ocrx_word' id='word_1_252' title='bbox 1018 907 1262 949; x_wconf 85' lang='lat' dir='ltr'>ornamenti</span> <span class='ocrx_word' id='word_1_253' title='bbox 1287 905 1376 948; x_wconf 88' lang='lat' dir='ltr'>sui?</span> <span class='ocrx_word' id='word_1_254' title='bbox 1412 909 1463 959; x_wconf 54' lang='grc' dir='ltr'>Ην.</span> <span class='ocrx_word' id='word_1_255' title='bbox 1483 905 1573 947; x_wconf 88' lang='lat' dir='ltr'>Aut</span> <span class='ocrx_word' id='word_1_256' title='bbox 1596 919 1759 957; x_wconf 89' lang='lat' dir='ltr'>sponsa</span> <span class='ocrx_word' id='word_1_257' title='bbox 1784 906 1843 946; x_wconf 81' lang='lat' dir='ltr'>fa-</span> 
     </span>
     <span class='ocr_line' id='line_1_54' title="bbox 1018 960 1514 1016; baseline -0.006 -11"><span class='ocrx_word' id='word_1_258' title='bbox 1018 965 1121 1005; x_wconf 90' lang='lat' dir='ltr'>sciae</span> <span class='ocrx_word' id='word_1_259' title='bbox 1140 962 1379 1016; x_wconf 78' lang='lat' dir='ltr'>pectoralis</span> <span class='ocrx_word' id='word_1_260' title='bbox 1399 960 1514 1003; x_wconf 86' lang='lat' dir='ltr'>suae?</span> 
     </span>
    </p>

    <p class='ocr_par' dir='ltr' id='par_1_26' title="bbox 1018 1021 1847 1458">
     <span class='ocr_line' id='line_1_55' title="bbox 1074 1021 1844 1074; baseline -0.005 -9"><span class='ocrx_word' id='word_1_261' title='bbox 1074 1024 1145 1065; x_wconf 89' lang='lat' dir='ltr'>Ad</span> <span class='ocrx_word' id='word_1_262' title='bbox 1175 1025 1346 1074; x_wconf 81' lang='lat' dir='ltr'>Magnis.</span> <span class='ocrx_word' id='word_1_263' title='bbox 1379 1024 1479 1064; x_wconf 83' lang='lat' dir='ltr'>Ant.</span> <span class='ocrx_word' id='word_1_264' title='bbox 1512 1022 1671 1063; x_wconf 85' lang='lat' dir='ltr'>Sancta</span> <span class='ocrx_word' id='word_1_265' title='bbox 1697 1021 1844 1069; x_wconf 83' lang='lat' dir='ltr'>Maria,</span> 
     </span>
     <span class='ocr_line' id='line_1_56' title="bbox 1019 1077 1845 1130; baseline -0.005 -9"><span class='ocrx_word' id='word_1_266' title='bbox 1019 1083 1224 1121; x_wconf 81' lang='lat' dir='ltr'>succurre</span> <span class='ocrx_word' id='word_1_267' title='bbox 1261 1079 1449 1128; x_wconf 86' lang='lat' dir='ltr'>miseris,</span> <span class='ocrx_word' id='word_1_268' title='bbox 1492 1079 1590 1130; x_wconf 87' lang='lat' dir='ltr'>juva</span> <span class='ocrx_word' id='word_1_269' title='bbox 1626 1077 1845 1129; x_wconf 81' lang='lat' dir='ltr'>pusillani-</span> 
     </span>
     <span class='ocr_line' id='line_1_57' title="bbox 1018 1135 1846 1186; baseline -0.005 -9"><span class='ocrx_word' id='word_1_270' title='bbox 1018 1149 1123 1186; x_wconf 87' lang='lat' dir='ltr'>mes,</span> <span class='ocrx_word' id='word_1_271' title='bbox 1143 1136 1292 1176; x_wconf 80' lang='lat' dir='ltr'>refove</span> <span class='ocrx_word' id='word_1_272' title='bbox 1312 1135 1490 1184; x_wconf 87' lang='lat' dir='ltr'>flebiles,</span> <span class='ocrx_word' id='word_1_273' title='bbox 1511 1147 1589 1175; x_wconf 91' lang='lat' dir='ltr'>ora</span> <span class='ocrx_word' id='word_1_274' title='bbox 1607 1146 1689 1185; x_wconf 93' lang='lat' dir='ltr'>pro</span> <span class='ocrx_word' id='word_1_275' title='bbox 1709 1135 1846 1185; x_wconf 89' lang='lat' dir='ltr'>popu-</span> 
     </span>
     <span class='ocr_line' id='line_1_58' title="bbox 1019 1188 1846 1243; baseline -0.005 -10"><span class='ocrx_word' id='word_1_276' title='bbox 1019 1193 1079 1241; x_wconf 90' lang='lat' dir='ltr'>lo,</span> <span class='ocrx_word' id='word_1_277' title='bbox 1106 1191 1319 1233; x_wconf 89' lang='lat' dir='ltr'>interveni</span> <span class='ocrx_word' id='word_1_278' title='bbox 1346 1203 1429 1243; x_wconf 94' lang='lat' dir='ltr'>pro</span> <span class='ocrx_word' id='word_1_279' title='bbox 1458 1190 1591 1238; x_wconf 90' lang='lat' dir='ltr'>clero,</span> <span class='ocrx_word' id='word_1_280' title='bbox 1623 1188 1846 1230; x_wconf 77' lang='lat' dir='ltr'>intercede</span> 
     </span>
     <span class='ocr_line' id='line_1_59' title="bbox 1019 1245 1847 1301; baseline -0.006 -11"><span class='ocrx_word' id='word_1_281' title='bbox 1019 1261 1102 1301; x_wconf 90' lang='lat' dir='ltr'>pro</span> <span class='ocrx_word' id='word_1_282' title='bbox 1127 1247 1290 1289; x_wconf 90' lang='lat' dir='ltr'>devoto</span> <span class='ocrx_word' id='word_1_283' title='bbox 1311 1247 1497 1288; x_wconf 84' lang='lat' dir='ltr'>femineo</span> <span class='ocrx_word' id='word_1_284' title='bbox 1518 1248 1635 1294; x_wconf 81' lang='lat' dir='ltr'>sexu,</span> <span class='ocrx_word' id='word_1_285' title='bbox 1658 1245 1847 1286; x_wconf 82' lang='lat' dir='ltr'>sentiant</span> 
     </span>
     <span class='ocr_line' id='line_1_60' title="bbox 1021 1301 1847 1355; baseline -0.006 -10"><span class='ocrx_word' id='word_1_286' title='bbox 1021 1317 1172 1345; x_wconf 88' lang='lat' dir='ltr'>omnes</span> <span class='ocrx_word' id='word_1_287' title='bbox 1195 1309 1319 1345; x_wconf 88' lang='lat' dir='ltr'>tuum</span> <span class='ocrx_word' id='word_1_288' title='bbox 1343 1305 1557 1355; x_wconf 80' lang='lat' dir='ltr'>juvamen,</span> <span class='ocrx_word' id='word_1_289' title='bbox 1585 1301 1847 1352; x_wconf 84' lang='lat' dir='ltr'>quicumque</span> 
     </span>
     <span class='ocr_line' id='line_1_61' title="bbox 1022 1356 1847 1402; baseline -0.007 0"><span class='ocrx_word' id='word_1_290' title='bbox 1022 1360 1244 1402; x_wconf 88' lang='lat' dir='ltr'>celebrant</span> <span class='ocrx_word' id='word_1_291' title='bbox 1286 1364 1406 1400; x_wconf 89' lang='lat' dir='ltr'>tuam</span> <span class='ocrx_word' id='word_1_292' title='bbox 1453 1363 1648 1399; x_wconf 87' lang='lat' dir='ltr'>sanctam</span> <span class='ocrx_word' id='word_1_293' title='bbox 1687 1356 1847 1397; x_wconf 88' lang='lat' dir='ltr'>festivi-</span> 
     </span>
     <span class='ocr_line' id='line_1_62' title="bbox 1021 1419 1170 1458; baseline -0.007 0"><span class='ocrx_word' id='word_1_294' title='bbox 1021 1419 1170 1458; x_wconf 80' lang='lat' dir='ltr'>tatem.</span> 
     </span>
    </p>

    <p class='ocr_par' dir='ltr' id='par_1_27' title="bbox 1358 1470 1522 1509">
     <span class='ocr_line' id='line_1_63' title="bbox 1358 1470 1522 1509; baseline 0 0"><span class='ocrx_word' id='word_1_295' title='bbox 1358 1470 1522 1509; x_wconf 86' lang='lat' dir='ltr'>Oratio.</span> 
     </span>
    </p>

    <p class='ocr_par' dir='ltr' id='par_1_28' title="bbox 1026 1523 1847 1627">
     <span class='ocr_line' id='line_1_64' title="bbox 1026 1523 1847 1627; baseline -0.007 -57"><span class='ocrx_word' id='word_1_296' title='bbox 1026 1523 1256 1627; x_wconf 81' lang='lat' dir='ltr'>Domine</span> <span class='ocrx_word' id='word_1_297' title='bbox 1282 1527 1387 1568; x_wconf 90' lang='lat' dir='ltr'>Jesu</span> <span class='ocrx_word' id='word_1_298' title='bbox 1412 1525 1595 1574; x_wconf 86' lang='lat' dir='ltr'>Christe,</span> <span class='ocrx_word' id='word_1_299' title='bbox 1622 1529 1749 1577; x_wconf 89' lang='lat' dir='ltr'>pater</span> <span class='ocrx_word' id='word_1_300' title='bbox 1771 1523 1847 1564; x_wconf 93' lang='lat' dir='ltr'>mi·</span> 
     </span>
    </p>

    <p class='ocr_par' dir='ltr' id='par_1_29' title="bbox 1022 1581 1851 2027">
     <span class='ocr_line' id='line_1_65' title="bbox 1144 1581 1848 1626; baseline -0.009 0"><span class='ocrx_word' id='word_1_301' title='bbox 1144 1581 1483 1626; x_wconf 80' lang='lat' dir='ltr'>sericordiarum</span> <span class='ocrx_word' id='word_1_302' title='bbox 1507 1586 1550 1622; x_wconf 87' lang='lat' dir='ltr'>et</span> <span class='ocrx_word' id='word_1_303' title='bbox 1568 1582 1689 1623; x_wconf 89' lang='lat' dir='ltr'>Deus</span> <span class='ocrx_word' id='word_1_304' title='bbox 1712 1582 1848 1621; x_wconf 85' lang='lat' dir='ltr'>totius</span> 
     </span>
     <span class='ocr_line' id='line_1_66' title="bbox 1023 1636 1849 1689; baseline -0.008 -7"><span class='ocrx_word' id='word_1_305' title='bbox 1023 1641 1356 1683; x_wconf 88' lang='lat' dir='ltr'>consolationis:</span> <span class='ocrx_word' id='word_1_306' title='bbox 1390 1637 1583 1680; x_wconf 91' lang='lat' dir='ltr'>concede</span> <span class='ocrx_word' id='word_1_307' title='bbox 1615 1636 1849 1689; x_wconf 79' lang='lat' dir='ltr'>propitius3</span> 
     </span>
     <span class='ocr_line' id='line_1_67' title="bbox 1022 1691 1848 1748; baseline -0.01 -9"><span class='ocrx_word' id='word_1_308' title='bbox 1022 1703 1071 1739; x_wconf 92' lang='lat' dir='ltr'>ut</span> <span class='ocrx_word' id='word_1_309' title='bbox 1090 1698 1202 1738; x_wconf 92' lang='lat' dir='ltr'>sicut</span> <span class='ocrx_word' id='word_1_310' title='bbox 1226 1697 1399 1738; x_wconf 91' lang='lat' dir='ltr'>lumbos</span> <span class='ocrx_word' id='word_1_311' title='bbox 1423 1694 1649 1748; x_wconf 83' lang='lat' dir='ltr'>praecincti</span> <span class='ocrx_word' id='word_1_312' title='bbox 1671 1691 1848 1745; x_wconf 86' lang='lat' dir='ltr'>purissi-</span> 
     </span>
     <span class='ocr_line' id='line_1_68' title="bbox 1023 1746 1850 1795; baseline -0.008 -1"><span class='ocrx_word' id='word_1_313' title='bbox 1023 1767 1140 1794; x_wconf 90' lang='lat' dir='ltr'>mam</span> <span class='ocrx_word' id='word_1_314' title='bbox 1156 1754 1424 1795; x_wconf 87' lang='lat' dir='ltr'>Genitricem</span> <span class='ocrx_word' id='word_1_315' title='bbox 1438 1756 1558 1792; x_wconf 89' lang='lat' dir='ltr'>tuam</span> <span class='ocrx_word' id='word_1_316' title='bbox 1571 1750 1753 1790; x_wconf 83' lang='lat' dir='ltr'>Mariam</span> <span class='ocrx_word' id='word_1_317' title='bbox 1769 1746 1850 1788; x_wconf 91' lang='lat' dir='ltr'>sub</span> 
     </span>
     <span class='ocr_line' id='line_1_69' title="bbox 1024 1805 1848 1857; baseline -0.01 -6"><span class='ocrx_word' id='word_1_318' title='bbox 1024 1810 1338 1851; x_wconf 90' lang='lat' dir='ltr'>consolationis</span> <span class='ocrx_word' id='word_1_319' title='bbox 1363 1808 1490 1850; x_wconf 85' lang='lat' dir='ltr'>titulo</span> <span class='ocrx_word' id='word_1_320' title='bbox 1516 1805 1755 1857; x_wconf 87' lang='lat' dir='ltr'>gaudentes</span> <span class='ocrx_word' id='word_1_321' title='bbox 1779 1815 1848 1844; x_wconf 92' lang='lat' dir='ltr'>ve-</span> 
     </span>
     <span class='ocr_line' id='line_1_70' title="bbox 1024 1859 1850 1914; baseline -0.011 -7"><span class='ocrx_word' id='word_1_322' title='bbox 1024 1868 1227 1914; x_wconf 84' lang='lat' dir='ltr'>neramur</span> <span class='ocrx_word' id='word_1_323' title='bbox 1245 1866 1289 1906; x_wconf 91' lang='lat' dir='ltr'>in</span> <span class='ocrx_word' id='word_1_324' title='bbox 1307 1865 1445 1914; x_wconf 83' lang='lat' dir='ltr'>terris,</span> <span class='ocrx_word' id='word_1_325' title='bbox 1464 1864 1524 1904; x_wconf 91' lang='lat' dir='ltr'>ita</span> <span class='ocrx_word' id='word_1_326' title='bbox 1543 1860 1723 1914; x_wconf 86' lang='lat' dir='ltr'>perenni</span> <span class='ocrx_word' id='word_1_327' title='bbox 1742 1859 1850 1910; x_wconf 85' lang='lat' dir='ltr'>ejus-</span> 
     </span>
     <span class='ocr_line' id='line_1_71' title="bbox 1025 1917 1851 1972; baseline -0.012 -8"><span class='ocrx_word' id='word_1_328' title='bbox 1025 1922 1125 1964; x_wconf 89' lang='lat' dir='ltr'>dem</span> <span class='ocrx_word' id='word_1_329' title='bbox 1158 1921 1381 1962; x_wconf 89' lang='lat' dir='ltr'>consortio</span> <span class='ocrx_word' id='word_1_330' title='bbox 1409 1918 1575 1972; x_wconf 86' lang='lat' dir='ltr'>perfrui</span> <span class='ocrx_word' id='word_1_331' title='bbox 1606 1917 1851 1957; x_wconf 81' lang='lat' dir='ltr'>mereamur</span> 
     </span>
     <span class='ocr_line' id='line_1_72' title="bbox 1023 1976 1495 2027; baseline -0.008 -7"><span class='ocrx_word' id='word_1_332' title='bbox 1023 1979 1067 2019; x_wconf 91' lang='lat' dir='ltr'>in</span> <span class='ocrx_word' id='word_1_333' title='bbox 1095 1978 1233 2020; x_wconf 91' lang='lat' dir='ltr'>coelis:</span> <span class='ocrx_word' id='word_1_334' title='bbox 1262 1977 1346 2027; x_wconf 92' lang='lat' dir='ltr'>Qui</span> <span class='ocrx_word' id='word_1_335' title='bbox 1373 1976 1495 2017; x_wconf 90' lang='lat' dir='ltr'>vivis.</span> 
     </span>
    </p>

    <p class='ocr_par' dir='ltr' id='par_1_30' title="bbox 1080 2037 1753 2074">
     <span class='ocr_line' id='line_1_73' title="bbox 1080 2037 1753 2074; baseline -0.009 0"><span class='ocrx_word' id='word_1_336' title='bbox 1080 2041 1127 2074; x_wconf 88' lang='lat' dir='ltr'>Et</span> <span class='ocrx_word' id='word_1_337' title='bbox 1151 2040 1191 2073; x_wconf 91' lang='lat' dir='ltr'>fit</span> <span class='ocrx_word' id='word_1_338' title='bbox 1215 2048 1410 2073; x_wconf 85' lang='lat' dir='ltr'>commem.</span> <span class='ocrx_word' id='word_1_339' title='bbox 1435 2037 1585 2071; x_wconf 89' lang='lat' dir='ltr'>Domin.</span> <span class='ocrx_word' id='word_1_340' title='bbox 1610 2045 1753 2069; x_wconf 84' lang='lat' dir='ltr'>occurr.</span> 
     </span>
    </p>
   </div>
   <div class='ocr_carea' id='block_1_11' title="bbox 1080 2105 1852 2218">
    <p class='ocr_par' dir='ltr' id='par_1_31' title="bbox 1080 2105 1852 2218">
     <span class='ocr_line' id='line_1_74' title="bbox 1189 2105 1688 2150; baseline -0.014 0"><span class='ocrx_word' id='word_1_341' title='bbox 1189 2107 1275 2150; x_wconf 85' lang='lat' dir='ltr'>Ad</span> <span class='ocrx_word' id='word_1_342' title='bbox 1302 2105 1688 2148; x_wconf 72' lang='lat' dir='ltr'>matutinum.</span> 
     </span>
     <span class='ocr_line' id='line_1_75' title="bbox 1080 2165 1852 2218; baseline -0.009 -7"><span class='ocrx_word' id='word_1_343' title='bbox 1080 2171 1250 2211; x_wconf 75' lang='lat' dir='ltr'>invitat.</span> <span class='ocrx_word' id='word_1_344' title='bbox 1280 2171 1429 2209; x_wconf 90' lang='lat' dir='ltr'>Jesum</span> <span class='ocrx_word' id='word_1_345' title='bbox 1454 2178 1535 2218; x_wconf 91' lang='lat' dir='ltr'>per</span> <span class='ocrx_word' id='word_1_346' title='bbox 1562 2165 1744 2206; x_wconf 84' lang='lat' dir='ltr'>Mariam</span> <span class='ocrx_word' id='word_1_347' title='bbox 1770 2175 1852 2205; x_wconf 88' lang='lat' dir='ltr'>nos</span> 
     </span>
    </p>
   </div>
   <div class='ocr_carea' id='block_1_12' title="bbox 1026 2221 1812 2329">
    <p class='ocr_par' dir='ltr' id='par_1_32' title="bbox 1026 2221 1812 2329">
     <span class='ocr_line' id='line_1_76' title="bbox 1026 2221 1812 2269; baseline -0.011 -1"><span class='ocrx_word' id='word_1_348' title='bbox 1026 2226 1328 2269; x_wconf 76' lang='lat' dir='ltr'>consolantem</span> <span class='ocrx_word' id='word_1_349' title='bbox 1352 2227 1375 2251; x_wconf 91' lang='lat'>*</span> <span class='ocrx_word' id='word_1_350' title='bbox 1389 2223 1550 2264; x_wconf 87' lang='lat' dir='ltr'>Venite</span> <span class='ocrx_word' id='word_1_351' title='bbox 1568 2221 1812 2262; x_wconf 87' lang='lat' dir='ltr'>adoremus.</span> 
     </span>
     <span class='ocr_line' id='line_1_77' title="bbox 1081 2277 1693 2329; baseline -0.01 -6"><span class='ocrx_word' id='word_1_352' title='bbox 1081 2283 1148 2322; x_wconf 89' lang='lat' dir='ltr'>Ps.</span> <span class='ocrx_word' id='word_1_353' title='bbox 1176 2282 1340 2329; x_wconf 81' lang='lat' dir='ltr'>Venite,</span> <span class='ocrx_word' id='word_1_354' title='bbox 1359 2278 1638 2321; x_wconf 80' lang='lat' dir='ltr'>exsultemus.</span> <span class='ocrx_word' id='word_1_355' title='bbox 1655 2277 1693 2317; x_wconf 88' lang='lat'>2.</span> 
     </span>
    </p>
   </div>
   <div class='ocr_carea' id='block_1_13' title="bbox 1145 2352 1729 2453">
    <p class='ocr_par' dir='ltr' id='par_1_33' title="bbox 1145 2352 1729 2453">
     <span class='ocr_line' id='line_1_78' title="bbox 1270 2352 1654 2391; baseline -0.008 0"><span class='ocrx_word' id='word_1_356' title='bbox 1270 2353 1318 2391; x_wconf 90' lang='lat' dir='ltr'>In</span> <span class='ocrx_word' id='word_1_357' title='bbox 1337 2353 1367 2391; x_wconf 92' lang='grc' dir='ltr'>Ι.</span> <span class='ocrx_word' id='word_1_358' title='bbox 1391 2352 1612 2390; x_wconf 79' lang='lat' dir='ltr'>Noctumo.</span> <span class='ocrx_word' id='word_1_359' title='bbox 1644 2352 1654 2361; x_wconf 81' lang='lat'><em>&#39;</em></span> 
     </span>
     <span class='ocr_line' id='line_1_79' title="bbox 1145 2407 1729 2453; baseline -0.019 0"><span class='ocrx_word' id='word_1_360' title='bbox 1145 2415 1212 2453; x_wconf 93' lang='lat' dir='ltr'>De</span> <span class='ocrx_word' id='word_1_361' title='bbox 1233 2409 1422 2452; x_wconf 82' lang='lat' dir='ltr'>Canticis</span> <span class='ocrx_word' id='word_1_362' title='bbox 1442 2407 1729 2449; x_wconf 88' lang='lat' dir='ltr'>Canticorum.</span> 
     </span>
    </p>
   </div>
   <div class='ocr_carea' id='block_1_14' title="bbox 1027 2473 1852 2812">
    <p class='ocr_par' dir='ltr' id='par_1_34' title="bbox 1107 2473 1775 2540">
     <span class='ocr_line' id='line_1_80' title="bbox 1107 2473 1775 2540; baseline -0.012 -21"><span class='ocrx_word' id='word_1_363' title='bbox 1107 2478 1259 2519; x_wconf 84' lang='lat' dir='ltr'>Lectio</span> <span class='ocrx_word' id='word_1_364' title='bbox 1279 2477 1303 2517; x_wconf 90' lang='lat' dir='ltr'>i.</span> <span class='ocrx_word' id='word_1_365' title='bbox 1620 2473 1723 2540; x_wconf 74' lang='lat' dir='ltr'>Cap.</span> <span class='ocrx_word' id='word_1_366' title='bbox 1738 2473 1775 2511; x_wconf 86' lang='lat'>4.</span> 
     </span>
    </p>

    <p class='ocr_par' dir='ltr' id='par_1_35' title="bbox 1027 2532 1852 2812">
     <span class='ocr_line' id='line_1_81' title="bbox 1054 2532 1852 2644; baseline -0.018 -7.402"><span class='ocrx_word' id='word_1_367' title='bbox 1054 2557 1137 2635; x_wconf 47' lang='lat' dir='ltr'>a</span> <span class='ocrx_word' id='word_1_368' title='bbox 1161 2548 1292 2644; x_wconf 57' lang='grc' dir='ltr'>ἓξὲξ</span> <span class='ocrx_word' id='word_1_369' title='bbox 1313 2532 1498 2642; x_wconf 62' lang='grc' dir='ltr'>Ξὲῗὲἷίἷὲ</span> <span class='ocrx_word' id='word_1_370' title='bbox 1521 2539 1852 2628; x_wconf 53' lang='grc' dir='ltr'>Ξίῗῗὲἶιῗῗέέ</span> 
     </span>
     <span class='ocr_line' id='line_1_82' title="bbox 1035 2638 1852 2693; baseline -0.015 -3"><span class='ocrx_word' id='word_1_371' title='bbox 1035 2646 1072 2672; x_wconf 36' lang='lat'>³*</span> <span class='ocrx_word' id='word_1_372' title='bbox 1086 2646 1103 2672; x_wconf 57' lang='grc' dir='ltr'><em>ἵ</em></span> <span class='ocrx_word' id='word_1_373' title='bbox 1136 2639 1137 2651; x_wconf 21' lang='grc' dir='ltr'><strong>ἶ</strong></span> <span class='ocrx_word' id='word_1_374' title='bbox 1161 2646 1472 2693; x_wconf 76' lang='lat' dir='ltr'>columbarum,</span> <span class='ocrx_word' id='word_1_375' title='bbox 1480 2642 1645 2693; x_wconf 87' lang='lat' dir='ltr'>absque</span> <span class='ocrx_word' id='word_1_376' title='bbox 1654 2652 1719 2688; x_wconf 87' lang='lat' dir='ltr'>eo,</span> <span class='ocrx_word' id='word_1_377' title='bbox 1732 2638 1852 2690; x_wconf 90' lang='lat' dir='ltr'>quod</span> 
     </span>
     <span class='ocr_line' id='line_1_83' title="bbox 1027 2694 1852 2750; baseline -0.015 -5"><span class='ocrx_word' id='word_1_378' title='bbox 1027 2705 1287 2745; x_wconf 85' lang='lat' dir='ltr'>intrinsecus</span> <span class='ocrx_word' id='word_1_379' title='bbox 1313 2702 1429 2742; x_wconf 88' lang='lat' dir='ltr'>latet.</span> <span class='ocrx_word' id='word_1_380' title='bbox 1467 2697 1622 2750; x_wconf 83' lang='lat' dir='ltr'>Capilli</span> <span class='ocrx_word' id='word_1_381' title='bbox 1649 2695 1713 2737; x_wconf 92' lang='lat' dir='ltr'>tui</span> <span class='ocrx_word' id='word_1_382' title='bbox 1741 2694 1852 2735; x_wconf 87' lang='lat' dir='ltr'>sicut</span> 
     </span>
     <span class='ocr_line' id='line_1_84' title="bbox 1028 2749 1849 2812; baseline -0.015 -10"><span class='ocrx_word' id='word_1_383' title='bbox 1028 2773 1185 2812; x_wconf 86' lang='lat' dir='ltr'>greges</span> <span class='ocrx_word' id='word_1_384' title='bbox 1217 2759 1464 2811; x_wconf 77' lang='lat' dir='ltr'>caprarum,</span> <span class='ocrx_word' id='word_1_385' title='bbox 1506 2765 1604 2806; x_wconf 87' lang='lat' dir='ltr'>quae</span> <span class='ocrx_word' id='word_1_386' title='bbox 1645 2749 1849 2792; x_wconf 88' lang='lat' dir='ltr'>ascende-</span> 
     </span>
    </p>
   </div>
   <div class='ocr_carea' id='block_1_15' title="bbox 62 193 1925 2860">
    <p class='ocr_par' dir='ltr' id='par_1_36' title="bbox 62 193 1925 2860">
     <span class='ocr_line' id='line_1_85' title="bbox 62 193 1925 2860; baseline 0 0"><span class='ocrx_word' id='word_1_387' title='bbox 62 193 1925 2860; x_wconf 95' lang='lat' dir='ltr'> </span> 
     </span>
    </p>
   </div>
  </div>
 </body>
</html>
