2040 2976
572 197 643 231 Die
671 198 722 232 18.
747 198 853 232 Julii.
900 198 935 233 S.
963 199 1117 233 Camilli
1143 200 1189 234 de
1214 201 1333 235 Lellis
1360 202 1468 235 Conf.

164 307 296 347 quam
315 295 474 346 fecere;
498 295 661 337 nullam
679 297 849 348 injuriae
867 296 992 338 ultie-

162 363 263 392 nem
288 353 497 403 quaerere,
523 365 605 405 pro
629 354 816 395 veritate
842 358 992 395 contu·

161 407 336 448 meliam
363 408 532 449 lucrum
559 411 729 460 putere.
782 408 870 451 Sed
896 408 993 450 haec

161 464 374 515 just6rum
433 465 691 517 simplicitas
749 464 993 514 deridetur3

163 519 264 570 quia
292 519 347 561 ab
379 520 506 572 hujus
536 521 689 562 mundi
722 521 992 574 sapientibus

161 576 364 627 puritatis
400 577 539 619 virtus
575 577 754 619 fattiitas
790 577 992 619 creditur.

163 632 303 674 Omne
332 634 447 675 enim
476 634 596 686 quod
623 635 879 676 innocenter
906 635 991 685 agi-

161 694 248 739 tur,
285 689 340 731 ab
378 690 441 731 eis
477 689 773 743 proculdubio
811 690 993 732 stultum

159 747 356 797 putatur:
383 750 426 787 et
454 745 669 798 quidquid
691 746 735 786 in
761 748 897 799 epere
921 749 991 788 ve-

160 801 268 842 ritas
297 801 534 854 approbat,
566 802 731 843 carnali
763 803 991 855 sapientiae

160 857 328 898 fatuum
353 862 492 899 sonat.
533 858 649 908 Quid
674 871 863 911 namque
889 859 990 900 stul-

159 913 246 954 tius
260 912 434 955 videtur
451 913 628 964 mundo,
649 927 779 967 quam
800 920 991 956 mentem

160 969 306 1011 verbis
320 970 565 1020 ostendere,
582 970 642 1011 nil
657 971 816 1013 callida
830 972 989 1014 machi-

159 1026 336 1067 natione
377 1026 601 1076 simulare,
646 1027 787 1068 nullas
823 1028 990 1080 injuriis

159 1082 447 1123 contumelias
472 1082 676 1132 reddere,
705 1097 787 1136 pro
813 1085 990 1126 maledi-

160 1138 359 1181 centibus
379 1141 517 1189 orere,
541 1143 849 1193 paupertatem
874 1144 990 1193 quae-

159 1206 266 1244 rere,
289 1197 498 1247 possessa
522 1196 779 1250 relinquere,
804 1199 990 1250 rapienti

158 1262 247 1291 non
270 1254 492 1301 resistere,
519 1253 782 1304 percutienti
807 1253 990 1296 alteram

158 1307 381 1348 maxillam
399 1308 626 1361 praebere?

209 1363 261 1413 R.
287 1364 377 1405 Iste
396 1365 540 1407 homo.
568 1366 648 1419 [72]

208 1427 251 1460 In
273 1427 337 1461 ΙΠ.
360 1427 560 1462 Nocturno
584 1428 757 1462 Homilia
779 1430 816 1462 in
839 1430 985 1473 Evang.

159 1475 258 1511 Ecce
268 1486 343 1511 nos
357 1477 594 1522 reliquimus.
609 1476 656 1510 de
671 1476 874 1512 Communi
887 1478 988 1514 Abb.

157 1522 184 1556 l.
209 1522 307 1555 loco.
333 1524 413 1569 [80]

198 1573 385 1617 Vesperae
411 1574 458 1608 de
479 1576 657 1618 sequenti
680 1587 765 1611 cum
790 1588 987 1612 commem.

154 1621 321 1666 praeced.
338 1632 383 1656 ac
398 1622 455 1657 Ss.
470 1622 579 1658 Mart.

428 1708 512 1750 Die
531 1709 590 1748 18.
608 1709 634 1749 J
635 1709 721 1749 ulii.

445 1773 507 1813 de
525 1772 680 1814 Lellis
701 1775 988 1817 Confessoris.

488 1833 654 1877 Duplex.

209 1884 346 1919 Omnia
379 1886 426 1919 de
457 1885 602 1920 Comm.
632 1885 741 1920 Conf.
771 1897 849 1921 non
878 1886 986 1921 Pont.

157 1931 226 1977 [67]
248 1938 392 1976 praeter
415 1943 521 1977 sequ
545 1934 605 1976 (m.
622 1938 646 1968 t.
661 1934 710 1976 v.)

489 1985 655 2026 Oratio.

156 2033 334 2139 Deus,
359 2042 434 2093 qui
451 2046 651 2083 sanctum
670 2042 911 2092 Camillum,
931 2042 988 2084 ad

269 2097 513 2138 animarum
543 2098 588 2138 in
616 2100 815 2139 extremo
845 2101 987 2149 agone

156 2152 418 2194 luctantium
427 2153 682 2203 subsidium,
698 2155 906 2205 singulari
919 2167 986 2195 ca-

156 2209 298 2250 ritatis
314 2212 610 2260 praerogativa
629 2210 866 2252 decorasti:
885 2211 986 2262 ejus

157 2266 420 2316 quaesumus,
443 2266 609 2307 meritis
634 2267 836 2318 spiritum
858 2266 986 2308 nobis

154 2324 244 2361 tuae
263 2318 512 2362 dilectiOnis
530 2321 725 2372 infunde3
748 2327 796 2364 ut
814 2323 858 2362 in
876 2322 987 2364 hora

155 2376 299 2416 exitus
318 2377 458 2417 nostri
472 2376 646 2418 hostem
659 2380 848 2428 vincere,
869 2383 912 2420 et
929 2379 985 2420 ad

155 2431 382 2473 coelestem
400 2435 646 2474 mereamur
660 2436 870 2475 coronam
889 2447 984 2487 per-

157 2489 316 2528 venire.
344 2488 428 2528 Per
446 2488 685 2529 Deminum
703 2495 915 2531 nostrum.

207 2547 256 2582 Et
271 2548 311 2582 fit
327 2557 524 2582 commem.
539 2548 705 2591 praeced.

207 2596 309 2636 Ant.
328 2595 412 2637 Hie
426 2596 492 2637 vir
512 2596 759 2648 despiciens
774 2598 984 2639 mundum

156 2656 200 2693 et
234 2653 426 2703 terrena,
470 2653 763 2705 triumphans,
809 2653 984 2696 divitias

155 2708 269 2750 coelo
298 2708 497 2751 cendidit
525 2722 611 2759 ore,
639 2722 781 2751 manu.

157 1771 200 1812 s,
221 1771 420 1828 camilli

1814 201 1880 236 427

1101 287 1151 339 V·
1168 297 1343 338 Justum
1362 295 1546 338 deduxit
1564 298 1780 339 Deminus
1798 311 1879 350 per

1045 353 1139 394 vias
1159 357 1314 394 rectas.
1354 349 1405 401 Rz.
1430 353 1486 394 Et
1511 353 1705 395 ostendit
1728 354 1791 394 illi
1814 367 1877 395 re-

1046 422 1178 460 gnum
1197 409 1291 449 Dei.

1100 469 1264 509 Oratio.
1295 470 1424 519 Deus,
1446 470 1520 521 qui
1539 483 1630 511 nos.
1653 472 1748 511 426.

1097 524 1248 559 Deinde
1275 525 1331 559 Ss.
1361 526 1639 572 Symphoro-see
1670 532 1706 561 et
1730 532 1877 570 septem

1046 573 1214 607 filiorum
1240 574 1321 615 eius
1346 574 1454 608 Mart.

1102 623 1201 663 Ant.
1233 623 1426 665 Istorum
1459 629 1525 666 est
1554 626 1668 666 enim
1696 638 1878 676 regnum

1046 681 1268 731 coelorum,
1286 681 1360 733 qui
1373 683 1733 733 contempserunt
1743 682 1878 723 vitam

1044 737 1206 786 mundi,
1233 743 1276 778 et
1300 738 1594 788 pervenerunt
1617 736 1673 778 ad
1696 738 1878 789 praemia

1044 794 1184 844 regni,
1222 798 1266 834 et
1300 793 1502 834 laverunt
1534 793 1671 834 stolas
1703 807 1802 835 suas
1834 795 1878 834 in

1045 850 1256 900 sanguine
1276 850 1404 900 Agni.

1099 898 1149 949 V·
1165 906 1397 947 Laetamini
1423 906 1467 945 in
1493 905 1705 954 Domino,
1734 909 1777 946 et
1803 917 1873 946 ex-

1044 962 1204 1004 sultate
1232 959 1343 1013 justi.
1393 960 1443 1011 Ra.
1475 962 1532 1003 Et
1559 961 1805 1012 gloriamini
1834 973 1877 1002 o-

1043 1031 1167 1060 mnes
1198 1018 1307 1060 recti
1336 1018 1481 1060 corde.

1382 1075 1547 1115 Oratio.

1043 1134 1225 1240 DeuS‚
1259 1135 1334 1187 qui
1360 1148 1442 1176 nos
1471 1134 1678 1176 concedis
1707 1136 1873 1175 sancto-

1148 1205 1244 1232 rum
1272 1192 1516 1244 Martyrum
1548 1193 1724 1232 tuerum
1755 1191 1875 1242 Sym-

1042 1247 1251 1299 phorosae
1278 1253 1322 1290 et
1346 1248 1538 1289 fili6rum
1563 1248 1653 1299 ejus
1677 1246 1876 1287 natalitia

1043 1303 1203 1344 colere:
1222 1304 1279 1345 da
1297 1303 1425 1345 nobis
1444 1305 1488 1344 in
1507 1306 1673 1345 aeterna
1690 1302 1875 1344 beatitu-

1045 1359 1146 1401 dine
1172 1360 1227 1401 de
1253 1363 1407 1401 eorum
1433 1361 1646 1402 societate
1671 1358 1875 1410 gaudere.

1042 1416 1126 1457 Per
1143 1417 1382 1458 Dominum
1401 1422 1612 1458 nostrum.

1098 1474 1141 1507 In
1171 1473 1198 1507 Ι.
1228 1473 1427 1507 Nocturno
1462 1473 1665 1507 Lectiones
1701 1474 1748 1508 de
1778 1475 1875 1509 Scri-

1046 1526 1159 1563 ptura
1185 1526 1418 1555 occurrente.

1278 1582 1327 1620 In
1355 1582 1405 1620 11.
1430 1582 1654 1621 Nocturno.

1348 1641 1500 1682 Lectio
1520 1641 1574 1682 iv.

1045 1707 1150 1763 3519&
1160 1700 1331 1741 amillus
1354 1701 1618 1753 Bucclanici,
1645 1704 1875 1745 Theatinae

1045 1781 1049 1798 ι
1078 1745 1153 1815 υ]
1186 1756 1392 1799 dioecesis
1438 1758 1607 1810 oppido
1646 1773 1700 1801 ex
1737 1759 1875 1800 nobili

1048 1802 1153 1838 ²³1²
1184 1813 1423 1855 Lelliorum
1454 1814 1617 1856 familia
1648 1821 1776 1857 natus
1806 1821 1876 1857 est

1040 1874 1181 1910 matre
1201 1870 1498 1921 sexagenaria,
1520 1872 1589 1912 cui
1603 1871 1800 1922 gravidae
1814 1871 1874 1912 vi—

1041 1938 1138 1965 sum
1173 1930 1241 1967 est
1276 1939 1356 1978 per
1395 1926 1607 1978 quietem,
1641 1927 1874 1979 puerulum

1041 1981 1183 2022 crucis
1212 1982 1337 2033 signo
1365 1982 1410 2022 in
1436 1984 1619 2035 pectore
1647 1985 1873 2034 munitum,

1041 2042 1084 2078 et
1109 2038 1271 2088 agmini
1297 2040 1543 2091 puerorum
1560 2038 1678 2081 idem
1704 2040 1874 2091 signum

1039 2094 1305 2144 gestentium
1335 2098 1627 2146 praeeuntem,
1661 2109 1708 2137 se
1740 2101 1872 2148 pepe-

1039 2152 1159 2190 risse.
1205 2149 1478 2191 Adolescens
1510 2164 1604 2192 rem
1636 2152 1872 2193 militarem

1040 2209 1234 2255 secutus,
1271 2207 1421 2248 saeculi
1453 2207 1570 2248 vitiis
1603 2207 1872 2260 aliquamdiu

1039 2261 1234 2312 indulsit3
1249 2262 1391 2304 donec
1401 2263 1661 2314 vigesimum
1673 2265 1872 2316 quintum

1040 2331 1174 2368 agens
1199 2320 1344 2360 aetatis
1369 2332 1546 2370 annum,
1570 2325 1695 2362 tanto
1721 2322 1869 2372 super-

1037 2387 1106 2415 nae
1138 2375 1293 2425 gratiae
1319 2375 1498 2426 lumine,
1531 2375 1781 2427 divinaeque
1810 2376 1870 2417 of-

1037 2430 1174 2471 fensae
1216 2431 1370 2473 dolore
1405 2434 1637 2485 correptus
1678 2432 1778 2481 fuit,
1821 2436 1870 2472 ut

1036 2486 1257 2528 uberrimo
1272 2486 1562 2529 'lacrimarum
1583 2487 1723 2529 imbre
1750 2487 1868 2529 illico

1035 2543 1252 2595 perfusus,
1273 2547 1488 2586 anteactae
1508 2544 1612 2586 vitae
1632 2543 1787 2585 sordes
1806 2543 1867 2583 in-

1037 2599 1290 2641 desinenter
1315 2600 1588 2652 abstergere,
1615 2603 1867 2651 novumque

1035 2655 1217 2697 induere
1252 2656 1475 2698 heminem
1505 2656 1687 2697 firmiter
1718 2654 1864 2696 decre-

1036 2712 1157 2753 verit.
1193 2713 1340 2762 Quare
1362 2713 1473 2764 ipso,
1499 2724 1587 2763 quo
1607 2711 1653 2752 id
1672 2709 1867 2760 contigit,-
