2040 2976
437 196 506 229 Die
535 196 581 228 11.
608 196 782 237 Augusti.
830 196 1004 229 Secunda
1031 196 1091 230 die
1118 196 1215 229 infra
1241 196 1319 230 Oct.
1346 198 1380 230 S.
1406 197 1612 231 Laurentii.

447 292 514 329 Ad
538 292 725 330 sextam.

223 352 321 391 Ant.
350 348 547 391 Adhaesit
567 351 711 392 anima
729 363 837 392 mea.

223 420 481 471 Capitulum.
672 422 707 460 2.
729 421 826 461 Cor.
846 422 883 460 9.
907 401 955 461 b.

169 478 529 586 Unusquisque
548 489 682 537 prout
700 483 935 527 destinavit
953 486 994 526 in

278 540 411 582 corde
431 554 522 591 suo,
541 554 629 583 non
648 554 702 583 ex
716 542 903 591 tristitia,
922 547 997 584 aut

171 609 224 637 ex
243 597 519 643 necessitate:
540 598 723 640 hilarem
741 599 855 639 enim
874 598 995 640 dato-

170 666 263 694 rem
283 653 423 704 diligit
440 655 573 696 Deus.

224 721 272 772 Rg.
298 720 357 760 br.
385 719 573 762 Posuisti
598 722 783 763 Domine
809 723 831 745 *
855 721 996 773 Super

170 781 302 827 caput
327 777 429 826 eius.
464 777 666 820 Posuisti.
700 776 748 823 Y.
777 779 996 819 Corc‘mam

170 831 225 872 de
249 831 395 884 lapide
419 834 628 885 pretioso.
661 835 812 888 Super.
846 833 995 875 Gloria

170 889 298 930 Patri.
326 890 529 931 Posuisti.

223 951 271 1002 V.
290 955 447 1005 Magna
471 961 539 997 est
556 956 694 1006 gloria
715 957 804 1007 ejus
823 957 866 997 in
885 957 995 998 salu-

168 1011 251 1052 tari
281 1017 369 1052 tuo.
419 1013 465 1063 Rg.
493 1012 690 1053 GlOriam
719 1018 763 1054 et
790 1026 995 1064 magnum

171 1067 375 1109 decorem
403 1069 602 1121 impones
631 1082 763 1122 super
792 1083 901 1111 eum.

445 1147 512 1183 Ad
534 1147 717 1185 Nonam.

223 1207 257 1245 Α
265 1211 321 1245 nt.
343 1205 506 1245 Beatus
525 1203 797 1247 Laurentius.

223 1274 478 1325 Capitulum.
687 1276 722 1314 2.
741 1275 836 1315 Cor.
855 1277 891 1315 9.
908 1288 941 1316 c.

171 1334 379 1440 Potens
407 1345 474 1381 est
501 1344 647 1382 autem
670 1340 791 1382 Deus
821 1354 995 1383 omnem

270 1396 453 1445 gratiam
469 1396 692 1439 abundare
707 1397 852 1439 facere
867 1398 910 1438 in
921 1411 995 1440 vo-

169 1450 251 1492 bis:
275 1456 322 1492 ut
340 1452 383 1492 in
403 1452 603 1494 omnibus
626 1466 801 1507 semper
821 1467 995 1496 omnem

170 1507 473 1550 sufficientiam
501 1509 731 1561 habentes,
763 1511 995 1553 abundetis

168 1564 211 1604 in
241 1577 368 1605 omne
394 1578 506 1618 opus
534 1566 714 1616 bonum,
747 1568 861 1609 sicut
893 1569 995 1610 scri-

168 1626 295 1673 ptum
310 1627 393 1663 est:
414 1623 642 1675 Dispersit‚
659 1623 781 1666 dedit
796 1626 995 1678 pauperi—

168 1677 266 1718 bus:
285 1679 446 1776 ilustitia
462 1681 552 1731 ejus
567 1682 738 1722 manet
728 1695 771 1722 111
786 1682 995 1723 saeculum

170 1736 287 1776 saecu
306 1749 319 1775 1

222 1798 272 1851 R.
292 1800 353 1842 br.
368 1800 527 1852 Magna
547 1807 614 1843 est
632 1802 772 1854 gloria
793 1804 882 1855 ejus
902 1807 924 1830 *
943 1803 995 1844 In

170 1855 349 1898 salutari
365 1863 452 1899 tuo.
478 1858 646 1910 Magna.
674 1855 723 1906 Y.
738 1859 935 1901 Gloriam
951 1867 994 1903 et

169 1924 372 1962 magnum
399 1913 605 1957 decorem
632 1916 833 1969 impones
862 1930 995 1970 super

171 1981 280 2009 eum
308 1970 368 2010 In.
400 1971 547 2012 Gloria
566 1972 697 2016 Patri.
724 1973 893 2024 Magna.

224 2028 272 2078 V
314 2034 464 2076 Justus
519 2042 566 2079 ut
614 2038 759 2090 palma
809 2039 994 2082 florebit.

171 2089 375 2188 cIngiStilj:lut
411 2092 567 2134 cedrus
599 2094 754 2136 Libani
789 2096 992 2148 multipli-

375 2220 436 2261 In
456 2221 514 2263 Π.
537 2223 787 2274 vesperis.

223 2282 309 2315 Ant.
333 2287 368 2315 et
390 2282 608 2336 Capitulum
630 2287 676 2320 de
700 2288 739 2321 L
733 2289 897 2323 indibus
912 2292 993 2335 497;

171 2329 315 2362 Psalmi
340 2337 378 2363 ut
403 2330 439 2363 in
464 2331 693 2376 1.xesperis
720 2336 765 2369 dc
792 2321 993 2372 Communi

171 2376 450 2420 Apostolorum
469 2383 516 2427 [2]
542 2386 578 2415 et
598 2382 683 2417 loeo
701 2385 833 2427 ultimi,
854 2386 884 2419 Ρ
887 2387 993 2421 sulm.

172 2425 340 2464 Credidi.
357 2428 425 2473 [31]

223 2483 293 2535 Hy
299 2498 433 2526 mnus.
460 2487 578 2528 Deus
601 2490 776 2531 tuorum
797 2492 994 2534 militum.

172 2546 219 2581 ut
239 2541 280 2580 in
302 2541 333 2581 Ι.
350 2541 387 2581 V
393 2556 481 2594 esp.
500 2545 595 2586 489.

223 2601 433 2653 VLevita
440 2608 700 2652 Laurentius
711 2611 874 2654 bonum
883 2627 994 2666 opus

170 2666 378 2715 operatus
407 2671 483 2706 est.
531 2667 576 2717 Rg.
603 2668 686 2718 Qui
715 2681 794 2720 per
823 2669 993 2720 signum

170 2722 311 2763 crucis
332 2734 476 2764 caecos
495 2723 764 2766 illuminavit.

1038 1261 1210 1302 sultate
1239 1261 1351 1313 justi.

1106 295 1176 337 Ad
1191 296 1364 346 Magnis.
1390 298 1489 337 Ant.
1510 295 1673 336 Beatus
1687 293 1876 335 Lauren-

1048 350 1135 392 tius
1156 351 1180 378 *
1204 349 1308 391 dum
1332 349 1376 391 in
1396 349 1605 391 craticula
1626 350 1876 403 superposi-

1048 412 1118 448 tus
1146 408 1362 455 ureretur,
1390 405 1447 447 ad
1476 406 1785 459 impiissimum
1811 411 1876 460 ty-

1048 466 1231 504 rannum
1266 462 1393 504 dixit:
1431 465 1643 504 Assatum
1678 468 1746 506 est
1781 464 1877 516 jam.

1048 533 1186 569 versa,
1207 525 1251 562 et
1269 519 1502 561 manduca:
1525 533 1627 561 nam
1645 519 1878 562 facultates

1047 576 1277 628 Ecclesiae,
1307 589 1415 628 quas
1443 576 1650 628 requiris,
1677 577 1723 618 in
1749 576 1878 619 coele·

1049 623 1139 674 stes
1173 633 1406 674 thesauros
1443 646 1598 675 manus
1634 635 1879 699 pauperum

1049 688 1406 742 deportaverunt.

1102 754 1265 793 Oritio.
1295 753 1361 792 Da
1379 750 1519 792 nobis.
1542 751 1636 792 497.
1700 748 1701 751 ’

1104 818 1252 851 Deinde
1280 818 1319 850 fit
1346 828 1542 851 commem.
1569 817 1626 851 Ss.
1651 817 1819 851 Tiburtii
1845 819 1881 851 et

1051 866 1240 900 Susannae
1260 867 1366 900 Mart.

1104 917 1203 956 Ant.
1241 917 1432 957 Isterum
1460 921 1526 958 est
1554 916 1669 957 enim
1696 929 1879 968 regnum

1048 973 1273 1022 coelorum,
1289 972 1363 1024 qui
1374 975 1734 1026 contempserunt
1743 974 1880 1016 vitam

1047 1028 1208 1079 mundi,
1235 1034 1278 1070 et
1300 1031 1595 1082 pervenerunt
1618 1029 1675 1072 ad
1697 1031 1880 1082 praemia

1047 1086 1186 1137 regni,
1224 1090 1268 1127 et
1300 1085 1502 1127 laverunt
1532 1086 1669 1128 stolas
1701 1099 1803 1128 suas
1834 1087 1879 1128 in

1048 1142 1258 1193 sanguine
1278 1142 1405 1193 Agni.

1102 1202 1152 1252 V.
1175 1203 1407 1246 Laetemini
1434 1203 1478 1244 in
1504 1204 1708 1255 Demino‚
1739 1210 1783 1247 et
1808 1218 1879 1247 ex-

1395 1263 1445 1314 Κ.
1469 1260 1527 1303 Et
1559 1261 1807 1313 gloriemini
1834 1275 1878 1304 o-

1047 1331 1172 1359 mnes
1191 1317 1302 1359 recti
1321 1316 1467 1359 corde.

1389 1383 1553 1424 Oratio.

1119 1446 1348 1486 anctorum
1362 1444 1607 1498 Martyrum
1620 1447 1798 1487 tuorum
1807 1445 1879 1487 Ti-

1135 1501 1268 1544 burtii
1284 1507 1328 1543 et
1341 1502 1553 1543 Susannae
1566 1514 1659 1552 nos,
1679 1501 1879 1552 DOmine,

1048 1558 1225 1600 foveant
1251 1558 1503 1600 continuata
1527 1558 1752 1611 praesidia:
1777 1559 1880 1611 quia

1047 1627 1135 1656 non
1155 1614 1320 1657 desinis
1339 1615 1558 1667 propitius
1578 1615 1748 1666 intueri,
1766 1627 1878 1668 quos

1048 1671 1211 1713 talibus
1247 1671 1420 1713 auxiliis
1459 1672 1730 1714 concesseris
1761 1670 1878 1724 adju-

1048 1729 1152 1770 vari.
1197 1729 1281 1770 Per
1308 1729 1558 1770 Dominum.
1612 1758 1615 1761 -

1279 1825 1363 1867 Die
1383 1826 1434 1866 11.
1453 1825 1654 1878 Augusti.

1138 1887 1336 1930 Secunda
1359 1888 1430 1930 die
1450 1889 1562 1930 infra
1583 1889 1798 1932 Octavam

1295 1950 1338 1991 S.
1358 1950 1632 1992 Laurentii.

1103 2009 1145 2043 In
1176 2010 1202 2044 Ι.
1236 2010 1435 2046 Nocturno
1466 2011 1670 2047 Lectiones
1705 2012 1751 2047 de
1782 2012 1880 2048 Scri-

1050 2062 1163 2100 ptura
1188 2064 1421 2094 occurrente.

1282 2129 1331 2167 In
1350 2129 1401 2168 II.
1420 2129 1645 2170 Nocturno.

1050 2194 1202 2236 Sermo
1231 2195 1370 2238 sancti
1397 2195 1631 2251 Augustini
1658 2196 1879 2249 Episcopi.

1237 2258 1353 2293 Serm.
1376 2260 1435 2294 30.
1461 2260 1508 2294 de
1532 2260 1694 2296 Sanctis.

1353 2325 1502 2365 Lectio
1523 2326 1575 2366 iv.

1060 2394 1372 2441 {ffissssf'leanssnm
1403 2390 1629 2433 Laurentii
1660 2392 1878 2445 Martyris,

1060 2437 1153 2503 'iffi
1179 2447 1299 2498 cujus
1325 2447 1515 2489 natalem
1534 2447 1668 2490 hedie
1686 2449 1878 2491 celebra-

1076 2498 1153 2528 -ἺῙᾸᾸ
1176 2517 1294 2553 mus,
1339 2505 1591 2556 passionem
1626 2518 1759 2548 nosse
1797 2519 1878 2548 vos

1047 2559 1198 2601 credo:
1231 2565 1275 2602 et
1308 2566 1471 2613 quanta
1497 2562 1542 2603 in
1569 2562 1877 2615 persecutione

1047 2616 1289 2668 pertulerit,
1301 2617 1582 2660 dilectionem
1592 2623 1786 2660 vestram
1797 2619 1876 2660 sci-

1047 2685 1094 2713 re
1118 2685 1252 2725 posse
1276 2685 1364 2715 non
1391 2673 1558 2716 dubito.
1593 2675 1737 2716 Tanta
1762 2675 1877 2716 enim

1047 2729 1137 2780 ejus
1154 2730 1350 2782 martyrii
1367 2730 1508 2782 gloria
1521 2730 1698 2781 exstitit,
1715 2735 1765 2773 ut
1778 2744 1876 2784 pas-
