2040 2976
161 200 234 236 340
520 199 589 231 Die

618 200 666 232 w.
691 198 807 232 Junii.
856 200 890 231 S.
916 199 1083 231 ¹Iulianae
1110 199 1155 231 dc
1182 198 1422 231 Falconcriis
1449 199 1551 240 Virg.

218 297 526 347 sponsumque
547 295 753 336 suffixum
772 295 893 336 cruci

266 351 446 401 Noctes,
466 351 650 404 diesque
670 350 776 393 dum
793 352 943 403 gemis,

267 407 448 448 Doloris
468 408 555 449 icta
575 407 771 460 cuspide,

265 463 428 515 Sponsi
447 464 584 505 refers
603 464 848 516 imaginem.

214 540 329 591 Quin
350 538 597 591 septiformi
616 537 797 579 vulnere

266 596 369 638 Fles
389 594 447 636 ad
465 607 580 646 genu
598 594 822 647 Deiparae:

265 652 354 694 Sed
373 651 532 694 crescit
550 651 693 692 infusa
711 651 830 700 fletu,

265 709 576 760 Flammasque
594 707 711 750 tollit
730 707 900 748 caritas.

217 784 329 825 Hinc
348 788 492 825 morte
511 783 673 824 fessam
691 781 893 834 proxima

265 840 369 882 Non
389 839 553 881 usitato
574 844 619 880 te
638 837 774 880 modo

265 896 453 946 Solatur,
473 900 517 937 et
535 895 671 936 nutrit
690 894 823 944 Deus,

265 954 440 1006 Dapem
459 954 696 1005 supernam
714 951 957 1004 porrigens.

214 1028 398 1070 AEiterne
418 1039 564 1068 rerum
585 1026 809 1077 Conditor,

266 1085 451 1125 AEterne
471 1083 555 1124 Fili
574 1095 655 1135 par
673 1083 806 1132 Patri,

264 1141 322 1181 Et
340 1153 422 1193 par
441 1141 617 1191 utrique
635 1139 836 1191 Spiritus,

265 1197 357 1238 Soli
376 1196 457 1238 tibi
476 1196 533 1237 sit
551 1195 704 1246 gloria.
732 1197 887 1239 Amen.-

213 1264 263 1315 V.
297 1270 455 1322 Specie
489 1274 566 1310 tua
594 1274 638 1310 et
666 1267 995 1321 pulchritudine

158 1331 245 1368 tua.
272 1326 322 1376 Rv.
342 1324 542 1376 Intende,
562 1328 780 1378 prospere
799 1325 995 1378 procede

159 1388 203 1424 et
223 1395 368 1433 regna.

214 1446 284 1488 Ad
318 1447 491 1496 Magnif.
538 1449 637 1488 Ant.
683 1447 792 1488 Veni
830 1460 995 1500 sponsa

160 1504 331 1554 Christi,
354 1504 506 1556 accipe
522 1505 743 1554 corenam,
763 1516 896 1556 quam
913 1503 995 1545 tibi

159 1561 374 1601 Dominus
404 1561 672 1613 praeparavit
698 1561 743 1601 in
771 1562 995 1602 aeternum.

497 1631 664 1673 Oratio.

163 1692 339 1798 Deus,
365 1700 440 1752 qui
462 1699 639 1742 beatam
657 1700 682 1741 J
684 1700 877 1741 ulianam
895 1701 993 1742 Vir-

259 1756 404 1806 ginem
440 1761 561 1798 tuam
598 1758 796 1798 extremo
833 1757 992 1799 morbo

160 1811 435 1853 laborantem
460 1813 658 1865 pretieso
683 1813 782 1853 Fih'i
811 1813 875 1855 tui
901 1815 994 1855 cer-

159 1880 269 1919 pore
288 1868 545 1910 mirabiliter
566 1871 768 1911 recreare
788 1868 993 1920 dignatus

160 1936 221 1965 es:
246 1924 441 1967 concede
463 1927 730 1978 quaesumus;
754 1930 803 1968 ut
822 1927 913 1978 ejus
933 1926 993 1967 in-

158 1981 487 2023 tercedentibus
506 1982 689 2031 meritis,
712 1994 794 2023 nos
816 1995 993 2035 quoque

160 2036 319 2078 eedem
342 2037 386 2078 in
410 2038 565 2080 mortis
597 2040 738 2090 agene
763 2038 916 2080 refecti
942 2051 994 2080 ac

159 2092 366 2142 roborati,
381 2094 438 2135 ad
453 2094 679 2136 coelestem
693 2095 883 2147 patriam
896 2107 992 2148 per-

159 2148 382 2190 ducamur.
420 2151 504 2191 Per
522 2150 727 2192 eumdem
744 2151 993 2192 Deminum.

214 2215 363 2248 Deinde
388 2215 428 2248 fit
454 2225 649 2249 commem.
672 2215 729 2250 Ss.
752 2214 934 2250 Gervasii
960 2218 996 2248 et

162 2262 331 2297 protasii
358 2263 465 2296 Mart.

216 2320 313 2360 Ant.
351 2320 543 2360 Isterum
571 2324 638 2360 est
665 2320 781 2361 enim
809 2333 992 2371 regnum

158 2375 390 2424 coelerum,
433 2375 507 2426 qui
541 2378 902 2428 contempserunt
932 2377 991 2417 vi-

157 2437 249 2473 tam
263 2430 425 2481 mundi,
441 2436 486 2472 et
499 2434 794 2484 pervenerunt
809 2432 865 2474 ad
880 2435 989 2485 prae-

156 2487 244 2529 mia
267 2487 405 2538 regni,
435 2491 479 2528 et
502 2487 704 2529 laverunt
727 2487 865 2529 stolas
890 2501 992 2530 suas

155 2543 199 2584 in
219 2544 431 2595 sanguine
452 2544 578 2595 Agni.

1390 293 1556 334 Oratio.

1138 368 1231 404 eus,
1258 355 1333 407 qui
1354 367 1438 397 nos
1461 358 1606 398 annua
1629 358 1884 398 sanctorum

1155 412 1399 464 Martyrum
1417 414 1596 454 tuorum
1616 413 1820 455 Gervasii
1840 418 1884 455 et

1048 468 1239 510 Protasii
1258 468 1536 511 solemnitate
1550 469 1764 511 laetificas:
1782 482 1883 511 con·

1050 524 1158 566 cede
1177 525 1412 578 propitius3
1436 530 1486 567 ut
1513 538 1700 578 quorum
1723 525 1884 577 gaude-

1048 594 1145 622 mus
1157 581 1337 631 meritis,
1353 581 1646 623 accendamur
1661 581 1884 634 exemplis.

1050 637 1133 678 Per
1152 637 1403 679 Dominum.

1211 718 1299 759 Ad.
1331 718 1720 760 Matutinum.

1103 780 1145 819 H
1147 793 1315 831 ymnus.
1347 775 1549 819 Coelestis
1569 775 1696 828 Agni.
1715 776 1810 818 339.

1103 840 1146 873 In
1178 841 1202 874 l.
1234 841 1435 874 Nocturno
1468 840 1673 874 Lectiones
1707 840 1754 874 de
1786 839 1884 875 Seri-

1051 893 1162 931 ptura
1189 894 1423 923 occurrente.

1280 960 1329 999 In
1357 960 1407 998 ΙΙ.
1433 959 1658 999 Nocturno.

1354 1024 1390 1063 L
1394 1025 1506 1065 ectio
1527 1025 1580 1064 iv.

1058 1093 1098 1125 -44
1128 1083 1312 1136 uliana
1354 1097 1409 1126 ex
1448 1084 1586 1126 nebili
1626 1084 1885 1127 Falconeria

1058 1144 1092 1200 k51
1124 1141 1147 1189 ζ,
1183 1140 1362 1191 familia,
1381 1140 1627 1182 clarissimo
1646 1146 1790 1195 patre,
1811 1141 1886 1194 qui

1064 1200 1076 1211 ⁸
1183 1196 1398 1249 templum
1412 1197 1620 1250 Deiparae
1639 1198 1695 1240 ab
1712 1198 1885 1250 Angelo

1051 1253 1254 1294 salutatae
1278 1265 1366 1294 aere
1392 1266 1472 1295 suo
1495 1254 1729 1305 magnifice
1749 1268 1775 1297 a
1792 1255 1885 1296 fun-

1051 1308 1268 1351 damentis
1292 1309 1548 1360 Florentiae,
1575 1315 1625 1352 ut
1648 1324 1764 1353 nunc
1785 1312 1885 1353 visi-

1049 1370 1130 1415 tur,
1151 1366 1300 1415 erexit,
1319 1371 1461 1408 matre
1481 1367 1778 1418 ReguardAta,
1797 1381 1885 1410 am-

1048 1421 1194 1464 bobus
1219 1423 1303 1474 jam
1327 1423 1657 1465 senescentibus
1682 1437 1735 1466 ac
1757 1423 1814 1466 ad
1837 1423 1884 1467 id

1049 1483 1227 1532 tempus
1259 1478 1498 1530 sterilibus,
1535 1485 1639 1522 nata
1669 1485 1738 1522 est
1769 1493 1884 1523 anno

1048 1535 1283 1576 millesimo
1318 1534 1620 1578 ducentesimo
1654 1539 1883 1590 septuage-

1052 1593 1176 1634 simo.
1219 1592 1292 1634 Ab
1319 1592 1593 1634 incunabulis
1620 1606 1709 1635 non
1737 1597 1883 1646 exigu-

1050 1662 1124 1690 um
1166 1648 1326 1690 futurae
1369 1649 1617 1691 sanctitatis
1659 1651 1884 1703 specimen

1050 1704 1189 1747 dedit:
1222 1705 1500 1756 vagientibus
1534 1706 1700 1759 quippe
1731 1706 1883 1758 labris,

1048 1761 1310 1803 suavissima
1333 1761 1359 1802 J
1361 1774 1439 1803 esu
1463 1766 1508 1803 et
1530 1762 1683 1804 Mariae
1706 1763 1884 1806 nemina

1047 1818 1164 1859 ultro
1197 1818 1396 1870 proferre
1429 1817 1580 1860 audita
1612 1824 1691 1860 est.
1735 1820 1882 1862 Pueri-

1047 1874 1153 1916 tiam
1180 1874 1467 1926 postmodum
1494 1875 1709 1926 ingressa,
1741 1881 1882 1919 totam

1047 1943 1094 1972 se
1127 1930 1374 1972 christianis
1398 1931 1634 1974 virtutibus
1661 1933 1881 1986 mancipa-

1047 1987 1124 2037 vit,
1156 1987 1201 2028 in
1235 1987 1394 2039 quibus
1427 1987 1542 2030 adeo
1575 1988 1797 2039 excelluit,
1833 1995 1882 2032 ut

1046 2043 1203 2085 beatus
1232 2044 1416 2086 Alexius
1443 2047 1645 2097 patruus,
1675 2046 1797 2098 eujus
1820 2046 1880 2088 in-

1047 2100 1212 2142 stitutis
1241 2114 1294 2142 ac
1323 2101 1537 2154 exemplis
1564 2102 1880 2154 instruebatur,

1045 2157 1177 2198 matri
1187 2157 1335 2199 dicere
1345 2170 1434 2199 non
1445 2157 1724 2208 dubitaverit,
1738 2159 1881 2212 ipsam

1046 2226 1135 2255 non
1153 2213 1360 2255 feminam
1378 2217 1619 2267 peperisse,
1638 2214 1719 2257 sed
1737 2215 1880 2267 Ange-

1045 2269 1153 2320 lum3
1184 2283 1286 2311 nam
1317 2270 1380 2312 ita
1406 2270 1612 2312 modesto
1639 2271 1764 2313 vultu
1791 2272 1879 2313 ani-

1045 2328 1208 2378 meque
1234 2325 1289 2368 ab
1317 2327 1451 2376 omni,
1480 2326 1551 2368 vel
1575 2326 1798 2369 levissima
1817 2341 1879 2370 er-

1046 2382 1158 2423 rotis
1182 2382 1356 2423 macula
1381 2395 1494 2435 pura
1518 2383 1614 2433 fuit,
1648 2388 1698 2426 ut
1725 2383 1879 2426 eculos

1046 2451 1284 2490 numquam
1317 2438 1362 2479 in
1395 2443 1492 2480 toto
1524 2439 1628 2480 vitae
1660 2452 1791 2482 cursu
1823 2439 1880 2481 ad

1045 2494 1235 2536 hominis
1266 2494 1423 2536 faciem
1450 2494 1705 2538 intuendam
1732 2497 1879 2537 erexe-

1045 2550 1118 2600 rit,
1164 2550 1406 2604 auditoque
1446 2552 1621 2604 peccati
1658 2551 1878 2593 vocabulo

214 2602 265 2654 V.
287 2603 554 2646 Laetamini
543 2617 587 2644 111
612 2604 823 2653 Βόῐηίῐιο,
850 2609 894 2646 et
920 2617 990 2646 ex·
1045 2607 1376 2657 contremuerit3
1407 2607 1496 2648 imo
1529 2607 1706 2649 sceleris
1733 2620 1878 2648 narra-

157 2660 318 2702 sultate
349 2660 461 2712 justi.
512 2663 566 2714 R.
592 2660 650 2702 Et
677 2660 923 2712 gloriamini
947 2674 990 2702 o-
1043 2662 1164 2704 tione
1184 2663 1407 2728 perculsa,
1433 2663 1552 2704 illico
1571 2675 1714 2716 prope
1735 2663 1878 2704 exani-
1892 2705 1894 2713 ,

155 2729 279 2758 mnes
298 2717 407 2759 recti
427 2716 573 2758 corde.

1046 2718 1129 2759 mis
1167 2719 1392 2761 corruerit.
1453 2719 1646 2771 Expleto
1683 2718 1879 2760 nondum
