2040 2976
190 201 253 236 16*

489 202 560 235 Die
587 203 616 234 9.
643 206 678 235 et
707 202 753 234 11.
778 199 883 234 Julii.
908 218 920 223 -
947 200 994 233 13.
1020 200 1054 233 S.
1079 199 1257 233 Anacleti
1282 199 1400 242 Papa:
1426 204 1461 234 et
1484 200 1591 234 Mart.

465 295 548 336 Die
567 295 606 335 9.
625 295 650 336 J
651 295 737 336 ulii.

306 359 657 410 Prodigiorum
683 360 735 401 B.
754 359 816 400 M.
836 359 892 400 V.

444 420 598 463 Duplex
623 421 755 461 maius

240 474 375 507 Omnia
412 478 451 507 ut
489 473 528 506 in
562 473 688 507 Festis
720 474 761 507 B.
791 474 838 507 M.
868 473 911 507 V.
946 484 1014 516 per

188 532 336 555 annum.

454 592 538 634 Die
559 593 610 632 11.
628 591 652 632 J
654 591 741 633 ulii.

327 657 370 698 S.
389 656 466 698 Pii
483 657 520 698 1.
541 657 665 697 Pont.
686 661 728 697 et
748 656 872 697 Mart.

517 713 680 756 Duplex.

238 764 374 798 Omnia
413 765 458 799 de
500 766 702 800 Communi
740 766 854 800 unius
894 764 1013 807 Mart.,

186 818 327 855 praeter
352 823 457 857 sequ.

238 865 380 900 Oratio
407 866 678 902 Infirmitatem.

237 917 278 951 ln
310 918 335 952 Ι,
367 918 565 953 Nocturno
599 920 803 954 Lectiones
837 919 883 953 de
916 917 1014 952 Scri—

186 971 296 1008 ptura
323 972 555 1001 occurrente.

410 1024 459 1062 In
486 1024 536 1062 11.
565 1024 787 1063 Nocturno.

488 1085 638 1125 Lectio
660 1086 712 1125 i'v.

222 1140 364 1190 <1
383 1139 509 1192 hujus
525 1139 712 1181 nominis
731 1139 910 1192 primus,
924 1139 1010 1180 Ru-

192 1190 293 1249 ‚l
324 1196 401 1237 fini
437 1196 571 1247 filius,
611 1196 834 1238 Hermetis
866 1196 1011 1247 frater,

323 1253 466 1306 patria
484 1252 794 1306 Aquileiensis,
818 1265 873 1294 ex
891 1266 1011 1306 pres-

180 1310 338 1363 bytero
367 1314 533 1351 sanctae
558 1309 773 1351 Romanae
798 1309 1012 1351 Ecclesiae

181 1368 384 1408 Summus
406 1366 610 1408 Pontifex
636 1369 811 1408 creatus
838 1371 918 1416 est,
947 1379 1011 1408 se-

182 1422 335 1475 ditque
377 1423 601 1464 Antonino
646 1423 726 1464 Pio
773 1427 817 1464 et
861 1423 1011 1464 Marco

182 1479 363 1521 Aurelio
408 1478 749 1532 imperatoribus
788 1479 1012 1531 Augustis.

183 1536 384 1588 Quinque
400 1535 750 1578 ordinationibus
770 1548 919 1577 mense
935 1536 1014 1577 De-

182 1592 357 1643 cembri,
373 1594 611 1646 episcopos
631 1591 876 1642 duodecim,
892 1594 1011 1634 octo-

183 1648 327 1690 decim
346 1649 632 1703 presbyteros
653 1649 829 1690 creavit.

238 1708 287 1748 R.
316 1706 564 1748 Honestum
589 1706 692 1747 fecit
717 1705 840 1746 illum
862 1705 1011 1748 Domi-

182 1776 280 1813 nus,
305 1767 349 1804 et
368 1762 605 1804 custodivit
624 1775 724 1804 eum
743 1761 798 1803 ab
817 1762 1012 1813 inimicis,

184 1824 228 1861 et
254 1832 279 1860 a
307 1818 616 1861 seductoribus
642 1818 803 1860 tutavit
828 1818 964 1860 illum:
990 1822 1012 1845 *

183 1875 240 1916 Et
273 1874 395 1917 dedit
426 1875 488 1916 illi
521 1874 763 1916 claritatem
792 1876 1012 1922 aeternam.

186 1927 236 1978 λ’.
274 1932 604 1984 Descenditque
636 1945 735 1973 cum
766 1931 842 1973 illo
875 1931 919 1972 in
951 1932 1012 1974 fo-

184 2001 324 2038 veam,
345 1993 388 2030 et
406 1988 449 2028 in
469 1988 653 2030 vinculis
672 2000 759 2030 non
779 1986 1014 2042 dereliquit

185 2057 295 2086 eum.
322 2045 378 2087 Et
398 2044 530 2087 dedit.

495 2102 647 2144 Lectio
667 2118 703 2144 v.

267 2162 414 2200 xstant
431 2157 641 2200 nonnulla
659 2158 714 2200 ab
731 2170 784 2200 eo
798 2157 1013 2211 praeclare

288 2214 503 2265 instituta,
522 2215 769 2268 praesertim
787 2219 835 2256 ut
854 2215 1012 2255 Resur-

184 2271 323 2312 rectio
351 2270 529 2312 Domini
560 2271 732 2313 nonnisi
765 2270 836 2312 die
864 2270 1013 2312 Domi-

185 2328 283 2369 nico
330 2327 644 2381 celebrat-etun
691 2326 812 2380 quod
856 2328 1015 2379 postea

186 2383 241 2426 ab
287 2384 377 2436 ejus
429 2383 757 2425 successoribus
801 2382 1014 2424 Romanis

184 2439 474 2482 Pontificibus
496 2439 800 2481 confirmatum
819 2444 902 2488 est3
922 2439 1012 2491 qui-

186 2497 268 2538 bus
287 2496 333 2539 id
351 2497 541 2538 maxime
560 2509 678 2538 curae
698 2496 792 2546 fuit,
812 2501 861 2537 ut
878 2497 1015 2537 totius

186 2553 397 2595 Ecclesiae
414 2553 613 2606 episcopi
630 2553 675 2593 in
692 2551 890 2605 paschali
906 2551 1015 2594 cele-

186 2609 347 2652 britate
366 2610 604 2651 uniformes
625 2614 783 2651 essent.

240 2667 289 2717 R.
317 2665 596 2708 Desiderium
630 2666 786 2707 animae
820 2665 910 2717 ejus
942 2665 1015 2706 tri-

186 2722 321 2764 buisti
353 2722 393 2763 ei
420 2722 625 2772 Domine,
653 2727 675 2750 *
703 2722 762 2763 Et
791 2721 1016 2762 voluntate

1064 295 1281 338 labiorum
1308 297 1400 348 ejus
1426 309 1515 338 non
1542 295 1756 339 fraudasti
1783 309 1893 339 eum.

1068 350 1119 400 V.
1135 352 1353 403 Quoniam
1370 353 1626 406 praevenisti
1645 365 1745 395 eum
1762 353 1807 394 in
1820 353 1893 396 be-

1064 408 1388 451 nedictionibus
1416 408 1676 460 dulcedinis3
1706 410 1895 462 posuisti

1064 465 1109 505 in
1136 465 1282 518 capite
1309 467 1401 519 ejus
1429 467 1640 508 coronam
1663 465 1720 508 de
1745 465 1894 519 lapide

1064 521 1274 574 pretioso.
1301 522 1369 564 Et.

1371 585 1523 626 Lectio
1544 586 1596 625 vi.

1070 637 1328 743 Pudentis
1365 647 1545 690 domum
1582 649 1627 690 in
1663 649 1896 691 ecclesiam

1176 705 1372 754 mutavit,
1399 707 1586 758 eamque
1606 705 1664 748 ob
1683 708 1893 759 praestan-

1064 761 1172 803 tiam
1191 774 1325 814 supra
1344 763 1517 804 ceteros
1533 761 1719 813 Titulos
1738 765 1894 816 utpote

1065 818 1256 859 Romani
1273 818 1502 860 Pontificis
1521 819 1803 869 mansionem,
1823 819 1894 861 Ti-

1064 874 1158 916 tulo
1176 875 1374 917 Pastoris
1393 874 1572 925 dicavit,
1591 875 1636 916 in
1654 877 1796 929 eaque
1815 877 1894 918 sae·

1065 931 1165 984 pius
1191 944 1284 973 rem
1311 944 1482 973 sacram
1508 931 1638 982 fecit,
1662 937 1706 974 et
1732 931 1894 974 multos

1065 986 1122 1029 ad
1141 986 1275 1030 fidem
1295 990 1546 1038 conversos,
1563 993 1608 1030 et
1627 1001 1753 1030 sacro
1773 989 1895 1031 fonte

1064 1046 1292 1097 purgatos,
1336 1045 1381 1085 in
1426 1044 1622 1087 fidelium
1665 1048 1896 1087 numerum

1065 1100 1310 1154 adscripsit.
1338 1102 1456 1143 Dum
1481 1114 1587 1143 vero
1612 1101 1674 1155 pii
1698 1101 1895 1143 Pastoris

1064 1171 1221 1199 munus
1241 1158 1395 1208 obiret,
1411 1158 1510 1200 fuso
1528 1171 1611 1211 pro
1632 1158 1722 1200 suis
1737 1157 1895 1200 ovibus

1066 1219 1110 1256 et
1150 1227 1322 1256 summo
1357 1215 1543 1257 Pastore
1579 1214 1756 1257 Christo
1798 1215 1891 1256 san-

1065 1270 1215 1323 guine,
1265 1271 1476 1324 martyrio
1528 1272 1767 1313 coronatus
1812 1275 1895 1320 est,

1067 1327 1219 1380 quinto
1247 1327 1353 1369 Idus
1385 1327 1505 1378 Julii,
1537 1340 1589 1370 ac
1619 1327 1820 1381 sepultus
1850 1327 1895 1368 in

1066 1384 1296 1426 Vaticano.

1123 1442 1173 1493 R.
1196 1441 1319 1483 Stola
1336 1439 1629 1494 jucunditatis.

1122 1511 1164 1544 In
1189 1510 1252 1544 [ΙΙ.
1270 1510 1468 1543 Nocturno
1494 1508 1665 1543 Homilia
1690 1508 1729 1542 in
1752 1507 1898 1551 Evang.

1072 1559 1113 1641 1Si
1124 1559 1241 1641 loqzigis
1278 1559 1395 1595 venit.
1437 1557 1483 1591 de
1522 1557 1658 1591 eodem
1696 1556 1900 1591 Communi

1332 1682 1416 1724 Die
1435 1682 1494 1723 13.
1513 1681 1625 1723 Julii.

1153 1750 1197 1791 S.
1215 1749 1448 1792 Anacleti
1471 1751 1604 1802 Papae
1626 1756 1668 1791 et
1688 1750 1812 1790 Mart.

1399 1811 1563 1855 Duplex.

1123 1867 1259 1902 Omnia
1300 1868 1346 1902 de
1387 1867 1591 1903 Communi
1629 1868 1742 1903 unius
1778 1866 1898 1908 Mart.,

1070 1920 1210 1959 praeter
1235 1916 1446 1959 sequentia.

1123 1974 1264 2007 Oratio.
1289 1973 1406 2016 Deus,
1426 1971 1494 2016 qui
1513 1981 1597 2006 nos.

1123 2035 1166 2069 In
1198 2035 1225 2069 I.
1257 2035 1456 2069 Nocturno
1486 2035 1691 2070 Lectiones
1721 2034 1768 2068 de
1800 2031 1898 2068 Scri-

1069 2088 1182 2126 ptura
1207 2088 1439 2117 occurrente.

1300 2146 1349 2184 In
1372 2145 1422 2183 11.
1447 2145 1669 2184 Noeturno.

1370 2205 1522 2246 Lectio
1543 2205 1596 2245 iv.

1079 2279 1203 2318 «xm-,3
1220 2267 1435 2317 nacletus,
1480 2266 1657 2308 natione
1702 2266 1897 2315 Graecus,

1078 2315 1210 2397 γλΧ
1233 2322 1897 2377 Atheniensis‚patreAntiocho‚

1234 2380 1383 2422 multis
1415 2379 1548 2422 rebus
1579 2379 1794 2433 praeclare
1826 2391 1896 2431 ge-

1069 2438 1147 2480 stis
1158 2436 1480 2487 celeberrimus,
1487 2441 1592 2490 post
1602 2436 1898 2487 interregnum

1068 2494 1344 2548 pontificium
1378 2495 1568 2545 quatuor
1603 2492 1820 2534 mensium
1854 2496 1898 2533 et

1070 2550 1225 2593 decem
1243 2549 1428 2599 dierum,
1453 2549 1704 2591 christianae
1726 2547 1897 2599 religio-

1068 2607 1135 2648 nis
1162 2611 1334 2648 suffium
1362 2605 1670 2659 pontificatum
1697 2602 1899 2660 adeptus,

1071 2663 1285 2705 Clementi
1316 2675 1396 2716 per
1428 2661 1686 2714 martyrium
1713 2660 1899 2710 sublatO,

1068 2720 1200 2763 tertio
1235 2719 1389 2761 Nonas
1422 2718 1588 2772 Aprilis
1625 2716 1899 2768 subrogatur,
