2040 2976
200 215 243 250 64
745 215 852 249 136113
879 220 1010 257 quarta
1038 212 1084 246 ud
1110 211 1344 245 Matutinum.

254 311 372 351 Deus
391 307 590 350 ostendet
609 306 713 347 mihi
737 318 867 358 super
885 305 1018 345 inimi-

204 380 279 408 cos
311 378 447 413 meos,
482 377 536 405 ne
571 362 746 404 occidas
781 375 870 403 eos:
898 364 921 388 *
949 374 1018 402 ne-

206 421 377 475 quando
406 420 715 462 obliviscantur
747 418 897 471 pepuli
924 418 1020 459 mei.

253 478 466 530 Disperge
499 476 597 517 illos
624 477 667 516 in
695 475 852 516 virtute
880 479 969 515 tua:
997 475 1020 500 *

205 539 247 576 et
266 534 437 586 depone
459 546 534 574 eos
554 534 777 585 protector
792 543 915 572 meus
933 530 1020 570 Do-

204 591 332 631 mine:

254 646 472 688 Delictum
491 645 578 687 oris
596 647 755 693 eorum,
778 645 1022 684 sermonem

204 702 416 744 labiorum
450 702 656 754 ipsorum:
692 703 715 727 *
752 705 794 742 et
827 712 1020 752 compre-

205 758 449 800 hendantur
475 758 517 798 in
546 756 747 809 superbia
776 769 863 797 sua.

256 815 312 855 Et
334 814 388 855 de
415 814 711 855 exsecratione
728 818 770 854 et
795 811 1022 853 mendacio

206 870 540 912 anuntiabuntur
567 870 610 910 in
638 868 1023 910 consummatiOne:

207 929 230 954 *
264 927 306 967 in
340 927 401 967 ira
430 925 826 996 601181111111131101118,
861 929 903 965 61
936 937 1022 965 11011

208 988 342 1025 erunt.

260 1041 314 1081 Et
342 1040 477 1081 scient
514 1041 613 1092 quia
639 1042 759 1082 Deus
787 1038 1023 1080 dominabi-

207 1102 277 1138 tur
304 1096 458 1137 Jacob:
486 1099 509 1123 *
538 1102 580 1138 et
608 1097 756 1138 finium
783 1101 922 1138 terrae.

261 1153 575 1194 Convertentur
618 1153 673 1194 ad
716 1155 943 1205 vesperam
983 1156 1025 1193 et

210 1209 366 1249 famem
398 1209 614 1261 patientur
652 1215 699 1251 ut
735 1222 879 1251 canes:
922 1211 944 1235 *
984 1213 1026 1250 et

211 1264 449 1306 circuibunt
477 1266 705 1307 civitatem.

260 1321 349 1372 Ipsi
369 1320 669 1373 dispergentur
693 1322 749 1363 ad
767 1321 1025 1363 manducan-

210 1376 327 1418 dum:
345 1379 367 1403 *
387 1377 542 1419 sivero
562 1391 649 1419 non
670 1379 827 1420 fuerint
847 1378 1028 1419 saturati

212 1438 254 1474 et
280 1433 618 1475 murmurabunt.

263 1490 356 1539 Ego
373 1494 518 1531 autem
537 1491 722 1532 cantabo
734 1490 1029 1532 fortitudinem

211 1550 344 1586 tuam:
371 1547 394 1572 *
423 1551 465 1587 et
493 1547 721 1589 exsultabo
748 1560 873 1588 mane
905 1547 1028 1588 mise-

213 1601 441 1642 ricordiam
468 1607 596 1643 tuam.

265 1657 375 1707 Quia
403 1658 541 1699 factus
562 1672 609 1700 es
645 1662 873 1712 susceptor
898 1672 1030 1709 meus,

214 1715 237 1740 ¹⁸¹
254 1718 296 1754 et
324 1714 535 1765 refugium
551 1729 705 1766 meum,
732 1716 775 1756 in
803 1716 872 1758 die
899 1715 1030 1758 tribu-

215 1769 386 1811 131101118
413 1783 533 1812 111636.

268 1825 452 1877 Adjutor
472 1841 595 1869 meus
616 1828 694 1869 tibi
713 1828 904 1881 psallam,
934 1829 1032 1881 quia

217 1882 336 1923 Deus
364 1886 590 1936 susceptor
622 1897 744 1926 meus
773 1898 834 1926 es:
863 1887 885 1912 *
912 1885 1032 1926 Deus

217 1951 339 1980 meus
366 1940 659 1982 misericerdia
686 1954 793 1982 mea.

268 2009 365 2048 Ant.
390 2009 507 2049 Justa
519 2009 704 2059 iudicate
717 2009 793 2050 filii
802 2009 1034 2052 huminum.

267 2074 365 2113 Ant.
398 2072 462 2114 Da
489 2073 625 2115 nobis.

483 2150 676 2190 Psalmus
704 2151 769 2190 59.

219 2220 382 2325 Deus
402 2220 595 2272 repulisti
615 2235 705 2271 nos,
726 2227 768 2263 et
787 2222 1037 2265 destruxisti

279 2288 418 2372 1).1108;
437 2278 460 2303 *
479 2277 612 2318 iratus
634 2291 690 2327 68,
709 2284 752 2320 61
770 2279 970 2321 11118611118
991 2294 1037 2322 68

221 2344 277 2372 110
310 2344 357 2371 is.

275 2388 555 2429 Commovisti
589 2395 763 2439 terram,
799 2396 841 2432 et
869 2397 1037 2434 contur-

221 2442 335 2508 basti
355 2457 463 2485 eam:
481 2447 502 2470 *
523 2458 625 2486 sana
642 2447 922 2489 60111111101168
938 2449 1038 2500 ejus,

224 2512 322 2551 qula
351 2503 566 2542 commota
595 2507 670 2543 est.

275 2555 512 2598 Ostendisti
549 2558 713 2610 pepulo
747 2564 822 2601 tuo
859 2559 982 2601 dura:
1016 2563 1039 2587 *

223 2612 384 2664 potasti
411 2626 491 2653 nos
519 2614 617 2654 vino
646 2616 999 2667 compunctiunis.

274 2667 443 2709 Dedisti
461 2670 750 2711 metuentibus
766 2676 810 2712 te
831 2672 1038 2721 significa-

222 2725 491 2766 tionem:*ut
520 2726 682 2776 fugiant
710 2740 735 2767 a
763 2727 871 2769 facie
900 2741 1040 2770 arcus:

1122 304 1180 345 Ut
1207 301 1444 344 liberentur
1479 299 1625 341 dilecti
1656 298 1735 340 tui:
1762 299 1786 325 *
1814 297 1894 339 sal-

1072 373 1174 402 vum
1193 359 1260 399 fac
1279 358 1458 399 dextera
1476 361 1561 406 tua,
1579 360 1622 396 et
1641 354 1799 396 exaudi
1814 367 1896 396 me.

1124 416 1244 457 Deus
1267 414 1439 455 locutus
1467 417 1534 454 est
1560 412 1603 452 in
1623 416 1774 453 sancto
1801 424 1896 453 suo:

1073 476 1096 500 *
1121 470 1338 519 Laetabor‚
1364 475 1407 511 et
1432 468 1629 522 partibor
1649 467 1896 510 Sichimam:

1075 534 1117 571 et
1145 527 1389 570 convallem
1407 524 1788 568 tabernaculerum
1810 537 1897 566 me-

1073 585 1200 628 tibor.

1126 641 1249 683 Meus
1283 645 1349 682 est
1382 638 1567 688 Galaad,
1600 643 1644 680 et
1675 651 1798 680 meus
1831 642 1898 680 est

1075 699 1315 740 Manasses:
1339 698 1362 723 *
1389 700 1432 737 et
1455 695 1663 748 Ephraim
1688 694 1898 737 fortitudo

1075 755 1229 807 capitis
1256 753 1352 794 mei.

1126 813 1150 852 J
1153 810 1238 852 uda
1259 823 1335 851 rex
1353 822 1491 850 meus:
1509 811 1532 836 *
1550 808 1682 851 Moab
1703 808 1790 850 olla
1805 808 1900 861 spei

1074 881 1195 910 meae.

1127 926 1177 965 In
1206 923 1444 965 Idumaeam
1476 921 1710 964 extendam
1737 921 1900 963 calcea-

1075 983 1267 1022 mentum
1294 992 1455 1020 meum:
1473 981 1496 1006 *
1515 978 1619 1019 mihi
1646 978 1900 1029 alienigenae

1077 1037 1239 1079 subditi
1267 1041 1377 1077 sunt.

1129 1094 1235 1144 Quis
1272 1092 1462 1134 deducet
1497 1104 1568 1133 me
1603 1092 1647 1132 in
1682 1092 1903 1133 civitatem

1077 1153 1300 1191 munitam:
1329 1151 1353 1176 *
1383 1149 1479 1201 quis
1511 1148 1701 1190 deducet
1732 1161 1802 1190 me
1836 1161 1903 1189 us-

1080 1220 1163 1260 que
1192 1207 1234 1247 in
1262 1203 1524 1247 Idumaeam?

1129 1264 1285 1305 Nonne
1300 1268 1349 1304 tu
1358 1263 1490 1312 DeuS‚
1503 1262 1576 1314 qui
1595 1261 1793 1315 repulisti
1809 1273 1906 1302 nos:

1079 1323 1102 1348 *
1130 1325 1173 1362 et
1206 1333 1294 1361 non
1329 1318 1564 1370 egredieris
1591 1319 1713 1361 Deus
1747 1318 1792 1359 in
1824 1317 1906 1359 vir-

1079 1377 1244 1419 tutibus
1272 1374 1457 1418 nostris?

1131 1434 1200 1475 Da
1227 1433 1355 1475 nobis
1383 1432 1591 1474 auxilium
1619 1431 1674 1474 de
1699 1430 1908 1473 tribulati-

1082 1493 1181 1532 6ne:
1208 1492 1231 1517 *
1261 1490 1362 1542 quia
1391 1502 1502 1530 vana
1530 1488 1647 1530 salus
1675 1487 1872 1529 heminis.

1132 1548 1182 1588 In
1210 1547 1307 1588 Deo
1335 1546 1543 1587 faciemus
1570 1546 1792 1587 virtutem:
1819 1546 1842 1571 *
1865 1548 1909 1585 61

1082 1605 1174 1656 ipse
1203 1603 1260 1644 ad
1286 1602 1467 1644 nihilum
1487 1601 1678 1643 deducet
1701 1600 1908 1642 tribulan-

1082 1666 1148 1702 tes
1175 1673 1268 1702 nos.

1345 1706 1544 1747 Psalmus
1573 1706 1645 1746 60.

1085 1758 1296 1864 Exaudi
1315 1772 1436 1813 Deus
1452 1771 1811 1824 deprecationem
1829 1782 1910 1812 me-

1186 1843 1271 1870 am:
1299 1831 1323 1856 *
1350 1827 1526 1870 intende
1557 1827 1744 1869 01311όηί
1769 1839 1892 1868 meae.

1135 1887 1176 1926 A
1203 1885 1361 1927 finibus
1393 1890 1523 1926 terrae
1552 1884 1609 1926 ad
1634 1889 1679 1926 te
1711 1883 1911 1925 clamavi:

1085 1944 1108 1970 *
1142 1942 1245 1984 dum
1278 1942 1526 1983 anxiaretur
1560 1954 1637 1983 cor
1670 1953 1832 1990 meum,
1867 1940 1911 1981 in

1085 2003 1209 2052 petra
1237 1998 1438 2040 exaltasti
1465 2010 1546 2039 me.

1136 2055 1369 2097 Deduxisti
1382 2067 1463 2105 me,
1481 2055 1582 2107 quia
1595 2054 1736 2095 factus
1748 2066 1795 2095 es
1809 2065 1912 2106 spes

1085 2125 1199 2153 mea:
1227 2114 1250 2139 *
1281 2112 1412 2153 1111118
1444 2109 1710 2152 fortitudinis
1744 2123 1769 2151 a
1801 2109 1912 2151 facie

1087 2181 1256 2209 mimici.

1139 2223 1399 2266 Inhabitabo
1434 2224 1479 2264 in
1514 2222 1798 2265 tabernaculo
1834 2228 1912 2264 tuo

1089 2281 1130 2321 in
1146 2281 1322 2322 saecula:
1341 2282 1365 2308 *
1382 2283 1590 2333 protegar
1607 2279 1650 2320 in
1667 2279 1912 2321 velamento

1089 2336 1255 2378 alarum
1281 2339 1465 2379 tuarum.

1142 2394 1356 2443 Queniam
1388 2398 1437 2434 tu
1470 2393 1590 2434 Deus
1628 2405 1751 2434 meus
1787 2404 1914 2434 exau-

1091 2449 1190 2491 disti
1202 2450 1443 2491 orationem
1452 2463 1610 2491 meam:
1625 2452 1648 2476 ¹⁸¹
1660 2448 1914 2491 dedistihae·

1092 2505 1318 2547 reditatem
1336 2505 1587 2547 timentibus
1607 2518 1766 2547 nomen
1781 2510 1915 2546 tuum.

1142 2562 1246 2603 Dies
1281 2575 1412 2615 super
1446 2562 1539 2604 dies
1576 2562 1690 2613 regis
1725 2561 1915 2614 adjicies:

1092 2620 1113 2644 *
1141 2631 1276 2660 annos
1305 2619 1394 2670 ejus
1415 2632 1554 2671 usque
1581 2619 1625 2659 in
1653 2618 1769 2660 diem
1789 2631 1915 2669 gene-

1092 2675 1267 2715 ratic'mis
1295 2680 1338 2716 et
1365 2675 1667 2725 generatiOnis.

1142 2731 1371 2773 Permanet
1409 2732 1452 2772 in
1489 2733 1699 2772 aeternum
1734 2731 1777 2771 in
1815 2743 1914 2772 con-
