2040 2976
196 196 243 231 82
763 195 866 227 Fcriu
894 200 1001 227 sexta
1027 193 1073 226 ud
1100 191 1334 225 Matutinum.

301 289 554 341 Capitulum.
666 288 787 341 Rom.
806 268 859 324 153.
874 284 911 324 d.

197 353 347 459 Nox
374 356 618 408 praecessit,
648 353 741 395 dies
770 357 915 393 autem
942 362 1014 402 ap-

316 412 637 465 propinquavit.
663 409 929 461 Abjiciamus
954 419 1015 447 er-

198 482 252 521 go
268 471 401 521 Opera
416 468 704 516 tenebrarum,
724 471 766 507 et
786 464 1015 505 induamur

198 538 316 566 arma
344 525 462 566 lucis.
520 525 640 566 Sicut
666 524 709 563 in
735 522 806 563 die
833 520 1015 561 honeste

198 581 477 622 ambulemus.

505 642 711 692 Hymnus.

326 730 384 757 ux
413 728 514 757 eece
543 714 681 764 surgit
709 716 849 762 aurea,

352 772 525 813 Pallens
554 772 739 812 facessat
767 769 951 818 caecitas,

303 830 410 878 Quae
439 832 609 869 nosmet
637 827 679 867 in
707 839 905 879 praeceps
934 825 1007 867 diu

302 886 461 925 Errere
488 884 621 925 traxit
649 882 788 924 devio.

256 953 360 991 Ilaec
388 950 462 990 lux
490 950 701 997 serenum¹
716 947 922 995 censerat,

304 1007 528 1056 Purosque
556 1017 634 1045 nos
657 1009 839 1056 praestet
869 1002 966 1043 sibi:

303 1062 421 1103 Nihil
448 1062 677 1113 loquamur
705 1059 955 1100 subdolum:

304 1118 542 1159 Volvamus
573 1117 807 1158 obscurum
835 1115 950 1156 nihil.

253 1184 323 1224 Sic
351 1188 442 1224 tota
472 1182 675 1223 decurrat
703 1181 807 1230 dies,

304 1239 370 1280 Ne
394 1239 539 1289 lingua
562 1237 760 1284 mendax,
784 1249 838 1277 ne
866 1249 1018 1276 manus

305 1295 485 1336 Oculive
513 1298 696 1346 peccent
723 1293 890 1341 lubrici,

303 1351 370 1392 Ne
397 1364 511 1392 noxa
539 1363 699 1402 corpus
727 1349 933 1401 inquinet.

253 1416 510 1468 Speculator
539 1420 654 1456 astat
679 1415 876 1467 desuper,

304 1473 388 1522 Qui
415 1485 494 1514 nos
523 1472 676 1513 diebus
705 1471 917 1520 omnibus,

305 1529 530 1580 Actusque
559 1533 735 1569 nostros
762 1528 977 1580 prespicit

307 1585 344 1625 A
372 1585 468 1626 luce
492 1584 632 1637 prima
658 1584 703 1634 in
731 1585 972 1636 vesperum.

260 1651 352 1690 Deo
380 1649 499 1690 Patri
528 1649 584 1690 sit
611 1649 760 1700 gloria,

306 1706 496 1757 Eiusque
525 1705 607 1746 soli
634 1705 757 1755 Filio,

308 1761 415 1802 Cum
442 1762 605 1814 Spiritu
632 1762 859 1811 Paraclito,

307 1818 434 1859 Nunc
463 1823 505 1859 et
531 1831 610 1870 per
629 1830 757 1859 omne
784 1818 1001 1860 saeculum.

514 1875 664 1916 Amen'.

260 1955 308 2005 V.
335 1957 509 2009 Repleti
537 1970 684 1997 sumus
708 1970 834 1999 mane
859 1958 1023 2000 miseri-

208 2013 358 2054 cordia
392 2019 477 2054 tua.
521 2014 570 2054 R.
604 2013 944 2064 Exsultavimus,
981 2019 1024 2056 et
1086 2003 1166 2061 {fij-5

209 2068 414 2110 delectati
442 2082 599 2110 sumus.

264 2133 330 2173 Ad
361 2131 515 2173 Bened.
544 2132 640 2171 Ant.
675 2133 722 2170 In
748 2131 979 2173 sanctitate
1002 2134 1025 2159 *

209 2184 447 2226 serviamus
487 2185 695 2235 Domino,
737 2191 780 2228 et
823 2186 1026 2230 liberabit

210 2254 292 2282 nos
319 2241 374 2282 ab
403 2241 587 2282 inimicis
615 2243 787 2284 nostris.

267 2305 401 2340 Preces
429 2305 581 2348 quando
619 2305 809 2340 dicuntur.
842 2306 1027 2339 habentur

213 2364 325 2396 supra
354 2354 389 2385 in
416 2352 524 2386 Feria
552 2352 594 2385 ΙΙ.
617 2350 677 2386 50.

415 2444 446 2445 ῃ
476 2432 736 2457 *aaa*
757 2444 786 2446 ῃ

243 2520 391 2562 Feria
418 2521 562 2563 sexta
588 2521 652 2562 ad
679 2522 995 2564 matutinum.

266 2598 435 2637 Invitat.
468 2591 706 2635 Adoremus
735 2592 980 2643 Deminum,
1009 2602 1029 2623 *

213 2647 428 2699 Quoniam
456 2647 550 2699 ipse
579 2647 681 2689 fecit
708 2660 798 2689 nos.

271 2714 333 2751 l's.
375 2710 534 2757 Venite,
563 2708 838 2750 exsultemus.
865 2709 901 2749 2.

1376 284 1586 335 Hymnus.

1196 358 1225 386 u
1252 343 1482 385 Trinitatis
1509 343 1675 393 Unitas,

1222 400 1386 442 Orbem
1409 401 1614 452 potenter
1639 412 1738 451 quae
1763 399 1890 451 regis,

1170 456 1363 499 Attende
1390 456 1532 497 laudis
1561 456 1790 506 canticum,

1171 513 1301 564 Quod
1329 512 1596 554 excubantes
1622 512 1861 565 psallimus.

1120 580 1232 620 Nam
1258 577 1420 620 lectulo
1450 577 1752 629 consurgimus

1170 635 1325 677 Noctis
1355 634 1504 686 quieto
1533 635 1746 686 tempore,

1170 692 1229 733 Ut
1256 692 1503 741 flagitemus
1532 691 1725 732 emnium

1172 749 1211 789 A
1238 753 1282 789 te
1310 747 1527 789 medelam
1553 746 1793 788 vulnerum.

1123 819 1220 866 Quo
1240 813 1392 855 fraude
1414 812 1629 865 quidquid
1644 812 1893 854 daemonum

1128 896 1131 899 -
1171 871 1222 910 In
1251 869 1456 911 nectibus
1487 868 1760 921 deliquimus,

1173 926 1411 977 Abstergat
1438 925 1549 967 illud
1576 925 1749 967 co'elitus

1173 983 1282 1024 Tuae
1305 984 1505 1035 potestas
1533 982 1697 1033 gleriae.

1124 1051 1188 1090 Ne
1217 1061 1378 1101 corpus
1405 1052 1519 1089 astet
1548 1046 1788 1096 sordidum,

1172 1105 1267 1147 Nec
1295 1110 1449 1157 torpor
1477 1105 1612 1146 instet
1639 1102 1850 1152 cerdium,

1172 1163 1241 1204 Ne
1269 1161 1461 1203 criminis
1490 1160 1694 1212 contagio

1174 1219 1395 1271 Tepescat
1424 1217 1556 1259 ardor
1585 1216 1776 1270 spiritus.

1126 1283 1194 1325 Ob
1218 1283 1303 1324 hoc
1326 1282 1611 1335 Redemptor,
1636 1283 1897 1333 quaesumus,

1175 1339 1316 1393 Reple
1345 1344 1421 1381 tuo
1445 1351 1527 1380 nos
1554 1338 1729 1387 lumine,

1175 1397 1259 1437 Per
1288 1395 1410 1448 quod
1439 1395 1609 1437 dierum
1637 1393 1812 1436 circulis
1856 1402 1857 1409 ¹

1173 1453 1316 1494 Nullis
1345 1455 1521 1493 ruamus
1549 1451 1731 1493 actibus.

1129 1519 1309 1567 Praesta,
1335 1517 1467 1558 Pater
1493 1516 1699 1569 piissime,

1175 1574 1384 1626 Patrique
1413 1585 1592 1624 compar
1617 1572 1767 1621 Unice,

1178 1630 1287 1671 Cum
1314 1630 1480 1683 Spiritu
1507 1629 1727 1670 Paraclito

1176 1687 1384 1739 Regnans
1411 1698 1492 1739 per
1520 1698 1649 1727 omne
1678 1683 1898 1726 saeculum.

1410 1743 1564 1783 Amen.

1131 1810 1230 1850 Ant.
1263 1803 1504 1848 Exsultate.

1342 1867 1539 1908 Psalmus
1568 1866 1638 1906 80.

1086 1939 1094 1975 3
1119 1950 1130 1985 3-
1156 1921 1514 2019 xsultgtpaPecss
1523 1919 1734 2017 adjtJlterib
1732 1922 1900 1959 nostro:

1090 1987 1119 2022 ¹,
1268 1979 1310 2030 ju
1343 1978 1357 2018 i
1423 1990 1446 2019 e
1517 1989 1570 2018 eo
1624 1988 1746 2018 aco.

1269 2034 1436 2076 Sumite
1462 2033 1694 2086 psalmum,
1727 2036 1771 2073 et
1798 2030 1901 2072 date

1076 2094 1347 2144 tympanum:
1357 2092 1380 2118 *
1394 2089 1651 2143 psalterium
1665 2086 1901 2141 jucundum

1078 2161 1176 2189 cum
1204 2147 1382 2190 cithara.

1128 2205 1367 2246 Buccinate
1396 2203 1441 2263 in
1467 2201 1711 2244 Neomenia
1737 2200 1854 2250 tuba,
1878 2202 1901 2228 *

1078 2262 1121 2302 in
1145 2261 1303 2312 insigni
1328 2259 1399 2302 die
1425 2258 1712 2300 solemnitatis
1730 2262 1901 2299 vestrae.

1130 2318 1242 2368 Quia
1259 2317 1533 2369 praeceptum
1555 2315 1599 2356 in
1618 2314 1757 2355 Israel
1779 2318 1859 2355 est:
1878 2315 1902 2340 ¹⁸¹

1081 2379 1123 2415 et
1151 2373 1356 2426 judicium
1385 2373 1480 2414 Deo
1509 2370 1658 2413 Jacob.

1130 2429 1451 2472 Testimonium
1484 2429 1527 2469 in
1557 2427 1722 2480 Joseph
1753 2426 1902 2479 pesuit

1080 2486 1197 2537 illud,
1209 2499 1307 2528 cum
1319 2487 1457 2527 exiret
1473 2485 1527 2526 de
1538 2491 1657 2527 terra
1666 2478 1864 2535 AEgth'i:
1878 2482 1902 2508 *

1081 2542 1281 2594 linguam,
1289 2555 1419 2594 quam
1428 2555 1516 2583 non
1523 2543 1716 2589 neverat,
1725 2538 1902 2580 audivit.

1131 2599 1321 2640 Divertit
1370 2598 1425 2639 ab
1472 2597 1678 2639 oneribus
1722 2595 1903 2637 dorsum

1081 2655 1184 2718 eius:
1203 2657 1226 2682 *
1243 2668 1396 2696 manus
1422 2656 1512 2707 ejus
1537 2655 1581 2695 in
1605 2651 1795 2706 cophino
1816 2664 1902 2693 ser-

1080 2712 1259 2752 vrerunt.
