2040 2976
499 198 601 231 Infra
627 198 921 232 Hebdomadam
945 199 995 232 xi.
1020 204 1110 242 post
1135 200 1214 235 Oct.
1239 202 1497 237 Pentecostes.

143 286 294 329 dotem
324 302 547 340 magnum,
578 294 627 331 ut
656 291 869 332 confletur
896 305 969 345 pe-

142 344 287 394 cunia,
316 358 415 397 quae
441 345 562 387 111313
590 351 657 388 881
684 348 729 387 111
756 348 971 401 templum

141 399 336 450 Domini,
365 414 496 453 quam
522 402 794 454 collegerunt
819 405 969 456 janito-

140 469 212 498 res
236 457 391 510 templi
414 471 439 499 a
460 459 646 512 populo,
675 458 891 513 deturque
910 462 968 502 fa-

140 511 232 554 bris
243 526 323 566 per
333 516 600 568 praepositos
611 514 769 557 domus
776 517 970 558 Domini:

141 570 216 620 qui
235 575 280 611 et
299 570 562 614 distribuant
582 585 679 614 eam
694 572 761 614 his
777 573 968 627 (11110118-

139 627 290 667 rantur
309 627 354 668 in
372 629 539 682 templo
558 629 748 670 Domini.

193 688 244 739 R.
268 688 533 731 Recordare.
552 690 639 731 179.

445 763 598 805 Lectio
620 765 659 803 ii.

138 822 306 928 Dixit
328 833 474 870 autem
492 829 670 871 Heleias
693 829 892 883 pontifex
911 831 967 873 ad

236 883 412 937 Saphan
431 886 634 928 scribam:
657 886 839 929 Librum
857 888 966 940 legis

135 940 281 993 reperi
308 941 352 982 in
378 941 512 984 domo
537 943 727 985 Domini:
755 944 965 998 deditque

136 996 314 1039 Heleias
347 998 554 1041 volumen
586 1001 780 1054 Saphan,
815 1002 889 1054 qui
923 1007 966 1044 et

134 1051 239 1105 legit
266 1054 385 1097 illud.
422 1056 557 1098 Venit
586 1070 762 1110 quoque
790 1058 966 1111 Saphan

135 1110 280 1152 scriba
303 1111 360 1153 ad
383 1125 548 1164 regem,
577 1119 622 1155 et
642 1115 906 1157 renuntiavit
925 1116 965 1157 ei

138 1167 258 1219 quod
276 1171 563 1223 praeceperat,
582 1176 625 1212 et
644 1171 718 1213 ait:
739 1172 964 1214 Conflave-

136 1229 237 1266 runt
267 1225 382 1267 servi
408 1226 471 1268 tui
495 1227 742 1279 pecuniam,
777 1241 875 1280 quae
900 1242 963 1270 re-

135 1281 264 1333 perta
289 1286 356 1323 est
379 1282 424 1322 in
451 1281 584 1325 domo
603 1284 797 1325 Domini:
826 1290 869 1326 et
893 1284 964 1327 de-

136 1334 295 1379 de'runt
325 1343 373 1380 ut
407 1338 742 1381 distribueretur
775 1340 911 1382 fabris
939 1355 964 1383 3

134 1393 356 1445 praefectis
386 1397 570 1447 operum
597 1397 750 1449 templi
776 1397 963 1439 Domini.

133 1448 340 1492 Narravit
385 1464 562 1504 quoque
598 1453 775 1506 Saphan
819 1454 961 1496 scriba

132 1506 241 1556 regi,
278 1506 445 1549 dicens:
483 1509 665 1551 Librum
702 1509 823 1552 dedit
858 1510 960 1552 mihi

132 1562 310 1604 Heleias
329 1564 550 1607 sacerdos.

183 1625 235 1677 R.
260 1624 492 1668 Exaudisti
508 1626 708 1673 Domine.
726 1628 819 1669 180.

434 1703 586 1743 Lectio
607 1704 660 1743 iii.

134 1739 315 1865 Quem
348 1777 448 1806 cum
479 1765 659 1817 legisset
686 1768 861 1820 Saphan
889 1782 959 1811 80-

229 1832 324 1862 ram
347 1834 467 1873 rege‚
493 1828 536 1864 et
556 1823 751 1865 audisset
770 1837 848 1866 rex
867 1839 959 1868 ver-

129 1874 187 1916 ba
206 1875 306 1918 libri
328 1877 438 1928 legis
456 1879 653 1930 Domini,
679 1880 809 1923 scidit
831 1883 959 1924 vesti-

129 1933 277 1974 menta
309 1947 398 1975 sua.
456 1935 513 1977 Et
543 1937 759 1989 praecepit
790 1938 959 1980 Helciae

129 1989 364 2040 sacerdoti,
390 1996 434 2032 et
452 1991 638 2034 Ahieam
661 1993 752 2035 filio
772 1994 958 2047 Saphan,

130 2049 174 2086 et
195 2045 407 2089 Achobor
425 2048 516 2090 filio
536 2049 696 2100 Micha,
716 2055 760 2092 et
780 2050 958 2103 Saphan

129 2101 302 2152 scribae,
332 2108 375 2145 et
399 2105 548 2146 Asaiae
575 2119 703 2148 servo
733 2107 866 2158 regis,
896 2107 956 2149 di-

128 2170 246 2199 cens:
264 2159 330 2200 Ite
347 2165 391 2202 et
406 2161 621 2203 consulite
636 2162 874 2204 Dominum
889 2176 955 2204 su-

126 2227 208 2266 per
225 2227 312 2266 me,
337 2220 381 2258 et
400 2229 532 2269 super
550 2218 737 2271 populo,
762 2223 806 2260 et
825 2232 957 2272 super

129 2271 247 2311 omni
278 2271 409 2322 Juda,
450 2272 504 2314 de
542 2274 688 2316 verbis
721 2274 956 2316 voluminis

127 2326 268 2376 istius,
298 2327 418 2380 quod
441 2329 666 2372 inventum
691 2335 771 2372 est:
799 2343 956 2382 magna

129 2383 242 2424 enim
260 2383 326 2425 ira
340 2384 520 2426 Domini
539 2389 749 2428 succensa
769 2391 836 2428 est
856 2400 954 2428 con-

126 2444 195 2481 tra
212 2453 309 2482 nos:
330 2441 431 2492 quia
449 2454 538 2483 non
555 2442 786 2484 audierunt
805 2447 955 2495 patres

126 2496 264 2538 nostri
291 2496 427 2538 verba
454 2497 554 2539 libri
580 2497 724 2551 hujus,
763 2505 812 2540 ut
843 2499 954 2541 face-

127 2557 224 2594 rent
272 2565 401 2593 omne
453 2553 574 2604 quod
624 2555 835 2607 scriptum
889 2560 956 2597 est

127 2607 264 2650 nobis.

179 2662 230 2714 Ru
255 2664 374 2706 Audi
390 2665 589 2707 Domine.
608 2667 701 2706 180.

1787 207 1851 242 231

1214 294 1397 332 Feria
1430 297 1664 337 Tertia.

1142 347 1208 387 De
1232 346 1344 389 libro
1371 355 1526 401 quarto
1552 352 1733 403 Regum.

1102 407 1254 448 Lectio
1275 408 1299 447 i.
1586 411 1687 461 Cap.
1707 412 1771 451 23.

1030 474 1112 493 1
1133 463 1302 506 scendit
1325 478 1403 506 rex
1426 467 1639 520 templum
1662 470 1849 522 Domini,

1053 494 1123 555 ’ΨΧ
1149 526 1192 562 81
1218 534 1369 563 omnes
1387 523 1470 563 viri
1487 524 1615 574 Juda,
1641 527 1849 569 universi-

1023 589 1108 628 que
1141 577 1215 629 qui
1246 577 1504 621 habitabant
1536 580 1579 620 in
1607 582 1850 625 Jerusalem

1021 645 1121 674 cum
1141 646 1193 674 eo
1213 634 1467 677 sacerdotes
1487 641 1530 678 et
1545 638 1786 691 prophetae,
1806 646 1850 682 et

1021 690 1161 731 omnis
1186 691 1378 744 populus
1407 705 1431 733 a
1456 706 1595 746 parvo
1624 708 1764 747 usque
1792 697 1849 739 ad
1896 723 1897 726 =

1019 759 1240 797 magnum:
1266 748 1460 801 legitque
1484 751 1650 792 eunctis
1673 752 1848 794 audien·
1896 781 1898 806 3

1019 802 1137 844 tibus
1177 804 1322 846 omnia
1353 805 1491 847 verba
1522 806 1621 848 libri
1652 808 1849 859 fo'ederis,
1894 854 1896 857 f

1021 859 1095 911 qui
1118 860 1320 902 inventus
1346 867 1412 903 est
1436 862 1479 903 in
1505 862 1638 905 domo
1661 864 1848 906 Domini.

1019 915 1237 968 Stetitque
1277 931 1356 959 rex
1394 932 1527 971 super
1565 920 1763 971 gradum:
1805 928 1848 964 et
1894 948 1896 952 .

1019 971 1164 1014 foedus
1200 975 1419 1026 percussit
1457 988 1605 1017 8013111
1641 978 1847 1028 Domino,
1894 992 1897 994 ·

1017 1034 1066 1069 ut
1094 1029 1368 1073 ambularent
1396 1037 1499 1084 post
1521 1033 1776 1084 Dominum,
1805 1041 1848 1077 et

1019 1086 1293 1128 custodirent
1320 1091 1546 1141 praecepta
1574 1091 1681 1142 ejuS,
1716 1097 1759 1133 et
1786 1097 1846 1134 te-

1018 1142 1238 1193 stimonia,
1273 1149 1317 1185 et
1345 1146 1631 1187 caeremonias
1659 1147 1702 1187 in
1731 1149 1849 1189 omni

1018 1199 1164 1249 corde,
1185 1205 1228 1241 et
1247 1201 1291 1241 in
1309 1206 1405 1242 tota
1425 1202 1578 1252 anima,
1603 1208 1646 1245 et
1666 1205 1846 1246 suscita-

1017 1260 1114 1300 rent
1129 1256 1264 1298 verba
1278 1256 1458 1299 fo'ederis
1473 1258 1609 1310 hujus,
1630 1273 1729 1311 quae
1745 1262 1846 1302 scri-

1016 1315 1095 1363 pta
1123 1318 1248 1354 erant
1276 1313 1319 1353 in
1347 1313 1459 1355 libro
1487 1314 1578 1356 illo:
1611 1317 1851 1368 acquievit--

1018 1380 1102 1419 que
1122 1369 1314 1422 populus
1334 1376 1478 1423 pacto.

1068 1425 1118 1476 R.
1144 1425 1343 1469 Domine.
1364 1430 1456 1469 180.

1324 1483 1476 1524 Lectio
1498 1485 1534 1523 ii.

1099 1542 1117 1579 t
1131 1540 1344 1592 praecepit
1360 1553 1438 1581 rex
1453 1541 1620 1583 Helciae
1635 1543 1844 1595 pontifici,

1101 1601 1144 1637 et
1154 1596 1460 1639 sacerdotibus
1472 1599 1654 1640 secundi
1667 1599 1843 1650 ordinis,

1015 1656 1059 1692 et
1091 1652 1364 1704 janitoribus,
1408 1659 1456 1696 ut
1493 1656 1758 1707 projicerent
1788 1656 1843 1699 de

1013 1708 1180 1761 templo
1208 1709 1387 1750 Domini
1415 1711 1562 1752 omnia
1588 1725 1709 1762 vasa,
1744 1726 1843 1765 quae

1012 1764 1129 1805 facta
1154 1765 1327 1807 fuerant
1352 1766 1478 1816 Baal,
1513 1772 1556 1808 et
1583 1768 1626 1808 in
1650 1768 1767 1818 luco,
1800 1774 1843 1811 et

1011 1820 1228 1862 universae
1247 1822 1415 1863 militiae
1436 1823 1551 1864 coeli:
1576 1829 1620 1865 et
1643 1825 1841 1866 combus-

1013 1876 1069 1918 sit
1094 1889 1147 1918 ea
1171 1877 1278 1918 foris
1302 1879 1547 1921 Jerusalem
1572 1880 1616 1920 in
1642 1882 1841 1923 convalle

1013 1933 1206 1984 Cedron,
1235 1939 1279 1976 et
1305 1935 1405 1977 tulit
1431 1935 1661 1988 pulverem
1689 1939 1841 1979 eorum

1010 1989 1055 2030 in
1087 1990 1254 2032 Bethel.
1320 1992 1377 2033 Et
1410 1991 1573 2034 delevit
1604 1994 1840 2046 aruspices,

1011 2058 1124 2098 quos
1147 2051 1386 2099 posuerant
1410 2061 1536 2100 reges
1555 2049 1669 2091 Juda
1694 2049 1751 2091 ad
1775 2063 1839 2092 sa-

1011 2102 1297 2145 crificandum
1318 2104 1363 2144 in
1387 2105 1572 2146 excelsis
1591 2118 1672 2158 per
1691 2106 1838 2148 civita-

1009 2163 1076 2200 tes
1095 2159 1121 2199 J
1122 2159 1225 2210 uda,
1252 2165 1295 2202 et
1313 2160 1358 2201 in
1379 2161 1563 2203 circuitu
1580 2162 1838 2204 Jerusalem:

1010 2219 1054 2256 et
1091 2228 1183 2265 808,
1229 2217 1304 2268 qui
1341 2217 1578 2260 adolebant
1612 2213 1837 2260 incensum

1009 2271 1133 2321 Baal,
1162 2277 1207 2314 et
1225 2273 1332 2322 Soli,
1362 2278 1405 2315 et
1424 2273 1576 2324 Lunae,
1606 2279 1649 2316 et
1674 2275 1835 2316 duode-

1009 2328 1093 2368 cim
1113 2328 1258 2379 signis,
1278 2334 1322 2371 et
1341 2330 1459 2370 omni
1477 2330 1645 2372 militiae
1665 2331 1775 2372 eoeli.

1060 2387 1110 2437 R.
1137 2385 1322 2427 Factum
1341 2390 1418 2427 est.
1437 2387 1518 2427 181.

1308 2442 1461 2484 Lectio
1483 2444 1536 2483 iii.

1092 2502 1111 2538 t
1143 2497 1286 2539 efferri
1317 2499 1420 2540 fecit
1443 2499 1590 2540 lucum
1618 2499 1673 2540 de
1701 2499 1832 2540 domo

1095 2554 1272 2595 Domini
1289 2555 1407 2596 foras
1421 2555 1664 2597 Jerusalem
1682 2556 1725 2595 in
1740 2567 1834 2596 8011-
1903 2586 1905 2588 -

1006 2609 1121 2651 valle
1154 2610 1346 2660 Cedron,
1387 2617 1430 2652 et
1463 2611 1703 2652 combussit
1734 2623 1832 2651 eum

1005 2665 1076 2715 ibi,
1097 2670 1140 2707 et
1158 2666 1328 2717 redegit
1347 2667 1390 2707 in
1408 2666 1644 2719 pulverem,
1670 2671 1713 2706 et
1730 2678 1829 2717 pro-

1004 2722 1105 2772 jecit
1136 2734 1269 2774 super
1301 2722 1535 2774 sepulchra
1565 2722 1692 2772 vulgi.
1745 2721 1830 2762 De-
