2040 2976
758 179 961 214 Dominica
985 180 1031 214 11.
1053 180 1231 223 Augusti.

147 268 202 310 de
220 268 425 310 universo
445 267 599 309 labore
620 279 715 317 suo,
742 280 830 319 quo
853 267 972 310 labe-

146 330 214 367 rat
239 323 319 367 sub
348 322 463 365 sole?
502 323 740 365 Generatio
766 325 972 376 praeterit,

146 387 190 424 et
214 380 439 433 generatio
464 379 654 422 advenit:
682 385 800 422 terra
825 385 974 423 autem
1004 428 1007 431 Δ

145 438 189 478 in
208 439 420 479 aeternum
439 441 536 479 stat.
565 436 715 478 Oritur
734 437 818 486 sol,
839 442 883 478 et
904 439 972 479 oc-

146 494 262 544 cidit,
282 498 326 535 et
345 492 402 535 ad
420 493 567 535 locum
583 506 710 534 suum
725 493 973 535 revertitur:

144 551 293 603 ibique
317 552 569 599 renascens,
597 554 725 602 gyrat
746 562 826 602 per
847 549 972 591 Meri-

146 607 278 657 diem,
310 611 354 648 et
389 606 581 647 flectitur
609 605 666 647 ad
692 605 974 657 Aquilonem:

145 664 335 705 lustrans
362 662 567 704 universa
594 663 638 703 in
667 662 851 704 circuitu
877 675 973 715 per-

145 720 208 772 git
227 720 420 772 spiritus,
449 723 493 761 et
516 719 560 759 in
580 718 768 760 circulos
788 731 891 760 suos
910 732 972 761 re-

146 776 340 818 vertitur.
377 775 535 817 Omnia
554 775 732 816 flumina
750 775 912 817 intrant
930 776 974 816 in

145 846 282 882 mare,
315 837 358 874 et
384 845 505 873 mare
533 845 622 873 non
649 831 885 874 redundat:
918 832 974 874 ad

145 889 308 940 locum,
340 887 456 930 unde
490 890 650 930 exeunt
682 888 877 939 flumina,
910 902 973 931 re-

145 949 374 988 vertuntur
393 949 441 986 ut
458 946 618 986 iterum
637 944 784 985 fluant.

135 1013 141 1016 ’
195 1016 247 1068 132.
273 1011 325 1051 In
349 1009 565 1063 principio
590 1010 712 1051 Deus
739 1011 973 1062 antequam

143 1071 306 1109 terram
322 1067 496 1116 faceret,
516 1066 771 1118 priusquam
788 1066 972 1119 aby'ssos

144 1123 449 1172 constitueret,
476 1122 733 1175 priusquam
758 1121 971 1175 produce-

143 1184 211 1221 ret
237 1179 382 1221 fontes
415 1180 644 1231 aquarum:
671 1184 694 1210 *
723 1179 973 1231 Antequam

143 1240 316 1278 montes
336 1235 675 1284 collocarentur,
701 1240 801 1277 ante
822 1248 973 1276 omnes

145 1292 281 1334 colles
300 1291 526 1342 generavit
544 1303 613 1332 me
628 1291 733 1332 Dfis.
757 1293 808 1345 ys,
832 1292 973 1341 Quan-

144 1348 202 1390 do
213 1347 494 1401 praeparabat
505 1347 654 1398 eoelos,
670 1347 859 1396 aderam,
875 1360 974 1388 cum

144 1417 198 1446 eo
224 1409 380 1446 cuncta
399 1405 681 1456 compenens.
711 1405 972 1456 Antequam.

450 1487 602 1530 Lectio
622 1488 662 1529 ii.

145 1552 368 1661 Cunctae
387 1566 458 1595 res
482 1553 696 1596 difficiles:
719 1568 807 1596 non
825 1560 974 1608 potest

241 1625 316 1654 eas
343 1611 476 1653 homo
510 1611 732 1664 explicare
761 1614 973 1653 sermone.

144 1669 245 1711 Non
265 1669 486 1710 saturatur
505 1667 658 1709 eculus
675 1668 782 1718 visu,
801 1681 882 1710 nec
902 1681 973 1709 au-

145 1726 204 1767 ris
224 1724 376 1767 auditu
394 1723 610 1776 impletur.
639 1723 754 1775 Quid
773 1729 840 1766 est
854 1725 974 1777 quod

146 1780 247 1824 fuit?
302 1781 448 1834 ipsum
493 1780 613 1832 quod
658 1781 853 1822 futurum
897 1786 973 1823 est.

147 1837 262 1889 Quid
288 1842 355 1879 θεῖ
380 1837 501 1889 quod
525 1837 687 1879 factum
712 1836 802 1879 est?
830 1838 974 1890 ipsum

148 1893 269 1947 quod
309 1892 557 1935 faciendum
603 1899 680 1935 est.
733 1894 853 1935 Nihil
892 1894 973 1935 sub

147 1951 239 1993 sole
266 1963 444 2001 novum,
481 1963 563 1992 nec
591 1950 710 1992 valet
742 1951 974 2003 quisquam
1028 1975 1036 1983 ·

147 2007 307 2049 dicere:
337 2007 455 2048 Ecce
481 2006 568 2048 hoc
596 2019 750 2049 recens
778 2012 858 2049 est:
890 2008 974 2059 jam

147 2064 262 2105 enim
280 2063 509 2116 praecessit
526 2063 571 2104 in
590 2063 773 2113 saeculis,
798 2076 896 2115 quae
913 2063 973 2104 fu-

148 2122 273 2162 erunt
300 2124 400 2162 ante
427 2132 520 2161 nos.
556 2120 659 2162 Non
685 2125 752 2162 est
777 2120 974 2173 priorum

146 2177 372 2218 memeria:
400 2176 480 2218 sed
503 2189 584 2218 nec
609 2179 761 2218 eurum
787 2174 973 2228 quidem,

148 2245 246 2285 quae
265 2235 422 2286 postea
440 2233 587 2275 futura
603 2237 714 2282 sunt,
735 2233 816 2274 erit
830 2245 972 2273 recor-

147 2289 266 2331 datio
287 2289 407 2354 apud
426 2302 520 2340 eos,
550 2289 624 2342 qui
649 2289 783 2330 futuri
809 2293 909 2330 sunt
930 2288 974 2328 in
1033 2292 1039 2303 “

147 2348 399 2387 novissmo.

197 2413 249 2466 R.
276 2411 445 2463 Gyrum
471 2409 572 2451 coeli
596 2409 776 2451 circuivi
795 2408 906 2458 sola,
931 2413 974 2450 et

145 2467 190 2507 in
215 2466 421 2508 fluctibus
446 2466 580 2506 maris
605 2465 841 2513 ambulavi,
867 2465 911 2505 in
930 2477 973 2506 0-

146 2523 235 2563 mni
261 2527 391 2574 gente
415 2527 458 2564 et
485 2522 530 2562 in
554 2522 671 2563 omni
695 2521 864 2574 populo
888 2521 972 2573 pri-

143 2581 309 2620 matum
352 2579 485 2620 tenui:
523 2582 547 2607 *
585 2578 884 2630 Superborum
930 2582 972 2618 θῖ

145 2635 394 2676 sublimium
440 2635 553 2676 colla
595 2634 775 2686 prepria
810 2633 972 2675 virtute

144 2691 319 2733 calcavi.
368 2690 420 2743 ΥΤ.
447 2691 543 2742 Ego
576 2691 620 2731 in
648 2689 869 2731 altissimis
897 2689 971 2731 ha-

1787 171 1850 206 241

1023 268 1134 318 bito,
1164 274 1207 310 et
1230 268 1414 310 thronus
1437 283 1559 312 meus
1583 271 1626 312 in
1649 271 1852 313 columna

1025 325 1163 366 nubis.
1190 325 1500 378 Superborum.

1019 437 1021 439 ,
1326 397 1477 438 Lectio
1497 399 1551 439 iii.

1008 454 1162 560 -Ego
1193 451 1483 494 Ecclesiastes
1514 454 1574 494 fui
1606 467 1683 496 rex
1716 454 1852 495 Israel

1119 508 1163 548 in
1192 508 1453 559 Jerusalem,
1492 514 1535 551 et
1567 511 1781 563 propesui
1808 511 1852 551 in

1026 565 1170 605 animo
1189 577 1288 606 meo
1312 567 1508 617 quaerere
1528 571 1571 608 et
1589 567 1852 618 investigare

1026 621 1246 673 sapienter
1274 620 1329 662 de
1358 622 1575 672 omnibus,
1614 636 1711 674 quae
1744 623 1852 665 fiunt

1027 677 1108 719 sub
1128 677 1233 718 sole.
1261 678 1388 719 Hanc
1408 679 1742 731 occupationem
1756 682 1851 732 pes-

1027 734 1180 775 simam
1204 732 1326 775 dedit
1348 734 1470 775 Deus
1495 735 1594 776 filiis
1619 735 1851 785 hominum,

1025 794 1074 831 ut
1103 792 1425 842 occuparentur
1453 791 1496 830 in
1525 804 1586 832 ea.
1622 791 1726 833 Vidi
1754 804 1851 832 cun-

1027 852 1111 896 cta,
1145 859 1244 898 quae
1275 847 1385 888 fiunt
1418 847 1499 888 sub
1532 847 1640 897 sole,
1675 853 1718 889 ct
1750 861 1852 889 ecce

1026 903 1230 945 universa
1248 903 1437 952 vanitas,
1461 908 1504 945 θῖ
1528 904 1707 946 afflictio
1731 905 1853 957 spiri-

1027 965 1108 1001 tus.
1139 960 1343 1002 Perversi
1367 959 1544 1001 difficile
1568 962 1852 1012 corriguntur,

1027 1021 1070 1057 et
1090 1016 1325 1058 stulterum
1342 1015 1536 1057 infinitus
1557 1022 1624 1058 θεῖ
1638 1020 1853 1058 numerus.

1026 1072 1221 1114 Locutus
1237 1086 1333 1113 sum
1347 1072 1392 1112 in
1408 1072 1541 1114 corde
1558 1086 1669 1123 meo,
1690 1072 1853 1114 dicens:

1026 1128 1142 1170 Ecce
1160 1142 1344 1180 magnus
1365 1128 1545 1170 effectus
1560 1143 1667 1178 sum,
1688 1134 1731 1171 et
1745 1142 1853 1182 prae-

1027 1185 1140 1226 cessi
1160 1198 1311 1226 omnes
1331 1185 1561 1237 sapientia,
1589 1186 1662 1238 qui
1682 1186 1854 1227 fuerunt

1026 1246 1126 1283 ante
1162 1254 1233 1283 me
1268 1242 1312 1282 in
1348 1242 1610 1283 Jerusalem:
1652 1247 1694 1283 et
1730 1255 1853 1283 mens

1025 1295 1122 1339 mea
1142 1298 1439 1349 contemplata
1454 1303 1520 1339 θεῖ
1535 1298 1671 1340 multa
1687 1299 1852 1350 sapien-

1024 1359 1107 1404 ter,
1133 1359 1177 1396 et
1202 1353 1347 1395 didici.
1383 1354 1589 1406 Dedique
1614 1367 1690 1396 cor
1709 1367 1852 1395 meum

1024 1415 1073 1452 ut
1106 1411 1264 1452 scirem
1295 1410 1576 1463 prudentiam
1614 1417 1745 1463 atque
1779 1411 1852 1452 do-

1026 1469 1227 1517 ctrinam,
1261 1469 1522 1519 erroresque
1549 1473 1592 1509 θῖ
1617 1468 1854 1509 stultitiam.

1077 1538 1129 1590 Ra.
1170 1533 1332 1575 Emitte
1369 1533 1558 1574 Demine
1597 1533 1854 1586 sapientiam

1027 1589 1082 1631 de
1102 1589 1207 1631 sede
1228 1589 1542 1641 magnitudinis
1567 1595 1672 1640 tuae,
1700 1594 1748 1631 ut
1766 1602 1851 1630 me-

1027 1659 1126 1687 cum
1153 1646 1225 1696 sit,
1261 1651 1304 1688 et
1331 1658 1502 1687 mecum
1530 1646 1716 1688 laboret:
1741 1651 1765 1675 *
1795 1646 1854 1688 Ut

1027 1703 1163 1744 sciam
1187 1703 1292 1755 quid
1316 1706 1548 1756 acceptum
1569 1704 1625 1744 sit
1644 1716 1792 1745 coram
1810 1708 1854 1744 te

1027 1760 1145 1801 omni
1164 1762 1375 1813 tempore.
1392 1758 1443 1810 V.
1463 1760 1533 1800 Da
1547 1759 1652 1800 mihi
1666 1760 1853 1801 Demine

1027 1816 1197 1857 sedium
1215 1818 1389 1858 tuarum
1404 1816 1670 1858 assistricem
1685 1817 1852 1869 sapien-

1025 1872 1141 1913 tiam.
1168 1873 1239 1915 Ut.
1267 1873 1421 1915 Gloria
1439 1873 1570 1914 Patri.
1598 1873 1667 1915 Ut.

1249 1954 1298 1992 In
1325 1953 1375 1993 ΙΙ.
1404 1953 1628 1993 Nocturno.

1028 2012 1180 2053 Sermo
1197 2010 1337 2052 sancti
1347 2011 1372 2051 J
1375 2011 1527 2052 oannis
1541 2011 1854 2063 Chrysostomi.

1129 2077 1261 2113 Sermo
1284 2081 1417 2113 contra
1440 2078 1749 2121 concubinarios,

1275 2126 1314 2161 in
1335 2127 1423 2169 fine,
1444 2131 1549 2161 tomo
1570 2127 1600 2161 5.

1323 2183 1476 2225 Lectio
1497 2184 1550 2224 iv.

1058 2262 1111 2296 ,333
1130 2239 1306 2280 alomon
1343 2252 1441 2281 cum
1478 2239 1754 2281 saecularium
1789 2254 1852 2282 re-

1033 2296 1116 2361 cia*
1147 2308 1244 2336 rum
1288 2296 1644 2349 concupiscentia
1688 2299 1853 2338 tenere-

1039 2357 1118 2375 *W
1146 2356 1233 2402 tur,
1260 2365 1441 2403 magnas
1470 2366 1543 2395 eas
1570 2357 1615 2394 et
1641 2352 1852 2394 admiran-

1027 2408 1106 2450 das
1124 2408 1326 2461 putabat,
1353 2409 1626 2461 multumque
1651 2410 1694 2449 in
1714 2409 1776 2450 eis
1795 2410 1851 2449 la-

1026 2465 1147 2507 boris
1180 2470 1223 2507 et
1255 2465 1561 2507 sollicitudinis
1593 2465 1852 2515 insumebat,

1026 2522 1281 2572 magnificas
1302 2521 1563 2563 aedificando
1584 2521 1756 2571 domos,
1784 2533 1852 2561 co-

1025 2578 1199 2630 piosum
1225 2577 1529 2620 coacervando
1557 2591 1724 2627 aurum,
1751 2589 1849 2617 con-

1026 2634 1249 2685 gregando
1276 2637 1504 2676 cantorum
1530 2634 1704 2682 choros,
1732 2633 1852 2673 varia

1025 2692 1186 2741 genera
1209 2690 1506 2732 ministrerum
1529 2701 1691 2731 mensae
1711 2693 1754 2729 et
1771 2700 1848 2740 po-
