2040 2976
531 196 601 229 Die
626 197 677 230 25.
703 197 803 235 Maii.
851 198 885 231 S.
912 197 1090 239 (ires-:orii
1119 197 1196 231 VH.
1220 196 1339 239 Papae
1366 202 1401 230 ct
1426 196 1535 231 Conf.

507 291 672 332 Oratio.

263 358 339 386 eus
363 345 407 386 in
426 350 470 387 te
490 348 762 399 sperantium
782 347 1008 396 fortitudo,

276 401 351 452 qui
387 401 568 444 beatum
600 404 863 455 Gregorium
899 403 1006 445 Con-

175 458 388 499 fessorem
419 463 543 500 tuum
576 465 709 512 atque
737 460 1007 508 Pontificem,

174 527 257 566 pro
282 514 447 556 tuenda
467 515 680 557 Ecclesiae
699 516 904 558 libertate
923 516 1005 556 vir-

173 573 268 612 ttite
293 571 556 613 constantiae
580 572 816 615 roborasti:
851 572 908 614 da
931 585 1005 614 no-

173 626 242 668 bis
263 628 353 678 ejus
373 628 593 680 exemplo,
619 635 662 671 et
680 629 1005 678 intercessione,

174 684 319 725 omnia
357 683 637 727 adversantia
674 686 846 728 fortiter
878 698 1004 738 supe-

174 742 282 781 rare.
317 741 402 782 Per
421 741 672 783 Dominum.

224 799 269 832 Et
293 799 331 832 fit
356 799 450 831 coni.
475 798 509 832 S
527 798 674 832 Urbani
696 798 722 831 Ι.
747 798 814 841 Pp.
838 804 874 832 et
896 799 1003 834 Mart.

224 849 323 887 Ant.
362 847 452 886 Iste
472 851 656 887 sanctus
684 858 765 898 pro
793 846 890 898 lege
919 846 1005 887 Dei

172 901 240 941 sui
261 901 445 942 certavit
461 914 601 953 usque
620 902 677 944 ad
695 907 897 952 mortem,
917 908 960 944 et
979 915 1004 943 a

171 956 319 998 verbis
346 957 581 1010 impiorum
609 972 696 1000 non
725 959 883 1001 timuit:
912 960 1002 1000 fun-

172 1012 302 1054 datus
326 1013 441 1055 enim
465 1020 558 1056 erat
582 1028 716 1068 supra
741 1015 912 1056 firmam
930 1028 1003 1068 pe-

170 1073 295 1111 tram.

223 1132 273 1179 y.
311 1125 464 1167 Gloria
501 1132 544 1169 et
575 1127 744 1169 honore
778 1128 1003 1169 coronasti

172 1194 272 1223 eum
307 1183 506 1224 Domine.
551 1188 601 1239 R.
638 1183 695 1225 Et
737 1184 1004 1226 constituisti

172 1250 272 1279 eum
292 1251 425 1291 super
441 1242 577 1292 opera
596 1242 804 1281 manuum
818 1242 1004 1282 tuarum.

505 1305 671 1345 Oratio.
904 1330 907 1331 ν

169 1345 284 1452 Da
305 1354 556 1404 quaesumus
573 1355 853 1406 omnipotens
868 1353 1004 1395 Deus:

275 1412 324 1449 ut
353 1409 428 1460 qui
454 1408 574 1451 beati
602 1409 770 1451 Urbani
798 1410 1004 1463 Martyris

169 1464 232 1505 tui
257 1469 389 1516 atque
408 1465 636 1507 Pontifieis
663 1466 874 1508 solemnia
901 1467 1003 1508 coli-

169 1534 281 1571 muS,
302 1522 393 1574 ejus
414 1521 532 1574 apud
550 1528 595 1564 te
614 1523 1003 1566 intercessionibus

170 1576 435 1628 adjuvemur.
463 1579 548 1620 Per
567 1579 817 1620 Dominum.

219 1644 263 1678 In
294 1644 318 1677 I.
349 1643 549 1677 Nocturno
588 1643 794 1677 Lectiones
829 1644 876 1678 de
904 1644 1002 1678 Scri-

170 1698 282 1735 ptura
307 1697 541 1725 OCCUFI‘CUUJ.

403 1752 452 1791 In
480 1752 530 1790 ΙΙ.
555 1752 780 1793 Nocturno.

473 1813 625 1854 Lectio
646 1814 700 1853 iv.

173 1866 500 1932 fflregorius
524 1867 647 1920 Papa
670 1869 903 1921 septimus,
930 1872 1000 1911 an-

174 1942 182 1969 t
202 1912 295 1982 ῗῇξξ
318 1927 390 1963 tea
409 1923 755 1975 Hildebrandus,
779 1926 936 1968 Suanae
957 1927 1002 1967 in

176 1967 291 2005 *³2³4
318 1980 493 2020 Etruria
511 1985 650 2030 natus,
671 1981 882 2032 doctrina,
907 1996 1000 2024 san-

169 2035 336 2085 ctitate,
366 2038 573 2088 omnique
602 2037 813 2079 virtutum
840 2040 1001 2089 genere

169 2104 268 2132 cum
299 2092 451 2144 primis
483 2092 660 2143 nobilis,
693 2094 877 2136 mirifice
910 2096 1000 2137 uni-

167 2149 341 2189 versam
369 2149 452 2190 Dei
484 2149 719 2192 illustravit
746 2151 1001 2194 Ecclesiam.

169 2204 279 2246 Cum
305 2206 515 2257 parvulus
542 2206 599 2247 ad
624 2206 737 2249 fabri
760 2207 878 2259 ligna
898 2208 1000 2250 edo-

168 2260 299 2302 lantis
309 2260 459 2314 pedes,
474 2263 559 2313 jam
572 2262 818 2305 litterarum
828 2265 1001 2317 insciuS,

167 2316 351 2367 luderet,
372 2330 426 2359 ex
446 2319 618 2370 rejectis
637 2324 785 2361 tamen
804 2323 999 2372 segmen-

166 2373 223 2415 tis
248 2373 322 2415 illa
345 2373 550 2415 Davidici
577 2375 792 2418 elementa
819 2378 1001 2418 oraculi:

166 2429 476 2472 Dominabitur
499 2443 524 2471 a
544 2432 654 2472 mari
672 2445 811 2484 usque
831 2433 888 2474 ad
907 2446 994 2474 ma-

166 2498 229 2527 re:
244 2499 351 2527 casu
365 2486 579 2528 formasse
594 2490 806 2538 narratur,
820 2502 997 2530 manum

165 2542 292 2595 pueri
312 2541 522 2584 ductante
541 2542 743 2594 Numine,
765 2557 852 2596 quo
873 2545 1000 2596 signi-

166 2598 384 2648 ficaretur,
404 2599 495 2651 ejus
512 2599 606 2640 fore
625 2599 939 2652 amplissimam
956 2601 1000 2642 in

166 2655 331 2697 mundo
356 2656 676 2697 auctoritatem.
714 2657 903 2698 Romam
927 2657 999 2699 de-

165 2710 268 2753 inde
282 2711 509 2764 profectus
523 2711 604 2754 sub
615 2713 893 2765 protectione
905 2727 998 2755 san-

1062 290 1121 331 cti
1139 290 1258 331 Petri
1278 289 1491 332 educatus
1512 295 1591 332 est.
1617 291 1642 332 J
1644 293 1799 334 uvenis
1813 293 1894 334 Ec·

1062 347 1208 388 clesiae
1237 346 1487 388 libertatem
1515 360 1541 388 a
1564 347 1688 389 laicis
1713 351 1894 401 oppres-

1061 415 1170 452 sam,
1198 415 1250 444 ac
1275 402 1543 455 depravatos
1561 404 1892 446 Ecclesiastico—

1061 472 1157 500 rum
1176 471 1323 500 mores
1342 459 1644 501 vehementius
1663 460 1829 511 dolens,
1848 462 1892 502 in

1062 515 1338 557 Cluniacensi
1374 516 1660 566 monasterio,
1697 516 1772 559 ubi
1809 517 1891 559 sub

1060 572 1210 622 regula
1231 572 1372 614 sancti
1390 571 1619 614 Benedicti
1639 573 1892 615 austerioris

1060 629 1162 670 vitae
1187 628 1468 670 observantia
1494 641 1547 670 eo
1577 630 1779 681 tempore
1804 632 1891 671 ma-

1059 684 1175 726 xime
1212 685 1405 735 vigebat,
1450 684 1656 726 monachi
1693 685 1891 727 habitum

1059 740 1263 790 induens,
1290 747 1413 783 tanto
1438 741 1618 794 pietatis
1645 741 1803 784 ardore
1830 742 1890 784 di-

1059 799 1172 838 vinae
1204 798 1423 848 majestati
1457 797 1754 849 deserviebat,
1786 803 1834 840 ut
1866 811 1892 840 a

1058 854 1221 895 sanctis
1251 854 1447 905 ejusdem
1475 855 1668 897 coenobii
1691 855 1892 909 patribus

1058 909 1185 950 Prior
1211 911 1267 951 sit
1293 910 1469 952 electus.
1506 911 1594 953 Sed
1618 911 1766 954 divina
1789 925 1889 965 pro-

1058 965 1250 1008 videntia
1277 968 1443 1018 majora
1468 968 1523 1010 de
1548 981 1602 1010 eo
1628 968 1890 1021 disponente

1057 1022 1100 1062 in
1135 1023 1322 1065 salutem
1358 1023 1648 1076 plurimorum
1683 1025 1891 1066 Cluniaco

1059 1077 1244 1121 eductus
1262 1079 1610 1130 HildebranduS,
1635 1080 1789 1122 Abbas
1807 1081 1892 1133 pri-

1056 1148 1178 1176 mum
1208 1137 1464 1178 monasterii
1499 1138 1639 1179 sancti
1666 1137 1791 1179 Pauli
1821 1149 1891 1178 ex-

1057 1196 1126 1232 tra
1151 1205 1302 1234 muros
1322 1192 1455 1234 Urbis
1483 1193 1664 1243 electus,
1693 1206 1745 1235 ac
1771 1195 1891 1246 post-

1057 1246 1240 1290 modum
1264 1249 1481 1291 Romanae
1505 1250 1718 1292 Ecclesiae
1742 1249 1891 1292 Cardi-

1056 1304 1168 1346 nalis
1187 1307 1377 1355 creatus,
1403 1305 1484 1348 sub
1504 1306 1693 1347 Summis
1710 1306 1892 1348 Pontifi-

1058 1360 1192 1411 cibus,
1216 1361 1366 1403 Leone
1386 1374 1515 1412 nono,
1534 1363 1721 1404 Victore
1740 1365 1890 1404 secun—

1058 1417 1127 1466 do,
1147 1417 1371 1470 Stephano
1386 1431 1516 1468 nono,
1535 1418 1722 1461 Nicolao
1740 1421 1891 1460 secun-

1058 1473 1132 1524 do,
1158 1479 1201 1516 et
1220 1474 1476 1516 Alexandro
1501 1475 1713 1526 secundo,
1737 1477 1890 1528 praeci-

1056 1530 1155 1582 puis
1204 1530 1458 1572 muneribus
1509 1536 1552 1573 et
1597 1531 1892 1582 legationibus

1057 1586 1314 1638 perfunctus
1334 1592 1419 1636 est,
1446 1588 1725 1637 sanctissimi,
1750 1592 1794 1642 et
1813 1601 1890 1640 pu-

1056 1643 1218 1685 rissimi
1246 1643 1418 1685 consilii
1446 1644 1512 1686 vir
1540 1657 1566 1686 a
1593 1644 1728 1687 beato
1756 1646 1890 1687 Petro

1055 1699 1272 1740 Damiano
1305 1702 1593 1753 nuncupatus.
1638 1702 1679 1742 A
1706 1702 1891 1744 Victore

1055 1755 1178 1808 Papa
1205 1755 1402 1798 secundo
1433 1756 1607 1808 legatus
1631 1770 1657 1798 a
1682 1756 1822 1800 latere
1844 1757 1890 1799 in

1057 1811 1247 1853 Galliam
1279 1812 1456 1863 missus,
1488 1812 1694 1864 Lugduni
1722 1816 1890 1867 cpisco-

1055 1881 1161 1920 pum
1192 1869 1432 1911 simoniaca
1463 1869 1563 1912 labe
1593 1870 1801 1912 infectum
1833 1871 1891 1913 ad

1056 1925 1124 1966 sui
1137 1926 1328 1966 criminis
1341 1926 1665 1968 confessionem
1674 1927 1889 1969 miraculo

1055 1981 1213 2033 adegit.
1268 1982 1586 2033 Berengarium
1619 1983 1664 2024 in
1701 1983 1888 2025 concilio

1055 2037 1301 2079 Turonensi
1320 2038 1377 2080 ad
1395 2039 1598 2080 iteratam
1615 2038 1797 2081 haeresis
1817 2039 1890 2081 ab·

1055 2094 1314 2144 jurationem
1333 2095 1556 2148 compulit.
1579 2095 1763 2137 Cadaloi
1783 2108 1888 2148 quo-

1056 2163 1142 2203 que
1153 2150 1343 2192 schisma
1354 2164 1432 2192 sua
1441 2151 1602 2193 virtute
1614 2153 1889 2205 compressit.

1109 2209 1162 2261 Ει.
1184 2207 1337 2250 Inveni
1359 2207 1507 2250 David
1532 2221 1708 2250 servum
1731 2221 1888 2260 meum,

1057 2263 1156 2305 oleo
1181 2268 1333 2305 sancto
1359 2276 1460 2305 meo
1485 2265 1591 2306 unxi
1617 2278 1731 2306 eum:
1751 2268 1776 2293 *
1799 2265 1888 2307 Ma-

1054 2333 1135 2362 nus
1189 2320 1306 2362 enim
1357 2333 1456 2362 mea
1505 2321 1785 2364 auxiliabitur
1838 2322 1888 2364 ei.

1058 2372 1108 2424 V.
1131 2377 1251 2418 Nihil
1277 2377 1481 2430 proficiet
1508 2378 1710 2420 inimicus
1743 2378 1787 2418 in
1821 2391 1887 2428 eo,

1055 2438 1099 2475 et
1142 2433 1257 2474 filius
1297 2433 1540 2486 iniquitatis
1580 2447 1668 2475 non
1708 2433 1886 2476 nocebit

1055 2490 1106 2531 ei.
1147 2490 1315 2532 Manus.

1368 2546 1520 2589 Lectio
1540 2562 1578 2589 v.

1158 2605 1287 2644 ortuo
1307 2602 1563 2645 Alexandro
1586 2601 1797 2652 secundo,
1825 2603 1885 2643 in-

1175 2661 1307 2709 vitus,
1353 2664 1397 2701 et
1441 2672 1648 2709 moerens,
1694 2659 1885 2700 unanimi

1055 2715 1249 2756 omnium
1275 2717 1506 2766 consensu,
1533 2714 1705 2757 decimo
1724 2715 1885 2757 Kalen-
