2040 2976
749 206 959 238 Commune
986 204 1098 237 unius
1126 203 1314 246 Martyris.

179 305 498 348 nedictienibus
513 302 769 345 dulcedinis:
784 302 806 326 *
823 300 1007 354 posuisti

179 363 221 404 in
251 363 393 415 capite
422 361 513 413 ejus
541 361 751 402 corenam
779 357 833 400 de
862 356 1007 410 lapide

180 419 386 472 pretieso.

230 476 378 516 Vitam
399 473 523 527 petiit
543 486 567 514 a
587 477 644 514 te:
663 473 686 497 *
707 476 750 513 et
764 469 953 512 tribuisti
970 469 1007 510 ei

179 530 494 582 longitudinem
520 529 687 571 dierum
715 529 758 568 in
787 526 1007 574 saeculum‚

179 594 223 630 et
240 589 283 629 in
303 587 513 628 saeculum
538 585 698 626 saeculi.

231 645 390 695 Magna
413 648 481 685 est
498 643 638 694 gleria
657 642 747 693 ejus
766 641 809 681 in
829 639 1008 680 salutari

179 707 270 743 tuo:
285 702 308 726 *
323 700 507 752 gloriam
523 704 566 741 et
580 711 786 749 magnum
802 696 1007 738 decorem

179 759 380 810 impenes
401 769 531 809 super
552 768 662 797 eum.

232 814 448 865 Queniam
481 812 606 854 dabis
637 824 736 852 eum
763 810 806 850 in
833 807 1008 850 benedi-

180 871 370 913 ctienem
389 870 432 910 in
453 868 662 910 saeculum
679 865 842 908 saeculi:
860 866 883 890 *
903 864 1008 906 laeti-

179 927 332 969 ficabis
360 940 459 968 eum
489 926 532 966 in
563 923 724 976 gaudio
758 935 857 964 cum
886 920 1008 962 vultu

181 989 269 1026 tuo.

232 1040 447 1091 Quoniam
472 1052 550 1080 rex
574 1042 722 1090 sperat
739 1037 783 1077 in
802 1034 1009 1076 Demino:

180 1098 203 1122 *
228 1103 271 1138 et
294 1097 337 1138 in
360 1094 660 1137 misericerdia
682 1091 897 1134 Altissimi
920 1103 1005 1132 non

181 1153 538 1195 commovebitur.

231 1210 482 1251 Inveniatur
514 1220 668 1249 manus
699 1211 775 1248 tua
807 1203 1009 1246 &mnibus

179 1267 363 1308 inimicis
378 1266 477 1308 tuis:
493 1266 515 1291 *
532 1264 713 1306 dextera
727 1268 803 1304 tua
816 1261 1008 1302 inveniat

180 1337 342 1373 omnes,
364 1323 437 1376 qui
456 1327 499 1364 te
520 1321 718 1367 oderunt.

230 1381 375 1421 Pones
404 1392 480 1421 eos
507 1384 555 1420 ut
584 1377 803 1419 clibanum
830 1375 942 1426 ignis
965 1374 1009 1415 in

179 1439 377 1489 tempore
401 1436 546 1477 vultus
571 1435 649 1476 tui:
672 1435 695 1459 *
720 1433 937 1474 Deminus
966 1431 1010 1472 in

178 1494 243 1534 ira
262 1506 340 1534 sua
360 1491 640 1534 conturbabit
660 1503 748 1539 eos,
768 1495 811 1531 et
828 1489 1008 1531 devora-

179 1550 244 1591 bit
263 1562 339 1591 eos
359 1550 481 1600 ignis.

231 1607 442 1647 Fructum
462 1607 614 1647 eerum
634 1604 689 1645 de
704 1608 821 1645 terra
835 1601 1010 1655 perdes:

178 1665 201 1689 *
219 1670 264 1705 et
283 1676 430 1704 semen
451 1664 603 1704 eerum
619 1674 644 1702 a
658 1660 759 1701 filiis
773 1659 1010 1700 hominum.

232 1719 449 1770 Queniam
501 1717 831 1759 declinaverunt
876 1715 920 1755 in
966 1719 1010 1755 te

181 1777 310 1818 mala:
329 1777 351 1801 *
373 1775 675 1826 cogitaverunt
695 1772 887 1821 consilia,
912 1784 1010 1823 quae

185 1846 273 1875 non
292 1834 530 1886 potuerunt
550 1830 756 1872 stabilire.

234 1889 449 1940 Quoniam
485 1901 624 1941 pones
661 1899 738 1928 eos
771 1885 965 1927 dorsum:
988 1884 1011 1909 *

182 1947 225 1987 in
244 1946 438 1998 reliquiis
457 1946 543 1986 tuis
558 1942 830 1998 praeparabis
845 1941 1013 1982 vultum

185 2016 347 2044 eorum.

236 2059 441 2100 Exaltare
460 2058 648 2099 Domine
672 2058 716 2098 in
740 2056 900 2096 virtute
924 2059 1013 2095 tua:

184 2116 207 2140 *
224 2114 495 2156 cantabimus
516 2120 558 2156 et
577 2114 813 2167 psallemus
828 2112 1013 2152 virtutes

185 2177 293 2213 tuas.

240 2228 339 2268 Ant.
374 2227 562 2269 Posuisti
581 2227 770 2268 Demine
795 2237 927 2277 super
948 2237 1014 2265 ca-

186 2290 265 2337 put
298 2285 389 2336 ejus
419 2286 627 2326 coronam
656 2283 711 2325 de
739 2281 887 2334 lapide
919 2293 1014 2333 pre-

186 2341 315 2382 tioso.

237 2392 285 2443 Y'.
307 2397 465 2448 Magna
485 2402 552 2438 est
571 2397 710 2447 gloria
730 2397 820 2447 ejus
840 2395 884 2435 in
904 2394 1014 2435 salu-

188 2454 272 2495 tari
296 2459 385 2495 tuo.
429 2454 476 2505 R.
514 2452 712 2493 G16riam
741 2457 784 2494 et
810 2464 1015 2502 magnum

188 2510 394 2552 decorem
414 2510 614 2561 impones
635 2522 766 2561 super
787 2521 896 2549 eum.

242 2567 371 2608 Pater
391 2571 552 2608 noster.

237 2623 484 2664 Absolutio.
516 2625 553 2662 A
579 2620 774 2661 vinculis.

238 2676 286 2726 Y
319 2679 431 2721 Jube
461 2678 622 2719 domne
649 2676 922 2718 benedicere.

239 2737 401 2778 Bened.
431 2734 694 2786 Evangelica
712 2733 856 2774 lectio.

1060 299 1216 341 Lectio
1242 296 1627 396 sanctiffvangelii
1651 296 1893 339 secundum

1428 367 1566 396 ucam.

1167 419 1317 460 Lectio
1340 421 1408 464 vii.
1569 421 1672 473 Cap.
1688 422 1746 461 14.
1762 420 1787 461 f.

1110 495 1137 522 n
1162 481 1237 522 illo
1263 483 1479 534 tempore:
1507 480 1629 521 Dixit
1653 480 1678 521 J
1681 493 1781 521 esus
1804 482 1892 518 tur-

1136 537 1219 579 bis:
1247 538 1291 578 Si
1311 538 1410 590 quis
1430 537 1549 579 venit
1567 536 1625 578 ad
1642 549 1724 587 me,
1743 541 1787 578 et
1804 547 1893 577 non

1062 594 1156 636 odit
1182 599 1353 647 patrem
1383 607 1526 643 suum,
1555 598 1598 634 et
1620 597 1822 642 matrem,
1850 595 1894 633 et

1062 654 1256 700 uxorem,
1285 656 1329 692 et
1348 651 1474 700 filios,
1503 655 1547 691 et
1566 650 1734 698 fratres,
1763 653 1807 691 et
1825 661 1892 689 so-

1063 710 1204 758 rores,
1250 707 1394 749 adhuc
1434 712 1582 748 autem
1618 711 1662 748 et
1704 705 1905 747 animam.

1063 777 1201 814 suam,
1233 777 1322 806 non
1339 769 1489 818 potest
1507 776 1631 805 meus
1652 775 1749 804 esse
1766 762 1893 804 disci-

1062 821 1202 873 pulus.
1239 822 1296 863 Et
1316 821 1497 873 reliqua.

1155 899 1348 940 Homilia
1366 900 1406 940 S.
1427 897 1633 950 Gregorii
1650 897 1798 950 Papae.

1133 998 1137 1001 .
1223 964 1365 999 Homil.
1383 963 1434 997 37.
1454 962 1491 996 in
1509 961 1733 1005 Evangelia.

1158 1022 1178 1068 :i
1202 1021 1548 1071 consideremus,
1582 1020 1740 1062 fratres
1764 1019 1893 1060 caris-

1065 1025 1161 1165 Ξ
1191 1079 1308 1128 simi,
1352 1091 1451 1130 quae
1493 1082 1537 1119 et
1575 1081 1739 1130 quanta
1781 1079 1894 1124 sunt,

1069 1139 1161 1165 „A
1187 1147 1286 1187 quae
1322 1134 1451 1176 nobis
1493 1134 1809 1187 promittuntur
1850 1131 1894 1172 in

1063 1191 1199 1242 coelis,
1224 1191 1440 1232 vilescunt
1460 1190 1606 1232 animo
1627 1189 1775 1231 emnia
1795 1200 1894 1240 quae

1063 1248 1280 1290 habentur
1305 1248 1350 1289 in
1375 1247 1515 1289 terris.
1555 1246 1753 1288 Terrena
1776 1257 1894 1286 nam-

1064 1318 1148 1358 que
1183 1304 1427 1347 substantia
1460 1305 1663 1357 supernae
1699 1300 1896 1344 felicitAti

1063 1364 1335 1415 comparata,
1364 1360 1541 1415 pondus
1569 1364 1651 1410 est,
1679 1371 1768 1400 non
1796 1357 1894 1400 sub-

1064 1418 1233 1461 sidium.
1287 1417 1567 1471 Temporalis
1594 1417 1685 1458 vita
1718 1417 1895 1457 aeternae

1063 1477 1165 1517 vitae
1194 1477 1467 1528 comparata,
1503 1486 1624 1515 mors
1653 1478 1721 1515 est
1746 1472 1896 1525 petius

1063 1532 1250 1574 dicenda
1292 1545 1423 1584 quam
1465 1531 1564 1572 vita.
1636 1531 1740 1583 Ipse
1782 1528 1897 1570 enim

1065 1589 1346 1642 quotidianus
1375 1588 1572 1630 defectus
1601 1585 1896 1639 corruptienis

1066 1646 1171 1698 quid
1213 1651 1279 1687 est
1328 1645 1465 1695 aliud,
1521 1657 1651 1697 quam
1694 1641 1897 1695 quaedam

1063 1702 1292 1755 prolixitas
1311 1699 1489 1743 mortis?
1526 1702 1635 1751 Quae
1655 1704 1802 1741 autem
1819 1697 1896 1739 lin·

1064 1772 1150 1811 gua
1169 1758 1326 1809 dicere,
1354 1758 1424 1800 vel
1445 1758 1542 1810 quis
1562 1756 1808 1798 intellectus
1828 1756 1896 1796 ea-

1064 1829 1170 1869 pere
1189 1815 1361 1864 sufficit,
1389 1814 1462 1855 illa
1483 1815 1686 1867 supernae
1707 1811 1897 1854 civitatis

1066 1877 1229 1925 quanta
1270 1873 1357 1913 sint
1397 1870 1576 1924 gaudia3
1626 1868 1898 1921 Angelerum

1066 1929 1212 1971 choris
1238 1929 1468 1978 interesse,
1507 1940 1606 1969 cum
1632 1925 1898 1968 beatissimis

1067 1985 1291 2039 spiritibus
1323 1985 1476 2037 gleriae
1513 1982 1756 2026 conditoris
1793 1983 1897 2023 assi-

1067 2049 1193 2093 stere,
1221 2045 1488 2096 praesentem
1506 2041 1590 2082 Dei
1611 2039 1782 2082 vultum
1809 2039 1898 2080 cer-

1066 2113 1185 2150 nere,
1213 2099 1638 2151 incircumscriptum
1666 2096 1813 2137 lumen
1839 2094 1898 2136 vi-

1068 2156 1187 2206 dere,
1215 2156 1335 2197 nullo
1359 2155 1515 2197 mortis
1540 2159 1660 2195 metu
1680 2152 1811 2202 affici,
1838 2151 1898 2192 in-

1068 2212 1362 2299 corrpuptienis
1382 2213 1608 2265 perpetuae
1627 2212 1808 2251 munere
1827 2207 1899 2249 lae-

1068 2270 1168 2311 tari.

1121 2334 1168 2386 R*-
1210 2331 1384 2372 Corena
1425 2332 1559 2370 aurea
1595 2339 1728 2380 super
1767 2329 1901 2378 caput

1069 2389 1175 2440 ejus,
1191 2391 1212 2413 *
1246 2387 1469 2439 Expressa
1494 2386 1618 2436 signo
1644 2381 1899 2431 sanctitatis

1068 2445 1208 2496 gleria
1222 2443 1414 2492 honeris,
1431 2447 1474 2484 et
1489 2455 1602 2495 opus
1622 2438 1901 2482 fortiti1dinis.

1066 2499 1116 2550 V.
1138 2501 1355 2552 Queniam
1374 2498 1628 2552 praevenisti
1649 2510 1747 2539 eum
1766 2496 1810 2537 in
1827 2495 1900 2537 be-

1069 2556 1391 2599 nedictionibus
1421 2554 1679 2604 dulcedinis,
1714 2551 1901 2606 posuisti

1070 2615 1112 2655 in
1141 2614 1285 2667 capite
1314 2614 1404 2665 ejus
1433 2614 1642 2654 corenam
1671 2609 1726 2651 de
1753 2606 1900 2661 lapide

1070 2671 1277 2723 pretioso.
1305 2670 1538 2722 Expressa.

1121 2730 1281 2771 Bened.
1312 2731 1446 2783 Cujus
1466 2729 1626 2771 festum
1646 2726 1840 2768 celimus.
