2040 2976
583 198 700 232 Sexta
726 197 787 230 die
814 196 913 230 infra
938 195 1018 229 Oct.
1044 194 1100 229 Ss.
1126 194 1229 228 Petri
1254 199 1290 227 et
1314 193 1434 227 l'auli.

160 309 335 350 semper
371 308 454 337 nos
491 294 748 348 specialium
783 294 991 346 patrone-

160 367 257 395 rum
300 351 574 395 orationibus
612 349 899 402 adjuvandos:
944 353 992 390 ut

160 414 373 462 quantum
399 408 594 462 prepriis
623 407 820 460 peccatis
849 405 989 458 depri-

159 466 332 516 mimur,
355 471 526 508 tantum
546 463 804 518 apostelicis
825 462 991 504 meritis

161 523 397 575 erigamur:
421 522 507 563 Per
531 520 770 563 Deminum
791 524 992 560 nostrum

160 580 185 620 J
188 592 311 621 esum
336 579 573 628 Christum,
602 578 671 619 cui
697 582 766 619 est
791 589 890 617 cum
911 575 990 616 Pa-

161 641 227 678 tre
254 641 298 678 et
324 641 476 677 sancto
496 634 662 688 Spiritu
689 632 843 674 eadem
867 633 991 685 pote-

162 699 270 743 stas,
298 705 384 734 una
407 690 629 741 divinitas,
656 690 701 731 in
724 689 887 730 saecula
911 701 990 729 sae-

162 749 373 791 cu16rum.
401 749 555 789 Amen.

132 815 134 817 ’
213 812 263 863 R.
291 809 370 850 Isti
390 813 500 850 sunt.
520 807 602 860 [10]

212 872 256 906 In
280 871 344 905 III.
365 871 564 904 Nocturno
591 868 759 902 Homilia
786 868 823 901 in
845 868 990 910 Evang.

161 921 262 954 Ecce
277 928 363 953 nos.
379 918 425 953 de
444 918 588 953 Comm.
604 918 742 960 Apost.
758 916 788 950 2.
806 912 981 956 loco.[ll]

438 1003 522 1046 Die
545 1004 584 1044 4.
607 1002 632 1043 J
634 1002 720 1044 ulii.

285 1074 417 1114 Sexta
437 1071 506 1112 die
527 1070 637 1111 infra
657 1070 871 1111 Octavam

348 1130 418 1172 Ss.
437 1128 575 1170 Petri
596 1133 639 1168 et
655 1127 811 1169 Pauli.

214 1198 257 1232 In
287 1196 313 1231 Ι.
344 1195 544 1230 Nocturno
581 1193 785 1227 Lectiones
817 1192 863 1226 de
895 1192 992 1227 Scri·

163 1251 277 1291 ptura
300 1247 533 1279 occurrente.

391 1310 440 1348 111
467 1309 517 1347 II.
546 1308 769 1347 Nocturno.

164 1372 232 1412 De
244 1369 535 1422 Expositione
550 1367 690 1409 sancti
700 1367 725 1408 J
727 1367 851 1409 oanis
861 1366 994 1419 Chry-

166 1426 349 1468 sestomi
362 1426 407 1466 in
419 1425 667 1478 Epistolam
683 1424 740 1466 ad
755 1424 995 1465 Romanos.

277 1488 395 1522 Serm.
410 1487 462 1521 32.
480 1486 519 1520 in
536 1485 674 1520 morali
693 1485 881 1519 exhortat.

467 1539 619 1579 Lectio
640 1538 693 1578 iv.

173 1609 272 1660 2317
283 1612 357 1640 um
370 1598 533 1640 Paulus
548 1597 794 1650 Apestolus
809 1597 996 1648 gratiam

191 1662 254 1685 ⁴
299 1655 477 1697 Demini
507 1654 648 1696 nostri
680 1654 786 1696 Jesu
819 1654 996 1710 Christi,

173 1713 182 1727 k
300 1718 486 1754 matrem
531 1711 725 1752 omnium
760 1711 996 1757 bonorum,

164 1769 294 1811 nobis
325 1770 547 1822 precetur3
581 1767 799 1820 reliquum
832 1773 916 1817 est,
948 1773 998 1809 ut

165 1839 247 1868 nos
282 1826 360 1868 tali
395 1825 644 1878 patrocinio
684 1824 843 1876 dignos
880 1823 997 1866 exhi-

165 1882 366 1931 beamus,
393 1887 442 1923 ut
466 1894 555 1923 non
580 1881 652 1922 hic
676 1880 819 1922 solum
841 1893 998 1922 vocem

165 1938 291 1980 Pauli
309 1937 556 1986 audiamus,
585 1937 665 1979 sed
688 1942 733 1979 et
757 1942 998 1990 postquam

165 1995 269 2037 illuc
287 1995 628 2046 migraverimus,
648 1993 857 2036 athletam
878 1994 998 2035 Chri-

168 2052 225 2094 sti
251 2050 402 2094 videre
428 2053 687 2093 mereamur.
736 2051 832 2093 Imo
861 2051 898 2092 si
925 2050 997 2092 hic

167 2107 474 2157 audiverimus,
495 2112 538 2149 et
556 2107 645 2149 illic
657 2107 804 2160 ipsum
819 2109 996 2148 omnino

168 2163 428 2215 videbimus3
456 2164 559 2206 licet
581 2176 670 2206 non
695 2176 719 2205 e
743 2166 996 2217 propinquo

168 2226 352 2270 stantes,
393 2220 644 2262 videbimus
675 2225 823 2262 tamen
855 2232 998 2273 prope

167 2276 362 2328 regalem
415 2276 623 2318 thronum
677 2275 998 2328 splendentem,

168 2333 243 2375 ubi
280 2332 517 2375 Cherubim
550 2332 695 2374 Deum
735 2332 999 2383 glorificant,

168 2390 244 2431 ubi
262 2389 493 2442 seraphim
512 2388 680 2438 volant,
706 2388 797 2430 illic
814 2388 1000 2429 Paulum

168 2445 416 2488 videbimus
450 2458 550 2486 cum
578 2445 713 2487 Petro
749 2446 1000 2486 nancterum

170 2502 293 2544 chori
311 2502 558 2555 principem
579 2513 631 2542 ac
650 2500 818 2552 ducem,
846 2506 890 2543 et
909 2502 1000 2554 ejus

170 2561 376 2610 germana
396 2558 580 2600 caritate
599 2557 802 2599 fruemur.

223 2618 277 2669 R*-
293 2614 399 2657 Vidi
418 2615 676 2666 conjunctos
692 2614 823 2663 viros,
841 2613 1000 2655 haben-

171 2676 240 2713 tes
265 2669 522 2724 splendidas
546 2676 711 2720 vestes,
738 2675 782 2712 et
805 2670 1001 2721 Angelus

170 2727 349 2769 Demini
366 2727 540 2770 locutus
560 2731 627 2769 est
645 2726 702 2769 ad
720 2739 808 2777 me,
834 2725 1000 2768 dicens:

1046 297 1068 320 *
1096 290 1176 332 Isti
1208 295 1310 332 sunt
1337 290 1420 331 viri
1452 290 1591 331 sancti
1618 290 1722 332 facti
1749 290 1878 332 amici

1043 347 1139 388 Dei.
1170 346 1219 398 V.
1238 346 1343 388 Vidi
1363 346 1581 397 Angelum
1600 346 1685 387 Dei
1705 346 1877 396 fortem,

1043 403 1267 445 volantem
1282 415 1362 455 per
1377 402 1570 443 medium
1585 402 1756 452 coelum,
1766 415 1877 444 voce

1044 472 1203 510 magna
1214 459 1477 501 clamantem
1489 464 1533 500 et
1545 458 1773 500 dicentem.
1788 459 1878 500 Isti.

1354 515 1507 555 Lectio
1528 529 1564 554 v.

1047 570 1128 677 Si
1160 572 1289 621 enim,
1329 585 1428 613 cum
1460 571 1531 612 hic
1566 576 1699 621 esset,
1737 585 1878 624 usque

1123 628 1235 671 adeo
1257 628 1467 680 diligebat
1485 628 1697 677 homines,
1715 633 1763 670 ut
1779 641 1878 670 cum

1046 686 1229 729 disselvi
1249 691 1294 728 et
1314 699 1414 727 cum
1435 685 1609 727 Christo
1631 698 1728 726 esse
1748 689 1878 738 cupe-

1046 749 1127 794 ret,
1147 743 1330 794 elegerit
1348 747 1496 784 tamen
1515 741 1586 783 hic
1605 754 1720 783 esse:
1738 743 1878 784 multo

1045 801 1184 852 magis
1207 800 1295 841 illic
1320 798 1633 841 ferventiorem
1652 798 1880 840 caritatem

1048 857 1264 899 ostendet.
1291 856 1387 907 Ego
1409 860 1452 897 et
1471 856 1661 896 Romam
1680 857 1879 907 propter-

1049 927 1100 956 ea
1138 914 1290 964 diligo,
1334 912 1511 954 tametsi
1548 910 1724 952 aliunde
1760 911 1880 952 illam

1046 971 1228 1013 laudare
1250 982 1419 1023 queam,
1443 981 1604 1021 nempe
1623 981 1649 1009 a
1667 968 1880 1019 magnitu-

1048 1027 1166 1077 dine,
1195 1026 1249 1069 ab
1279 1026 1558 1078 antiquitate,
1587 1037 1613 1065 a
1639 1024 1879 1077 pulchritu-

1049 1084 1160 1134 dine,
1186 1097 1211 1125 a
1235 1082 1528 1131 multitudine,
1554 1081 1609 1123 ab
1629 1082 1827 1134 imperio,
1856 1095 1882 1123 a

1049 1140 1224 1191 divitiis,
1247 1145 1291 1182 et
1311 1153 1336 1181 a
1356 1139 1487 1181 rebus
1507 1138 1551 1179 in
1570 1138 1688 1179 bello
1709 1138 1881 1180 fortiter

1047 1197 1195 1248 gestis.
1241 1196 1328 1238 Sed
1359 1195 1427 1237 his
1460 1194 1662 1236 Omnibus
1695 1195 1880 1245 omissis,

1048 1254 1106 1296 ob
1126 1254 1171 1295 id
1190 1253 1310 1294 illam
1329 1252 1506 1294 beatam
1524 1250 1738 1304 praedico,
1760 1251 1881 1303 quod

1048 1324 1153 1363 erga
1194 1311 1293 1352 illos
1330 1309 1510 1359 Paulus,
1556 1307 1662 1350 dum
1697 1311 1880 1357 viveret,

1048 1367 1161 1410 adeo
1199 1367 1278 1408 fuit
1314 1365 1573 1415 benevolus,
1629 1363 1742 1406 adeo
1780 1364 1880 1406 illos

1049 1425 1226 1473 amavit,
1253 1428 1296 1465 et
1316 1435 1466 1465 coram
1486 1422 1709 1471 disseruit,
1736 1426 1779 1463 et
1803 1434 1880 1474 po-

1050 1483 1214 1524 stremo
1231 1481 1367 1522 vitam
1385 1479 1504 1532 apud
1524 1491 1601 1520 eos
1620 1479 1770 1520 finivit.
1801 1479 1880 1520 Cu·
1928 1487 1931 1492 ¹

1048 1539 1113 1590 jus
1134 1542 1333 1579 sanctum
1353 1548 1516 1588 corpus
1535 1535 1621 1588 ipsi
1635 1534 1881 1588 pessident:

1052 1600 1095 1636 et
1118 1595 1357 1647 propterea
1380 1592 1534 1634 civitas
1553 1591 1628 1632 illa
1647 1591 1748 1632 hinc
1767 1592 1882 1632 facta

1051 1656 1118 1693 est
1148 1650 1330 1701 insignis
1363 1649 1504 1701 magis
1539 1661 1670 1701 quarn
1702 1648 1757 1690 ab
1787 1648 1882 1689 aliis

1049 1708 1182 1750 rebus
1211 1706 1428 1749 emnibus:
1464 1711 1507 1748 et
1534 1711 1761 1758 tamquam
1789 1718 1882 1747 cor-

1049 1779 1132 1818 pus
1156 1777 1364 1815 magnum
1388 1775 1439 1804 ac
1458 1762 1653 1804 validum
1678 1762 1791 1804 duos
1808 1762 1882 1803 ha-

1049 1821 1125 1864 bet
1163 1820 1317 1863 Oculos
1353 1819 1586 1870 fulgentes,
1630 1821 1882 1860 sanctorum

1050 1877 1258 1920 videlicet
1276 1876 1436 1918 horum
1456 1878 1657 1928 cerpora.

1104 1936 1155 1988 R.
1171 1934 1301 1976 Beati
1323 1932 1440 1982 estis,
1459 1945 1559 1973 cum
1578 1931 1884 1975 maledixerint

1051 1991 1178 2033 vobis
1210 1989 1427 2039 homines,
1465 1993 1510 2029 et
1543 1989 1768 2041 persecuti
1801 2002 1882 2031 vos

1050 2047 1227 2096 fuerint,
1265 2051 1310 2087 et
1344 2045 1535 2087 dixerint
1563 2057 1692 2086 omne
1718 2045 1883 2087 malum

1051 2103 1286 2146 adversum
1299 2114 1392 2151 vos,
1406 2101 1679 2150 mentientes,
1698 2108 1884 2155 propter

1050 2173 1138 2202 me:
1166 2161 1189 2185 *
1213 2158 1416 2202 Gaudete
1443 2163 1487 2200 et
1513 2158 1747 2209 exsultate,
1777 2162 1882 2212 que-

1052 2218 1170 2258 niam
1188 2228 1358 2258 merces
1376 2219 1523 2257 vestra
1546 2215 1730 2268 copiosa
1753 2221 1820 2257 est
1839 2217 1882 2256 in

1052 2273 1187 2316 coelis.
1224 2268 1275 2320 V.
1299 2272 1410 2314 Cum
1434 2284 1516 2314 vos
1543 2271 1718 2314 ederint
1744 2272 1881 2314 hemi-

1050 2343 1147 2380 nes,
1180 2334 1224 2372 et
1251 2342 1352 2370 cum
1379 2328 1681 2381 separaverint
1706 2341 1805 2379 vos,
1839 2334 1883 2371 et

1052 2385 1430 2439 exprobraverint,
1445 2390 1489 2427 et
1505 2385 1710 2437 ejecerint
1723 2398 1883 2428 nomen

1051 2448 1247 2485 vestrum
1271 2448 1499 2495 tamquam
1517 2442 1682 2483 malum
1700 2447 1884 2495 propter

1052 2500 1211 2542 Filium
1228 2499 1429 2541 hominis.
1458 2497 1671 2540 Gaudete.

1356 2557 1509 2597 Lectio
1530 2557 1581 2596 vi.

1149 2626 1207 2655 on
1221 2613 1283 2654 ita
1297 2611 1459 2654 coelum
1469 2611 1740 2665 splendescit
1751 2623 1883 2663 quan-

1158 2668 1216 2711 do
1242 2668 1392 2711 radios
1415 2668 1483 2710 sol
1503 2667 1710 2717 demittit,
1736 2681 1883 2721 quem-

1054 2725 1295 2769 admodum
1313 2726 1615 2768 Romanerum
1637 2724 1743 2767 urbs
1768 2724 1881 2767 duos
