2040 2976
179 191 245 226 524
530 195 599 228 Dic
627 194 676 227 is.
704 195 799 235 Aug.

231 288 280 339 Y.
308 286 511 328 Exaltata
539 292 606 327 est
635 289 786 327 sancta
812 285 896 326 Dei
922 284 1004 326 Ge-

180 347 322 389 nitrix.
368 349 417 399 Rs.
452 343 593 395 Super
625 342 786 384 choros
817 340 1005 392 Angelo-

180 417 276 444 rum
295 400 352 443 ad
372 399 571 442 coelestia
591 411 734 449 regna.

512 467 675 508 Oratio.

257 526 500 569 amulorum
527 527 720 575 tuorum,
755 526 1005 576 quaesumus

269 583 468 631 Demine‚
484 581 655 623 delictis
666 582 859 632 ignosce:
874 585 920 621 ut
932 579 1005 631 qui

179 640 257 682 tibi
278 639 453 692 placere
474 637 528 679 de
549 638 718 679 actibus
738 637 899 679 nostris
918 648 1005 676 non

179 697 389 745 valemus3
426 694 662 736 Genitricis
694 694 791 734 Filii
823 693 885 735 tui
916 692 1004 733 Do-

178 753 282 794 mini
327 752 468 794 nostri
513 751 825 793 intercessiOne
868 748 1004 790 salve-

178 822 291 850 mur:
311 808 395 859 Qui
415 814 559 850 tecum
579 808 696 849 vivit.

230 881 270 914 In
294 880 337 914 11.
356 880 469 923 Vcsp.
493 880 532 913 fit
552 889 683 913 comm.
708 878 785 912 Oct.
804 878 1000 919 Assumpt.

233 933 332 972 Ant.
372 929 511 972 Hodie
537 929 675 970 Maria
699 928 836 978 Virgo
866 927 1004 969 coelos

178 986 388 1028 ascendit:
412 985 615 1053 gaudete,
642 985 741 1038 quia
767 997 864 1025 cum
885 984 1002 1026 Chri-

179 1049 247 1085 sto
268 1048 420 1093 regnat
439 1056 481 1082 1n
501 1048 722 1084 aeternum.

231 1101 280 1153 V.
310 1104 514 1145 Exaltata
543 1108 609 1145 est
635 1096 786 1144 sancta
810 1103 893 1144 Dei
921 1102 1004 1144 Ge—

178 1160 319 1202 nitrix.
374 1163 422 1214 R.
453 1161 593 1213 Super
625 1160 784 1202 choros
816 1159 1003 1210 Angelo-

178 1229 271 1258 rum
292 1217 348 1259 ad
368 1217 563 1259 coelestia
583 1229 727 1267 regna.

232 1279 393 1319 Oratio.
428 1277 713 1319 Famu16rum.
743 1282 789 1318 ut
808 1290 949 1329 supra.

228 1339 376 1374 Deinde
403 1340 437 1374 S.
462 1339 621 1383 Agapiti
646 1338 837 1383 Martyris.

229 1392 326 1432 Ant.
368 1392 456 1432 Iste
485 1395 660 1432 sanctus
687 1403 770 1443 pro
799 1389 896 1441 lege
920 1391 1004 1432 Dei

178 1447 243 1488 sui
270 1448 453 1489 certavit
479 1459 618 1499 usque
646 1446 702 1488 ad
727 1452 932 1496 mortem,
959 1453 1004 1489 et

178 1517 202 1544 a
221 1503 366 1545 verbis
385 1504 618 1557 impiorum
633 1516 721 1544 non
735 1503 892 1545 timuit:
912 1503 1003 1545 fun-

179 1560 307 1602 datus
333 1561 447 1601 enim
472 1565 565 1603 erat
589 1573 722 1614 supra
740 1559 911 1601 firmam
929 1573 1002 1614 pe-

177 1622 300 1658 tram.
749 1640 755 1647 ·

228 1673 277 1725 V.
318 1674 469 1716 Gleria
505 1680 548 1717 et
581 1675 750 1717 honere
782 1676 1003 1717 coronasti

180 1744 277 1772 eum
309 1732 506 1773 Demine.
565 1735 615 1786 R.
649 1732 706 1772 Et
738 1732 1004 1774 constituisti

179 1800 277 1828 eum
297 1801 429 1842 super
448 1790 585 1840 opera
600 1790 806 1829 manuum
820 1790 1004 1830 tuarum.

513 1853 673 1894 Oratio.

257 1912 411 1951 aetetur
423 1910 620 1952 Ecclesia
634 1915 719 1959 tua,
733 1910 866 1959 Deus,
884 1909 1004 1952 beati

283 1967 462 2019 Agapiti
494 1967 698 2019 Martyris
737 1967 800 2008 tui
838 1967 1004 2009 confisa

180 2021 408 2073 suffragiis:
429 2029 561 2076 atque
581 2025 671 2075 ejus
690 2024 894 2076 precibus
912 2024 1003 2075 glo-

179 2078 322 2128 riosis,
342 2084 384 2120 et
404 2079 565 2121 deveta
583 2083 854 2133 permaneat,
875 2086 918 2123 et
939 2094 1003 2122 se—

180 2137 285 2175 cura
302 2138 522 2178 consistat.
548 2137 633 2178 Per
652 2137 900 2179 Deminum.

402 2231 484 2272 Die
504 2233 562 2272 18.
583 2233 780 2284 Augusti.
804 2250 812 2257 ·

283 2297 446 2347 Quarta
468 2297 537 2338 die
559 2298 667 2339 infra
688 2299 899 2341 Octavam

401 2355 783 2407 Assumptionis.

421 2423 469 2462 In
496 2423 525 2462 Ι.
550 2424 771 2465 Nocturno.

296 2486 363 2526 De
393 2483 582 2525 Canticis
611 2485 890 2529 canticorum.

258 2546 410 2587 Lectio
430 2546 453 2585 i.
765 2547 870 2599 Cap.
888 2550 924 2588 4.

185 2607 462 2721 ”3132AE
467 2603 674 2712 ”ssfiicrssrae
677 2618 1003 2706 Sfflffissz

192 2735 196 2736 ν
218 2730 262 2737 *Ην
282 2719 297 2729 ”
323 2715 812 2771 columbarum,absque
821 2732 873 2760 eo
884 2721 1003 2772 quod

846 194 989 233 Quarta
1015 192 1076 225 die
1101 191 1200 224 infra
1226 189 1304 223 Oet.
1331 190 1527 232 Assumpt.

1055 283 1316 324 intrinsecus
1341 281 1460 323 latet.
1498 281 1657 334 Capilli
1685 283 1749 324 tui
1775 283 1887 326 sicut

1055 351 1212 390 greges
1223 339 1466 390 caprarum,
1484 350 1584 390 quae
1595 338 1886 382 ascenderunt

1057 395 1112 436 de
1128 399 1277 436 monte
1293 393 1476 436 Galaad.
1503 394 1672 437 Dentes
1690 396 1754 438 tui
1773 396 1887 438 sicut

1055 463 1211 502 greges
1226 453 1464 501 tonsarum,
1481 464 1580 504 quae
1596 452 1887 495 ascenderunt

1057 507 1111 549 de
1139 507 1334 557 lavacro,
1369 520 1521 549 omnes
1547 509 1746 560 gemellis
1773 509 1885 552 fo'eti-

1055 564 1154 614 bus,
1190 569 1234 606 et
1262 564 1422 606 sterilis
1450 578 1539 606 non
1568 570 1635 607 est
1662 565 1776 608 inter
1799 579 1885 608 eas.

1055 621 1176 662 Sicut
1203 621 1311 663 vitta
1341 624 1548 663 coccinea
1579 621 1696 664 labia
1721 627 1812 672 tua,
1842 629 1886 665 et

1056 677 1278 730 elequium
1297 683 1437 728 tuum,
1464 677 1603 720 dulce.
1636 679 1758 721 Sicut
1775 679 1885 732 frag-

1054 747 1155 776 men
1186 735 1289 776 mali
1326 735 1491 788 punici,
1527 735 1588 776 ita
1624 748 1750 787 genae
1786 740 1886 787 tuae,

1056 791 1225 844 absque
1252 805 1305 834 eo
1333 791 1454 844 quod
1478 792 1742 834 intrinsecus
1766 793 1886 836 latet.

1055 848 1176 890 Sicut
1207 849 1340 890 turris
1373 848 1518 891 David
1553 849 1715 891 collum
1746 855 1886 901 tuum,

1057 918 1156 957 quae
1181 904 1401 947 aedificata
1426 910 1493 947 est
1518 918 1617 947 cum
1636 909 1884 959 propugna-

1056 961 1178 1003 culis:
1208 962 1327 1004 mille
1352 963 1496 1016 clypei
1520 962 1717 1016 pendent
1742 976 1797 1005 ex
1823 976 1884 1014 ea,

1056 1019 1197 1060 omnis
1217 1023 1438 1061 armatura
1457 1020 1647 1061 fortium.

1110 1083 1161 1135 ΕΙ,
1183 1076 1289 1118 Vidi
1312 1077 1562 1129 speciosam
1583 1077 1697 1119 sicut
1721 1077 1883 1119 colum-

1054 1132 1174 1182 bam,
1207 1133 1519 1175 ascendentem
1547 1133 1738 1186 desuper
1765 1135 1884 1176 rivos

1056 1191 1286 1241 aquarum:
1303 1190 1424 1242 cujus
1438 1190 1756 1233 inaestimeibilis
1773 1189 1885 1233 odor

1056 1250 1148 1287 erat
1166 1246 1295 1287 nimis
1314 1246 1358 1287 in
1373 1247 1647 1290 vestimentis
1663 1249 1770 1300 ejus:
1786 1252 1813 1278 *
1828 1247 1886 1290 Et

1055 1303 1167 1345 sicut
1186 1302 1282 1344 dies
1297 1304 1421 1345 verni
1440 1304 1772 1347 circumdabant
1789 1317 1886 1361 eam

1055 1359 1188 1401 flores
1208 1363 1411 1402 rosarum
1430 1366 1474 1403 et
1493 1361 1584 1402 lilia
1609 1361 1885 1403 convallium.

1059 1415 1109 1468 V.
1130 1417 1239 1467 Quae
1262 1423 1330 1459 est
1354 1418 1439 1461 ista
1464 1431 1563 1472 quae
1588 1418 1787 1461 ascendit
1804 1432 1885 1472 per

1055 1473 1279 1516 desertum
1316 1475 1430 1517 sicut
1464 1475 1635 1527 virgula
1669 1475 1792 1526 fumi,
1830 1488 1885 1518 ex

1055 1531 1326 1573 aromatibus
1349 1532 1539 1584 myrrhae
1560 1537 1604 1574 et
1626 1532 1788 1575 thuris?
1816 1533 1884 1575 Et.

1371 1595 1522 1637 Lectio
1541 1595 1582 1636 ii.

1143 1650 1217 1686 ota
1235 1645 1420 1698 pulchra
1448 1659 1496 1688 es
1525 1649 1665 1688 amica
1692 1659 1808 1698 mea,
1841 1652 1886 1690 et

1145 1703 1319 1745 macula
1345 1716 1433 1744 non
1459 1707 1527 1745 est
1550 1703 1595 1744 in
1611 1709 1667 1745 te.
1694 1704 1811 1746 Veni
1829 1704 1885 1746 de

1054 1761 1223 1804 Libano
1244 1773 1409 1813 sponsa
1426 1773 1540 1811 mea,
1565 1760 1666 1802 veni
1685 1760 1740 1803 de
1758 1760 1885 1803 Liba-

1055 1831 1129 1868 no,
1166 1818 1279 1859 veni:
1325 1817 1609 1860 coronaberis
1646 1817 1702 1859 de
1739 1818 1886 1871 cepite

1055 1875 1243 1926 Amana,
1279 1874 1334 1916 de
1362 1875 1526 1917 vertice
1551 1874 1677 1917 Sanir
1705 1879 1749 1917 et
1775 1875 1886 1916 Her-

1055 1944 1170 1981 mon,
1190 1931 1245 1973 de
1261 1931 1478 1974 cubilibus
1492 1931 1679 1982 leonum,
1695 1931 1751 1973 de
1764 1933 1885 1973 men-

1055 1988 1172 2030 tibus
1207 1988 1460 2041 parderum.
1517 1988 1773 2030 Vulnerasti
1807 2001 1885 2030 cor

1055 2057 1201 2086 meum
1220 2058 1347 2086 soror
1366 2058 1464 2087 mea
1483 2058 1664 2099 sponsa,
1687 2045 1885 2087 vulnera-

1056 2101 1111 2143 sti
1131 2114 1208 2143 cor
1226 2114 1372 2143 meum
1386 2103 1429 2143 in
1443 2115 1531 2144 uno
1548 2102 1778 2144 oculorum
1790 2104 1885 2144 tue-

1055 2171 1163 2207 rum,
1180 2158 1281 2200 etin
1296 2172 1383 2200 uno
1401 2159 1519 2201 crine
1535 2159 1637 2201 colli
1650 2160 1725 2202 tui.
1745 2161 1886 2211 Quam

1055 2214 1254 2268 pulchrae
1282 2221 1383 2257 sunt
1410 2229 1614 2275 mammae
1640 2221 1730 2258 tuae
1758 2229 1885 2259 soror

1055 2285 1153 2313 mea
1168 2271 1346 2324 sponsa!
1364 2273 1619 2315 Pulchriora
1634 2278 1734 2315 sunt
1748 2273 1886 2316 ubera

1055 2334 1131 2370 tua
1170 2329 1288 2379 vino,
1335 2334 1379 2371 et
1411 2329 1524 2372 odor
1562 2332 1883 2381 unguentorum

1055 2387 1231 2427 tuerum
1251 2399 1385 2439 super
1405 2387 1551 2428 omnia
1571 2389 1781 2428 aromata.

1110 2443 1160 2494 R.
1184 2442 1305 2484 Sicut
1331 2443 1489 2485 cedrus
1514 2444 1706 2486 exaltata
1725 2457 1822 2485 sum
1840 2444 1883 2484 in

1055 2498 1236 2549 Libano,
1256 2504 1298 2540 et
1318 2500 1430 2541 sicut
1450 2502 1685 2553 cypressus
1704 2500 1748 2541 in
1765 2512 1884 2541 mon-

1054 2559 1098 2595 te
1113 2555 1233 2596 Sion:
1254 2556 1378 2608 quasi
1396 2557 1575 2609 myrrha
1593 2556 1744 2606 electa,
1764 2556 1882 2597 *De-

1056 2609 1101 2652 di
1128 2612 1390 2654 suavitatem
1416 2613 1577 2655 oderis.
1616 2608 1666 2661 V.
1687 2613 1744 2654 Et
1771 2612 1884 2654 sicut

1056 2667 1377 2710 cinnamomum
1418 2675 1462 2711 et
1502 2669 1747 2711 balsamum
1787 2681 1882 2710 aro-

1055 2726 1276 2766 matizans.
1304 2724 1431 2768 Dedi.
