2040 2976
208 206 302 251 [148]

725 210 899 243 Officium
926 210 965 242 Β.
989 209 1120 242 Mariae
1147 208 1181 240 in
1207 207 1386 241 Sabbato.

207 318 264 346 no
278 303 438 353 refecit,
453 308 500 344 ut
513 301 718 344 videlicet
730 302 858 344 nobis
871 315 1032 344 novum

207 361 414 402 formaret
438 357 582 400 Adam
607 371 661 400 ex
686 359 837 409 veteri,
861 359 1030 400 Hevam

207 415 530 458 transfunderet
547 415 591 456 in
610 415 802 456 Mariam.

263 478 325 519 'l'e
343 478 487 519 Deum
507 475 747 518 laudamus.
768 477 826 517 13.

436 563 611 603 Mense
642 562 801 602 Julio.

213 632 274 670 Ex
298 627 499 681 Epistola
526 627 664 668 sancti
687 625 908 668 Ambr6sii
931 625 1031 677 Epi-

315 684 439 737 scopi
459 682 516 725 ad
534 683 731 725 Siricium
749 683 925 735 Papam.

271 754 387 795 Epist.
411 754 464 786 81.
491 753 586 787 alias
610 752 639 787 7.
667 754 765 787 circa
791 753 966 787 medium.

508 810 657 851 Lectio
677 810 730 849 iii.

229 870 360 955 ξι
387 861 559 904 excedit
582 862 728 912 finem,
757 862 878 914 quod
899 862 1032 904 homo

244 939 247 941 ·
268 915 285 948 Ψ
321 919 454 961 exivit
477 917 532 960 de
555 918 735 969 virgine,
761 918 935 970 quando
959 931 1032 971 pe-

206 979 274 1016 tra
289 975 453 1017 fontem
467 974 687 1027 profluum
702 974 937 1023 scaturivit,
954 975 1032 1016 fer-

207 1044 303 1072 rum
328 1043 459 1084 super
483 1042 619 1082 aquas
642 1030 818 1080 natavit,
843 1030 1032 1073 ambula-

207 1088 269 1129 vit
286 1087 420 1129 homo
440 1099 572 1139 super
591 1097 739 1138 aquas.
765 1087 883 1137 Ergo
904 1087 940 1128 si
958 1086 1032 1129 ho-

207 1143 367 1185 minem
392 1142 509 1184 unda
535 1142 747 1195 portavit,
776 1156 864 1184 non
890 1144 1034 1196 potuit

207 1199 426 1241 hominem
439 1199 563 1250 virgo
579 1201 798 1250 generare,
814 1204 944 1252 atque
957 1199 1032 1242 ho-

207 1257 380 1306 minem,
405 1255 460 1297 de
480 1268 568 1308 quo
590 1255 789 1306 legimus:
813 1256 869 1297 Et
891 1256 1034 1299 mittet

206 1311 291 1353 illis
310 1312 524 1354 Dominus
542 1311 773 1361 hominem,
795 1312 868 1364 qui
887 1312 1033 1355 salvos

208 1368 338 1410 faciet
365 1381 457 1419 eOS,
487 1373 530 1410 et
556 1373 686 1410 notus
715 1368 797 1410 erit
819 1369 1034 1410 Deminus

208 1423 449 1478 AEgthiis?
494 1426 545 1466 In
569 1424 707 1466 veteri
731 1427 879 1477 itaque
903 1430 1033 1468 testa-

207 1483 354 1523 mento
375 1481 497 1532 virgo
513 1480 804 1523 Hebraeorum
820 1494 902 1534 per
914 1495 1034 1524 mare

209 1536 334 1579 duxit
370 1538 627 1580 exercitum:
668 1537 713 1578 in
747 1551 864 1580 novo
903 1543 1032 1581 testa-

207 1596 355 1636 mento
375 1594 498 1645 virgo
522 1594 693 1646 generis
712 1593 811 1636 aula
832 1595 1034 1646 coelestis,

210 1650 349 1692 electa
369 1656 435 1692 est
454 1649 510 1692 ad
530 1650 725 1692 salutem.

267 1712 327 1753 Te
344 1712 488 1753 Deum
506 1711 747 1753 laudamus.
768 1712 827 1753 13.

389 1798 565 1838 Mense
596 1796 855 1848 Augusto.

237 1863 302 1905 De
327 1863 616 1916 Expositione
643 1863 782 1904 sancti
806 1862 1007 1914 Gregorii

347 1920 481 1973 Papae
499 1919 543 1960 in
560 1919 698 1962 libros
716 1920 898 1971 Regum.

490 1990 528 2022 111
561 1992 582 2023 l.
614 1990 698 2032 lx'cg.
728 1992 752 2024 l.

508 2047 658 2087 Lectio
681 2048 732 2087 iii.

211 2099 358 2202 .uit
377 2101 442 2143 vir
460 2115 571 2143 unus
592 2101 647 2144 de
666 2101 944 2144 Ramathaim
961 2102 1035 2144 So-

314 2157 443 2210 phim,
460 2157 515 2199 de
529 2163 677 2200 monte
691 2157 911 2211 Ephraim.
934 2159 1034 2201 Pot-

211 2219 279 2256 est
298 2213 423 2266 hujus
447 2214 606 2256 montis
629 2215 817 2265 nomine,
839 2214 1034 2256 beatissi-

210 2283 282 2312 ma
301 2282 473 2322 semper
487 2270 624 2321 Virgo
642 2271 790 2321 Maria,
809 2270 892 2312 Dei
907 2271 1035 2312 Geni-

210 2326 312 2375 trix,
336 2323 563 2377 designari.
607 2327 734 2368 Mons
760 2327 923 2380 quippe
946 2327 1035 2379 fuit,

213 2395 311 2434 quae
335 2394 508 2423 omnem
531 2382 682 2424 electae
708 2386 920 2425 creaturae
943 2383 1034 2425 alti-

210 2437 424 2487 tudinem,
457 2438 679 2480 electiOnis
707 2452 797 2481 suae
826 2439 1035 2490 dignitate

210 2493 489 2536 transcendit.
515 2494 585 2535 An
598 2508 686 2536 non
699 2508 825 2537 mons
840 2495 1036 2538 sublimis

211 2550 368 2602 Maria,
406 2563 504 2603 quae
536 2556 584 2593 ut
617 2550 674 2593 ad
705 2552 1037 2604 conceptionem

1085 300 1235 342 aeterni
1261 299 1399 342 Verbi
1424 301 1709 353 pertingeret,
1735 300 1909 342 merito-

1084 371 1180 398 rum
1205 357 1414 399 verticem
1439 369 1572 410 supra
1597 369 1748 398 omnes
1767 356 1908 408 Ange-

1084 413 1225 454 lorum
1263 412 1442 463 choros,
1485 425 1625 465 usque
1662 411 1719 454 ad
1754 412 1911 455 solium

1084 469 1272 511 Deitatis
1296 466 1456 511 erexit?
1492 469 1632 522 Hujus
1656 468 1770 511 enim
1791 481 1910 511 mon-

1084 525 1139 567 tis
1175 525 1623 578 praecellentissimam
1656 523 1911 576 dignitatem
1973 560 1978 565 .

1084 582 1221 623 Isaias
1238 582 1490 632 vaticinans,
1510 581 1583 623 ait:
1601 581 1697 623 Erit
1710 581 1755 622 in
1767 583 1909 624 novis-

1085 638 1204 679 simis
1225 637 1379 680 diebus
1397 639 1673 692 praeparatus
1690 650 1817 680 mons
1836 636 1911 680 do-

1085 708 1181 736 mus
1214 694 1389 737 Demini
1420 694 1465 736 in
1495 695 1660 737 vertice
1689 694 1912 737 montium.

1084 751 1212 793 Mons
1242 751 1406 804 quippe
1436 751 1481 792 in
1510 751 1674 794 vertice
1699 751 1910 794 montium

1085 807 1179 858 fuit,
1204 808 1306 860 quia
1330 807 1515 850 altitudo
1538 808 1688 850 Mariae
1712 820 1844 861 supra
1867 820 1910 849 o-

1085 876 1207 905 mnes
1227 864 1410 906 Sanctos
1430 863 1608 906 refulsit.

1139 925 1205 966 Te
1223 925 1367 966 Deum
1386 924 1625 966 laudamus.
1643 926 1702 966 13.

1239 1007 1416 1048 Mense
1446 1006 1759 1059 Septembri.

1110 1071 1181 1111 Ex
1198 1071 1398 1124 Epistola
1417 1071 1555 1113 sancti
1573 1072 1733 1114 Leonis
1751 1072 1885 1124 Papae

1190 1127 1246 1169 ad
1264 1127 1538 1170 Pulcheriam
1555 1129 1810 1180 Augustam.

1213 1196 1390 1240 Epistola
1416 1196 1464 1230 13.
1490 1201 1575 1230 ante
1600 1197 1778 1231 medium.

1384 1251 1536 1292 Lectio
1557 1252 1610 1292 iii.

1089 1310 1149 1398 §CN
1160 1310 1913 1410 actramentuisskreconciliatteionisdno-

1093 1368 1154 1407 ἐς]
1176 1379 1196 1406 s
1218 1378 1279 1407 rae
1303 1379 1358 1407 an
1381 1378 1404 1408 e
1468 1378 1623 1419 mpora
1646 1379 1684 1408 ae
1731 1379 1810 1409 rna
1860 1367 1911 1409 's-

1085 1422 1297 1473 pesitum,
1324 1421 1455 1463 nullae
1480 1422 1719 1475 implebant
1743 1423 1912 1475 figurae:

1088 1478 1189 1529 quia
1219 1478 1413 1520 nondum
1446 1481 1757 1532 supervenerat
1782 1480 1912 1534 Spiri-

1086 1539 1156 1575 tus
1175 1539 1350 1576 sanctus
1368 1534 1411 1575 in
1425 1535 1662 1586 Virginem,
1680 1549 1762 1579 nec
1775 1537 1912 1579 virtus

1086 1590 1301 1632 Altissimi
1333 1590 1672 1634 obumbraverat
1703 1592 1762 1643 ei,
1793 1597 1842 1636 ut
1869 1598 1913 1636 et

1085 1646 1198 1688 intra
1208 1647 1465 1690 intemerata
1475 1650 1654 1699 viscera,
1667 1647 1912 1692 aedificante

1088 1702 1170 1745 sibi
1185 1703 1405 1757 Sapientia
1422 1704 1610 1755 domum,
1629 1705 1827 1747 Verbum
1845 1719 1911 1748 ca·
1990 1710 1998 1718 ‘

1086 1772 1136 1801 ro
1164 1759 1308 1811 fieret,
1339 1765 1383 1802 et
1414 1760 1554 1802 forma
1581 1761 1664 1803 Dei
1696 1774 1747 1804 ac
1774 1762 1913 1804 forma

1087 1816 1203 1858 servi
1229 1816 1273 1857 in
1296 1829 1427 1858 unam
1455 1818 1740 1860 conveniente
1763 1821 1912 1871 perso-

1087 1885 1204 1922 nam,
1233 1872 1416 1915 Creator
1442 1874 1691 1926 temporum
1717 1876 1913 1917 nascere·

1087 1932 1158 1969 tur
1180 1928 1223 1969 in
1245 1927 1462 1982 tempore,
1486 1934 1531 1971 et
1549 1942 1629 1983 per
1653 1943 1783 1983 quem
1800 1930 1915 1973 facta

1088 1990 1188 2027 sunt
1202 1985 1357 2036 omnia,
1374 1985 1470 2038 ipse
1484 1985 1596 2028 inter
1611 1987 1757 2029 omnia
1769 1987 1913 2039 gigne-

1087 2042 1217 2083 retur.
1234 2040 1331 2083 Nisi
1344 2041 1458 2084 enim
1471 2055 1611 2085 novus
1626 2042 1760 2086 homo
1773 2043 1914 2087 factus

1087 2097 1131 2138 in
1150 2097 1476 2142 similitudinem
1495 2099 1636 2141 carnis
1652 2100 1824 2153 peccati
1839 2113 1913 2142 no-

1088 2158 1223 2196 stram
1262 2157 1504 2208 susciperet
1543 2158 1826 2207 vetustatem,
1871 2161 1915 2199 et

1089 2209 1470 2253 consubstantialis
1484 2212 1614 2262 Patri,
1631 2212 1913 2255 consubstan-

1087 2265 1202 2308 tialis
1226 2279 1322 2308 esse
1342 2266 1593 2318 dignaretur
1614 2273 1658 2310 et
1675 2269 1819 2319 matri,
1841 2282 1913 2311 na-

1087 2324 1318 2375 turamque
1333 2323 1415 2366 sibi
1431 2330 1625 2367 nostram
1641 2325 1760 2367 solus
1775 2338 1801 2367 a
1814 2338 1913 2379 pec-

1089 2381 1188 2420 cato
1211 2378 1322 2421 liber
1345 2382 1500 2431 uniret,
1526 2380 1606 2423 sub
1628 2382 1728 2434 jugo
1749 2380 1914 2424 diaboli

1088 2435 1349 2486 generaliter
1379 2439 1600 2479 teneretur
1630 2437 1819 2480 humana
1845 2451 1912 2480 ca-

1089 2491 1279 2544 ptivitas.

1147 2553 1207 2594 Te
1226 2548 1370 2594 Deum
1388 2554 1628 2597 laudamus.
1650 2556 1707 2598 13.

927 2648 1203 2750 4302>
