2040 2976
582 194 653 228 Die
677 194 732 228 28.
758 194 862 228 Julii.
908 194 1146 229 Ss.‘Nazarii
1174 199 1210 228 ct
1235 194 1447 230 Sociorum.

1802 200 1869 235 449

156 300 405 339 mentorum
430 298 519 339 vim
544 309 673 349 aequo
701 303 746 340 et
769 297 872 339 forti
898 297 985 337 ani-

155 366 228 395 mo
263 354 424 404 ferens,
461 353 519 395 ad
556 356 801 395 extremum
837 352 984 404 gladio

155 413 411 462 percussus,
442 410 638 462 martyrii
670 412 879 452 corenam
913 408 985 450 ad-

158 468 289 519 eptus
309 471 389 507 est.

213 524 277 563 Te
297 523 441 563 Deum
460 522 700 564 laudamus.
722 523 780 563 13.

209 588 279 630 Ad
295 589 430 630 Laud.
456 588 556 629 Ant.
580 587 662 637 Qui
683 586 778 628 odit
797 586 986 628 animam

156 655 280 683 suam
298 643 342 683 in
358 643 444 685 hoc
458 642 635 692 mundo,
653 643 697 683 in
710 643 847 685 vitam
862 645 985 684 aeter-

155 712 256 739 nam
275 698 471 741 custodit
490 712 597 742 eam.

207 751 258 804 V.
312 756 464 797 Justus
514 761 563 798 ut
606 755 754 809 palma
798 755 985 797 florebit.

156 814 207 866 R.
244 811 365 854 Sicut
398 811 557 854 cedrus
589 812 746 854 Libani
777 812 985 865 multipli-

157 867 341 910 cabitur.

421 963 504 1005 Die
523 964 589 1004 28.
609 964 633 1004 J
635 963 722 1004 ulii.

155 1027 225 1068 Ss.
253 1026 458 1067 Nazarii
489 1033 531 1069 et
564 1026 695 1068 Celsi
726 1029 983 1080 Martyrum,

225 1083 446 1124 Victoris
466 1084 599 1136 Papae
626 1090 668 1125 et
693 1085 832 1133 Mart,
858 1099 908 1126 ac

250 1139 532 1181 Innocentii
550 1141 684 1192 Papae
706 1147 749 1182 et
769 1142 888 1182 Conf.

219 1221 221 1223 -
437 1197 697 1241 Semjduplex.

206 1250 344 1285 Omnia
377 1250 423 1283 de
455 1250 659 1284 Communi
692 1251 842 1294 plurim.
876 1252 982 1287 Mart.

155 1295 225 1339 [35]
247 1303 389 1342 praeter
414 1308 520 1341 sequ.

492 1351 654 1392 Oratio.

223 1407 454 1446 anctorum
478 1406 655 1446 tuorum
679 1418 758 1446 nos
784 1406 984 1456 Domine,

232 1461 424 1511 Nazarii,
450 1460 583 1511 Celsi,
607 1461 819 1512 Victoris,
849 1468 892 1504 et
916 1463 983 1503 In-

154 1517 346 1559 nocentii
379 1517 596 1559 confessio
627 1517 760 1559 beata
792 1522 982 1560 commu-

154 1572 260 1614 niat:
305 1578 349 1615 et
383 1573 609 1624 fragilitati
643 1579 808 1616 nostrae
845 1575 983 1616 subsi—

155 1627 276 1670 dium
295 1629 526 1681 dignanter
544 1632 709 1672 exoret.
735 1631 821 1672 Per
835 1632 983 1673 Demi-

153 1698 258 1726 num
278 1691 489 1728 nostrum.

203 1748 248 1783 In
276 1748 303 1783 1.
331 1748 531 1782 Nocturno
570 1749 774 1784 Lectiones
809 1750 855 1784 de
884 1750 981 1785 Scri-

152 1800 265 1840 ptura
290 1800 523 1831 occurrente.

385 1866 434 1905 In
453 1866 503 1905 ΙΙ.
524 1866 748 1906 Nocturno.

454 1926 606 1967 Lectio
628 1926 681 1966 iv,

178 2004 191 2032 1,
210 1996 252 2037 φτ,
286 1984 474 2031 azarius,
508 1997 534 2025 a
560 1984 693 2026 beato
721 1985 832 2027 Lino
860 1986 983 2039 Papa

162 2090 164 2092 .
186 2040 246 2096 ms*
302 2039 572 2093 baptizatus,
598 2053 698 2082 cum
723 2042 768 2082 in
794 2042 983 2083 Galliam

185 2105 189 2109 “
302 2096 528 2148 profectus
556 2101 690 2147 esset,
718 2097 779 2140 ibi
807 2098 983 2140 Celsum

153 2155 348 2203 puerum,
367 2165 392 2193 a
412 2165 459 2194 se
479 2152 726 2195 christianis
745 2155 982 2207 praeceptis

152 2208 273 2260 prius
305 2209 582 2259 instructum,
615 2209 871 2262 baptizavit:
908 2211 983 2262 qui

152 2277 238 2305 una
255 2264 472 2306 Trevirim
490 2268 656 2315 euntes,
674 2266 863 2308 Neronis
886 2280 982 2320 per-

153 2320 378 2361 secutione
406 2321 450 2361 in
476 2334 597 2362 mare
626 2324 811 2375 uterque
839 2322 981 2374 dejici-

151 2381 239 2426 tur,
282 2376 398 2418 unde
439 2376 697 2419 mirabiliter
739 2381 981 2421 evaserunt.

151 2433 315 2473 Postea
324 2432 625 2474 Mediolanum
634 2434 871 2483 venientes,
883 2447 982 2476 cum

151 2488 211 2530 ibi
228 2488 389 2530 Christi
408 2488 543 2529 fidem
560 2489 905 2540 disseminarent,
925 2491 981 2533 ab

151 2544 344 2585 Anolino
370 2544 599 2597 praefecto,
628 2547 981 2588 constantissime

153 2600 373 2642 Christum
388 2601 533 2642 Deum
549 2601 820 2651 confitentes,
837 2603 981 2654 capite

150 2656 417 2709 plectuntur:
442 2669 630 2708 quorum
649 2659 838 2709 corpora
857 2663 982 2701 extra

149 2717 325 2764 portam
364 2714 611 2754 Romanam
652 2713 826 2766 sepulta
868 2721 979 2757 sunt.

1038 296 1148 345 Quae
1173 308 1274 337 cum
1299 295 1375 337 diu
1397 296 1644 347 latuissent,
1670 297 1755 338 Dei
1778 299 1868 338 1110-

1037 352 1130 392 nitu
1155 364 1181 392 a
1204 351 1336 394 beato
1362 352 1600 394 Ambrosio
1628 355 1869 406 conspersa

1037 408 1206 449 recenti
1220 409 1430 459 sanguine
1446 414 1545 451 sunt
1560 410 1745 459 inventa,
1761 414 1868 450 tam-

1040 477 1172 516 quam
1217 464 1254 504 si
1298 464 1432 516 paulo
1475 470 1576 506 ante
1612 466 1868 517 martyrium

1037 521 1159 572 passi
1178 526 1338 562 essent:
1357 521 1473 563 unde
1491 522 1535 562 in
1550 521 1715 563 Urbem
1729 527 1866 563 trans-

1038 576 1145 626 lata,
1179 576 1426 618 honorifico
1459 578 1692 630 sepulchro
1722 580 1868 620 conte-

1039 639 1109 675 cta
1128 639 1240 674 sunt.

1094 706 1144 756 Rg.
1173 703 1322 744 Sancti
1354 703 1418 744 tui
1449 703 1637 744 Demine
1668 703 1868 751 mirabile

1039 759 1266 801 consecuti
1282 765 1384 801 sunt
1396 759 1489 810 iter,
1510 761 1751 801 servientes
1766 773 1870 812 prae-

1039 816 1179 869 ceptis
1207 816 1313 865 tuis,
1342 821 1391 857 ut
1418 816 1715 858 invenirentur
1742 817 1869 858 illaesi

1037 873 1081 913 in
1105 873 1232 925 aquis
1256 872 1431 923 validis;
1463 875 1485 898 *
1501 873 1641 915 Terra
1665 874 1869 926 apparuit

1039 929 1179 978 arida,
1213 935 1256 971 et
1286 930 1330 970 in
1363 929 1474 970 Mari
1507 929 1639 970 rubro
1672 931 1742 971 via
1776 930 1869 970 sine

1037 986 1363 1038 impedimento.
1424 984 1475 1034 V.
1519 987 1736 1036 Queniam
1772 999 1869 1039 per-

1038 1043 1174 1084 cussit
1199 1047 1386 1094 petram,
1415 1048 1458 1084 et
1485 1043 1704 1084 fluxerunt
1730 1055 1868 1094 aquae,

1038 1104 1082 1140 et
1105 1101 1327 1140 torrentes
1350 1098 1682 1140 inundaverunt.
1719 1099 1868 1140 Terra.

1351 1181 1501 1221 Lectio
1523 1196 1559 1220 v.

1041 1246 1240 1353 Victor
1271 1255 1315 1295 in
1344 1255 1495 1295 Africa
1528 1260 1671 1303 natus,
1702 1255 1866 1296 Severo

1143 1311 1409 1363 imperatore
1455 1311 1568 1352 rexit
1612 1311 1868 1352 Ecclesiam.

1039 1368 1326 1410 Confirmavit
1364 1367 1591 1409 decretum
1624 1369 1690 1409 Pii
1722 1368 1867 1421 primi,

1036 1430 1101 1466 ut¹
1120 1437 1294 1466 sacrum
1323 1423 1494 1465 Pascha
1531 1423 1602 1466 die
1634 1425 1867 1466 Dominico

1038 1481 1349 1530 celebraretur;
1384 1481 1458 1533 qui
1488 1481 1597 1522 ritus
1630 1486 1678 1522 ut
1709 1483 1867 1533 postea

1036 1538 1079 1578 in
1103 1550 1251 1578 mores
1270 1536 1566 1587 induceretur,
1592 1537 1745 1578 habita
1768 1542 1867 1578 sunt

1035 1594 1184 1635 multis
1212 1594 1257 1634 in
1283 1594 1393 1635 locis
1422 1593 1622 1634 concilia:
1651 1599 1695 1634 et
1723 1593 1767 1633 in
1794 1593 1866 1634 Ni-

1036 1652 1159 1691 caena
1188 1649 1376 1702 denique
1404 1650 1545 1701 prima
1573 1649 1742 1701 synodo
1772 1662 1866 1690 san-

1037 1709 1170 1747 citum
1202 1711 1285 1755 est,
1321 1711 1369 1747 ut
1396 1705 1580 1747 Paschae
1609 1705 1703 1747 dies
1730 1706 1867 1747 festus

1035 1767 1139 1815 post
1159 1767 1362 1814 quartam
1377 1761 1591 1803 decimam
1606 1762 1755 1802 lunam
1770 1775 1867 1812 age-

1035 1820 1166 1867 retur,
1185 1831 1240 1860 ne
1257 1818 1492 1860 Christiani
1506 1819 1531 1859 J
1532 1818 1687 1859 udaeos
1706 1818 1868 1859 imitari

1035 1874 1299 1916 viderentur.
1323 1875 1494 1923 Statuit,
1509 1879 1557 1916 ut
1573 1874 1727 1926 quavis
1743 1886 1866 1926 aqua,

1035 1930 1170 1972 modo
1190 1930 1393 1980 naturali,
1419 1931 1457 1971 si
1480 1930 1720 1972 necessitas
1740 1933 1865 1981 coge-

1035 1992 1119 2036 ret,
1156 1987 1421 2038 quicumque
1453 1987 1670 2039 baptizari
1701 1991 1866 2039 posset.

1035 2042 1318 2084 Theodotum
1371 2043 1615 2084 Coriarium
1665 2043 1866 2095 Byzanti-

1034 2112 1156 2148 num,
1182 2098 1416 2140 docentem
1435 2099 1656 2141 Christum
1680 2102 1866 2141 tantum-

1034 2154 1169 2197 modo
1206 2155 1428 2197 hominem
1463 2156 1616 2206 fuisse,
1653 2156 1778 2208 ejecit
1812 2168 1866 2197 ex

1034 2211 1244 2253 Ecclesia.
1307 2212 1492 2264 Scripsit
1529 2211 1583 2253 de
1622 2212 1866 2265 quaestione

1034 2267 1217 2308 Paschae
1241 2272 1284 2309 et
1308 2267 1392 2308 alia
1417 2267 1622 2319 quaedam
1641 2267 1866 2321 opuscula.

1036 2324 1214 2365 Creavit
1281 2323 1452 2366 duabus
1517 2324 1865 2366 ordinatianibus

1034 2392 1186 2421 mense
1201 2380 1438 2422 Decembri
1456 2381 1742 2434 presbyteros
1762 2383 1864 2432 qua-

1033 2441 1152 2486 tuor,
1180 2435 1392 2478 diaconos
1412 2442 1600 2490 septem,
1627 2439 1864 2490 episcopos

1033 2504 1114 2544 per
1141 2491 1317 2534 diversa
1343 2492 1442 2534 loca
1471 2492 1717 2534 duodecim.
1753 2493 1864 2533 Mar-

1033 2549 1148 2600 tyrio
1169 2551 1424 2598 001011έ11118,
1450 2549 1661 2602 sepelitur
1679 2549 1722 2590 in
1741 2548 1862 2590 Vati-

1034 2607 1163 2654 cano,
1206 2605 1360 2658 quinto
1403 2605 1628 2647 Kalendas
1663 2603 1863 2655 Augusti.

1032 2661 1155 2703 Sedit
1169 2674 1306 2703 annos
1321 2674 1491 2712 novem,
1509 2674 1704 2703 mensem
1719 2673 1862 2710 unum,

1033 2716 1127 2759 dies
1147 2718 1299 2768 viginti
1318 2722 1432 2759 octo.
