2040 2976
193 209 258 243 314

625 207 696 240 Die
720 207 772 240 31.
796 206 896 247 Maii.
937 208 971 240 S.
997 207 1158 249 Angelae
1182 207 1351 241 Mericiae
1375 207 1480 249 Virg.

195 318 293 346 oras
315 306 536 352 amiserat,
562 303 719 345 eedem
743 305 942 353 regressa
960 316 1023 344 re·
1075 303 1284 353 abundat,
1318 306 1571 345 sancterum
1602 304 1809 355 reliquias
1841 317 1904 345 re-

194 360 438 413 cuperavit,
466 365 510 401 et
532 359 820 401 barbararum
845 359 1023 411 captivi·
1074 360 1234 411 p6sito,
1249 360 1438 412 plurima
1455 359 1613 412 adeius
1625 359 1906 412 sepfilchrum

193 418 330 457 tatem
351 429 403 457 ac
423 416 694 466 naufragium
713 416 943 456 imminens
963 415 1022 456 di-

194 473 354 513 vinitus
393 473 542 514 evasit.
604 472 793 512 Romam
835 470 1024 522 denique

192 528 363 569 firmam
395 528 608 570 Ecclesiae
640 533 813 580 petram
846 540 1023 568 venera-

193 588 307 634 tura,
333 590 376 626 et
401 585 680 637 amplissimae
706 584 866 636 jubilaei
885 584 1024 625 veniae

193 641 452 693 percupida,
492 640 673 682 sedente
704 640 927 681 Clemente
960 642 1023 680 se-

192 697 331 748 ptimo
344 697 544 746 accessit,
561 710 692 748 quam
703 696 905 737 Summus
914 696 1024 736 Pen-

193 753 300 794 tifex
319 754 551 802 alloci'itus,
580 753 774 804 ejasdem
795 752 1024 793 sanctime-

192 810 307 850 niam
349 810 564 862 suspexit,
615 814 659 850 et
698 807 1025 849 commendavit

192 868 487 918 summ6pere3
527 878 608 906 nec
641 865 695 906 ab
729 864 848 906 Urbe
882 864 1023 916 ipsam

191 921 312 963 abire
331 927 432 963 ante
452 921 662 974 permisit,
681 933 813 971 quam
832 919 918 961 alio
937 923 1022 960 co'e-

190 977 292 1019 litus
314 981 518 1019 vocatam
536 977 725 1027 agnovit.

246 1042 296 1092 Rz.
328 1038 534 1080 Dilexisti
562 1037 787 1088 justitiam,
815 1041 860 1078 et
889 1036 1022 1078 odisti

190 1093 484 1145 iniquitatem:
534 1092 556 1115 *
602 1094 844 1145 Propterea
897 1093 1023 1134 unxit

190 1155 233 1191 te
262 1151 397 1200 Deus,
426 1151 547 1191 Deus
575 1155 687 1199 tuus,
716 1149 815 1190 eleo
845 1149 1022 1190 laetitiae.

192 1201 243 1250 V.
268 1207 457 1259 Propter
476 1206 722 1255 veritatem,
752 1211 795 1246 et
822 1218 1021 1246 mansue-

189 1262 401 1312 tudinem,
423 1267 466 1303 et
484 1261 715 1313 justitiam:
739 1262 994 1313 Propterea.

493 1336 645 1377 Lectio
665 1337 718 1376 vi.

190 1394 429 1499 Brixiam
458 1403 622 1451 itaque,
653 1399 728 1441 ubi
759 1398 939 1441 domum
965 1399 1021 1441 ad

293 1463 457 1498 sanctae
482 1456 649 1509 Aphrae
676 1455 891 1508 templum
921 1469 1021 1497 eon-

190 1514 324 1563 duxit,
344 1516 530 1563 reversa,
550 1525 711 1553 novam
730 1511 791 1553 ibi
806 1512 1022 1562 virginum

190 1571 463 1619 societatem,
499 1570 610 1610 sicut
640 1568 810 1609 coelesti
835 1581 946 1609 voce
970 1581 1022 1609 ac

190 1627 357 1667 visione
376 1625 631 1666 mandatum
653 1624 736 1665 sibi
756 1624 912 1673 fuerat,
939 1624 1021 1665 sub

190 1685 317 1723 certa*
330 1682 561 1734 disciplina
581 1683 830 1731 sanctisque
846 1679 1022 1721 vivendi

189 1739 350 1788 regulis
368 1738 606 1787 constituit,
623 1750 754 1789 quam
770 1741 935 1777 sanctae
943 1737 1021 1777 Ur-

190 1795 298 1835 sulae
314 1795 487 1835 invictae
506 1794 722 1844 virginum
737 1791 860 1834 ducis
875 1797 1021 1844 patro-

138 1870 141 1871 *
189 1851 303 1892 einio
344 1865 395 1892 ac
433 1851 608 1891 nomine
647 1849 883 1900 insignivit:
925 1861 1022 1890 eam

193 1920 294 1948 vero
314 1909 552 1959 perennem
572 1906 762 1946 futuram
776 1905 907 1946 morti
921 1907 1021 1956 pre-

190 1963 306 2003 xima
324 1962 542 2015 praedixit.
575 1961 775 2003 Tandem
794 1973 936 2013 prope
957 1974 1020 2002 se-

190 2019 483 2071 ptuagenaria,
504 2018 627 2059 dives
646 2018 812 2058 meritis
829 2017 1021 2058 evolavit

190 2076 233 2115 in
253 2075 413 2116 eoelum
437 2080 563 2116 sexto
584 2073 811 2114 Kalendas
830 2072 1020 2114 Februa-

189 2132 241 2171 rii
260 2132 359 2171 anni
379 2131 597 2171 millesimi
617 2129 952 2181 quingentesimi
978 2134 1021 2170 et

191 2186 527 2239 quadragesimi,
565 2187 686 2237 cujus
720 2185 909 2226 cadaver
941 2198 1021 2237 per

190 2243 312 2295 ipsos
331 2243 507 2293 triginta
530 2242 622 2283 dies
641 2241 923 2291 inhumatum,
948 2242 1020 2282 fle·

190 2298 339 2348 xibile,
375 2312 426 2339 ac
452 2299 551 2339 vivo
582 2297 846 2338 simillimum
872 2310 1019 2349 perse-

190 2355 369 2396 veravit.
398 2355 586 2395 Demum
606 2354 649 2393 in
669 2358 833 2394 sanctae
852 2352 1019 2404 Aphrae

189 2411 355 2462 templo
381 2410 494 2451 inter
521 2412 706 2458 ceteras,
734 2408 893 2460 quibus
911 2408 1019 2449 illud

1074 416 1144 465 agi
1167 416 1314 457 statim
1341 418 1518 468 coepere
1543 416 1767 457 miracula:
1801 429 1904 468 quo-

1075 485 1171 512 rum
1189 472 1304 513 fama
1328 472 1415 514 late
1436 471 1611 520 diffusa,
1634 484 1724 513 non
1743 472 1905 513 Brixiae

1074 527 1225 578 modo,
1273 533 1316 570 et
1354 527 1632 576 Decentiani‚
1678 527 1758 569 sed
1802 528 1906 570 alibi

1075 584 1206 624 etiam
1225 584 1355 635 vulgo
1380 584 1517 636 coepit
1539 584 1782 636 nuncupari
1805 583 1906 625 bea-

1073 644 1129 689 ta,
1150 641 1330 692 ejusque
1350 640 1496 690 imago
1517 639 1603 680 aris
1617 639 1799 692 imp6ni3
1817 640 1906 681 imo

1073 701 1249 738 sanctus
1282 697 1378 749 ipse
1407 696 1593 738 Carolus
1620 696 1904 738 Borromaeus

1073 765 1161 793 non
1177 753 1325 794 multis
1340 758 1444 805 post
1459 752 1582 793 annis
1598 750 1786 803 dignam,
1806 765 1905 804 quae

1074 809 1129 850 ab
1156 809 1419 861 Apostelica
1442 808 1556 850 Sede
1584 809 1628 849 in
1657 810 1906 850 sanctarum

1074 865 1305 916 Virginum
1320 865 1467 906 album
1481 865 1726 914 referretur,
1744 865 1907 906 Brixiae

1073 921 1220 973 palam
1251 922 1447 963 asseruit.
1502 921 1678 963 Cultum
1708 933 1816 962 vero
1844 921 1907 962 illi

1073 977 1237 1028 jamdiu
1252 991 1278 1019 a
1291 978 1468 1031 pepulis
1484 977 1736 1027 exhibitum,
1756 982 1800 1019 et
1813 982 1907 1019 tum

1073 1033 1273 1075 locerum
1292 1033 1524 1075 ordinariis
1543 1034 1793 1086 probatum,
1813 1038 1907 1075 tum

1074 1090 1273 1142 pluribus
1301 1091 1432 1132 etiam
1455 1091 1735 1131 Summorum
1759 1090 1905 1131 Ponti-

1074 1145 1206 1187 ficum
1232 1145 1412 1188 indultis
1440 1148 1675 1195 munitum,
1704 1145 1907 1187 Clemens

1074 1202 1196 1254 Papa
1222 1201 1417 1243 decimus
1443 1202 1599 1244 tertius
1625 1201 1811 1243 solemni
1834 1201 1905 1243 de-

1075 1259 1196 1298 creto
1225 1263 1369 1299 ratum
1396 1258 1564 1307 habuit,
1598 1270 1650 1299 ac
1677 1257 1907 1299 confirma-

1076 1313 1148 1354 vit.
1181 1314 1292 1354 Eam
1315 1313 1509 1364 tandem,
1536 1314 1662 1355 novis
1686 1313 1907 1354 miraculis

1075 1369 1156 1410 rite
1181 1369 1383 1422 probatis
1407 1370 1638 1420 insignem,
1663 1369 1767 1410 Pius
1785 1369 1908 1423 Papa

1075 1425 1304 1477 septimus,
1350 1425 1536 1467 solemni
1577 1425 1907 1467 canonizatiene

1075 1481 1119 1521 in
1146 1481 1363 1523 Vaticana
1394 1481 1575 1523 basilica
1605 1482 1803 1533 peracta,
1835 1480 1907 1523 die

1076 1537 1287 1588 vigesima
1316 1543 1471 1589 quarta
1498 1537 1600 1589 Maji
1631 1549 1745 1578 anno
1773 1536 1906 1578 mille-

1076 1594 1185 1634 simo
1207 1593 1568 1644 octingentesimo
1590 1593 1791 1645 septimo,
1813 1606 1906 1633 san-

1076 1651 1248 1690 ctarum
1271 1650 1488 1700 virginum
1519 1649 1721 1699 catalogo
1746 1648 1907 1690 adseri-

1075 1706 1175 1758 psit.
1962 1712 1964 1714 '

1124 1760 1175 1812 Rt.
1205 1762 1456 1803 Afferentur
1476 1762 1598 1812 Regi.
1618 1761 1694 1813 [91]

1123 1824 1169 1858 In
1191 1824 1256 1859 ΠΙ.
1283 1824 1319 1859 N
1323 1828 1484 1860 octurno
1512 1823 1686 1860 Homilia
1713 1825 1753 1860 in
1777 1826 1903 1861 Evan-

1071 1872 1224 1915 gelium.
1262 1872 1395 1908 Simile
1427 1874 1500 1908 erit
1528 1884 1689 1918 regnum
1721 1874 1907 1908 coelerum

1076 1922 1210 1956 decem
1234 1922 1461 1965 virginibus.
1481 1922 1528 1956 de
1545 1922 1683 1957 eodem
1700 1921 1904 1957 Communi

1073 1969 1099 2003 1.
1117 1969 1216 2004 loco.
1250 1969 1322 2012 [93]

1124 2021 1170 2056 In
1198 2022 1399 2057 Laudibus
1429 2032 1501 2065 pro
1538 2031 1735 2056 commem.
1766 2021 1804 2058 S.
1833 2021 1902 2058 Pe-

1070 2069 1249 2104 tronillae.

1123 2118 1226 2159 Ant.
1249 2118 1361 2160 Veni
1380 2131 1544 2171 sponsa
1560 2118 1734 2168 Christi,
1754 2119 1905 2172 accipe

1075 2178 1296 2224 corenam,
1317 2188 1447 2227 quam
1465 2174 1546 2216 tibi
1561 2174 1776 2216 Dominus
1795 2188 1904 2229 prae—

1074 2232 1247 2284 paravit
1266 2232 1310 2271 in
1329 2233 1552 2272 aeternum.

1122 2289 1173 2341 V.
1215 2297 1371 2349 Specie
1406 2301 1481 2337 tua
1509 2300 1553 2336 et
1580 2295 1904 2347 pulchritt'idine

1074 2357 1160 2393 tua.
1186 2351 1236 2402 Ra
1255 2352 1450 2401 Intende,
1470 2353 1684 2404 prespere
1698 2350 1904 2404 procede,

1075 2412 1117 2449 et
1136 2421 1281 2459 regna.
