2040 2976
487 189 812 223 Comme-morano
839 190 1017 223 Omnium
1043 190 1099 224 Ss.
1125 191 1313 225 Summor.
1340 191 1579 226 Pontificum.

357 302 826 402 FESQQULH.

277 434 511 476 Dominica
529 436 562 476 Ι.
581 448 669 476 non
688 435 901 488 impedita

234 500 338 548 post
367 495 463 538 Oct.
490 497 554 538 Ss.
580 497 701 538 Petri
729 501 774 539 et
800 497 935 539 Pauli.

404 567 778 607 Commemoratio

171 626 406 667 Omnium
422 626 498 667 SS.
510 626 752 669 Romanae
767 627 1004 668 Ecclesiae

257 683 581 724 Summorum
609 683 920 724 Pontificum.

504 749 669 793 Duplex.

392 823 453 863 In
477 823 514 864 Ι.
533 823 787 873 vesperis.

225 894 322 928 Ant..
341 892 464 935 Capit.
484 898 520 926 ct
534 892 674 936 Hymn.
690 893 737 926 de
751 892 870 926 Laud.
889 892 1003 936 [303];

171 940 230 973 Ps.
255 946 294 975 ut
319 941 356 974 in
380 941 405 974 l.
426 941 540 984 vesp.
565 941 611 974 dc
633 940 777 974 Comm.
800 942 935 984 Apost.
957 940 1004 984 [2]

222 1000 272 1049 Y.
300 1000 508 1042 Exeltent
532 1013 609 1042 eos
634 1000 678 1040 in
703 999 891 1041 ecclesia
914 999 1003 1052 ple-

170 1057 250 1099 bis.
304 1061 354 1111 R.
385 1057 442 1098 Et
469 1057 513 1098 in
541 1056 754 1106 cathedra
781 1056 1005 1098 seniorum

170 1113 350 1155 laudent
369 1126 458 1155 eos.

222 1182 291 1222 Ad
309 1182 481 1231 Magnif.
510 1183 609 1222 Ant.
638 1178 905 1221 Sacerdotes
920 1180 1005 1222 Dei

169 1235 417 1278 benedicite
430 1236 680 1286 Dominum,
697 1236 813 1277 servi
825 1236 1005 1278 Domini

169 1293 380 1346 hymnum
399 1291 533 1334 dicite
552 1291 663 1343 Deo,
683 1292 867 1345 allehija.

508 1367 672 1409 Oratio.

257 1435 349 1472 eus,
377 1423 451 1475 qui
470 1423 651 1476 populis
671 1423 759 1465 tuis
778 1424 1004 1475 indulgen·
1065 1433 1066 1464 i

268 1480 329 1521 tia
354 1479 548 1521 consulis
574 1485 619 1522 et
637 1482 789 1522 amore
809 1481 1004 1522 domina-

168 1536 243 1577 ris:
277 1535 335 1577 da
363 1536 567 1588 spiritum
595 1536 825 1589 sapientiae
853 1537 1003 1579 suffra-

167 1592 372 1643 gantibus
390 1592 557 1634 meritis
576 1593 836 1635 Antistitum
853 1594 1003 1636 Eccle-

169 1648 246 1688 siae
276 1654 382 1697 tuae,
421 1648 582 1700 quibus
615 1648 778 1691 dedisti
808 1651 1004 1702 regimen

169 1703 430 1757 disciplinae3
454 1711 503 1748 ut
528 1705 584 1747 de
607 1706 812 1758 profectu
835 1709 1004 1749 saneta-

168 1774 265 1802 rum
307 1761 455 1803 ovium
496 1762 604 1803 fiant
641 1761 804 1813 gaudia
840 1765 1005 1805 aeterna

167 1819 409 1869 pastorum.
436 1819 522 1860 Per
540 1818 791 1860 Dominum.

220 1891 265 1925 Et
282 1892 323 1925 fit
340 1901 537 1925 commem.
554 1890 771 1925 Dominicae
790 1901 934 1926 occurr.

330 1977 417 2018 Ad
448 1978 840 2019 Matutinum.

219 2044 343 2085 Invit.
388 2045 612 2087 Christum
642 2045 895 2098 Principem
924 2045 1002 2086 Pa-

169 2104 339 2143 storum
354 2103 376 2125 *
402 2102 563 2144 Venite
583 2102 830 2144 adoremus.

220 2161 288 2201 Ps.
312 2162 479 2213 Venite,
499 2163 779 2205 exsultemus.
797 2164 834 2204 2.

479 2231 693 2282 Hymnus.

354 2299 480 2338 terna
501 2298 663 2340 Christi
681 2301 875 2348 munera,

366 2353 425 2395 Et
443 2354 629 2406 gloriam
647 2355 911 2396 Pontificum

273 2409 449 2452 Laudes
469 2413 676 2453 canentes
697 2411 881 2462 debitas,

274 2467 409 2508 Laetis
429 2469 637 2508 canamus
655 2468 887 2510 mentibus.

220 2544 520 2586 Ecclesiarum
538 2544 771 2597 principes,

276 2600 389 2642 Belli
406 2600 696 2653 triumphales
715 2600 863 2648 duces,

274 2657 479 2698 Coelestis
499 2656 612 2699 aulae
631 2657 804 2706 milites,

274 2713 332 2755 Et
350 2726 455 2755 vera
473 2712 625 2756 mundi
647 2713 823 2755 himina.

1112 288 1286 327 Devota
1306 288 1560 328 sanctorum
1578 286 1702 336 fides,

1161 342 1332 384 Invicta
1351 355 1455 395 spes
1475 342 1758 393 credentium,

1157 399 1364 441 Perfecta
1383 399 1546 441 Christi
1565 399 1737 450 caritaS,

1163 455 1317 497 Mundi
1334 455 1577 509 triumphat
1595 457 1851 509 principem.

1112 523 1161 562 In
1179 521 1248 562 his
1267 521 1458 562 Paterna
1476 521 1628 572 gloria,

1163 579 1214 618 In
1234 577 1301 618 his
1320 577 1526 620 voluntas
1546 578 1747 631 Spiritus,

1163 636 1367 678 Exsultat
1386 635 1430 676 in
1451 635 1519 677 his
1538 635 1687 686 Filius,

1165 693 1336 736 Coelum
1355 693 1551 747 repletur
1568 692 1744 744 gaudio.

1115 758 1178 801 Te
1197 771 1312 800 nunc
1331 758 1610 811 Redemptor
1630 759 1894 810 quaesumus,

1162 816 1222 858 Ut
1242 815 1441 868 ipsorum
1460 814 1686 856 consortio

1162 872 1187 913 J
1189 885 1328 923 ungas
1347 873 1583 924 precantes
1603 869 1816 920 servulos,

1161 929 1213 970 In
1234 929 1504 982 sempiterna
1524 927 1699 969 saecula.

1373 986 1528 1027 Amen.

1112 1052 1212 1089 Ant..
1231 1051 1293 1085 Ps.
1317 1056 1353 1085 et
1369 1046 1452 1093 YY.
1470 1051 1655 1085 Nocturn.
1681 1051 1727 1086 de
1748 1051 1893 1086 Comm.

1060 1101 1196 1143 Apost.
1224 1099 1271 1143 [2]

1307 1160 1356 1198 In
1374 1160 1404 1198 Ι.
1424 1159 1649 1199 Nocturno.

1208 1229 1275 1270 De
1298 1229 1412 1272 libro
1432 1228 1746 1271 Ecclesiastici.

1137 1289 1291 1330 Lectio
1310 1289 1334 1329 i.
1629 1288 1734 1342 Cap.
1748 1290 1815 1329 44.

1072 1370 1169 1417 ἐι
1179 1351 1394 1393 audemus
1426 1351 1548 1393 viros
1577 1351 1816 1402 glorioSOS‚
1850 1356 1895 1393 et

1106 1403 1162 1460 <s
1196 1410 1405 1461 parentes
1432 1413 1612 1451 nostros
1639 1409 1685 1449 in
1714 1420 1892 1459 genera-

1167 1465 1174 1489 ]
1195 1465 1316 1507 tione
1349 1479 1439 1507 sua.
1491 1465 1678 1507 Multam
1708 1463 1895 1515 gloriam

1058 1521 1163 1563 fecit
1198 1521 1416 1564 Dominus
1452 1521 1780 1574 magnificentia
1814 1533 1895 1562 sua

1058 1591 1084 1620 a
1103 1578 1280 1620 saeculo.
1313 1578 1606 1621 Dominantes
1630 1579 1675 1619 in
1698 1578 1893 1631 poteste-

1057 1635 1176 1677 tibus
1197 1636 1305 1686 suis,
1332 1636 1534 1678 hemines
1552 1635 1701 1687 magni
1719 1634 1894 1684 virtute,

1058 1697 1102 1734 et
1121 1691 1356 1744 prudentia
1375 1705 1456 1734 sua
1472 1691 1667 1745 praediti‚
1693 1691 1892 1733 nuntien-

1056 1754 1125 1791 tes
1157 1749 1201 1790 in
1231 1748 1470 1802 Prophetis
1503 1748 1764 1801 dignitetem
1787 1748 1892 1790 Pro-

1057 1805 1309 1859 phetarum,
1342 1810 1387 1847 et
1414 1805 1686 1859 imperantes
1711 1805 1756 1846 in
1781 1817 1892 1857 prae·

1058 1863 1171 1904 senti
1201 1862 1389 1916 populo,
1426 1867 1471 1904 et
1502 1861 1666 1903 virtute
1701 1860 1890 1914 pruden-

1056 1919 1130 1960 tiae
1152 1919 1332 1972 populis
1356 1919 1633 1961 sanctissima
1657 1917 1805 1960 verba.
1839 1917 1892 1958 In

1055 1976 1216 2028 peritia
1269 1989 1350 2018 sua
1402 1976 1677 2028 requirentes
1731 1973 1891 2017 modos

1056 2033 1267 2083 musicos,
1322 2038 1367 2075 et
1417 2034 1647 2075 narrentes
1699 2031 1892 2074 carmina

1057 2090 1387 2143 scripturarum.
1454 2109 1463 2118 ι

1108 2146 1160 2198 Βι.
1177 2146 1294 2188 Ecce
1315 2159 1398 2197 ego
1413 2146 1541 2188 mitto
1558 2158 1640 2199 vos
1656 2145 1768 2186 sicut
1783 2157 1891 2187 oves

1056 2202 1100 2243 in
1119 2202 1267 2244 medio
1290 2203 1511 2256 luporum,
1536 2202 1643 2244 dicit
1661 2201 1891 2244 Dominus:

1056 2258 1079 2282 '⁸‘
1099 2259 1258 2301 Estote
1279 2272 1384 2310 ergo
1407 2258 1650 2311 prudentes
1671 2259 1783 2300 sicut
1803 2270 1889 2299 ser-

1056 2317 1223 2368 pentes,
1239 2320 1283 2357 et
1298 2315 1521 2368 simplices
1536 2315 1649 2357 sicut
1659 2314 1890 2356 columbae.

1055 2365 1108 2417 V·
1130 2373 1250 2414 Dum
1273 2372 1417 2414 lucem
1437 2371 1628 2421 habetis,
1656 2369 1823 2413 credite
1846 2370 1890 2412 in

1056 2429 1212 2479 lucem,
1231 2433 1280 2470 ut
1299 2429 1378 2470 filii
1394 2429 1504 2470 lucis
1523 2428 1628 2471 sitis.
1655 2427 1824 2470 Estote.

1119 2505 1124 2510 ·
1364 2485 1520 2527 Lectio
1540 2486 1581 2527 ii.

1153 2546 1321 2588 omines
1346 2545 1506 2587 divites
1526 2546 1570 2586 in
1589 2547 1770 2594 virtute,
1795 2543 1888 2597 pul-

1161 2601 1424 2644 chritudinis
1444 2601 1640 2644 studium
1659 2600 1888 2642 habentes:

1056 2659 1342 2711 pacificantes
1373 2659 1418 2700 in
1451 2658 1656 2700 domibus
1686 2657 1789 2699 suis.
1833 2657 1888 2698 0-

1056 2728 1180 2757 mnes
1203 2715 1279 2758 isti
1301 2716 1346 2756 in
1370 2714 1727 2767 generationibus
1745 2713 1888 2765 gentis
