2040 2976
265 320 327 361 Te
343 318 657 372 Prophetarum
672 318 936 360 *laudabilis
954 321 1026 358 nu-

214 388 367 425 merus5

263 432 326 473 Te
350 432 587 485 Martyrum
613 432 868 475 candidatus
892 432 915 455 *
939 430 1024 471 lau-

212 487 286 529 dat
305 489 527 530 exereitus.

261 544 322 585 Te
342 558 420 597 per
439 546 590 588 orbem
610 548 821 588 terrerum
837 545 859 569 *
875 547 1025 584 sancta

210 600 439 642 confitetur
458 603 667 652 Ecclesia,

259 656 430 699 Patrem
450 660 472 683 *
487 659 707 700 immensae
727 656 972 709 majestatis,

259 713 566 756 Venerandum
598 720 719 756 tuum
752 726 901 755 verum
928 713 951 737 *
979 717 1022 754 et

207 769 379 810 unicum
400 771 564 821 Filium,

206 881 421 934 Spiritum.

257 938 325 979 Tu
344 939 438 980 Rex
457 940 607 990 gleriae
627 941 649 965 *
671 940 849 982 Christe.

256 994 324 1035 Tu
335 995 474 1037 Patris
487 997 509 1022 *
521 993 806 1050 sempiternus
818 1010 863 1038 es
875 997 1019 1038 Filius.

256 1051 323 1092 Tu
355 1052 409 1093 ad
442 1052 711 1095 liberandum
739 1057 1019 1106 suscepturus

204 1105 434 1150 heminem:
453 1110 475 1134 *
495 1123 580 1150 non
604 1109 809 1151 horruisti
827 1110 1018 1160 Virginis

205 1165 384 1205 uterum.

255 1220 322 1261 Tu
342 1221 513 1263 devicto
533 1223 685 1264 mortis
701 1223 866 1264 aculeo:
882 1224 903 1248 *
919 1236 1017 1276 ape-

203 1277 323 1318 ruisti
347 1278 620 1320 credentibus
644 1292 775 1329 regna
795 1279 1017 1320 coelerum.

253 1333 320 1374 Tu
344 1334 398 1375 ad
423 1333 645 1376 dexteram
664 1336 746 1376 Dei
770 1335 911 1385 sedes,
931 1337 954 1362 *
974 1337 1016 1377 in

201 1388 337 1439 gleria
356 1390 506 1431 Patris.

251 1446 274 1485 J
278 1446 390 1487 udex
410 1447 598 1489 crederis
616 1449 639 1473 *
659 1462 754 1490 esse
773 1452 990 1490 venturus.

252 1502 316 1543 Te
336 1516 438 1553 ergo
460 1506 723 1555 quaesumus,
743 1506 827 1546 tuis
846 1506 1016 1547 famulis

202 1557 397 1600 subveni:
416 1560 439 1584 *
459 1573 569 1612 quos
592 1562 784 1612 pretieso
809 1563 1016 1612 sanguine

202 1613 431 1656 redemisti.

252 1670 431 1712 AEterna
459 1672 526 1713 fae
555 1686 651 1714 eum
680 1674 839 1715 sanetis
866 1676 965 1716 tuis:
992 1676 1015 1701 *

203 1725 245 1765 in
263 1726 399 1775 gloria
419 1730 641 1770 numerziri.

251 1782 424 1824 Salvum
455 1784 521 1825 fac
550 1786 759 1838 pepulum
783 1792 905 1828 tuum
928 1789 1014 1830 De-

202 1837 328 1887 mine,
348 1839 371 1863 *
391 1845 433 1880 et
451 1839 633 1883 benedic
655 1842 897 1885 haereditati
916 1850 1014 1886 tuae.

251 1894 306 1935 Et
324 1907 424 1946 rege
445 1910 530 1946 eos,
549 1899 572 1923 *
591 1904 634 1940 et
654 1899 812 1941 extelle
832 1900 928 1942 illos
948 1915 1013 1942 us-

202 1962 285 2001 que
304 1951 346 1991 in
366 1954 586 1995 aeternum.

250 2005 333 2047 Per
373 2009 563 2058 singulos
606 2010 698 2053 dies
739 2013 762 2038 *
798 2012 1012 2055 benedici-

200 2074 295 2102 mus
323 2068 376 2104 te.

251 2118 305 2159 Et
324 2119 549 2162 laudamus
569 2135 725 2165 nomen
741 2130 862 2166 tuum
878 2126 921 2166 in
936 2129 1012 2167 sae-

199 2173 354 2223 culum,
373 2176 396 2201 *
416 2182 459 2217 et
477 2177 518 2217 in
539 2180 746 2221 saeculum
766 2181 923 2222 saeculi.

248 2229 436 2281 Dignere
460 2232 645 2277 Demine
674 2236 742 2278 die
766 2237 850 2279 isto
873 2239 896 2263 *
919 2239 1010 2280 sine

197 2289 378 2337 peccato
399 2301 478 2329 nos
499 2291 728 2334 custodire.

248 2341 452 2386 Miserere
472 2347 607 2388 nostri
628 2349 827 2390 Demine:
846 2351 868 2375 *
888 2351 1011 2393 mise-

199 2399 292 2439 rere
312 2400 458 2440 nostri.

249 2454 343 2496 Fiat
378 2456 673 2501 misericordia
714 2467 787 2502 tua
823 2462 1011 2505 Demine

196 2522 326 2562 super
355 2524 448 2560 nos,
472 2514 494 2538 *
521 2516 887 2566 quemadmodum
916 2533 1010 2572 spe-

196 2566 382 2608 ravimus
402 2568 443 2608 in
464 2574 516 2611 te.

246 2622 294 2662 In
331 2628 373 2664 te
410 2624 595 2669 Demine
639 2631 829 2682 speravi:
864 2632 887 2656 *
922 2644 1009 2673 non

195 2678 433 2721 confundar
453 2681 494 2721 in
515 2686 736 2727 aeternum.

449 2756 752 2775 W

835 226 1030 259 Dominicu
1058 226 1103 258 ad
1134 226 1291 259 Laudes

257 826 460 868 Sanctum
498 841 670 880 quoque
706 828 728 852 *
760 826 1021 867 Pareelitum

1336 346 1415 386 Ad
1437 346 1644 388 Laudes.

1173 424 1248 452 eus
1285 412 1328 452 in
1365 411 1625 463 adjuterium
1662 425 1808 454 meum
1844 414 1904 456 in-

1180 467 1321 509 tende.
1350 469 1397 520 Rg.
1419 469 1608 510 Demine
1628 469 1685 510 ad
1700 468 1903 522 adjuven-

1079 524 1181 566 dum
1197 537 1266 566 me
1281 525 1448 566 festina.
1471 524 1620 566 Gleria
1629 525 1761 576 Patri,
1773 531 1853 568 etc.
1865 528 1902 568 2.

1077 580 1274 633 Alle11'1ja.

1137 654 1195 687 Ab
1232 656 1375 686 Octava
1415 652 1661 685 Pentecostes
1698 662 1820 696 usque
1858 653 1907 687 ad

1082 702 1309 735 Adventum.

1134 758 1169 797 A
1175 763 1230 797 nt.
1260 757 1451 810 Alleluja.

1355 838 1552 878 Psalmus
1572 839 1635 878 92.

1108 922 1164 966 â€œ537
1174 913 1375 953 eminus
1391 911 1599 963 regnavit,
1615 911 1822 954 decerem
1837 911 1898 952 in-

1223 969 1353 1011 dutus
1379 974 1459 1010 est:
1478 970 1501 994 *
1521 968 1700 1010 indutus
1724 973 1791 1010 est
1809 969 1898 1010 De-

1220 1027 1363 1067 minus
1382 1025 1700 1076 fortitudinem,
1726 1031 1770 1068 et
1787 1038 1898 1079 prae-

1072 1083 1205 1123 cinxit
1223 1096 1280 1124 se.

1121 1144 1293 1185 Etenim
1317 1144 1508 1186 firmavit
1532 1143 1685 1186 orbem
1704 1149 1853 1195 terrae,
1873 1145 1897 1171 *

1072 1200 1145 1252 qui
1165 1213 1251 1242 non
1272 1200 1631 1242 commovebitur.

1120 1261 1278 1303 Parata
1311 1261 1437 1304 sedes
1470 1267 1545 1303 tua
1578 1275 1632 1304 ex
1664 1267 1783 1305 tunc:
1814 1264 1838 1289 *
1870 1276 1896 1304 a

1070 1318 1232 1360 saeculo
1252 1324 1299 1360 tu
1319 1332 1376 1360 es.

1119 1379 1413 1422 Elevaverunt
1438 1381 1616 1422 flumina
1641 1381 1847 1424 Demine:
1870 1381 1894 1408 *

1069 1435 1348 1479 elevaverunt
1374 1437 1553 1479 flumina
1577 1450 1734 1480 vocem
1759 1451 1894 1480 suam.

1119 1497 1412 1540 Elevaverunt
1436 1499 1616 1540 flumina
1642 1499 1801 1541 fluctus
1826 1513 1893 1542 su-

1069 1565 1129 1602 OS,
1144 1554 1167 1579 *
1183 1567 1207 1595 a
1222 1555 1405 1597 vecibus
1420 1558 1633 1608 aquarum
1647 1556 1893 1598 multarum.

1118 1615 1340 1658 Mirabiles
1365 1616 1576 1659 elatienes
1599 1617 1747 1659 maris:
1769 1618 1793 1644 *
1816 1617 1892 1658 mi-

1067 1670 1215 1713 rabilis
1235 1673 1278 1713 in
1299 1673 1396 1715 altis
1415 1674 1642 1716 Deminus.

1118 1733 1389 1776 Testimenia
1416 1740 1492 1777 tua
1520 1735 1746 1778 credibilia
1776 1735 1893 1778 facta

1067 1794 1167 1830 sunt
1193 1790 1335 1831 nimis:
1359 1792 1383 1817 *
1408 1791 1588 1834 domum
1614 1798 1736 1834 tuam
1764 1791 1892 1834 decet

1067 1847 1315 1888 sanctitudo
1351 1848 1540 1891 Demine
1576 1850 1621 1891 in
1657 1848 1891 1901 longitudi-

1067 1914 1165 1943 nem
1185 1903 1364 1945 dierum.

1337 1978 1533 2020 Psalmus
1553 1982 1618 2020 99.

1067 2039 1294 2145 Jubilzite
1314 2052 1410 2094 Deo
1429 2054 1572 2095 omnis
1597 2059 1727 2096 terra:
1754 2055 1778 2080 Â²â¸Â¹
1802 2067 1889 2097 ser-

1142 2108 1229 2148 vite
1248 2107 1439 2151 Domino
1459 2111 1503 2151 in
1522 2111 1685 2153 laetitia.

1115 2167 1298 2210 Introite
1323 2169 1366 2210 in
1391 2174 1634 2225 conspectu
1664 2175 1771 2227 erSâ€š
1797 2173 1820 2199 *
1844 2173 1889 2214 in

1066 2223 1365 2267 exsultatiene.

1115 2285 1279 2327 Scitote
1313 2289 1518 2339 queniam
1547 2291 1764 2333 Dominus
1793 2291 1888 2344 ipse

1065 2341 1286 2405 est-Deus:
1310 2344 1333 2369 *
1357 2344 1451 2397 ipse
1475 2346 1579 2389 feeit
1602 2361 1703 2398 nos,
1730 2353 1774 2390 et
1798 2361 1887 2390 non

1064 2409 1147 2448 1ps1
1166 2411 1256 2439 nos.

1115 2457 1307 2511 Pepulus
1344 2462 1450 2514 erSâ€š
1487 2468 1530 2505 et
1566 2477 1672 2507 oves
1708 2467 1885 2518 pasc-uae

1064 2513 1167 2563 ejus:
1186 2516 1208 2540 *
1228 2516 1404 2559 introite
1428 2525 1579 2571 portas
1605 2522 1696 2573 ejus
1715 2522 1759 2563 in
1785 2535 1885 2564 eonâ€”

1063 2569 1261 2622 sessione,
1282 2574 1391 2615 atria
1407 2576 1497 2627 ejus
1516 2577 1560 2617 in
1577 2577 1764 2630 hymnis:
1784 2591 1885 2620 con-

1061 2625 1241 2669 fitemini
1262 2629 1333 2670 illi.

1112 2686 1306 2731 Laudete
1338 2704 1497 2734 nomen
1535 2694 1640 2746 ejus:
1677 2696 1884 2748 quoniam

1060 2745 1204 2785 suavis
1236 2752 1302 2788 est
1331 2748 1562 2800 Dominus,
1595 2751 1639 2792 in
1671 2753 1884 2794 aeternum
