2040 2976
283 230 356 264 Die
378 230 430 263 ‘2ss.
455 229 553 271 Aug.
600 229 635 262 S.
660 226 872 271 Zephyrini
896 226 964 269 l'p.
989 225 1036 258 M.
1061 242 1073 247 -
1096 223 1147 257 27.
1175 224 1209 257 S.
1235 221 1400 265 Josephi
1428 219 1665 255 Calasanctii
1690 219 1744 253 Cf.
1804 220 1870 256 543

151 339 274 377 ergo,
303 325 405 378 quia
431 324 612 366 nescitis
642 337 728 376 qua
751 323 861 364 hora
886 323 981 363 Dfis

150 387 296 425 vester
310 385 521 424 venturus
540 381 606 422 sit.
625 381 693 422 Et.
725 379 886 421 GlOria.
914 379 982 420 Et.

455 439 608 480 Lectio
628 438 682 478 ix.

242 494 351 537 thic
386 495 624 546 possumus
662 491 818 534 decem
858 505 982 534 mnas

255 550 410 593 decem
424 549 560 591 verba
574 549 830 601 intelligere,
844 550 890 591 id
906 553 983 599 est,

111 616 113 618 “
151 608 259 658 legis
297 607 562 656 doctrinam;
609 605 802 658 quinque
838 611 985 647 autem

151 678 293 714 mnas,
319 662 573 714 magisteria
602 661 856 714 disciplinae.
896 661 984 704 Sed

151 721 454 773 legisperitum
477 719 522 759 in
542 717 744 759 omnibus
762 719 867 760 volo
888 730 985 759 esse

153 777 409 830 perfectum.
442 775 543 816 Non
569 775 685 816 enim
707 774 751 815 in
770 777 985 824 sermene,

153 833 234 875 sed
275 833 319 874 in
360 832 521 873 virtute
562 835 630 873 est
671 843 855 881 regnum
890 831 985 872 Dei.

153 891 275 931 Bene
299 893 458 938 autem,
484 888 587 939 quia
611 886 666 929 de
685 888 849 929 Judaeis
870 887 986 937 dicit,

154 946 242 988 duo
277 945 361 987 soli
387 944 725 996 multiplicatam
752 944 987 996 pecuniam

154 1002 366 1050 deferunt,
389 1013 478 1042 non
499 1000 651 1052 utique
673 1000 783 1050 aeris,
803 1000 884 1042 sed
903 1000 986 1041 dis-

153 1057 425 1111 pensatiOnis
452 1057 609 1098 usuris.
650 1056 750 1097 Alia
777 1061 846 1098 est
873 1057 987 1098 enim

153 1115 354 1168 pecuniae
388 1113 614 1162 fo'enebris,
651 1113 736 1154 3113
773 1112 987 1155 doctrinae

156 1171 348 1213 coelestis
376 1173 519 1211 usura.

209 1228 271 1269 Te
291 1227 435 1268 Deum
453 1225 695 1267 laudemus.
714 1227 772 1267 13.

210 1289 255 1324 In
278 1288 324 1324 11.
348 1289 465 1331 Vesp.
492 1297 690 1322 commem.
715 1297 821 1330 sequ.

368 1370 453 1411 Die
481 1370 547 1410 26.
575 1369 775 1420 Augusti.

158 1439 201 1481 S.
225 1437 501 1489 zephyrini
532 1437 667 1488 Papae
701 1440 744 1477 et
771 1436 988 1488 Martyris.

211 1501 313 1543 Ant.
346 1502 437 1542 Iste
466 1504 643 1541 sanctus
670 1512 752 1552 pro
781 1499 879 1550 lege
908 1499 992 1541 Dei

158 1557 226 1598 sui
244 1557 431 1598 certavit
449 1569 590 1608 usque
609 1555 666 1597 ad
684 1561 884 1606 mortem,
904 1561 948 1598 et
967 1569 992 1597 a

158 1613 305 1655 verbis
331 1612 567 1665 impierum
594 1625 683 1654 non
712 1613 870 1655 timuit:
899 1613 990 1654 fun-

160 1669 290 1711 datus
335 1669 452 1711 enim
503 1674 596 1711 erat
642 1682 776 1721 supra
819 1669 992 1710 firmam

159 1731 343 1779 petram.

212 1781 262 1833 V.
300 1783 453 1824 Gloria
487 1787 531 1824 et
562 1782 732 1824 honere
769 1782 994 1824 coronasti

161 1852 263 1881 eum
298 1839 498 1881 Domine.
548 1843 598 1893 R.
635 1840 692 1881 Et
728 1839 995 1881 constituisti

162 1909 262 1938 eum
280 1908 413 1949 super
430 1898 567 1948 epera
585 1899 795 1937 manuum
809 1897 995 1937 tuarum.

500 1956 663 1997 Oratio.

244 2014 394 2060 raesta,
429 2011 681 2062 quaesumus
714 2010 995 2061 omnipotens

266 2065 405 2107 Deus:
423 2070 472 2108 ut
489 2065 610 2108 beati
629 2065 869 2118 Zephyrini
884 2065 996 2105 Mar-

163 2121 273 2173 tyris
309 2122 374 2163 tui
414 2126 548 2174 atque
584 2121 830 2171 Pontificis,
875 2122 996 2173 cujus

164 2177 406 2232 gaudemus
430 2178 608 2229 meritis,
634 2178 902 2220 instruamur
925 2190 995 2220 ex-

165 2233 331 2286 emplis.
357 2234 442 2276 Per
459 2234 707 2276 Deminum.

466 2295 619 2336 Lectio
640 2295 694 2335 iii.

243 2389 252 2404 3
263 2350 501 2403 ephyrinus
513 2351 740 2392 Romanus
751 2352 914 2393 Severo
930 2351 999 2392 im-

180 2417 241 2454 .-1251
279 2409 485 2460 peratore
509 2407 566 2449 ad
589 2407 826 2458 regendam
848 2407 998 2448 Eccle-

167 2465 277 2505 siam
304 2466 575 2516 assumptus,
609 2464 811 2514 sancivit,
842 2468 891 2505 ut
925 2464 1000 2516 qui

167 2519 400 2562 ordinandi
426 2524 583 2570 essent,
611 2523 864 2572 opportuno
892 2522 998 2563 tem-

166 2589 278 2629 pore
298 2581 342 2618 et
358 2576 506 2618 multis
521 2576 815 2628 praesentibus
831 2576 1000 2618 clericis

168 2638 213 2675 et
231 2633 365 2682 laicis,
392 2633 447 2674 de
472 2645 596 2674 more
621 2633 758 2674 sacris
781 2633 999 2674 initiaren-

167 2694 252 2739 tur3
272 2689 482 2740 doctique
502 2702 553 2730 ac
572 2691 785 2741 spectatae
801 2689 905 2730 vitae
924 2689 999 2730 ho-

169 2746 307 2787 mines
336 2744 394 2787 ad
422 2744 468 2788 id
495 2744 627 2788 officii
654 2758 811 2787 munus
840 2744 999 2798 delige—

1033 324 1194 363 rentur.
1227 320 1435 362 Decrevit
1457 321 1687 373 praeterea,
1710 324 1759 360 ut
1777 331 1870 359 rem

1036 377 1229 420 divinam
1265 377 1441 418 facienti
1478 379 1691 429 episcopo
1728 387 1869 416 sacer-

1036 434 1165 476 detes
1186 446 1339 475 omnes
1364 435 1569 475 astarent.
1601 432 1728 475 Idem
1750 432 1869 473 insti-

1035 491 1118 533 tuit
1145 495 1194 532 ut
1218 490 1481 542 patriarcha,
1508 490 1684 542 primas,
1713 493 1872 530 metro-

1036 547 1259 600 politanus
1276 546 1490 588 adversus
1506 548 1767 599 episcopum
1785 556 1874 585 non

1037 604 1180 646 ferant
1207 603 1486 652 sententiam,
1515 602 1598 643 nisi
1626 601 1874 655 apostelica
1923 608 1925 611 “

1038 660 1301 702 auctoritate
1330 659 1437 701 fulti.
1478 659 1602 700 Vixit
1628 659 1673 699 in
1700 657 1874 710 pontifi-

1039 719 1142 758 catu
1160 729 1299 757 annos
1316 715 1471 757 decem
1486 720 1530 757 et
1550 720 1664 764 octo,
1686 715 1781 756 dies
1802 712 1874 755 de-

1040 786 1136 815 cem
1163 778 1206 814 et
1229 777 1344 814 octo.
1378 770 1547 813 Habuit
1572 771 1875 812 ordinationes

1042 832 1233 882 quatuor
1260 841 1411 870 mense
1437 827 1685 877 Decembri,
1717 827 1876 879 quibus

1042 886 1208 927 creavit
1231 884 1515 938 presbyteros
1537 884 1762 932 tredecim,
1788 882 1876 925 dia-

1042 955 1180 984 conos
1210 947 1398 994 septem,
1433 943 1671 993 episcopos
1703 953 1784 993 per
1814 939 1875 981 di-

1042 1001 1170 1041 versa
1188 999 1287 1040 loca
1306 997 1530 1040 tredecim.
1560 998 1786 1038 Antonino
1802 997 1877 1037 im-

1041 1057 1249 1108 peratere
1280 1054 1492 1107 martyrio
1525 1055 1765 1096 coronatus
1801 1058 1878 1102 est,

1043 1117 1088 1154 et
1116 1111 1317 1164 sepultus
1345 1111 1417 1152 via
1444 1111 1593 1163 Appia
1620 1122 1764 1163 prope
1792 1122 1878 1151 coe-

1042 1168 1273 1210 meterium
1297 1167 1476 1217 Callisti,
1503 1167 1693 1219 septimo
1717 1166 1878 1208 Kalen-

1044 1225 1123 1267 das
1142 1224 1428 1277 Septembris.

1097 1290 1160 1329 Te
1179 1286 1324 1328 Deum
1343 1284 1586 1327 laudemus.
1606 1285 1663 1324 13.

1096 1358 1147 1398 In
1166 1356 1302 1397 Laud.
1331 1356 1429 1397 Ant.
1459 1354 1547 1404 Qui
1571 1353 1667 1395 odit
1692 1353 1882 1394 enimam

1045 1425 1170 1454 suam
1188 1412 1232 1452 in
1249 1412 1337 1454 hoc
1350 1410 1528 1460 mundo,
1547 1410 1591 1451 in
1606 1410 1742 1451 vitam
1757 1410 1880 1451 aeter-

1045 1482 1147 1510 nam
1166 1468 1361 1511 custodit
1382 1481 1489 1510 eam.

1099 1527 1148 1579 V.
1192 1530 1344 1571 Justus
1391 1533 1439 1570 ut
1492 1527 1641 1580 palma
1695 1525 1882 1567 florebit.

1046 1589 1097 1640 Rz.
1134 1587 1256 1628 Sicut
1288 1586 1447 1628 cedrus
1484 1584 1641 1626 Libani
1676 1581 1882 1634 multipli-

1047 1642 1231 1684 cabitur.

1099 1704 1287 1746 Vcsperae
1313 1702 1359 1735 dc
1386 1711 1491 1743 sequ.

1273 1783 1357 1824 Die
1376 1783 1441 1823 27.
1460 1781 1662 1832 Augusti.

1092 1851 1264 1893 Sancti
1292 1851 1323 1892 J
1325 1849 1504 1901 osephi
1533 1846 1840 1890 calasanctii

1324 1902 1611 1944 Confessoris.

1384 1967 1550 2011 Duplex.

1102 2026 1240 2061 Omnia
1271 2026 1317 2060 de
1349 2025 1494 2059 Comm.
1526 2023 1634 2057 Conf.
1666 2032 1743 2056 non
1773 2021 1882 2055 Pont.

1051 2073 1132 2117 [67],
1153 2078 1295 2117 praeter
1320 2083 1427 2116 sequ.
1453 2071 1512 2114 (m.
1537 2074 1562 2105 t.
1585 2072 1634 2112 v.)

1389 2126 1552 2168 Oratio.

1141 2198 1230 2234 eus,
1246 2185 1321 2237 qui
1335 2197 1415 2237 per
1431 2188 1631 2225 sanctum
1641 2183 1666 2224 J
1669 2182 1886 2236 osephum

1170 2241 1480 2283 Confessorem
1511 2244 1654 2290 tuum,
1697 2239 1755 2280 ad
1792 2251 1885 2280 eru-

1053 2297 1260 2340 diendam
1294 2297 1454 2351 spiritu
1496 2296 1797 2355 intelligentiae
1835 2307 1886 2336 ac

1050 2355 1229 2408 pietatis
1248 2355 1534 2406 juventutem,
1553 2365 1717 2394 novum
1735 2351 1885 2393 Eccle-

1053 2411 1130 2453 siae
1163 2416 1252 2453 tuae
1284 2409 1530 2453 subsidium
1560 2408 1797 2462 providere
1825 2407 1885 2449 di-

1052 2469 1211 2519 gnatus
1231 2480 1293 2509 es:
1310 2472 1492 2520 praesta,
1513 2468 1780 2519 quaesumus3
1804 2476 1886 2505 nos

1053 2525 1144 2577 ejus
1168 2524 1373 2577 exemplo
1398 2528 1442 2566 et
1465 2522 1798 2570 intercessiene,
1826 2520 1887 2561 ita

1053 2581 1198 2623 facere
1225 2586 1269 2623 et
1295 2581 1475 2630 docere,
1502 2585 1551 2622 ut
1575 2578 1760 2632 praemia
1786 2589 1886 2618 con-

1054 2640 1289 2689 sequemur
1315 2639 1491 2680 aeterna.
1527 2637 1613 2678 Per
1637 2634 1887 2677 Deminum.

1103 2706 1147 2739 In
1177 2705 1203 2739 Ι.
1236 2705 1437 2738 Nocturno
1470 2703 1674 2737 Lectiones
1708 2700 1755 2734 de
1785 2698 1883 2733 Scri-

1053 2758 1165 2797 ptura
1190 2756 1424 2787 occurrente.
