2040 2976
810 221 972 255 Litaniae
997 219 1234 253 Sanctorum.

166 327 297 368 Pater
318 326 373 367 de
393 326 518 367 coelis
537 325 673 374 Deus,
696 324 905 364 miserere
922 335 997 363 no-

217 383 298 424 bis.

166 438 250 479 Fili
275 437 551 489 Redemptor
575 435 726 477 mundi
755 436 894 484 Deus,
922 434 997 475 mi-

218 496 364 535 serere
384 493 523 534 nobis.

167 550 355 602 Spiritus
375 554 524 590 sancte
543 549 675 596 Deus,
695 547 904 588 miserere
922 558 997 586 no-

218 605 297 646 bis.

166 663 327 703 Sancta
352 661 546 702 Trinitas
570 673 681 700 unus
707 660 846 708 Deus,
873 658 997 705 mise-

218 719 315 758 rere
334 716 474 758 nobis.

167 774 327 815 Sancta
346 773 494 821 Maria,
515 785 593 814 ora
606 785 695 824 pro
715 770 854 812 nobis.

167 830 328 870 Sancta
346 829 430 869 Dei
451 828 663 877 Genitrix,

166 885 327 926 Sancta
344 884 483 934 Virgo
503 884 730 934 virginum,

166 941 325 982 Sancte
345 939 543 990 Michael,

166 996 324 1037 Sancte
345 995 536 1045 Gabriel,
909 1007 996 1035 ora.

166 1053 324 1093 Sancte
344 1051 556 1104 Raphael,
908 1063 997 1090 ora.

168 1108 331 1154 Omnes
365 1108 503 1148 sancti
536 1107 695 1158 Angeli
729 1113 773 1148 et
803 1106 997 1147 Archan-

216 1168 313 1218 geli,
334 1170 459 1208 orate
477 1178 560 1217 pro
581 1163 719 1204 nobis.

167 1224 329 1264 Omnes
355 1222 494 1264 sancti
511 1221 745 1262 beaterum
765 1219 997 1271 spirituum

909 839 997 867 Osa.

910 895 997 923 Ol‘a.

908 951 997 979 Ora.

217 1280 405 1329 erdines,
862 1277 997 1316 orate.

165 1336 324 1377 Sancte
342 1336 365 1376 J
369 1337 535 1376 oannes
553 1334 768 1385 Baptista,
907 1343 996 1371 ora.

155 1392 324 1446 ‘Sancte
343 1391 367 1432 J
370 1390 520 1443 oseph,
908 1399 996 1428 ora.

166 1448 329 1488 Omnes
358 1447 498 1488 sancti
523 1444 793 1486 Patriarchae
823 1448 867 1485 et
891 1444 995 1483 Pro-

215 1503 374 1556 phetae,
862 1501 996 1540 orate.

165 1560 323 1601 Sancte
340 1560 482 1607 Petre,
908 1568 996 1596 ora.

165 1616 323 1657 Sancte
342 1614 489 1663 Paule,
908 1625 996 1652 ora.

165 1672 323 1714 Sancte
342 1670 532 1719 Andrea,
908 1681 996 1709 ora.

165 1728 323 1769 Sancte
342 1727 366 1768 J
370 1726 519 1776 acebe,
909 1737 996 1765 ora.

165 1784 323 1825 Sancte
342 1783 366 1824 J
369 1785 544 1832 oannes,
908 1793 996 1821 ora.

165 1840 323 1881 Sancte
341 1838 523 1887 Thoma‚
908 1849 996 1878 ora.

164 1896 323 1936 Sancte
342 1895 366 1935 J
369 1894 519 1939 acobe‚
907 1905 996 1934 ora.

164 1951 322 1992 Sancte
340 1950 555 2002 Philippe,
907 1961 996 1990 ora.

165 2007 322 2048 Sancte
341 2005 677 2054 Bartholomaee‚
907 2017 996 2045 ora.

165 2063 324 2104 Sancte
343 2061 563 2110 Matthaee,
907 2073 996 2101 ora.

165 2119 324 2160 Sancte
341 2119 503 2167 Simon,
907 2129 996 2157 ora.

165 2175 322 2216 Sancte
342 2173 581 2222 Thadda'ee,
908 2185 996 2214 ora.

165 2231 324 2272 Sancte
342 2230 520 2279 Mathia,
908 2241 996 2269 ora.

165 2287 324 2328 Sancte
343 2285 561 2335 Barnaba,
908 2297 996 2326 ora.

166 2343 323 2384 Sancte
342 2343 474 2390 Luca,
909 2353 996 2381 ora.

165 2399 324 2440 Sancte
343 2399 502 2446 Marce,
909 2409 997 2438 ora.

167 2455 329 2495 Omnes
350 2454 489 2495 sancti
507 2452 717 2505 Apestoli
739 2458 782 2494 et
800 2453 996 2503 Evange-

218 2510 342 2559 listae,
362 2512 487 2550 orate
505 2521 588 2561 pro
608 2508 746 2550 nobis.

167 2566 330 2607 Omnes
372 2566 511 2606 sancti
550 2565 767 2617 Discipuli
808 2565 997 2614 Demini,

220 2624 344 2662 orate
363 2634 446 2674 pro
465 2620 605 2662 nobis.

167 2678 330 2718 Omnes
350 2677 489 2718 sancti
508 2677 784 2725 InnocenteS,

166 2734 323 2775 Sancte
342 2732 574 2785 Stephane,

861 2678 996 2718 orate.

907 2744 995 2773 ora.

1786 222 1883 268 [185]
1927 229 1928 233 ’

1050 322 1209 363 Sancte
1228 321 1447 370 Laurenti,
1468 334 1546 362 ora
1564 333 1646 373 pro
1665 320 1805 361 nobis.

1050 378 1209 419 Sancte
1227 377 1443 427 Vincenti,
1794 389 1882 417 ora.

1050 434 1199 474 Sancti
1214 433 1409 474 Fabiane
1432 438 1475 474 et
1491 432 1762 483 Sebastiane,
1788 434 1882 473 ora-

1101 495 1146 531 te
1165 502 1247 542 pro
1269 490 1407 531 nobis.

1050 546 1199 587 Sancti
1217 546 1241 586 J
1243 548 1408 586 oannes
1429 551 1471 586 et
1490 545 1636 594 Paule,
1748 546 1882 585 orate.

1051 602 1198 643 Sancti
1219 602 1378 642 Cosma
1399 606 1441 642 et
1460 601 1686 649 Damiane,
1746 603 1883 641 orate.

1050 658 1197 699 Sancti
1218 657 1405 698 Gervasi
1425 662 1469 698 et
1487 657 1670 706 Protesi,
1748 658 1882 697 orate.

1052 714 1214 755 Omnes
1234 714 1372 754 sancti
1393 713 1619 764 Martyres,
1749 715 1883 753 orate.

1050 771 1209 811 Sancte
1229 770 1448 817 Silvester,
1795 781 1883 809 ora.

1050 827 1208 868 Sancte
1230 826 1429 876 Gregori,
1746 839 1751 843 ·
1796 837 1883 865 ora.

1050 883 1209 924 Sancte
1229 882 1448 931 Ambrosi,
1794 893 1883 921 ora.

1050 939 1209 980 Sancte
1230 940 1485 989 Augustine,
1794 949 1883 977 ora.

1050 995 1208 1036 Sancte
1228 995 1510 1046 Hieronyme‚
1542 1021 1545 1023 >
1797 1005 1884 1033 ora.

1050 1052 1207 1092 Sancte
1227 1051 1424 1098 Martine‚
1796 1062 1884 1089 ora.

1049 1108 1207 1148 Sancte
1227 1106 1423 1154 Nicolae‚
1796 1117 1884 1146 ora.

1051 1163 1215 1204 Omnes
1252 1163 1390 1203 sancti
1421 1161 1660 1202 Pontifices
1697 1166 1740 1201 et
1774 1161 1883 1201 Con-

1102 1220 1304 1268 fessores,
1748 1219 1883 1257 orate.

1051 1276 1214 1316 Omnes
1234 1275 1374 1316 sancti
1393 1275 1627 1322 Doctores,
1748 1275 1883 1314 orate.

1049 1332 1207 1372 Sancte
1228 1331 1404 1379 Antoni,
1795 1342 1883 1369 ora.

1049 1388 1208 1429 Sancte
1229 1386 1480 1434 Benedicte‚
1794 1398 1882 1426 ora.

1049 1443 1209 1484 Sancte
1229 1442 1465 1492 Bernarde,
1794 1454 1883 1482 ora.

1049 1500 1207 1540 Sancte
1227 1499 1468 1547 Dominice,
1795 1510 1882 1538 ora.

1049 1556 1207 1596 Sancte
1228 1556 1472 1604 Francisce‚
1794 1566 1882 1594 ora.

1050 1612 1213 1653 Omnes
1239 1611 1378 1652 sancti
1401 1610 1666 1651 SacerdO'tes
1691 1615 1733 1651 et
1757 1609 1881 1651 Levi-

1099 1673 1170 1717 tae,
1193 1670 1317 1708 orate
1336 1679 1419 1719 pro
1439 1666 1580 1708 nobis.

1050 1724 1213 1765 Omnes
1230 1724 1370 1765 sancti
1384 1723 1589 1764 Monachi
1606 1727 1648 1763 et
1663 1723 1882 1769 Eremitae,

1748 1781 1882 1820 orate.

1048 1836 1210 1877 Sancta
1228 1835 1367 1876 Maria
1386 1835 1655 1886 Magdalena,
1793 1848 1881 1875 ora.

1048 1892 1207 1932 Sancta
1226 1891 1411 1941 Agatha,
1794 1903 1881 1931 ora.

1049 1948 1208 1988 Sancta
1227 1947 1373 1996 Lucia,
1792 1959 1880 1987 ora.

1048 2003 1208 2044 Sancta
1227 2003 1388 2054 Agnes,
1793 2015 1882 2044 ora.

1049 2060 1208 2100 Sancta
1230 2059 1416 2108 Caecilia,
1791 2071 1881 2099 ora.

1048 2115 1209 2156 Sancta
1228 2115 1473 2164 Catharina,
1794 2128 1882 2156 ora.

1051 2171 1210 2213 Sancta
1229 2171 1474 2220 Anastasia,
1794 2184 1882 2213 ora.

1051 2227 1215 2269 Omnes
1239 2233 1403 2269 sanctae
1423 2228 1628 2278 Virgines
1648 2233 1692 2269 et
1710 2226 1881 2276 Viduae,
1931 2232 1935 2234 ’

1747 2286 1882 2324 orate.

1051 2340 1214 2381 Omnes
1229 2340 1377 2382 Sancti
1393 2344 1436 2381 et
1452 2340 1625 2382 Sanctae
1639 2340 1733 2388 Dei,
1752 2339 1880 2380 inter-

1102 2395 1245 2437 cedite
1264 2409 1347 2448 pro
1367 2395 1506 2438 nobis.

1048 2453 1273 2505 Propitius
1307 2458 1420 2503 esto,
1460 2466 1595 2506 parce
1632 2451 1760 2493 nobis
1792 2451 1880 2492 Do-

1101 2522 1228 2558 mine,

1048 2565 1272 2617 Propitius
1289 2570 1396 2614 esto,
1411 2565 1571 2607 exaudi
1585 2577 1667 2605 nos
1682 2563 1880 2604 Domine.

1050 2620 1121 2661 Ab
1142 2621 1260 2661 omni
1279 2621 1407 2671 malo,
1427 2621 1566 2663 libera
1584 2633 1666 2661 nos
1681 2619 1880 2660 Domine.

1050 2676 1120 2718 Ab
1141 2677 1259 2718 omni
1277 2680 1474 2730 peccato,
1732 2675 1880 2716 libera.

1049 2732 1119 2775 Ab
1139 2733 1203 2774 ira
1222 2738 1307 2783 tua,
1731 2731 1881 2772 libera.
