2040 2976
802 210 999 243 Dominica
1026 210 1081 242 ὃς.
1099 208 1308 242 Trinitatis.

218 327 332 362 nem,
360 313 616 354 divisionem
643 312 685 352 in
712 312 808 352 Deo
838 311 1033 351 facimus:

219 369 296 411 sed
325 368 562 410 secundum
587 367 744 409 divinae
769 370 933 408 naturae
957 379 1032 419 po-

217 426 410 475 tentiam,
441 438 538 477 quae
566 425 609 465 in
640 424 819 465 materia
844 435 930 464 non
957 428 1033 471 est,

217 488 259 524 et
294 482 515 523 neminum
551 483 760 533 personas
796 492 897 520 vere
934 492 1033 520 con-

216 540 331 580 stare
351 536 578 586 credimus,
595 542 637 578 et
656 537 864 577 unitatem
883 534 1031 576 divini-

216 595 317 635 tatis
338 606 433 635 esse
452 595 674 635 testamur.

267 653 317 703 R».
343 649 659 692 Benedicamus
691 649 865 690 Patrem
896 654 939 690 et
966 649 1032 689 Fi-

215 707 319 747 lium
338 719 436 748 cum
455 711 606 747 sancto
626 706 805 758 Spiritu:
820 707 842 729 *
866 704 1031 746 Laude-

215 776 310 804 mus
331 768 374 805 et
390 762 761 815 superexaltemus
782 775 879 803 eum
898 761 940 801 in
956 763 1032 801 sa'e-

216 819 322 860 cula.
357 815 405 866 V.
427 818 690 860 Benedictus
715 830 761 859 es
779 818 965 858 Demine
989 817 1032 857 in

216 875 486 917 firmamento
515 875 629 924 coeli,
662 879 705 916 et
736 873 965 915 laudabilis
991 878 1033 914 et

215 931 431 982 gloriesus
450 931 493 972 in
513 931 682 973 saecula.
711 929 968 971 Laudemus.

268 987 427 1029 Bened.
456 988 658 1030 Divinum
677 987 892 1028 auxilium.

499 1044 646 1084 Lectio
665 1043 748 1083 viii.

215 1094 359 1200 Nec
379 1100 675 1142 extensionem
694 1100 830 1152 partis
854 1099 1031 1151 alicujus

337 1170 390 1198 ex
416 1162 555 1209 parte,
580 1162 628 1198 ut
653 1156 828 1208 quidam
856 1158 1031 1209 putave-

217 1218 327 1263 runt,
346 1213 427 1254 Dei
446 1213 600 1254 Filium
620 1213 816 1254 dicimus:
840 1226 920 1254 nec
939 1226 1030 1254 ver-

213 1269 316 1311 bum
347 1269 437 1310 sine
474 1282 535 1318 re,
575 1269 693 1310 velut
725 1282 879 1310 sonum
911 1269 1031 1310 vocis

213 1326 460 1377 accipimus:
480 1324 558 1366 sed
575 1326 657 1367 tria
675 1325 859 1375 nemina,
880 1331 922 1367 et
940 1331 1030 1367 tres

212 1384 422 1434 personas
432 1383 558 1422 unius
573 1394 669 1423 esse
681 1383 893 1431 essentiae,
904 1384 1031 1423 unius

213 1438 448 1489 majestatis
484 1443 614 1489 atque
650 1439 859 1490 potentiae
896 1439 1031 1480 credi-

213 1508 318 1535 mus.
352 1495 408 1535 Et
427 1493 526 1535 ideo
546 1508 678 1535 unum
694 1495 836 1536 Deum
856 1495 1030 1537 confite-

213 1563 323 1591 mur:
357 1550 457 1601 quia
487 1550 629 1592 unitas
660 1552 912 1602 majestatis,
938 1552 1029 1604 plu-

214 1606 323 1647 rium
347 1605 563 1648 vocabulo
592 1606 700 1648 deos
728 1607 932 1659 prohibet
957 1621 1029 1661 ap-

214 1662 377 1714 pellari.
404 1663 602 1714 Denique
617 1664 800 1713 Patrem,
817 1669 860 1705 et
875 1664 1030 1706 Filium

214 1718 425 1760 catholice
444 1720 731 1760 nominamus:
756 1720 866 1762 duos
886 1726 1030 1762 autem

213 1774 333 1816 Deos
367 1774 528 1824 dicere,
560 1789 639 1817 nec
671 1778 918 1828 pessumus,
950 1791 1030 1819 nec

214 1829 432 1872 debemus.
481 1831 582 1873 Non
624 1832 742 1884 quod
777 1833 911 1874 Filius
947 1835 1030 1876 Dei

212 1887 332 1928 Deus
356 1900 443 1928 non
467 1888 538 1938 sit,
563 1889 650 1930 imo
677 1901 805 1930 verus
830 1890 950 1931 Deus
976 1890 1030 1932 de

212 1942 308 1984 Deo
341 1956 460 1985 vero:
492 1944 570 1986 sed
603 1945 703 1997 quia
732 1958 819 1986 non
846 1946 1028 1996 aliunde,

214 2011 344 2050 quam
370 1999 424 2041 de
451 2000 547 2053 ipso
576 2014 662 2042 uno
686 2002 825 2051 Patre,
852 2003 934 2043 Dei
963 2004 1027 2044 Fi—

212 2055 316 2096 lium
331 2057 539 2107 nevimus,
554 2057 734 2110 perinde
750 2071 881 2098 unum
889 2059 1030 2100 Deum

214 2111 406 2152 dicimus.
435 2113 532 2155 Hoc
551 2114 664 2155 enim
683 2115 931 2167 Prophetae,
946 2116 1030 2157 hoc

213 2168 415 2219 Apestoli
435 2169 720 2212 tradiderunt:
739 2170 824 2212 hoc
842 2171 937 2223 ipse
951 2172 1031 2213 Do-

212 2223 353 2264 minus
380 2223 544 2275 docuit,
577 2239 675 2267 cum
703 2226 824 2269 dicit:
861 2227 955 2277 Ego
987 2233 1031 2269 et

212 2279 341 2321 Pater
360 2293 490 2322 unum
509 2294 668 2323 sumus.
702 2283 845 2324 Unum
868 2282 924 2324 ad
943 2284 1030 2324 uni-

213 2337 346 2377 tatem
382 2335 634 2386 divinitatis,
668 2344 714 2380 ut
747 2338 851 2389 dixi,
883 2339 1031 2381 refert:

215 2403 361 2432 sumus
381 2398 535 2443 autem,
555 2395 756 2446 personis
776 2398 979 2446 assignat.

267 2445 316 2495 R:-
362 2448 460 2490 Duo
510 2450 735 2526 Seraphim
785 2451 1031 2493 clamabant

213 2501 320 2543 alter
331 2503 386 2544 ad
397 2504 593 2546 alterum:
639 2507 832 2556 Sanctus,
843 2513 1029 2557 sanctus

213 2564 387 2600 sanctus
406 2560 619 2602 Dominus
638 2562 757 2603 Deus
780 2563 987 2605 sabaoth:
1008 2563 1031 2586 *

212 2614 345 2655 Plena
371 2622 436 2658 est
462 2618 602 2658 omnis
627 2623 742 2659 terra
767 2619 905 2669 gleria
929 2621 1030 2672 ejus.

215 2662 265 2713 V.
283 2671 393 2712 Tres
409 2678 508 2713 sunt
525 2674 596 2724 qui
613 2675 909 2716 testimonium
926 2676 1029 2718 dant

213 2725 255 2765 in
271 2726 394 2775 coelo,
411 2728 549 2778 Pater,
564 2729 770 2780 Verbum,
786 2737 828 2772 et
843 2732 1029 2784 Spiritus

1086 314 1275 350 sanctus:
1295 314 1338 350 et
1356 308 1401 349 hi
1419 313 1509 350 tres
1528 321 1661 350 unum
1676 313 1786 350 sunt.
1804 309 1906 351 San-

1086 371 1192 407 ctus.
1225 365 1371 406 Gleria
1390 365 1520 406 Patri.
1547 364 1692 407 Plena.

1140 425 1298 467 Bened.
1328 426 1410 466 l‘er
1429 425 1679 475 evangelica
1698 425 1825 468 dicta.

1087 507 1237 549 Lectio
1263 507 1400 548 sancti
1418 507 1644 558 Evangelii
1668 508 1908 550 secundum

1409 564 1584 605 Lucam.

1188 625 1338 666 Lectio
1358 626 1412 665 ix.
1598 624 1700 676 Cap.
1716 626 1753 664 6.
1772 636 1805 666 e.

1084 679 1159 785 In
1173 684 1247 725 illo
1267 687 1481 738 tempore:
1500 686 1623 729 Dixit
1637 688 1662 729 J
1664 701 1765 729 esus
1781 687 1906 729 disci-

1155 741 1271 794 pulis
1289 742 1393 783 suis:
1420 742 1575 785 Estete
1589 743 1907 794 misericordes,

1085 797 1196 839 sicut
1232 803 1275 840 et
1309 799 1440 840 Pater
1477 806 1623 842 vester
1658 800 1908 843 misericors

1085 859 1162 902 est.
1190 855 1247 896 Et
1265 855 1444 907 reliqua.

1191 929 1378 972 Homih'a
1405 931 1546 973 sancti
1571 932 1807 984 Augustini

1385 987 1608 1040 Episcopi.

1086 1051 1200 1086 Scrm.
1220 1052 1269 1086 15.
1291 1052 1330 1085 in
1346 1051 1490 1094 Evang.
1510 1051 1683 1086 Matthaei
1706 1051 1751 1085 de
1768 1051 1907 1086 Verbis

1266 1100 1431 1143 Domini,
1456 1104 1546 1143 post
1570 1100 1728 1134 initium.

1109 1155 1272 1213 'r'Yzssss‘f'ffilm
1327 1156 1426 1192 sunt
1479 1153 1615 1204 opera
1667 1153 1908 1196 misericer-

1120 1203 1208 1261 §21‘2—fb
1233 1205 1328 1256 diae,
1353 1220 1452 1259 quae
1476 1221 1557 1250 nos
1580 1209 1780 1259 liberant,
1808 1223 1905 1263 quae

1125 1261 1207 1289 »ἶ-·““
1232 1263 1423 1306 breviter
1457 1265 1552 1318 ipse
1584 1265 1798 1308 Deminus
1828 1269 1905 1320 ρό-

1085 1319 1169 1361 suit
1208 1320 1251 1361 in
1290 1321 1547 1373 Evangelio:
1587 1323 1822 1374 Dimittite,
1864 1329 1908 1365 et

1085 1375 1326 1419 dimittetur
1359 1377 1504 1420 vobis:
1540 1378 1673 1430 Date,
1710 1385 1755 1421 et
1787 1379 1906 1422 dabi-

1083 1437 1152 1474 tur
1181 1433 1318 1475 vobis.
1374 1435 1609 1486 Dimittite,
1645 1440 1688 1477 et
1720 1435 1907 1478 dimitte-

1083 1493 1153 1530 tur
1179 1490 1320 1541 vobis,
1352 1491 1408 1532 ad
1435 1491 1750 1543 ignoscendum
1776 1493 1906 1546 perti—

1083 1550 1172 1587 net:
1224 1547 1355 1596 Date,
1391 1553 1435 1589 et
1465 1548 1639 1590 dabitur
1670 1548 1813 1599 vobis,
1850 1549 1907 1591 ad

1083 1603 1383 1655 praestandum
1414 1604 1674 1646 beneficium
1707 1606 1907 1658 pertinet.

1085 1658 1215 1709 Quod
1238 1660 1298 1702 ait
1324 1659 1379 1702 de
1398 1661 1678 1712 ignoscendo,
1704 1667 1748 1704 et
1769 1666 1818 1703 tu
1841 1662 1906 1704 vis

1081 1715 1161 1758 tibi
1180 1717 1347 1767 ignesci
1371 1717 1490 1770 quod
1515 1731 1685 1771 peccaS,
1709 1723 1756 1760 et.
1770 1718 1906 1761 habes

1083 1773 1224 1823 alium,
1240 1774 1369 1815 cuitu
1384 1775 1529 1827 possis
1544 1775 1782 1827 ignescere.
1797 1775 1905 1816 Rur-

1083 1843 1167 1880 sus,
1193 1831 1313 1882 quod
1338 1831 1527 1883 pertinet
1549 1831 1606 1873 ad
1627 1831 1906 1874 tribuendum

1083 1885 1351 1937 beneficium,
1366 1888 1476 1940 petit
1490 1893 1533 1930 te
1548 1889 1785 1939 mendicus,
1799 1893 1843 1930 et
1857 1894 1904 1930 tu

1084 1955 1131 1983 es
1165 1943 1249 1984 Dei
1292 1944 1528 1986 mendicus.
1583 1945 1746 1987 Omnes
1791 1945 1906 1986 enim

1086 1998 1260 2050 quando
1288 2003 1480 2052 oramus,
1511 2001 1700 2043 mendici
1727 2001 1811 2042 Dei
1838 2014 1906 2042 su-

1082 2068 1188 2105 mus,
1213 2061 1313 2098 ante
1337 2057 1509 2109 januam
1535 2057 1680 2109 magni
1702 2057 1904 2099 Patrisfa-

1082 2111 1222 2153 milias
1260 2118 1440 2164 stamus,
1477 2114 1565 2155 imo
1597 2118 1641 2156 et
1671 2114 1904 2166 prosterni-

1083 2181 1194 2217 mur,
1223 2170 1445 2222 supplices
1472 2170 1806 2222 ingemiscimus,
1833 2170 1906 2211 ali-

1084 2223 1189 2275 quid
1216 2225 1412 2268 volentes
1441 2230 1654 2280 accipere:
1686 2231 1730 2268 et
1762 2227 1906 2279 ipsum

1084 2280 1258 2333 aliquid,
1286 2283 1380 2335 ipse
1407 2284 1528 2325 Deus
1556 2289 1632 2325 est.
1671 2282 1785 2334 Quid
1808 2295 1834 2324 a
1860 2288 1905 2325 te

1084 2338 1193 2388 petit
1206 2338 1455 2381 mendicus?
1470 2353 1639 2393 panem.
1666 2340 1722 2382 Et
1735 2344 1783 2381 tu
1799 2339 1904 2391 quid

1083 2393 1195 2444 petis
1221 2407 1247 2435 a
1264 2395 1373 2446 Deo,
1397 2396 1479 2437 nisi
1501 2396 1729 2446 Christum,
1750 2395 1823 2447 qui
1843 2394 1903 2436 di-

1083 2449 1155 2490 cit:
1191 2450 1285 2501 Ego
1315 2465 1411 2493 sum
1436 2453 1561 2505 panis
1587 2453 1722 2501 vivus,
1750 2451 1827 2503 qui
1849 2451 1904 2492 de

1083 2505 1196 2546 coelo
1217 2506 1447 2550 descendi?
1475 2509 1651 2560 Ignesci
1668 2507 1794 2549 vobis
1813 2506 1902 2548 vul-

1083 2560 1159 2600 tis?
1184 2562 1408 2612 ignoscite:
1437 2565 1674 2614 Remittite,
1697 2569 1741 2605 et
1759 2563 1902 2604 remit-

1082 2618 1196 2657 tetur
1219 2619 1355 2660 vobis.
1387 2620 1602 2674 Accipere
1625 2620 1768 2662 vultis:
1792 2618 1902 2670 date,

1083 2677 1125 2713 et
1145 2672 1319 2716 dabitur
1339 2677 1474 2718 vobis.

1138 2730 1196 2774 Te
1216 2735 1357 2777 Deum
1375 2737 1613 2780 laudamus.
1641 2740 1698 2780 13.
