<?xml version="1.0" encoding="UTF-8"?>
<!DOCTYPE html PUBLIC "-//W3C//DTD XHTML 1.0 Transitional//EN"
    "http://www.w3.org/TR/xhtml1/DTD/xhtml1-transitional.dtd">
<html xmlns="http://www.w3.org/1999/xhtml" xml:lang="en" lang="en">
 <head>
  <title>
</title>
<meta http-equiv="Content-Type" content="text/html;charset=utf-8" />
  <meta name='ocr-system' content='tesseract 3.04.00' />
  <meta name='ocr-capabilities' content='ocr_page ocr_carea ocr_par ocr_line ocrx_word'/>
</head>
<body>
  <div class='ocr_page' id='page_1' title='image "./p3breviariumroma00cathuoft_0952.png"; bbox 0 0 2040 2976; ppageno 0'>
   <div class='ocr_carea' id='block_1_1' title="bbox 186 192 278 236">
    <p class='ocr_par' dir='ltr' id='par_1_1' title="bbox 186 192 278 236">
     <span class='ocr_line' id='line_1_1' title="bbox 186 192 278 236; baseline 0 0"><span class='ocrx_word' id='word_1_1' title='bbox 186 192 278 236; x_wconf 87' lang='lat'><strong>[362]</strong></span> 
     </span>
    </p>
   </div>
   <div class='ocr_carea' id='block_1_2' title="bbox 180 250 1904 369">
    <p class='ocr_par' dir='ltr' id='par_1_2' title="bbox 180 250 1904 369">
     <span class='ocr_line' id='line_1_2' title="bbox 180 250 1904 369; baseline 0 -109"><span class='ocrx_word' id='word_1_2' title='bbox 180 250 1904 369; x_wconf 95' lang='lat' dir='ltr'><strong>  </strong></span> 
     </span>
    </p>
   </div>
   <div class='ocr_carea' id='block_1_3' title="bbox 182 287 1017 1420">
    <p class='ocr_par' dir='ltr' id='par_1_3' title="bbox 189 287 1017 493">
     <span class='ocr_line' id='line_1_3' title="bbox 301 287 906 342; baseline 0.005 -13"><span class='ocrx_word' id='word_1_3' title='bbox 301 287 491 329; x_wconf 81' lang='lat' dir='ltr'><strong>Homilia</strong></span> <span class='ocrx_word' id='word_1_4' title='bbox 511 290 652 331; x_wconf 89' lang='lat' dir='ltr'><strong>sancti</strong></span> <span class='ocrx_word' id='word_1_5' title='bbox 670 290 906 342; x_wconf 83' lang='lat' dir='ltr'><strong>Augustini</strong></span> 
     </span>
     <span class='ocr_line' id='line_1_4' title="bbox 487 345 713 399; baseline 0.009 -13"><span class='ocrx_word' id='word_1_6' title='bbox 487 345 713 399; x_wconf 81' lang='lat' dir='ltr'><strong>Episcopi.</strong></span> 
     </span>
     <span class='ocr_line' id='line_1_5' title="bbox 189 411 1017 455; baseline 0.004 -10"><span class='ocrx_word' id='word_1_7' title='bbox 189 412 269 445; x_wconf 76' lang='lat' dir='ltr'><strong>Lib.</strong></span> <span class='ocrx_word' id='word_1_8' title='bbox 292 412 338 445; x_wconf 82' lang='lat' dir='ltr'><strong>de</strong></span> <span class='ocrx_word' id='word_1_9' title='bbox 360 411 573 445; x_wconf 52' lang='lat' dir='ltr'><strong>Praesentia</strong></span> <span class='ocrx_word' id='word_1_10' title='bbox 597 411 677 448; x_wconf 85' lang='lat' dir='ltr'><strong>Dei.</strong></span> <span class='ocrx_word' id='word_1_11' title='bbox 704 412 786 446; x_wconf 77' lang='lat' dir='ltr'><strong>sive</strong></span> <span class='ocrx_word' id='word_1_12' title='bbox 804 413 923 455; x_wconf 82' lang='lat' dir='ltr'>Epist.</span> <span class='ocrx_word' id='word_1_13' title='bbox 943 414 1017 448; x_wconf 66' lang='lat'><strong>187.</strong></span> 
     </span>
     <span class='ocr_line' id='line_1_6' title="bbox 448 459 755 493; baseline 0.003 -1"><span class='ocrx_word' id='word_1_14' title='bbox 448 459 545 492; x_wconf 74' lang='lat' dir='ltr'><strong>alius</strong></span> <span class='ocrx_word' id='word_1_15' title='bbox 569 459 620 492; x_wconf 69' lang='lat'><strong>57.</strong></span> <span class='ocrx_word' id='word_1_16' title='bbox 647 470 679 493; x_wconf 91' lang='lat' dir='ltr'><strong>n.</strong></span> <span class='ocrx_word' id='word_1_17' title='bbox 703 460 755 493; x_wconf 72' lang='lat'><strong>23.</strong></span> 
     </span>
    </p>

    <p class='ocr_par' dir='ltr' id='par_1_4' title="bbox 182 522 1017 1420">
     <span class='ocr_line' id='line_1_7' title="bbox 304 522 1015 566; baseline 0.006 -5.455"><span class='ocrx_word' id='word_1_18' title='bbox 304 533 384 561; x_wconf 89' lang='lat' dir='ltr'><strong>aec</strong></span> <span class='ocrx_word' id='word_1_19' title='bbox 417 525 519 562; x_wconf 91' lang='lat' dir='ltr'><strong>sunt</strong></span> <span class='ocrx_word' id='word_1_20' title='bbox 555 525 679 563; x_wconf 92' lang='lat' dir='ltr'><strong>certe·</strong></span> <span class='ocrx_word' id='word_1_21' title='bbox 711 522 847 565; x_wconf 87' lang='lat' dir='ltr'><strong>verba</strong></span> <span class='ocrx_word' id='word_1_22' title='bbox 880 524 1015 566; x_wconf 91' lang='lat' dir='ltr'><strong>Elisa-</strong></span> 
     </span>
     <span class='ocr_line' id='line_1_8' title="bbox 196 575 1016 635; baseline 0.007 -19"><span class='ocrx_word' id='word_1_23' title='bbox 196 580 200 635; x_wconf 47' lang='grc' dir='ltr'>ἶ</span> <span class='ocrx_word' id='word_1_24' title='bbox 304 576 305 579; x_wconf 74' lang='grc'>’</span> <span class='ocrx_word' id='word_1_25' title='bbox 337 575 442 618; x_wconf 89' lang='lat' dir='ltr'><strong>beth</strong></span> <span class='ocrx_word' id='word_1_26' title='bbox 470 577 623 619; x_wconf 87' lang='lat' dir='ltr'><strong>matris</strong></span> <span class='ocrx_word' id='word_1_27' title='bbox 650 578 847 620; x_wconf 79' lang='lat' dir='ltr'><strong>Joannis:</strong></span> <span class='ocrx_word' id='word_1_28' title='bbox 878 580 1016 622; x_wconf 80' lang='lat' dir='ltr'><strong>Beata</strong></span> 
     </span>
     <span class='ocr_line' id='line_1_9' title="bbox 304 633 1016 685; baseline 0.007 -11.69"><span class='ocrx_word' id='word_1_29' title='bbox 304 637 306 641; x_wconf 80' lang='grc'>’</span> <span class='ocrx_word' id='word_1_30' title='bbox 336 638 384 674; x_wconf 90' lang='lat' dir='ltr'><strong>tu</strong></span> <span class='ocrx_word' id='word_1_31' title='bbox 407 633 521 675; x_wconf 90' lang='lat' dir='ltr'><strong>inter</strong></span> <span class='ocrx_word' id='word_1_32' title='bbox 545 634 763 685; x_wconf 88' lang='lat' dir='ltr'><strong>mulieres,</strong></span> <span class='ocrx_word' id='word_1_33' title='bbox 792 641 836 677; x_wconf 93' lang='lat' dir='ltr'><strong>et</strong></span> <span class='ocrx_word' id='word_1_34' title='bbox 858 636 1016 678; x_wconf 76' lang='lat' dir='ltr'><strong>beatus</strong></span> 
     </span>
     <span class='ocr_line' id='line_1_10' title="bbox 184 688 1017 734; baseline 0.007 -6"><span class='ocrx_word' id='word_1_35' title='bbox 184 688 352 730; x_wconf 89' lang='lat' dir='ltr'><strong>fructus</strong></span> <span class='ocrx_word' id='word_1_36' title='bbox 384 690 549 731; x_wconf 91' lang='lat' dir='ltr'><strong>ventris</strong></span> <span class='ocrx_word' id='word_1_37' title='bbox 580 690 654 732; x_wconf 91' lang='lat' dir='ltr'><strong>tui.</strong></span> <span class='ocrx_word' id='word_1_38' title='bbox 695 691 752 733; x_wconf 89' lang='lat' dir='ltr'><strong>Et</strong></span> <span class='ocrx_word' id='word_1_39' title='bbox 782 691 898 734; x_wconf 92' lang='lat' dir='ltr'><strong>unde</strong></span> <span class='ocrx_word' id='word_1_40' title='bbox 931 692 1017 734; x_wconf 92' lang='lat' dir='ltr'><strong>hoc</strong></span> 
     </span>
     <span class='ocr_line' id='line_1_11' title="bbox 183 745 1016 796; baseline 0.007 -12"><span class='ocrx_word' id='word_1_41' title='bbox 183 745 298 796; x_wconf 85' lang='lat' dir='ltr'><strong>mihi,</strong></span> <span class='ocrx_word' id='word_1_42' title='bbox 325 751 372 787; x_wconf 90' lang='lat' dir='ltr'><strong>ut</strong></span> <span class='ocrx_word' id='word_1_43' title='bbox 395 746 543 788; x_wconf 90' lang='lat' dir='ltr'><strong>veniat</strong></span> <span class='ocrx_word' id='word_1_44' title='bbox 566 753 707 789; x_wconf 89' lang='lat' dir='ltr'><strong>mater</strong></span> <span class='ocrx_word' id='word_1_45' title='bbox 729 748 907 790; x_wconf 92' lang='lat' dir='ltr'><strong>Domini</strong></span> <span class='ocrx_word' id='word_1_46' title='bbox 930 749 1016 790; x_wconf 93' lang='lat' dir='ltr'><strong>mei</strong></span> 
     </span>
     <span class='ocr_line' id='line_1_12' title="bbox 184 801 1016 847; baseline 0.005 -5"><span class='ocrx_word' id='word_1_47' title='bbox 184 801 240 842; x_wconf 92' lang='lat' dir='ltr'><strong>ad</strong></span> <span class='ocrx_word' id='word_1_48' title='bbox 259 801 353 843; x_wconf 91' lang='lat' dir='ltr'><strong>me?</strong></span> <span class='ocrx_word' id='word_1_49' title='bbox 381 803 498 844; x_wconf 91' lang='lat' dir='ltr'><strong>Ecce</strong></span> <span class='ocrx_word' id='word_1_50' title='bbox 518 803 632 844; x_wconf 91' lang='lat' dir='ltr'><strong>enim</strong></span> <span class='ocrx_word' id='word_1_51' title='bbox 648 809 697 846; x_wconf 93' lang='lat' dir='ltr'><strong>ut</strong></span> <span class='ocrx_word' id='word_1_52' title='bbox 715 804 831 846; x_wconf 88' lang='lat' dir='ltr'><strong>facta</strong></span> <span class='ocrx_word' id='word_1_53' title='bbox 848 810 915 847; x_wconf 91' lang='lat' dir='ltr'><strong>est</strong></span> <span class='ocrx_word' id='word_1_54' title='bbox 929 818 1016 846; x_wconf 90' lang='lat' dir='ltr'><strong>vox</strong></span> 
     </span>
     <span class='ocr_line' id='line_1_13' title="bbox 185 857 1016 912; baseline 0.006 -14"><span class='ocrx_word' id='word_1_55' title='bbox 185 857 460 900; x_wconf 67' lang='lat' dir='ltr'>salutationis</span> <span class='ocrx_word' id='word_1_56' title='bbox 488 864 576 901; x_wconf 89' lang='lat' dir='ltr'><strong>tuae</strong></span> <span class='ocrx_word' id='word_1_57' title='bbox 607 860 652 900; x_wconf 92' lang='lat' dir='ltr'><strong>in</strong></span> <span class='ocrx_word' id='word_1_58' title='bbox 683 860 864 902; x_wconf 84' lang='lat' dir='ltr'><strong>auribus</strong></span> <span class='ocrx_word' id='word_1_59' title='bbox 896 862 1016 912; x_wconf 89' lang='lat' dir='ltr'><strong>meis,</strong></span> 
     </span>
     <span class='ocr_line' id='line_1_14' title="bbox 184 915 1016 966; baseline 0.005 -10"><span class='ocrx_word' id='word_1_60' title='bbox 184 915 421 957; x_wconf 81' lang='lat' dir='ltr'><strong>exsultavit</strong></span> <span class='ocrx_word' id='word_1_61' title='bbox 443 916 488 956; x_wconf 90' lang='lat' dir='ltr'><strong>in</strong></span> <span class='ocrx_word' id='word_1_62' title='bbox 511 917 675 966; x_wconf 85' lang='lat' dir='ltr'><strong>gaudio</strong></span> <span class='ocrx_word' id='word_1_63' title='bbox 699 917 841 959; x_wconf 90' lang='lat' dir='ltr'><strong>infans</strong></span> <span class='ocrx_word' id='word_1_64' title='bbox 862 918 905 958; x_wconf 94' lang='lat' dir='ltr'><strong>in</strong></span> <span class='ocrx_word' id='word_1_65' title='bbox 925 922 1016 960; x_wconf 84' lang='lat' dir='ltr'><strong>ute-</strong></span> 
     </span>
     <span class='ocr_line' id='line_1_15' title="bbox 183 972 1016 1024; baseline 0.007 -13"><span class='ocrx_word' id='word_1_66' title='bbox 183 984 233 1012; x_wconf 92' lang='lat' dir='ltr'><strong>ro</strong></span> <span class='ocrx_word' id='word_1_67' title='bbox 253 984 365 1013; x_wconf 90' lang='lat' dir='ltr'><strong>meo.</strong></span> <span class='ocrx_word' id='word_1_68' title='bbox 393 972 493 1013; x_wconf 93' lang='lat' dir='ltr'><strong>Hoc</strong></span> <span class='ocrx_word' id='word_1_69' title='bbox 508 978 654 1014; x_wconf 89' lang='lat' dir='ltr'><strong>autem</strong></span> <span class='ocrx_word' id='word_1_70' title='bbox 669 979 718 1015; x_wconf 89' lang='lat' dir='ltr'><strong>ut</strong></span> <span class='ocrx_word' id='word_1_71' title='bbox 739 973 916 1024; x_wconf 89' lang='lat' dir='ltr'><strong>diceret,</strong></span> <span class='ocrx_word' id='word_1_72' title='bbox 936 976 1016 1017; x_wconf 92' lang='lat' dir='ltr'><strong>sic-</strong></span> 
     </span>
     <span class='ocr_line' id='line_1_16' title="bbox 183 1028 1015 1081; baseline 0.006 -13"><span class='ocrx_word' id='word_1_73' title='bbox 183 1033 232 1069; x_wconf 91' lang='lat' dir='ltr'><strong>ut</strong></span> <span class='ocrx_word' id='word_1_74' title='bbox 249 1028 531 1078; x_wconf 86' lang='lat' dir='ltr'><strong>Evangelista</strong></span> <span class='ocrx_word' id='word_1_75' title='bbox 555 1029 827 1081; x_wconf 81' lang='lat' dir='ltr'><strong>praelocutus</strong></span> <span class='ocrx_word' id='word_1_76' title='bbox 851 1037 928 1081; x_wconf 91' lang='lat' dir='ltr'><strong>est,</strong></span> <span class='ocrx_word' id='word_1_77' title='bbox 952 1044 1015 1073; x_wconf 92' lang='lat' dir='ltr'><strong>re-</strong></span> 
     </span>
     <span class='ocr_line' id='line_1_17' title="bbox 183 1083 1015 1140; baseline 0.007 -16"><span class='ocrx_word' id='word_1_78' title='bbox 183 1083 302 1136; x_wconf 86' lang='lat' dir='ltr'><strong>pleta</strong></span> <span class='ocrx_word' id='word_1_79' title='bbox 328 1089 396 1126; x_wconf 92' lang='lat' dir='ltr'><strong>est</strong></span> <span class='ocrx_word' id='word_1_80' title='bbox 418 1085 584 1137; x_wconf 84' lang='lat' dir='ltr'>Spiritu</span> <span class='ocrx_word' id='word_1_81' title='bbox 611 1091 777 1135; x_wconf 88' lang='lat' dir='ltr'><strong>sancto,</strong></span> <span class='ocrx_word' id='word_1_82' title='bbox 803 1099 891 1139; x_wconf 93' lang='lat' dir='ltr'><strong>quo</strong></span> <span class='ocrx_word' id='word_1_83' title='bbox 916 1101 1015 1140; x_wconf 93' lang='lat' dir='ltr'><strong>pro-</strong></span> 
     </span>
     <span class='ocr_line' id='line_1_18' title="bbox 183 1140 1017 1196; baseline 0.006 -15"><span class='ocrx_word' id='word_1_84' title='bbox 183 1140 254 1181; x_wconf 89' lang='lat' dir='ltr'><strong>cul</strong></span> <span class='ocrx_word' id='word_1_85' title='bbox 272 1140 407 1182; x_wconf 84' lang='lat' dir='ltr'><strong>dubio</strong></span> <span class='ocrx_word' id='word_1_86' title='bbox 427 1141 651 1183; x_wconf 76' lang='lat' dir='ltr'><strong>revelante</strong></span> <span class='ocrx_word' id='word_1_87' title='bbox 671 1144 889 1193; x_wconf 89' lang='lat' dir='ltr'><strong>cognovit,</strong></span> <span class='ocrx_word' id='word_1_88' title='bbox 911 1144 1017 1196; x_wconf 92' lang='lat' dir='ltr'><strong>quid</strong></span> 
     </span>
     <span class='ocr_line' id='line_1_19' title="bbox 182 1196 1016 1251; baseline 0.006 -14"><span class='ocrx_word' id='word_1_89' title='bbox 182 1196 257 1237; x_wconf 92' lang='lat' dir='ltr'><strong>illa</strong></span> <span class='ocrx_word' id='word_1_90' title='bbox 282 1197 519 1239; x_wconf 83' lang='lat' dir='ltr'><strong>exsultatio</strong></span> <span class='ocrx_word' id='word_1_91' title='bbox 542 1198 812 1249; x_wconf 80' lang='lat' dir='ltr'><strong>significaret</strong></span> <span class='ocrx_word' id='word_1_92' title='bbox 829 1200 1016 1251; x_wconf 80' lang='lat' dir='ltr'><strong>infantis,</strong></span> 
     </span>
     <span class='ocr_line' id='line_1_20' title="bbox 182 1253 1016 1309; baseline 0.005 -15"><span class='ocrx_word' id='word_1_93' title='bbox 182 1253 227 1294; x_wconf 91' lang='lat' dir='ltr'><strong>id</strong></span> <span class='ocrx_word' id='word_1_94' title='bbox 251 1258 319 1295; x_wconf 93' lang='lat' dir='ltr'><strong>est</strong></span> <span class='ocrx_word' id='word_1_95' title='bbox 341 1253 456 1295; x_wconf 90' lang='lat' dir='ltr'><strong>illius</strong></span> <span class='ocrx_word' id='word_1_96' title='bbox 477 1257 651 1297; x_wconf 91' lang='lat' dir='ltr'><strong>venisse</strong></span> <span class='ocrx_word' id='word_1_97' title='bbox 674 1261 870 1306; x_wconf 90' lang='lat' dir='ltr'><strong>matrem,</strong></span> <span class='ocrx_word' id='word_1_98' title='bbox 894 1258 1016 1309; x_wconf 89' lang='lat' dir='ltr'><strong>cujus</strong></span> 
     </span>
     <span class='ocr_line' id='line_1_21' title="bbox 182 1311 1017 1364; baseline 0.005 -14"><span class='ocrx_word' id='word_1_99' title='bbox 182 1313 434 1362; x_wconf 83' lang='lat' dir='ltr'><strong>praecursor</strong></span> <span class='ocrx_word' id='word_1_100' title='bbox 474 1311 570 1364; x_wconf 92' lang='lat' dir='ltr'><strong>ipse</strong></span> <span class='ocrx_word' id='word_1_101' title='bbox 609 1317 653 1353; x_wconf 91' lang='lat' dir='ltr'><strong>et</strong></span> <span class='ocrx_word' id='word_1_102' title='bbox 690 1311 1017 1356; x_wconf 80' lang='lat' dir='ltr'><strong>demonstrator</strong></span> 
     </span>
     <span class='ocr_line' id='line_1_22' title="bbox 183 1367 1017 1420; baseline 0.005 -12"><span class='ocrx_word' id='word_1_103' title='bbox 183 1371 301 1408; x_wconf 90' lang='lat' dir='ltr'><strong>esset</strong></span> <span class='ocrx_word' id='word_1_104' title='bbox 316 1367 499 1408; x_wconf 83' lang='lat' dir='ltr'><strong>futurus.</strong></span> <span class='ocrx_word' id='word_1_105' title='bbox 526 1367 678 1410; x_wconf 91' lang='lat' dir='ltr'><strong>Potuit</strong></span> <span class='ocrx_word' id='word_1_106' title='bbox 693 1381 798 1420; x_wconf 90' lang='lat' dir='ltr'><strong>ergo</strong></span> <span class='ocrx_word' id='word_1_107' title='bbox 815 1382 913 1411; x_wconf 90' lang='lat' dir='ltr'><strong>esse</strong></span> <span class='ocrx_word' id='word_1_108' title='bbox 931 1370 1017 1412; x_wconf 90' lang='lat' dir='ltr'><strong>ista</strong></span> 
     </span>
    </p>
   </div>
   <div class='ocr_carea' id='block_1_4' title="bbox 182 521 317 663">
    <p class='ocr_par' dir='ltr' id='par_1_5' title="bbox 182 521 317 663">
     <span class='ocr_line' id='line_1_23' title="bbox 182 521 317 663; baseline 0 2313"><span class='ocrx_word' id='word_1_109' title='bbox 182 521 317 663; x_wconf 95' lang='lat' dir='ltr'><strong> </strong></span> 
     </span>
    </p>
   </div>
   <div class='ocr_carea' id='block_1_5' title="bbox 182 1423 1018 2663">
    <p class='ocr_par' dir='ltr' id='par_1_6' title="bbox 182 1423 1017 1578">
     <span class='ocr_line' id='line_1_24' title="bbox 183 1423 1017 1478; baseline 0.006 -15"><span class='ocrx_word' id='word_1_110' title='bbox 183 1423 444 1474; x_wconf 82' lang='lat' dir='ltr'><strong>significatio</strong></span> <span class='ocrx_word' id='word_1_111' title='bbox 471 1423 535 1465; x_wconf 91' lang='lat' dir='ltr'><strong>rei</strong></span> <span class='ocrx_word' id='word_1_112' title='bbox 561 1429 697 1466; x_wconf 87' lang='lat' dir='ltr'><strong>tantae</strong></span> <span class='ocrx_word' id='word_1_113' title='bbox 725 1438 751 1466; x_wconf 92' lang='lat' dir='ltr'><strong>a</strong></span> <span class='ocrx_word' id='word_1_114' title='bbox 778 1426 1017 1478; x_wconf 90' lang='lat' dir='ltr'><strong>majoribus</strong></span> 
     </span>
     <span class='ocr_line' id='line_1_25' title="bbox 183 1479 1015 1535; baseline 0.006 -15"><span class='ocrx_word' id='word_1_115' title='bbox 183 1479 517 1530; x_wconf 71' lang='lat' dir='ltr'><strong>cognoscendae,</strong></span> <span class='ocrx_word' id='word_1_116' title='bbox 544 1493 633 1522; x_wconf 93' lang='lat' dir='ltr'><strong>non</strong></span> <span class='ocrx_word' id='word_1_117' title='bbox 657 1494 682 1522; x_wconf 90' lang='lat' dir='ltr'><strong>a</strong></span> <span class='ocrx_word' id='word_1_118' title='bbox 706 1482 893 1534; x_wconf 82' lang='lat' dir='ltr'><strong>parvulo</strong></span> <span class='ocrx_word' id='word_1_119' title='bbox 917 1486 1015 1535; x_wconf 87' lang='lat' dir='ltr'><strong>cog-</strong></span> 
     </span>
     <span class='ocr_line' id='line_1_26' title="bbox 182 1537 296 1578; baseline 0.018 -2"><span class='ocrx_word' id='word_1_120' title='bbox 182 1537 296 1578; x_wconf 88' lang='lat' dir='ltr'><strong>nitae.</strong></span> 
     </span>
    </p>

    <p class='ocr_par' dir='ltr' id='par_1_7' title="bbox 182 1593 1017 2040">
     <span class='ocr_line' id='line_1_27' title="bbox 239 1593 1016 1647; baseline 0.005 -13"><span class='ocrx_word' id='word_1_121' title='bbox 239 1596 289 1647; x_wconf 63' lang='lat' dir='ltr'><strong>R.</strong></span> <span class='ocrx_word' id='word_1_122' title='bbox 313 1593 403 1635; x_wconf 92' lang='lat' dir='ltr'><strong>Sub</strong></span> <span class='ocrx_word' id='word_1_123' title='bbox 431 1598 555 1635; x_wconf 91' lang='lat' dir='ltr'><strong>tuum</strong></span> <span class='ocrx_word' id='word_1_124' title='bbox 582 1594 838 1646; x_wconf 84' lang='lat' dir='ltr'><strong>praesidium</strong></span> <span class='ocrx_word' id='word_1_125' title='bbox 867 1597 1016 1638; x_wconf 79' lang='lat' dir='ltr'><strong>confu-</strong></span> 
     </span>
     <span class='ocr_line' id='line_1_28' title="bbox 182 1649 1016 1702; baseline 0.006 -13"><span class='ocrx_word' id='word_1_126' title='bbox 182 1649 340 1699; x_wconf 89' lang='lat' dir='ltr'><strong>gimus,</strong></span> <span class='ocrx_word' id='word_1_127' title='bbox 369 1649 710 1692; x_wconf 86' lang='lat' dir='ltr'><strong>clementissima</strong></span> <span class='ocrx_word' id='word_1_128' title='bbox 737 1651 893 1702; x_wconf 89' lang='lat' dir='ltr'><strong>Virgo,</strong></span> <span class='ocrx_word' id='word_1_129' title='bbox 925 1656 1016 1694; x_wconf 82' lang='lat' dir='ltr'><strong>sus-</strong></span> 
     </span>
     <span class='ocr_line' id='line_1_29' title="bbox 184 1705 1015 1758; baseline 0.006 -12"><span class='ocrx_word' id='word_1_130' title='bbox 184 1705 282 1758; x_wconf 89' lang='lat' dir='ltr'><strong>cipe</strong></span> <span class='ocrx_word' id='word_1_131' title='bbox 301 1718 394 1756; x_wconf 87' lang='lat' dir='ltr'><strong>nos,</strong></span> <span class='ocrx_word' id='word_1_132' title='bbox 418 1706 547 1747; x_wconf 82' lang='lat' dir='ltr'><strong>unica</strong></span> <span class='ocrx_word' id='word_1_133' title='bbox 566 1719 670 1758; x_wconf 90' lang='lat' dir='ltr'><strong>spes</strong></span> <span class='ocrx_word' id='word_1_134' title='bbox 689 1712 853 1758; x_wconf 90' lang='lat' dir='ltr'><strong>nostra,</strong></span> <span class='ocrx_word' id='word_1_135' title='bbox 877 1714 922 1750; x_wconf 86' lang='lat' dir='ltr'><strong>et</strong></span> <span class='ocrx_word' id='word_1_136' title='bbox 940 1722 1015 1751; x_wconf 92' lang='lat' dir='ltr'><strong>no-</strong></span> 
     </span>
     <span class='ocr_line' id='line_1_30' title="bbox 184 1761 1016 1815; baseline 0.006 -13"><span class='ocrx_word' id='word_1_137' title='bbox 184 1762 286 1803; x_wconf 82' lang='lat' dir='ltr'><strong>stris</strong></span> <span class='ocrx_word' id='word_1_138' title='bbox 307 1761 529 1803; x_wconf 71' lang='lat' dir='ltr'>delectare</span> <span class='ocrx_word' id='word_1_139' title='bbox 552 1762 772 1814; x_wconf 84' lang='lat' dir='ltr'><strong>laudibus‚</strong></span> <span class='ocrx_word' id='word_1_140' title='bbox 796 1766 818 1789; x_wconf 85' lang='lat'>*</span> <span class='ocrx_word' id='word_1_141' title='bbox 846 1765 1016 1815; x_wconf 82' lang='lat' dir='ltr'><strong>Quibus</strong></span> 
     </span>
     <span class='ocr_line' id='line_1_31' title="bbox 182 1816 1017 1871; baseline 0.007 -14"><span class='ocrx_word' id='word_1_142' title='bbox 182 1816 349 1868; x_wconf 89' lang='lat' dir='ltr'><strong>indigni</strong></span> <span class='ocrx_word' id='word_1_143' title='bbox 368 1818 486 1859; x_wconf 92' lang='lat' dir='ltr'><strong>omni</strong></span> <span class='ocrx_word' id='word_1_144' title='bbox 506 1823 551 1859; x_wconf 91' lang='lat' dir='ltr'><strong>te</strong></span> <span class='ocrx_word' id='word_1_145' title='bbox 569 1818 700 1860; x_wconf 91' lang='lat' dir='ltr'><strong>laude</strong></span> <span class='ocrx_word' id='word_1_146' title='bbox 716 1819 1017 1871; x_wconf 83' lang='lat' dir='ltr'><strong>dignissimam</strong></span> 
     </span>
     <span class='ocr_line' id='line_1_32' title="bbox 183 1873 1017 1924; baseline 0.007 -10"><span class='ocrx_word' id='word_1_147' title='bbox 183 1873 498 1915; x_wconf 66' lang='lat' dir='ltr'><strong>collaudamus.</strong></span> <span class='ocrx_word' id='word_1_148' title='bbox 530 1873 730 1924; x_wconf 69' lang='lat' dir='ltr'><strong>¹V.Aufer</strong></span> <span class='ocrx_word' id='word_1_149' title='bbox 749 1889 775 1917; x_wconf 91' lang='lat' dir='ltr'><strong>a</strong></span> <span class='ocrx_word' id='word_1_150' title='bbox 793 1877 922 1919; x_wconf 88' lang='lat' dir='ltr'><strong>nobis</strong></span> <span class='ocrx_word' id='word_1_151' title='bbox 941 1878 1017 1919; x_wconf 92' lang='lat' dir='ltr'><strong>ini-</strong></span> 
     </span>
     <span class='ocr_line' id='line_1_33' title="bbox 185 1930 1017 1983; baseline 0.008 -13"><span class='ocrx_word' id='word_1_152' title='bbox 185 1930 377 1982; x_wconf 83' lang='lat' dir='ltr'><strong>quitates</strong></span> <span class='ocrx_word' id='word_1_153' title='bbox 395 1936 583 1981; x_wconf 86' lang='lat' dir='ltr'><strong>nostras,</strong></span> <span class='ocrx_word' id='word_1_154' title='bbox 602 1936 651 1972; x_wconf 86' lang='lat' dir='ltr'><strong>ut</strong></span> <span class='ocrx_word' id='word_1_155' title='bbox 671 1931 791 1983; x_wconf 91' lang='lat' dir='ltr'><strong>digni</strong></span> <span class='ocrx_word' id='word_1_156' title='bbox 809 1937 1017 1977; x_wconf 75' lang='lat' dir='ltr'><strong>canamus</strong></span> 
     </span>
     <span class='ocr_line' id='line_1_34' title="bbox 183 1985 816 2040; baseline 0.006 -13"><span class='ocrx_word' id='word_1_157' title='bbox 183 1985 263 2027; x_wconf 92' lang='lat' dir='ltr'><strong>tibi</strong></span> <span class='ocrx_word' id='word_1_158' title='bbox 283 1986 436 2037; x_wconf 86' lang='lat' dir='ltr'><strong>gloriae</strong></span> <span class='ocrx_word' id='word_1_159' title='bbox 455 1987 607 2029; x_wconf 90' lang='lat' dir='ltr'><strong>melos.</strong></span> <span class='ocrx_word' id='word_1_160' title='bbox 635 1989 816 2040; x_wconf 88' lang='lat' dir='ltr'><strong>Quibus.</strong></span> 
     </span>
    </p>

    <p class='ocr_par' dir='ltr' id='par_1_8' title="bbox 473 2046 731 2086">
     <span class='ocr_line' id='line_1_35' title="bbox 473 2046 731 2086; baseline 0 -1"><span class='ocrx_word' id='word_1_161' title='bbox 473 2046 625 2086; x_wconf 77' lang='lat' dir='ltr'><strong>Lectio</strong></span> <span class='ocrx_word' id='word_1_162' title='bbox 648 2046 731 2085; x_wconf 81' lang='lat' dir='ltr'><strong>viii.</strong></span> 
     </span>
    </p>

    <p class='ocr_par' dir='ltr' id='par_1_9' title="bbox 189 2096 1018 2200">
     <span class='ocr_line' id='line_1_36' title="bbox 189 2096 1018 2200; baseline 0.007 -61"><span class='ocrx_word' id='word_1_163' title='bbox 189 2096 350 2200; x_wconf 88' lang='lat' dir='ltr'><strong>Nam</strong></span> <span class='ocrx_word' id='word_1_164' title='bbox 368 2112 513 2151; x_wconf 92' lang='lat' dir='ltr'><strong>neque</strong></span> <span class='ocrx_word' id='word_1_165' title='bbox 531 2113 631 2142; x_wconf 91' lang='lat' dir='ltr'><strong>cum</strong></span> <span class='ocrx_word' id='word_1_166' title='bbox 647 2101 733 2144; x_wconf 91' lang='lat' dir='ltr'><strong>hoc</strong></span> <span class='ocrx_word' id='word_1_167' title='bbox 751 2108 852 2145; x_wconf 88' lang='lat' dir='ltr'><strong>ante</strong></span> <span class='ocrx_word' id='word_1_168' title='bbox 870 2103 916 2144; x_wconf 93' lang='lat' dir='ltr'><strong>in</strong></span> <span class='ocrx_word' id='word_1_169' title='bbox 934 2104 1018 2145; x_wconf 89' lang='lat' dir='ltr'><strong>Ev-</strong></span> 
     </span>
    </p>

    <p class='ocr_par' dir='ltr' id='par_1_10' title="bbox 184 2155 1018 2663">
     <span class='ocr_line' id='line_1_37' title="bbox 314 2155 1018 2210; baseline 0.01 -15"><span class='ocrx_word' id='word_1_170' title='bbox 314 2155 487 2206; x_wconf 91' lang='lat' dir='ltr'><strong>angelio</strong></span> <span class='ocrx_word' id='word_1_171' title='bbox 531 2160 802 2210; x_wconf 90' lang='lat' dir='ltr'><strong>narraretur,</strong></span> <span class='ocrx_word' id='word_1_172' title='bbox 851 2159 1018 2202; x_wconf 92' lang='lat' dir='ltr'><strong>dictum</strong></span> 
     </span>
     <span class='ocr_line' id='line_1_38' title="bbox 185 2211 1016 2268; baseline 0.008 -16"><span class='ocrx_word' id='word_1_173' title='bbox 185 2215 268 2261; x_wconf 88' lang='lat' dir='ltr'><strong>est,</strong></span> <span class='ocrx_word' id='word_1_174' title='bbox 301 2211 488 2254; x_wconf 88' lang='lat' dir='ltr'><strong>credidit</strong></span> <span class='ocrx_word' id='word_1_175' title='bbox 514 2213 655 2255; x_wconf 90' lang='lat' dir='ltr'><strong>infans</strong></span> <span class='ocrx_word' id='word_1_176' title='bbox 686 2215 731 2256; x_wconf 91' lang='lat' dir='ltr'><strong>in</strong></span> <span class='ocrx_word' id='word_1_177' title='bbox 758 2219 885 2258; x_wconf 83' lang='lat' dir='ltr'><strong>utero</strong></span> <span class='ocrx_word' id='word_1_178' title='bbox 914 2217 1016 2268; x_wconf 55' lang='lat' dir='ltr'><strong>ejus</strong></span> 
     </span>
     <span class='ocr_line' id='line_1_39' title="bbox 185 2267 1017 2325; baseline 0.008 -17"><span class='ocrx_word' id='word_1_179' title='bbox 185 2267 280 2318; x_wconf 92' lang='lat' dir='ltr'><strong>sed,</strong></span> <span class='ocrx_word' id='word_1_180' title='bbox 309 2268 563 2320; x_wconf 80' lang='lat' dir='ltr'><strong>exsultavit;</strong></span> <span class='ocrx_word' id='word_1_181' title='bbox 594 2283 737 2323; x_wconf 91' lang='lat' dir='ltr'><strong>neque</strong></span> <span class='ocrx_word' id='word_1_182' title='bbox 766 2272 865 2325; x_wconf 90' lang='lat' dir='ltr'><strong>ipsa</strong></span> <span class='ocrx_word' id='word_1_183' title='bbox 892 2272 1017 2315; x_wconf 87' lang='lat' dir='ltr'><strong>dixit:</strong></span> 
     </span>
     <span class='ocr_line' id='line_1_40' title="bbox 186 2323 1016 2372; baseline 0.008 -8"><span class='ocrx_word' id='word_1_184' title='bbox 186 2323 423 2366; x_wconf 80' lang='lat' dir='ltr'><strong>exsultavit</strong></span> <span class='ocrx_word' id='word_1_185' title='bbox 449 2325 493 2365; x_wconf 92' lang='lat' dir='ltr'><strong>in</strong></span> <span class='ocrx_word' id='word_1_186' title='bbox 520 2326 608 2367; x_wconf 92' lang='lat' dir='ltr'><strong>fide</strong></span> <span class='ocrx_word' id='word_1_187' title='bbox 640 2327 781 2369; x_wconf 91' lang='lat' dir='ltr'><strong>infans</strong></span> <span class='ocrx_word' id='word_1_188' title='bbox 813 2329 857 2370; x_wconf 93' lang='lat' dir='ltr'><strong>in</strong></span> <span class='ocrx_word' id='word_1_189' title='bbox 889 2333 1016 2372; x_wconf 83' lang='lat' dir='ltr'><strong>utero</strong></span> 
     </span>
     <span class='ocr_line' id='line_1_41' title="bbox 184 2379 1017 2435; baseline 0.01 -15"><span class='ocrx_word' id='word_1_190' title='bbox 184 2392 296 2430; x_wconf 91' lang='lat' dir='ltr'><strong>meo,</strong></span> <span class='ocrx_word' id='word_1_191' title='bbox 316 2379 407 2430; x_wconf 86' lang='lat' dir='ltr'><strong>sed,</strong></span> <span class='ocrx_word' id='word_1_192' title='bbox 427 2381 664 2425; x_wconf 78' lang='lat' dir='ltr'><strong>exsultavit</strong></span> <span class='ocrx_word' id='word_1_193' title='bbox 682 2384 726 2424; x_wconf 94' lang='lat' dir='ltr'><strong>in</strong></span> <span class='ocrx_word' id='word_1_194' title='bbox 740 2384 914 2435; x_wconf 83' lang='lat' dir='ltr'><strong>gaudio.</strong></span> <span class='ocrx_word' id='word_1_195' title='bbox 942 2386 1017 2428; x_wconf 92' lang='lat' dir='ltr'><strong>Vi-</strong></span> 
     </span>
     <span class='ocr_line' id='line_1_42' title="bbox 185 2435 1018 2484; baseline 0.01 -7"><span class='ocrx_word' id='word_1_196' title='bbox 185 2435 340 2478; x_wconf 80' lang='lat' dir='ltr'><strong>demus</strong></span> <span class='ocrx_word' id='word_1_197' title='bbox 374 2442 521 2479; x_wconf 90' lang='lat' dir='ltr'><strong>autem</strong></span> <span class='ocrx_word' id='word_1_198' title='bbox 558 2440 894 2483; x_wconf 81' lang='lat' dir='ltr'><strong>exsultationem</strong></span> <span class='ocrx_word' id='word_1_199' title='bbox 930 2455 1018 2484; x_wconf 91' lang='lat' dir='ltr'><strong>non</strong></span> 
     </span>
     <span class='ocr_line' id='line_1_43' title="bbox 186 2492 1017 2551; baseline 0.01 -18"><span class='ocrx_word' id='word_1_200' title='bbox 186 2492 329 2534; x_wconf 93' lang='lat' dir='ltr'><strong>solum</strong></span> <span class='ocrx_word' id='word_1_201' title='bbox 352 2494 654 2545; x_wconf 89' lang='lat' dir='ltr'><strong>parvulorum,</strong></span> <span class='ocrx_word' id='word_1_202' title='bbox 682 2497 762 2538; x_wconf 89' lang='lat' dir='ltr'><strong>sed</strong></span> <span class='ocrx_word' id='word_1_203' title='bbox 788 2498 920 2539; x_wconf 87' lang='lat' dir='ltr'><strong>etiam</strong></span> <span class='ocrx_word' id='word_1_204' title='bbox 944 2501 1017 2551; x_wconf 91' lang='lat' dir='ltr'><strong>pe·</strong></span> 
     </span>
     <span class='ocr_line' id='line_1_44' title="bbox 186 2551 1017 2606; baseline 0.008 -16"><span class='ocrx_word' id='word_1_205' title='bbox 186 2561 354 2600; x_wconf 89' lang='lat' dir='ltr'><strong>corum;</strong></span> <span class='ocrx_word' id='word_1_206' title='bbox 380 2563 469 2592; x_wconf 92' lang='lat' dir='ltr'><strong>non</strong></span> <span class='ocrx_word' id='word_1_207' title='bbox 492 2551 645 2603; x_wconf 81' lang='lat' dir='ltr'><strong>utique</strong></span> <span class='ocrx_word' id='word_1_208' title='bbox 666 2551 722 2593; x_wconf 92' lang='lat' dir='ltr'><strong>de</strong></span> <span class='ocrx_word' id='word_1_209' title='bbox 747 2554 893 2605; x_wconf 81' lang='lat' dir='ltr'><strong>aliqua</strong></span> <span class='ocrx_word' id='word_1_210' title='bbox 917 2555 1017 2606; x_wconf 89' lang='lat' dir='ltr'><strong>fide,</strong></span> 
     </span>
     <span class='ocr_line' id='line_1_45' title="bbox 185 2605 1016 2663; baseline 0.008 -17"><span class='ocrx_word' id='word_1_211' title='bbox 185 2605 257 2646; x_wconf 95' lang='lat' dir='ltr'><strong>vel</strong></span> <span class='ocrx_word' id='word_1_212' title='bbox 280 2606 502 2657; x_wconf 88' lang='lat' dir='ltr'><strong>religione,</strong></span> <span class='ocrx_word' id='word_1_213' title='bbox 527 2607 598 2650; x_wconf 89' lang='lat' dir='ltr'><strong>vel</strong></span> <span class='ocrx_word' id='word_1_214' title='bbox 622 2608 930 2663; x_wconf 84' lang='lat' dir='ltr'><strong>qualicumque</strong></span> <span class='ocrx_word' id='word_1_215' title='bbox 952 2625 1016 2653; x_wconf 90' lang='lat' dir='ltr'><strong>ra-</strong></span> 
     </span>
    </p>
   </div>
   <div class='ocr_carea' id='block_1_6' title="bbox 129 2662 1018 2714">
    <p class='ocr_par' dir='ltr' id='par_1_11' title="bbox 129 2662 1018 2714">
     <span class='ocr_line' id='line_1_46' title="bbox 129 2662 1018 2714; baseline 0.008 -12"><span class='ocrx_word' id='word_1_216' title='bbox 129 2667 132 2670; x_wconf 75' lang='grc'>’</span> <span class='ocrx_word' id='word_1_217' title='bbox 185 2662 339 2703; x_wconf 82' lang='lat' dir='ltr'><strong>tionali</strong></span> <span class='ocrx_word' id='word_1_218' title='bbox 363 2663 614 2714; x_wconf 88' lang='lat' dir='ltr'><strong>cognitione</strong></span> <span class='ocrx_word' id='word_1_219' title='bbox 639 2665 897 2708; x_wconf 89' lang='lat' dir='ltr'><strong>venientem.</strong></span> <span class='ocrx_word' id='word_1_220' title='bbox 930 2667 1018 2710; x_wconf 90' lang='lat' dir='ltr'><strong>Sed</strong></span> 
     </span>
    </p>
   </div>
   <div class='ocr_carea' id='block_1_7' title="bbox 186 2717 1017 2772">
    <p class='ocr_par' dir='ltr' id='par_1_12' title="bbox 186 2717 1017 2772">
     <span class='ocr_line' id='line_1_47' title="bbox 186 2717 1017 2772; baseline 0.008 -13"><span class='ocrx_word' id='word_1_221' title='bbox 186 2717 284 2760; x_wconf 87' lang='lat' dir='ltr'><strong>haec</strong></span> <span class='ocrx_word' id='word_1_222' title='bbox 306 2718 436 2772; x_wconf 89' lang='lat' dir='ltr'><strong>plane</strong></span> <span class='ocrx_word' id='word_1_223' title='bbox 461 2720 669 2763; x_wconf 77' lang='lat' dir='ltr'><strong>inusitata</strong></span> <span class='ocrx_word' id='word_1_224' title='bbox 690 2726 735 2764; x_wconf 94' lang='lat' dir='ltr'><strong>et</strong></span> <span class='ocrx_word' id='word_1_225' title='bbox 753 2735 869 2764; x_wconf 87' lang='lat' dir='ltr'><strong>nova</strong></span> <span class='ocrx_word' id='word_1_226' title='bbox 889 2725 1017 2766; x_wconf 86' lang='lat' dir='ltr'><strong>exsti-</strong></span> 
     </span>
    </p>
   </div>
   <div class='ocr_carea' id='block_1_8' title="bbox 718 196 1374 232">
    <p class='ocr_par' dir='ltr' id='par_1_13' title="bbox 718 196 1374 232">
     <span class='ocr_line' id='line_1_48' title="bbox 718 196 1374 232; baseline 0.003 -3"><span class='ocrx_word' id='word_1_227' title='bbox 718 196 758 229; x_wconf 85' lang='grc' dir='ltr'><strong>Β.</strong></span> <span class='ocrx_word' id='word_1_228' title='bbox 785 197 918 231; x_wconf 54' lang='lat' dir='ltr'><strong>Mari-tc</strong></span> <span class='ocrx_word' id='word_1_229' title='bbox 944 197 986 231; x_wconf 67' lang='lat' dir='ltr'><strong>V.</strong></span> <span class='ocrx_word' id='word_1_230' title='bbox 1013 199 1059 231; x_wconf 77' lang='lat' dir='ltr'><strong>dc</strong></span> <span class='ocrx_word' id='word_1_231' title='bbox 1086 198 1374 232; x_wconf 75' lang='lat' dir='ltr'><strong>Consolatione.</strong></span> 
     </span>
    </p>
   </div>
   <div class='ocr_carea' id='block_1_9' title="bbox 906 260 1904 320">
    <p class='ocr_par' dir='ltr' id='par_1_14' title="bbox 906 260 1904 320">
     <span class='ocr_line' id='line_1_49' title="bbox 906 260 1904 320; baseline 0 -55"><span class='ocrx_word' id='word_1_232' title='bbox 906 260 1904 320; x_wconf 95' lang='lat' dir='ltr'><strong>  </strong></span> 
     </span>
    </p>
   </div>
   <div class='ocr_carea' id='block_1_10' title="bbox 1900 265 1904 320">
    <p class='ocr_par' dir='ltr' id='par_1_15' title="bbox 1900 265 1904 320">
     <span class='ocr_line' id='line_1_50' title="bbox 1900 265 1904 320; baseline 0 2656"><span class='ocrx_word' id='word_1_233' title='bbox 1900 265 1904 320; x_wconf 95' lang='lat' dir='ltr'><strong> </strong></span> 
     </span>
    </p>
   </div>
   <div class='ocr_carea' id='block_1_11' title="bbox 1067 291 1904 1313">
    <p class='ocr_par' dir='ltr' id='par_1_16' title="bbox 1068 291 1902 784">
     <span class='ocr_line' id='line_1_51' title="bbox 1068 291 1900 343; baseline 0 -9"><span class='ocrx_word' id='word_1_234' title='bbox 1068 292 1132 342; x_wconf 89' lang='lat' dir='ltr'><strong>tit,</strong></span> <span class='ocrx_word' id='word_1_235' title='bbox 1153 291 1255 343; x_wconf 89' lang='lat' dir='ltr'><strong>quia</strong></span> <span class='ocrx_word' id='word_1_236' title='bbox 1274 291 1318 332; x_wconf 92' lang='lat' dir='ltr'><strong>in</strong></span> <span class='ocrx_word' id='word_1_237' title='bbox 1332 294 1472 341; x_wconf 78' lang='lat' dir='ltr'><strong>utero,</strong></span> <span class='ocrx_word' id='word_1_238' title='bbox 1491 296 1535 333; x_wconf 92' lang='lat' dir='ltr'><strong>et</strong></span> <span class='ocrx_word' id='word_1_239' title='bbox 1554 291 1611 333; x_wconf 91' lang='lat' dir='ltr'><strong>ad</strong></span> <span class='ocrx_word' id='word_1_240' title='bbox 1630 293 1722 343; x_wconf 83' lang='lat' dir='ltr'><strong>eius</strong></span> <span class='ocrx_word' id='word_1_241' title='bbox 1742 291 1900 334; x_wconf 89' lang='lat' dir='ltr'><strong>adven-</strong></span> 
     </span>
     <span class='ocr_line' id='line_1_52' title="bbox 1068 346 1902 399; baseline 0.001 -10"><span class='ocrx_word' id='word_1_242' title='bbox 1068 353 1181 397; x_wconf 92' lang='lat' dir='ltr'><strong>tum,</strong></span> <span class='ocrx_word' id='word_1_243' title='bbox 1228 360 1327 399; x_wconf 90' lang='lat' dir='ltr'><strong>quae</strong></span> <span class='ocrx_word' id='word_1_244' title='bbox 1364 346 1591 388; x_wconf 91' lang='lat' dir='ltr'><strong>hominum</strong></span> <span class='ocrx_word' id='word_1_245' title='bbox 1627 348 1902 391; x_wconf 89' lang='lat' dir='ltr'><strong>Salvatorem</strong></span> 
     </span>
     <span class='ocr_line' id='line_1_53' title="bbox 1069 403 1902 456; baseline 0.002 -11"><span class='ocrx_word' id='word_1_246' title='bbox 1069 404 1212 446; x_wconf 84' lang='lat' dir='ltr'><strong>fuerat</strong></span> <span class='ocrx_word' id='word_1_247' title='bbox 1230 403 1438 456; x_wconf 83' lang='lat' dir='ltr'><strong>paritura.</strong></span> <span class='ocrx_word' id='word_1_248' title='bbox 1467 403 1578 446; x_wconf 93' lang='lat' dir='ltr'><strong>Ideo</strong></span> <span class='ocrx_word' id='word_1_249' title='bbox 1595 404 1716 453; x_wconf 90' lang='lat' dir='ltr'><strong>mira,</strong></span> <span class='ocrx_word' id='word_1_250' title='bbox 1735 404 1838 447; x_wconf 89' lang='lat' dir='ltr'><strong>ideo</strong></span> <span class='ocrx_word' id='word_1_251' title='bbox 1857 405 1902 446; x_wconf 91' lang='lat' dir='ltr'><strong>in</strong></span> 
     </span>
     <span class='ocr_line' id='line_1_54' title="bbox 1068 459 1902 513; baseline 0.002 -12"><span class='ocrx_word' id='word_1_252' title='bbox 1068 460 1237 511; x_wconf 88' lang='lat' dir='ltr'><strong>magnis</strong></span> <span class='ocrx_word' id='word_1_253' title='bbox 1253 460 1388 512; x_wconf 90' lang='lat' dir='ltr'><strong>signis</strong></span> <span class='ocrx_word' id='word_1_254' title='bbox 1400 459 1669 513; x_wconf 82' lang='lat' dir='ltr'><strong>deputanda:</strong></span> <span class='ocrx_word' id='word_1_255' title='bbox 1684 460 1794 503; x_wconf 92' lang='lat' dir='ltr'><strong>Ideo</strong></span> <span class='ocrx_word' id='word_1_256' title='bbox 1804 461 1902 503; x_wconf 89' lang='lat' dir='ltr'><strong>haec</strong></span> 
     </span>
     <span class='ocr_line' id='line_1_55' title="bbox 1069 516 1900 569; baseline 0.002 -12"><span class='ocrx_word' id='word_1_257' title='bbox 1069 516 1316 567; x_wconf 77' lang='lat' dir='ltr'><strong>exsultatio,</strong></span> <span class='ocrx_word' id='word_1_258' title='bbox 1343 522 1387 558; x_wconf 91' lang='lat' dir='ltr'><strong>et</strong></span> <span class='ocrx_word' id='word_1_259' title='bbox 1410 522 1636 569; x_wconf 86' lang='lat' dir='ltr'><strong>tamquam</strong></span> <span class='ocrx_word' id='word_1_260' title='bbox 1659 518 1790 560; x_wconf 89' lang='lat' dir='ltr'><strong>matri</strong></span> <span class='ocrx_word' id='word_1_261' title='bbox 1811 517 1900 559; x_wconf 91' lang='lat' dir='ltr'><strong>Do-</strong></span> 
     </span>
     <span class='ocr_line' id='line_1_56' title="bbox 1068 572 1901 623; baseline 0.004 -10"><span class='ocrx_word' id='word_1_262' title='bbox 1068 573 1173 613; x_wconf 91' lang='lat' dir='ltr'><strong>mini</strong></span> <span class='ocrx_word' id='word_1_263' title='bbox 1205 572 1380 615; x_wconf 90' lang='lat' dir='ltr'><strong>reddita</strong></span> <span class='ocrx_word' id='word_1_264' title='bbox 1411 573 1660 623; x_wconf 79' lang='lat' dir='ltr'><strong>resultatio,</strong></span> <span class='ocrx_word' id='word_1_265' title='bbox 1693 574 1805 616; x_wconf 92' lang='lat' dir='ltr'><strong>sicut</strong></span> <span class='ocrx_word' id='word_1_266' title='bbox 1833 587 1901 616; x_wconf 88' lang='lat' dir='ltr'><strong>so-</strong></span> 
     </span>
     <span class='ocr_line' id='line_1_57' title="bbox 1068 629 1901 680; baseline 0.002 -11"><span class='ocrx_word' id='word_1_267' title='bbox 1068 629 1159 670; x_wconf 88' lang='lat' dir='ltr'><strong>lent</strong></span> <span class='ocrx_word' id='word_1_268' title='bbox 1177 629 1388 671; x_wconf 82' lang='lat' dir='ltr'><strong>miracula</strong></span> <span class='ocrx_word' id='word_1_269' title='bbox 1407 630 1513 680; x_wconf 88' lang='lat' dir='ltr'><strong>fieri,</strong></span> <span class='ocrx_word' id='word_1_270' title='bbox 1532 630 1648 673; x_wconf 88' lang='lat' dir='ltr'><strong>facta</strong></span> <span class='ocrx_word' id='word_1_271' title='bbox 1667 636 1734 672; x_wconf 88' lang='lat' dir='ltr'><strong>est</strong></span> <span class='ocrx_word' id='word_1_272' title='bbox 1749 630 1901 672; x_wconf 88' lang='lat' dir='ltr'><strong>divini-</strong></span> 
     </span>
     <span class='ocr_line' id='line_1_58' title="bbox 1068 685 1901 737; baseline 0.002 -11"><span class='ocrx_word' id='word_1_273' title='bbox 1068 690 1140 727; x_wconf 86' lang='lat' dir='ltr'><strong>tus</strong></span> <span class='ocrx_word' id='word_1_274' title='bbox 1166 685 1211 726; x_wconf 92' lang='lat' dir='ltr'><strong>in</strong></span> <span class='ocrx_word' id='word_1_275' title='bbox 1237 686 1420 737; x_wconf 79' lang='lat' dir='ltr'><strong>infante,</strong></span> <span class='ocrx_word' id='word_1_276' title='bbox 1451 699 1540 728; x_wconf 93' lang='lat' dir='ltr'><strong>non</strong></span> <span class='ocrx_word' id='word_1_277' title='bbox 1566 686 1818 729; x_wconf 78' lang='lat' dir='ltr'><strong>humanitus</strong></span> <span class='ocrx_word' id='word_1_278' title='bbox 1845 686 1901 729; x_wconf 92' lang='lat' dir='ltr'><strong>ab</strong></span> 
     </span>
     <span class='ocr_line' id='line_1_59' title="bbox 1068 741 1245 784; baseline 0.006 -2"><span class='ocrx_word' id='word_1_279' title='bbox 1068 741 1245 784; x_wconf 82' lang='lat' dir='ltr'><strong>infante.</strong></span> 
     </span>
    </p>

    <p class='ocr_par' dir='ltr' id='par_1_17' title="bbox 1067 803 1904 1249">
     <span class='ocr_line' id='line_1_60' title="bbox 1126 803 1902 857; baseline 0.003 -13"><span class='ocrx_word' id='word_1_280' title='bbox 1126 806 1177 857; x_wconf 67' lang='lat' dir='ltr'><strong>R.</strong></span> <span class='ocrx_word' id='word_1_281' title='bbox 1195 803 1331 845; x_wconf 87' lang='lat' dir='ltr'><strong>Porta</strong></span> <span class='ocrx_word' id='word_1_282' title='bbox 1356 803 1457 845; x_wconf 89' lang='lat' dir='ltr'><strong>coeli</strong></span> <span class='ocrx_word' id='word_1_283' title='bbox 1481 808 1526 845; x_wconf 89' lang='lat' dir='ltr'><strong>et</strong></span> <span class='ocrx_word' id='word_1_284' title='bbox 1550 803 1678 845; x_wconf 89' lang='lat' dir='ltr'><strong>stella</strong></span> <span class='ocrx_word' id='word_1_285' title='bbox 1702 804 1835 845; x_wconf 87' lang='lat' dir='ltr'><strong>maris</strong></span> <span class='ocrx_word' id='word_1_286' title='bbox 1854 817 1902 846; x_wconf 94' lang='lat' dir='ltr'><strong>es</strong></span> 
     </span>
     <span class='ocr_line' id='line_1_61' title="bbox 1069 858 1902 910; baseline 0.002 -11"><span class='ocrx_word' id='word_1_287' title='bbox 1069 858 1209 909; x_wconf 92' lang='lat' dir='ltr'><strong>Virgo</strong></span> <span class='ocrx_word' id='word_1_288' title='bbox 1234 859 1384 909; x_wconf 84' lang='lat' dir='ltr'><strong>Maria,</strong></span> <span class='ocrx_word' id='word_1_289' title='bbox 1410 859 1548 910; x_wconf 87' lang='lat' dir='ltr'><strong>Regis</strong></span> <span class='ocrx_word' id='word_1_290' title='bbox 1573 860 1727 901; x_wconf 89' lang='lat' dir='ltr'><strong>aetemi</strong></span> <span class='ocrx_word' id='word_1_291' title='bbox 1751 865 1902 910; x_wconf 92' lang='lat' dir='ltr'><strong>mater,</strong></span> 
     </span>
     <span class='ocr_line' id='line_1_62' title="bbox 1068 915 1904 966; baseline 0.002 -10"><span class='ocrx_word' id='word_1_292' title='bbox 1068 920 1221 965; x_wconf 88' lang='lat' dir='ltr'><strong>gratos</strong></span> <span class='ocrx_word' id='word_1_293' title='bbox 1243 928 1325 957; x_wconf 92' lang='lat' dir='ltr'><strong>nos</strong></span> <span class='ocrx_word' id='word_1_294' title='bbox 1346 915 1484 958; x_wconf 87' lang='lat' dir='ltr'><strong>redde</strong></span> <span class='ocrx_word' id='word_1_295' title='bbox 1508 915 1600 957; x_wconf 86' lang='lat' dir='ltr'><strong>filio</strong></span> <span class='ocrx_word' id='word_1_296' title='bbox 1626 921 1722 958; x_wconf 88' lang='lat' dir='ltr'><strong>tuo:</strong></span> <span class='ocrx_word' id='word_1_297' title='bbox 1747 920 1770 945; x_wconf 90' lang='lat'>*</span> <span class='ocrx_word' id='word_1_298' title='bbox 1790 917 1904 966; x_wconf 89' lang='lat' dir='ltr'><strong>Quia</strong></span> 
     </span>
     <span class='ocr_line' id='line_1_63' title="bbox 1069 972 1903 1024; baseline 0.002 -12"><span class='ocrx_word' id='word_1_299' title='bbox 1069 972 1210 1013; x_wconf 91' lang='lat' dir='ltr'><strong>omnis</strong></span> <span class='ocrx_word' id='word_1_300' title='bbox 1223 973 1374 1023; x_wconf 87' lang='lat' dir='ltr'><strong>virtus,</strong></span> <span class='ocrx_word' id='word_1_301' title='bbox 1394 978 1438 1015; x_wconf 90' lang='lat' dir='ltr'><strong>et</strong></span> <span class='ocrx_word' id='word_1_302' title='bbox 1458 972 1604 1023; x_wconf 87' lang='lat' dir='ltr'><strong>decor,</strong></span> <span class='ocrx_word' id='word_1_303' title='bbox 1625 978 1669 1014; x_wconf 93' lang='lat' dir='ltr'><strong>et</strong></span> <span class='ocrx_word' id='word_1_304' title='bbox 1687 972 1828 1024; x_wconf 87' lang='lat' dir='ltr'><strong>gloria</strong></span> <span class='ocrx_word' id='word_1_305' title='bbox 1847 985 1903 1015; x_wconf 91' lang='lat' dir='ltr'><strong>ex</strong></span> 
     </span>
     <span class='ocr_line' id='line_1_64' title="bbox 1069 1025 1901 1082; baseline 0.001 -12"><span class='ocrx_word' id='word_1_306' title='bbox 1069 1033 1112 1070; x_wconf 92' lang='lat' dir='ltr'><strong>te</strong></span> <span class='ocrx_word' id='word_1_307' title='bbox 1138 1028 1405 1082; x_wconf 79' lang='lat' dir='ltr'><strong>resplendet.</strong></span> <span class='ocrx_word' id='word_1_308' title='bbox 1446 1025 1496 1077; x_wconf 66' lang='lat' dir='ltr'><strong>V.</strong></span> <span class='ocrx_word' id='word_1_309' title='bbox 1520 1030 1590 1070; x_wconf 93' lang='lat' dir='ltr'><strong>Tu</strong></span> <span class='ocrx_word' id='word_1_310' title='bbox 1613 1029 1754 1071; x_wconf 88' lang='lat' dir='ltr'><strong>veniae</strong></span> <span class='ocrx_word' id='word_1_311' title='bbox 1779 1042 1901 1080; x_wconf 88' lang='lat' dir='ltr'><strong>vena,</strong></span> 
     </span>
     <span class='ocr_line' id='line_1_65' title="bbox 1067 1086 1903 1139; baseline 0.001 -13"><span class='ocrx_word' id='word_1_312' title='bbox 1067 1090 1116 1127; x_wconf 94' lang='lat' dir='ltr'><strong>tu</strong></span> <span class='ocrx_word' id='word_1_313' title='bbox 1149 1086 1302 1137; x_wconf 70' lang='lat' dir='ltr'><strong>gratiae</strong></span> <span class='ocrx_word' id='word_1_314' title='bbox 1333 1091 1490 1135; x_wconf 89' lang='lat' dir='ltr'><strong>mater,</strong></span> <span class='ocrx_word' id='word_1_315' title='bbox 1521 1091 1570 1128; x_wconf 87' lang='lat' dir='ltr'><strong>tu</strong></span> <span class='ocrx_word' id='word_1_316' title='bbox 1601 1099 1704 1139; x_wconf 90' lang='lat' dir='ltr'><strong>spes</strong></span> <span class='ocrx_word' id='word_1_317' title='bbox 1733 1086 1903 1137; x_wconf 83' lang='lat' dir='ltr'><strong>mundi3</strong></span> 
     </span>
     <span class='ocr_line' id='line_1_66' title="bbox 1069 1141 1902 1192; baseline 0.002 -10"><span class='ocrx_word' id='word_1_318' title='bbox 1069 1142 1230 1183; x_wconf 80' lang='lat' dir='ltr'><strong>exaudi</strong></span> <span class='ocrx_word' id='word_1_319' title='bbox 1253 1155 1335 1183; x_wconf 92' lang='lat' dir='ltr'><strong>nos</strong></span> <span class='ocrx_word' id='word_1_320' title='bbox 1355 1142 1596 1184; x_wconf 77' lang='lat' dir='ltr'><strong>clamantes</strong></span> <span class='ocrx_word' id='word_1_321' title='bbox 1615 1141 1673 1184; x_wconf 89' lang='lat' dir='ltr'><strong>ad</strong></span> <span class='ocrx_word' id='word_1_322' title='bbox 1691 1147 1747 1184; x_wconf 89' lang='lat' dir='ltr'><strong>te.</strong></span> <span class='ocrx_word' id='word_1_323' title='bbox 1779 1143 1902 1192; x_wconf 89' lang='lat' dir='ltr'><strong>Quia.</strong></span> 
     </span>
     <span class='ocr_line' id='line_1_67' title="bbox 1075 1198 1526 1249; baseline -0.004 -8"><span class='ocrx_word' id='word_1_324' title='bbox 1075 1198 1225 1241; x_wconf 80' lang='lat' dir='ltr'><strong>Gloria</strong></span> <span class='ocrx_word' id='word_1_325' title='bbox 1243 1198 1373 1240; x_wconf 91' lang='lat' dir='ltr'><strong>Patri.</strong></span> <span class='ocrx_word' id='word_1_326' title='bbox 1402 1198 1526 1249; x_wconf 88' lang='lat' dir='ltr'><strong>Quia.</strong></span> 
     </span>
    </p>

    <p class='ocr_par' dir='ltr' id='par_1_18' title="bbox 1125 1278 1903 1313">
     <span class='ocr_line' id='line_1_68' title="bbox 1125 1278 1903 1313; baseline 0.001 -1"><span class='ocrx_word' id='word_1_327' title='bbox 1125 1278 1226 1312; x_wconf 77' lang='lat' dir='ltr'><strong>Lcet.</strong></span> <span class='ocrx_word' id='word_1_328' title='bbox 1245 1278 1294 1312; x_wconf 82' lang='lat' dir='ltr'><strong>ix.</strong></span> <span class='ocrx_word' id='word_1_329' title='bbox 1320 1279 1366 1312; x_wconf 84' lang='lat' dir='ltr'><strong>de</strong></span> <span class='ocrx_word' id='word_1_330' title='bbox 1392 1278 1563 1312; x_wconf 84' lang='lat' dir='ltr'><strong>Homilia</strong></span> <span class='ocrx_word' id='word_1_331' title='bbox 1581 1278 1734 1312; x_wconf 89' lang='lat' dir='ltr'><strong>Domin.</strong></span> <span class='ocrx_word' id='word_1_332' title='bbox 1759 1289 1903 1313; x_wconf 91' lang='lat' dir='ltr'><strong>occurr.</strong></span> 
     </span>
    </p>
   </div>
   <div class='ocr_carea' id='block_1_12' title="bbox 1337 1335 1637 1377">
    <p class='ocr_par' dir='ltr' id='par_1_19' title="bbox 1337 1335 1637 1377">
     <span class='ocr_line' id='line_1_69' title="bbox 1337 1335 1637 1377; baseline 0 -1"><span class='ocrx_word' id='word_1_333' title='bbox 1337 1335 1416 1376; x_wconf 81' lang='lat' dir='ltr'><strong>Ad</strong></span> <span class='ocrx_word' id='word_1_334' title='bbox 1439 1335 1637 1377; x_wconf 84' lang='lat' dir='ltr'><strong>Laudes</strong></span> 
     </span>
    </p>
   </div>
   <div class='ocr_carea' id='block_1_13' title="bbox 1281 1400 1700 1442">
    <p class='ocr_par' dir='ltr' id='par_1_20' title="bbox 1281 1400 1700 1442">
     <span class='ocr_line' id='line_1_70' title="bbox 1281 1400 1700 1442; baseline 0.002 -9"><span class='ocrx_word' id='word_1_335' title='bbox 1281 1403 1331 1433; x_wconf 90' lang='lat' dir='ltr'><strong>et</strong></span> <span class='ocrx_word' id='word_1_336' title='bbox 1369 1410 1468 1442; x_wconf 91' lang='lat' dir='ltr'><strong>per</strong></span> <span class='ocrx_word' id='word_1_337' title='bbox 1505 1400 1700 1434; x_wconf 87' lang='lat' dir='ltr'><strong>Horas.</strong></span> 
     </span>
    </p>
   </div>
   <div class='ocr_carea' id='block_1_14' title="bbox 1067 1453 1902 1553">
    <p class='ocr_par' dir='ltr' id='par_1_21' title="bbox 1067 1453 1902 1553">
     <span class='ocr_line' id='line_1_71' title="bbox 1126 1453 1902 1497; baseline 0.001 -2"><span class='ocrx_word' id='word_1_338' title='bbox 1126 1456 1225 1496; x_wconf 73' lang='lat' dir='ltr'><strong>Ant.</strong></span> <span class='ocrx_word' id='word_1_339' title='bbox 1255 1457 1283 1495; x_wconf 90' lang='lat'><strong>1.</strong></span> <span class='ocrx_word' id='word_1_340' title='bbox 1327 1453 1451 1497; x_wconf 91' lang='lat' dir='ltr'><strong>Odor</strong></span> <span class='ocrx_word' id='word_1_341' title='bbox 1484 1454 1847 1496; x_wconf 79' lang='lat' dir='ltr'><strong>vestimentorum</strong></span> <span class='ocrx_word' id='word_1_342' title='bbox 1878 1455 1902 1482; x_wconf 83' lang='lat'>*</span> 
     </span>
     <span class='ocr_line' id='line_1_72' title="bbox 1067 1509 1708 1553; baseline -0.003 0"><span class='ocrx_word' id='word_1_343' title='bbox 1067 1513 1245 1553; x_wconf 90' lang='lat' dir='ltr'><strong>tuorum</strong></span> <span class='ocrx_word' id='word_1_344' title='bbox 1273 1511 1387 1552; x_wconf 92' lang='lat' dir='ltr'><strong>sicut</strong></span> <span class='ocrx_word' id='word_1_345' title='bbox 1415 1510 1529 1552; x_wconf 92' lang='lat' dir='ltr'><strong>odor</strong></span> <span class='ocrx_word' id='word_1_346' title='bbox 1556 1509 1708 1552; x_wconf 87' lang='lat' dir='ltr'><strong>thuris.</strong></span> 
     </span>
    </p>
   </div>
   <div class='ocr_carea' id='block_1_15' title="bbox 1068 1571 1904 2769">
    <p class='ocr_par' dir='ltr' id='par_1_22' title="bbox 1126 1571 1743 1622">
     <span class='ocr_line' id='line_1_73' title="bbox 1126 1571 1743 1622; baseline 0 -10"><span class='ocrx_word' id='word_1_347' title='bbox 1126 1573 1194 1612; x_wconf 81' lang='lat' dir='ltr'><strong>Ps.</strong></span> <span class='ocrx_word' id='word_1_348' title='bbox 1221 1571 1434 1613; x_wconf 92' lang='lat' dir='ltr'><strong>Dominus</strong></span> <span class='ocrx_word' id='word_1_349' title='bbox 1454 1571 1665 1622; x_wconf 76' lang='lat' dir='ltr'><strong>regnavit.</strong></span> <span class='ocrx_word' id='word_1_350' title='bbox 1684 1573 1743 1612; x_wconf 90' lang='lat'><strong>14.</strong></span> 
     </span>
    </p>

    <p class='ocr_par' dir='ltr' id='par_1_23' title="bbox 1068 1632 1903 1786">
     <span class='ocr_line' id='line_1_74' title="bbox 1124 1632 1903 1683; baseline 0 -10"><span class='ocrx_word' id='word_1_351' title='bbox 1124 1635 1160 1673; x_wconf 81' lang='lat'><strong>2.</strong></span> <span class='ocrx_word' id='word_1_352' title='bbox 1180 1632 1366 1683; x_wconf 87' lang='lat' dir='ltr'><strong>Cingulo</strong></span> <span class='ocrx_word' id='word_1_353' title='bbox 1388 1645 1470 1674; x_wconf 91' lang='lat' dir='ltr'><strong>suo</strong></span> <span class='ocrx_word' id='word_1_354' title='bbox 1485 1634 1508 1659; x_wconf 89' lang='lat'>*</span> <span class='ocrx_word' id='word_1_355' title='bbox 1524 1632 1791 1675; x_wconf 75' lang='lat' dir='ltr'><strong>confortavit</strong></span> <span class='ocrx_word' id='word_1_356' title='bbox 1809 1645 1903 1682; x_wconf 85' lang='lat' dir='ltr'><strong>nos,</strong></span> 
     </span>
     <span class='ocr_line' id='line_1_75' title="bbox 1070 1687 1903 1741; baseline 0 -11"><span class='ocrx_word' id='word_1_357' title='bbox 1070 1693 1114 1730; x_wconf 89' lang='lat' dir='ltr'><strong>et</strong></span> <span class='ocrx_word' id='word_1_358' title='bbox 1132 1691 1402 1741; x_wconf 79' lang='lat' dir='ltr'><strong>potestatem</strong></span> <span class='ocrx_word' id='word_1_359' title='bbox 1421 1701 1547 1730; x_wconf 89' lang='lat' dir='ltr'><strong>suam</strong></span> <span class='ocrx_word' id='word_1_360' title='bbox 1566 1687 1690 1730; x_wconf 89' lang='lat' dir='ltr'><strong>dedit</strong></span> <span class='ocrx_word' id='word_1_361' title='bbox 1710 1689 1755 1730; x_wconf 94' lang='lat' dir='ltr'><strong>in</strong></span> <span class='ocrx_word' id='word_1_362' title='bbox 1771 1701 1903 1730; x_wconf 87' lang='lat' dir='ltr'><strong>manu</strong></span> 
     </span>
     <span class='ocr_line' id='line_1_76' title="bbox 1068 1749 1231 1786; baseline 0 -1"><span class='ocrx_word' id='word_1_363' title='bbox 1068 1749 1231 1786; x_wconf 92' lang='lat' dir='ltr'><strong>nostra.</strong></span> 
     </span>
    </p>

    <p class='ocr_par' dir='ltr' id='par_1_24' title="bbox 1069 1801 1903 1911">
     <span class='ocr_line' id='line_1_77' title="bbox 1125 1801 1902 1852; baseline -0.003 -8"><span class='ocrx_word' id='word_1_364' title='bbox 1125 1805 1161 1844; x_wconf 87' lang='lat'><strong>3.</strong></span> <span class='ocrx_word' id='word_1_365' title='bbox 1182 1801 1356 1843; x_wconf 89' lang='lat' dir='ltr'><strong>Justitia</strong></span> <span class='ocrx_word' id='word_1_366' title='bbox 1374 1801 1398 1828; x_wconf 81' lang='lat'>*</span> <span class='ocrx_word' id='word_1_367' title='bbox 1413 1801 1635 1852; x_wconf 85' lang='lat' dir='ltr'><strong>cingulum</strong></span> <span class='ocrx_word' id='word_1_368' title='bbox 1653 1801 1902 1844; x_wconf 93' lang='lat' dir='ltr'><strong>lumborum</strong></span> 
     </span>
     <span class='ocr_line' id='line_1_78' title="bbox 1069 1856 1903 1911; baseline -0.001 -12"><span class='ocrx_word' id='word_1_369' title='bbox 1069 1858 1172 1909; x_wconf 88' lang='lat' dir='ltr'><strong>ejus,</strong></span> <span class='ocrx_word' id='word_1_370' title='bbox 1184 1862 1228 1899; x_wconf 93' lang='lat' dir='ltr'><strong>et</strong></span> <span class='ocrx_word' id='word_1_371' title='bbox 1239 1856 1351 1899; x_wconf 90' lang='lat' dir='ltr'><strong>fides</strong></span> <span class='ocrx_word' id='word_1_372' title='bbox 1362 1857 1624 1899; x_wconf 81' lang='lat' dir='ltr'><strong>cinctorium</strong></span> <span class='ocrx_word' id='word_1_373' title='bbox 1633 1871 1788 1900; x_wconf 92' lang='lat' dir='ltr'><strong>renum</strong></span> <span class='ocrx_word' id='word_1_374' title='bbox 1799 1859 1903 1911; x_wconf 81' lang='lat' dir='ltr'><strong>eius.</strong></span> 
     </span>
    </p>

    <p class='ocr_par' dir='ltr' id='par_1_25' title="bbox 1068 1917 1904 2017">
     <span class='ocr_line' id='line_1_79' title="bbox 1126 1917 1904 1971; baseline 0.001 -12"><span class='ocrx_word' id='word_1_375' title='bbox 1126 1922 1163 1959; x_wconf 80' lang='lat'><strong>4.</strong></span> <span class='ocrx_word' id='word_1_376' title='bbox 1189 1917 1376 1971; x_wconf 84' lang='lat' dir='ltr'><strong>Myrrha,</strong></span> <span class='ocrx_word' id='word_1_377' title='bbox 1397 1923 1441 1960; x_wconf 92' lang='lat' dir='ltr'><strong>et</strong></span> <span class='ocrx_word' id='word_1_378' title='bbox 1460 1923 1596 1970; x_wconf 87' lang='lat' dir='ltr'><strong>gutta,</strong></span> <span class='ocrx_word' id='word_1_379' title='bbox 1621 1920 1645 1947; x_wconf 86' lang='grc'>*</span> <span class='ocrx_word' id='word_1_380' title='bbox 1671 1923 1716 1961; x_wconf 92' lang='lat' dir='ltr'><strong>et</strong></span> <span class='ocrx_word' id='word_1_381' title='bbox 1739 1919 1859 1960; x_wconf 78' lang='lat' dir='ltr'><strong>casia</strong></span> <span class='ocrx_word' id='word_1_382' title='bbox 1877 1931 1904 1960; x_wconf 91' lang='lat' dir='ltr'><strong>a</strong></span> 
     </span>
     <span class='ocr_line' id='line_1_80' title="bbox 1068 1975 1458 2017; baseline -0.003 -1"><span class='ocrx_word' id='word_1_383' title='bbox 1068 1975 1342 2016; x_wconf 89' lang='lat' dir='ltr'><strong>vestimentis</strong></span> <span class='ocrx_word' id='word_1_384' title='bbox 1360 1975 1458 2017; x_wconf 90' lang='lat' dir='ltr'><strong>tuis.</strong></span> 
     </span>
    </p>

    <p class='ocr_par' dir='ltr' id='par_1_26' title="bbox 1069 2035 1902 2190">
     <span class='ocr_line' id='line_1_81' title="bbox 1125 2035 1902 2078; baseline 0.003 -2"><span class='ocrx_word' id='word_1_385' title='bbox 1125 2038 1161 2077; x_wconf 77' lang='lat'><strong>5.</strong></span> <span class='ocrx_word' id='word_1_386' title='bbox 1186 2035 1386 2077; x_wconf 74' lang='lat' dir='ltr'><strong>sentiens</strong></span> <span class='ocrx_word' id='word_1_387' title='bbox 1405 2035 1768 2078; x_wconf 89' lang='lat' dir='ltr'><strong>vestimentorum</strong></span> <span class='ocrx_word' id='word_1_388' title='bbox 1785 2035 1902 2078; x_wconf 86' lang='lat' dir='ltr'><strong>illius</strong></span> 
     </span>
     <span class='ocr_line' id='line_1_82' title="bbox 1069 2091 1902 2143; baseline 0.002 -11"><span class='ocrx_word' id='word_1_389' title='bbox 1069 2093 1092 2118; x_wconf 93' lang='lat'>*</span> <span class='ocrx_word' id='word_1_390' title='bbox 1103 2092 1400 2143; x_wconf 78' lang='lat' dir='ltr'><strong>fragrantiam,</strong></span> <span class='ocrx_word' id='word_1_391' title='bbox 1407 2091 1634 2134; x_wconf 81' lang='lat' dir='ltr'><strong>benedixit</strong></span> <span class='ocrx_word' id='word_1_392' title='bbox 1643 2092 1772 2134; x_wconf 89' lang='lat' dir='ltr'><strong>nobis</strong></span> <span class='ocrx_word' id='word_1_393' title='bbox 1779 2092 1902 2134; x_wconf 90' lang='lat' dir='ltr'><strong>Deus</strong></span> 
     </span>
     <span class='ocr_line' id='line_1_83' title="bbox 1069 2153 1233 2190; baseline -0.006 0"><span class='ocrx_word' id='word_1_394' title='bbox 1069 2153 1233 2190; x_wconf 91' lang='lat' dir='ltr'><strong>noster.</strong></span> 
     </span>
    </p>

    <p class='ocr_par' dir='ltr' id='par_1_27' title="bbox 1069 2207 1903 2769">
     <span class='ocr_line' id='line_1_84' title="bbox 1150 2207 1826 2259; baseline 0 -12"><span class='ocrx_word' id='word_1_395' title='bbox 1150 2207 1411 2259; x_wconf 81' lang='lat' dir='ltr'><strong>Capitulum.</strong></span> <span class='ocrx_word' id='word_1_396' title='bbox 1629 2208 1755 2248; x_wconf 76' lang='lat' dir='ltr'><strong>Isaiae</strong></span> <span class='ocrx_word' id='word_1_397' title='bbox 1778 2210 1826 2247; x_wconf 90' lang='lat' dir='ltr'><strong>ll.</strong></span> 
     </span>
     <span class='ocr_line' id='line_1_85' title="bbox 1069 2266 1901 2374; baseline 0.004 -61"><span class='ocrx_word' id='word_1_398' title='bbox 1069 2266 1376 2374; x_wconf 85' lang='lat' dir='ltr'><strong>Egredietur</strong></span> <span class='ocrx_word' id='word_1_399' title='bbox 1390 2273 1512 2324; x_wconf 84' lang='lat' dir='ltr'><strong>virga</strong></span> <span class='ocrx_word' id='word_1_400' title='bbox 1527 2273 1583 2315; x_wconf 92' lang='lat' dir='ltr'><strong>de</strong></span> <span class='ocrx_word' id='word_1_401' title='bbox 1602 2272 1751 2316; x_wconf 88' lang='lat' dir='ltr'><strong>radice</strong></span> <span class='ocrx_word' id='word_1_402' title='bbox 1764 2274 1791 2315; x_wconf 87' lang='lat' dir='ltr'><strong>J</strong></span> <span class='ocrx_word' id='word_1_403' title='bbox 1792 2286 1901 2324; x_wconf 89' lang='lat' dir='ltr'><strong>esse,</strong></span> 
     </span>
     <span class='ocr_line' id='line_1_86' title="bbox 1169 2327 1903 2382; baseline 0.001 -12"><span class='ocrx_word' id='word_1_404' title='bbox 1169 2334 1212 2371; x_wconf 92' lang='lat' dir='ltr'><strong>et</strong></span> <span class='ocrx_word' id='word_1_405' title='bbox 1231 2329 1315 2371; x_wconf 92' lang='lat' dir='ltr'><strong>flos</strong></span> <span class='ocrx_word' id='word_1_406' title='bbox 1335 2327 1391 2371; x_wconf 90' lang='lat' dir='ltr'><strong>de</strong></span> <span class='ocrx_word' id='word_1_407' title='bbox 1407 2329 1557 2372; x_wconf 89' lang='lat' dir='ltr'><strong>radice</strong></span> <span class='ocrx_word' id='word_1_408' title='bbox 1575 2330 1667 2382; x_wconf 92' lang='lat' dir='ltr'><strong>ejus</strong></span> <span class='ocrx_word' id='word_1_409' title='bbox 1682 2330 1903 2373; x_wconf 80' lang='lat' dir='ltr'><strong>ascendet.</strong></span> 
     </span>
     <span class='ocr_line' id='line_1_87' title="bbox 1069 2384 1903 2440; baseline 0.004 -15"><span class='ocrx_word' id='word_1_410' title='bbox 1069 2384 1127 2426; x_wconf 90' lang='lat' dir='ltr'><strong>Et</strong></span> <span class='ocrx_word' id='word_1_411' title='bbox 1153 2386 1402 2437; x_wconf 89' lang='lat' dir='ltr'><strong>requiescet</strong></span> <span class='ocrx_word' id='word_1_412' title='bbox 1430 2399 1563 2439; x_wconf 89' lang='lat' dir='ltr'><strong>super</strong></span> <span class='ocrx_word' id='word_1_413' title='bbox 1594 2399 1695 2428; x_wconf 92' lang='lat' dir='ltr'><strong>eum</strong></span> <span class='ocrx_word' id='word_1_414' title='bbox 1721 2387 1903 2440; x_wconf 85' lang='lat' dir='ltr'><strong>spiritus</strong></span> 
     </span>
     <span class='ocr_line' id='line_1_88' title="bbox 1069 2441 1261 2482; baseline 0.005 -1"><span class='ocrx_word' id='word_1_415' title='bbox 1069 2441 1261 2482; x_wconf 90' lang='lat' dir='ltr'><strong>Domini.</strong></span> 
     </span>
     <span class='ocr_line' id='line_1_89' title="bbox 1382 2499 1594 2549; baseline 0.005 -13"><span class='ocrx_word' id='word_1_416' title='bbox 1382 2499 1594 2549; x_wconf 75' lang='lat' dir='ltr'><strong>Hymnus.</strong></span> 
     </span>
     <span class='ocr_line' id='line_1_90' title="bbox 1230 2558 1670 2609; baseline 0.002 -10"><span class='ocrx_word' id='word_1_417' title='bbox 1230 2558 1424 2609; x_wconf 88' lang='lat' dir='ltr'><strong>gloriosa</strong></span> <span class='ocrx_word' id='word_1_418' title='bbox 1443 2558 1670 2609; x_wconf 89' lang='lat' dir='ltr'><strong>virginum,</strong></span> 
     </span>
     <span class='ocr_line' id='line_1_91' title="bbox 1251 2614 1764 2666; baseline 0.002 -11"><span class='ocrx_word' id='word_1_419' title='bbox 1251 2614 1458 2656; x_wconf 85' lang='lat' dir='ltr'><strong>Sublimis</strong></span> <span class='ocrx_word' id='word_1_420' title='bbox 1477 2615 1592 2656; x_wconf 88' lang='lat' dir='ltr'><strong>inter</strong></span> <span class='ocrx_word' id='word_1_421' title='bbox 1610 2615 1764 2666; x_wconf 90' lang='lat' dir='ltr'><strong>sidera,</strong></span> 
     </span>
     <span class='ocr_line' id='line_1_92' title="bbox 1175 2670 1770 2723; baseline 0 -11"><span class='ocrx_word' id='word_1_422' title='bbox 1175 2670 1259 2720; x_wconf 93' lang='lat' dir='ltr'><strong>Qui</strong></span> <span class='ocrx_word' id='word_1_423' title='bbox 1277 2676 1322 2712; x_wconf 91' lang='lat' dir='ltr'><strong>te</strong></span> <span class='ocrx_word' id='word_1_424' title='bbox 1342 2671 1518 2721; x_wconf 82' lang='lat' dir='ltr'><strong>creavit,</strong></span> <span class='ocrx_word' id='word_1_425' title='bbox 1537 2671 1770 2723; x_wconf 80' lang='lat' dir='ltr'><strong>parvulum</strong></span> 
     </span>
     <span class='ocr_line' id='line_1_93' title="bbox 1173 2725 1710 2769; baseline 0 -1"><span class='ocrx_word' id='word_1_426' title='bbox 1173 2725 1386 2768; x_wconf 87' lang='lat' dir='ltr'><strong>Lactente</strong></span> <span class='ocrx_word' id='word_1_427' title='bbox 1404 2727 1545 2769; x_wconf 89' lang='lat' dir='ltr'><strong>nutris</strong></span> <span class='ocrx_word' id='word_1_428' title='bbox 1563 2726 1710 2769; x_wconf 80' lang='lat' dir='ltr'><strong>ubere.</strong></span> 
     </span>
    </p>
   </div>
  </div>
 </body>
</html>
