2040 2976
784 195 955 229 Sabbato
982 196 1031 230 ad
1054 197 1218 231 Laudes,

1792 202 1864 236 105

196 294 285 336 Sed
325 299 511 347 propter
551 294 661 335 iram
700 293 978 334 inimicorum

146 350 314 392 distuli:
331 351 356 377 *
374 364 430 392 ne
458 351 572 392 forte
600 349 883 403 superbirent
901 348 977 390 ho-

146 411 237 448 stes
259 408 422 459 eorum,

197 463 256 504 Et
284 462 498 505 dicerent:
534 462 691 504 Manus
725 467 881 505 nostra
909 475 979 504 ex-

147 519 275 570 celsa,
295 524 339 561 et
357 532 447 561 non
466 519 691 571 Dominus,
710 519 735 546 *
759 519 864 561 fecit
882 519 979 560 haec

147 588 303 617 omma.

199 632 320 674 Gens
336 632 504 685 absque
519 631 706 674 consilio
724 636 802 683 est,
823 636 867 673 et
885 632 979 673 sine

146 689 393 741 prudentia.
420 690 445 716 *
472 689 652 731 Utinam
681 691 906 741 saperent,
936 693 980 730 et

146 745 459 798 intelligerent,
489 758 541 787 ac
568 745 810 787 novissima
833 745 979 797 provi—

148 803 314 845 derent.

200 857 436 910 Quomodo
450 860 745 910 persequatur
759 871 871 899 unus
885 858 978 898 mil-

146 916 198 967 le,
214 917 238 942 *
258 920 302 958 et
322 915 411 957 duo
434 915 586 966 fugent
606 914 761 957 decem
780 913 939 955 millia?

197 973 358 1014 Nonne
370 971 486 1022 ideo,
505 972 608 1023 quia
617 972 739 1013 Deus
755 984 861 1013 suus
878 973 978 1012 ven-

74 1066 77 1068 .
147 1029 261 1071 didit
288 1041 381 1079 eos,
399 1029 423 1055 *
447 1032 492 1070 et
512 1028 730 1070 Dominus
760 1027 979 1070 conclusit

145 1083 270 1128 illos?

196 1142 300 1184 Non
321 1141 438 1184 enim
457 1145 525 1183 est
539 1141 662 1183 Deus
681 1145 834 1183 noster
851 1145 901 1182 ut
917 1140 979 1182 dii

147 1201 314 1241 eorum:
332 1198 357 1225 *
378 1202 422 1240 et
446 1197 611 1239 inimici
631 1197 773 1239 nostri
793 1202 896 1239 sunt
919 1198 978 1250 ju-

146 1255 280 1297 dices.

196 1312 266 1354 De
285 1313 414 1353 vinea
432 1310 742 1361 Sodomorum,
758 1312 888 1351 vinea
907 1312 978 1352 eo-

145 1382 252 1420 rum,
262 1368 287 1395 *
298 1373 342 1410 et
358 1367 414 1409 de
428 1366 692 1409 suburbanis
700 1366 978 1408 Gomorrhae:

190 1425 288 1467 Uva
316 1426 470 1466 eorum
495 1436 584 1465 uva
602 1423 733 1474 fellis,
752 1423 776 1450 *
797 1427 842 1465 et
859 1423 978 1465 botri

145 1481 419 1523 amarissimi.

195 1537 276 1580 Fel
291 1537 534 1579 draconum
547 1536 698 1578 vinum
714 1538 878 1586 eorum,
892 1536 916 1563 *
933 1540 977 1578 et

144 1596 362 1636 venenum
382 1593 588 1646 aspidum
604 1592 860 1634 insanabile.

195 1651 356 1693 Nonne
388 1650 486 1692 haec
519 1649 699 1691 condita
727 1654 830 1691 sunt
857 1649 977 1701 apud

143 1720 226 1758 me,
243 1707 268 1734 *
284 1711 328 1749 et
345 1707 518 1758 signata
535 1706 581 1746 in
600 1705 822 1747 thesauris
841 1704 975 1747 meis?

195 1764 296 1805 Mea
319 1768 387 1805 est
408 1762 536 1812 ulti0,
567 1766 611 1804 et
631 1774 713 1814 ego
733 1762 976 1804 retribuam

143 1820 189 1861 in
207 1821 420 1873 tempore,
430 1819 454 1846 *
464 1823 514 1860 ut
528 1818 703 1860 labatur
715 1831 796 1871 pes
808 1821 975 1860 eorum:

194 1876 327 1918 Juxta
355 1880 422 1917 est
450 1875 545 1917 dies
569 1874 850 1927 perditionis,
878 1875 902 1901 *
931 1879 976 1916 et

143 1932 301 1974 adesse
319 1932 528 1974 festinant
546 1933 760 1984 tempora.

193 1988 417 2030 Iudicabit
434 1988 653 2029 Dominus
671 1987 887 2040 populum
906 2000 973 2028 su-

142 2058 227 2095 um,
245 2045 269 2071 *
289 2049 333 2086 et
351 2045 397 2086 in
415 2044 555 2086 servis
571 2044 662 2086 suis
676 2043 974 2087 miserebitur:

194 2100 378 2143 Videbit
406 2100 529 2153 quod
554 2100 775 2141 infirmata
802 2099 860 2141 sit
886 2113 974 2140 ma-

142 2170 234 2208 nus,
249 2157 274 2184 *
290 2162 334 2199 et
353 2157 492 2199 clausi
508 2169 687 2209 quoque
707 2155 974 2208 defecerunt⁷

142 2212 396 2266 residuique
415 2213 666 2266 consumpti
686 2217 798 2254 sunt⁴

193 2270 251 2311 Et
271 2269 406 2311 dicet:
433 2269 522 2312 Ubi
546 2274 648 2311 sunt
669 2268 731 2311 dii
751 2270 921 2319 eorum,
949 2269 973 2295 *

142 2326 187 2366 in
209 2325 368 2378 quibus
385 2325 609 2368 habebant
626 2324 860 2367 fiduciam?
938 2331 943 2336 '

194 2383 262 2424 De
278 2394 465 2434 quorum
474 2382 664 2424 victimis
680 2381 974 2424 comedebant

142 2438 318 2491 adipes,
336 2438 361 2464 *
381 2443 425 2479 et
451 2437 663 2480 bibebant
691 2438 841 2479 vinum
868 2438 973 2480 liba-

142 2496 324 2536 minum:

194 2552 401 2602 Surgant,
431 2554 474 2592 et
502 2550 774 2602 opitulentur
794 2550 931 2601 vobis,
948 2551 973 2578 *

144 2607 251 2650 etin
267 2607 535 2649 necessitate
553 2619 635 2647 vos
653 2608 902 2659 protegant.

195 2663 359 2705 Videte
380 2662 501 2715 quod
521 2675 604 2714 ego
627 2663 710 2703 sim
729 2662 867 2712 solus,
885 2663 909 2689 *
930 2667 974 2704 et

142 2732 232 2761 non
253 2720 311 2761 sit
330 2719 442 2761 alius
460 2719 582 2761 Deus
601 2723 765 2771 praeter
783 2731 870 2760 me:

298 2859 362 2885 Pars
378 2860 486 2884 AEstiva.

1083 293 1179 344 Ego
1208 293 1425 345 occidam,
1455 300 1499 337 et
1528 308 1609 347 ego
1635 297 1784 337 vivere
1803 295 1861 336 fa-

1032 349 1158 390 ciam:
1185 350 1448 402 percutiam,
1474 356 1517 393 et
1539 365 1621 404 ego
1642 351 1820 401 sanabo,
1837 353 1861 377 *

1032 410 1076 447 et
1094 418 1183 450 non
1204 410 1271 447 est
1291 406 1367 458 qui
1387 406 1442 448 de
1460 421 1592 449 manu
1606 421 1704 450 mea
1717 408 1863 460 possit

1032 465 1196 503 eruere.

1082 518 1263 560 Levabo
1280 518 1337 560 ad
1348 519 1510 560 coelum
1520 532 1696 561 manum
1707 533 1860 571 meam,

1033 579 1076 616 et
1095 575 1254 616 dicam:
1273 575 1296 601 *
1316 575 1433 617 Vivo
1461 588 1542 627 ego
1567 576 1612 616 in
1637 578 1861 618 aeternum.

1083 631 1128 672 Si
1174 635 1335 673 acuero
1382 637 1431 673 ut
1476 632 1620 684 fulgur
1667 633 1861 684 gladium

1031 701 1194 738 meum,
1229 688 1252 714 *
1287 692 1331 729 et
1374 688 1610 740 arripuerit
1654 689 1862 741 judicium

1031 757 1187 785 manus
1207 757 1322 786 mea:

1083 800 1289 843 Reddam
1304 801 1519 842 ultionem
1530 800 1732 843 hostibus
1741 802 1861 852 meis,

1031 858 1055 883 *
1076 862 1119 899 et
1138 857 1207 899 his
1229 857 1304 910 qui
1325 857 1514 899 oderunt
1528 870 1598 899 me
1613 858 1862 899 retribuam.

1083 914 1321 956 Inebriabo
1343 916 1527 966 sagittas
1551 927 1671 955 meas
1692 915 1862 966 sangui-

1031 983 1102 1021 ne,
1135 971 1158 996 *
1192 976 1236 1012 et
1267 971 1441 1022 gladius
1474 983 1598 1012 meus
1633 970 1863 1012 devorabit

1032 1040 1198 1078 carnes,

1083 1084 1151 1125 De
1171 1086 1328 1125 cruore
1345 1084 1604 1133 occisorum,
1618 1083 1642 1109 *
1658 1088 1703 1125 et
1722 1083 1777 1125 de
1797 1096 1862 1125 ca-

1031 1141 1254 1193 ptivitate,
1291 1140 1447 1182 nudati
1479 1140 1756 1181 inimicorum
1795 1142 1862 1181 ca-

1030 1197 1148 1249 pitis.

1082 1254 1283 1296 Laudate
1299 1253 1466 1295 Gentes
1486 1252 1701 1306 populum
1722 1254 1823 1305 ejus,
1838 1253 1862 1278 *

1032 1310 1135 1362 quia
1154 1311 1412 1361 sanguinem
1432 1312 1660 1351 servorum
1682 1311 1862 1350 suorum

1030 1367 1284 1408 ulciscetur:

1082 1424 1140 1465 Et
1159 1423 1400 1464 vindictam
1419 1422 1632 1464 retribuet
1648 1422 1692 1462 in
1707 1422 1860 1463 hostes

1031 1482 1200 1530 eorum,
1232 1480 1256 1505 *
1291 1484 1334 1521 et
1364 1479 1584 1532 propitius
1618 1479 1700 1519 erit
1731 1483 1861 1519 terrae

1029 1536 1185 1589 populi
1205 1536 1283 1577 sui.

1084 1592 1184 1631 Ant.
1226 1594 1341 1634 Date
1380 1591 1727 1643 magnitudinem
1763 1592 1860 1633 Deo

1029 1654 1193 1691 nostro.

1084 1706 1183 1747 Ant.
1224 1708 1274 1747 In
1307 1704 1519 1758 cymbalis
1554 1704 1859 1746 benesonanti-

1028 1762 1112 1804 bus
1131 1763 1154 1788 *
1174 1762 1353 1804 laudate
1371 1762 1526 1802 Deum.

1082 1824 1149 1864 Ps.
1179 1825 1380 1868 Laudate
1399 1826 1517 1866 Dfnn
1539 1824 1594 1866 de
1615 1824 1750 1866 coelis.
1778 1825 1836 1866 16.

1082 1894 1346 1946 Capitulum.
1547 1899 1673 1938 Rom.
1695 1900 1750 1938 13.
1772 1898 1809 1938 d.

1027 1952 1184 2059 Nox
1210 1956 1457 2009 praecessit,
1486 1954 1582 1997 dies
1611 1958 1758 1995 autem
1785 1966 1857 2005 ap-

1140 2012 1466 2066 propinquavit.
1500 2010 1771 2062 Abjiciamus
1796 2022 1857 2050 er-

1027 2083 1084 2122 go
1102 2072 1239 2122 opera
1252 2068 1546 2118 tenebrarum,
1567 2071 1611 2108 et
1625 2065 1857 2107 induamur

1028 2139 1150 2167 arma
1177 2125 1298 2167 lucis.
1351 2125 1474 2166 Sicut
1500 2124 1546 2165 in
1574 2122 1645 2165 die
1672 2122 1858 2163 honeste

1028 2182 1312 2225 ambulemus.

1343 2250 1555 2300 Hymnus.

1136 2312 1269 2352 urora
1288 2311 1373 2363 iam
1391 2310 1561 2362 spargit
1579 2309 1747 2362 polum:

1183 2367 1334 2409 Terris
1355 2366 1450 2408 dies
1470 2365 1678 2407 illabitur.

1104 2423 1237 2465 Lucis
1259 2422 1446 2465 resultat
1467 2421 1701 2474 spiculum:

1104 2479 1318 2521 Discedat
1337 2491 1467 2521 omne
1485 2478 1712 2520 lubricum.

1054 2548 1322 2590 Phantasma
1339 2547 1483 2589 noctis
1504 2546 1689 2587 exsulet:

1103 2605 1265 2646 Mentis
1283 2606 1432 2646 reatus
1452 2605 1643 2644 corruat:

1105 2659 1332 2713 Quidquid
1349 2658 1545 2701 tenebris
1564 2655 1791 2698 horridum

1104 2717 1207 2758 Nox
1224 2716 1373 2758 attulit
1390 2715 1543 2766 culpae,
1563 2711 1703 2754 cadat.

1626 2843 1646 2874 8
