2040 2976
468 170 539 205 Die
565 170 616 205 19.
641 170 742 213 Maji.
789 170 824 204 S.
848 169 953 204 Petri
978 168 1180 204 Coelestini
1204 169 1324 212 Papae
1349 174 1384 203 et
1410 170 1518 204 Conf.

68 293 76 297 ψ
138 264 210 307 siti
234 265 538 315 aestuantibus,
569 265 613 306 in
636 265 840 317 prexima
866 277 965 306 con-

137 321 262 370 valle,
288 333 343 362 ex
361 321 521 373 lapide,
540 322 584 362 in
605 334 692 374 quo
715 326 759 363 et
777 323 967 373 genuum

137 377 324 418 formam
342 377 536 430 reliquit,
561 378 674 419 sicut
697 378 830 419 etiam
852 390 967 419 nune

135 432 180 473 in
199 433 290 484 ejus
313 433 498 475 eeclesia
517 433 667 475 videre
685 433 805 483 licet,
825 434 966 475 crucis

138 489 262 539 signo
283 501 308 529 a
326 489 547 531 Venantio
567 489 699 539 facto,
725 501 853 541 aquae
877 502 966 530 ma-

135 546 303 586 narunt.
344 545 411 586 Eo
443 545 655 587 miraculo
686 545 837 598 plures
870 557 966 597 per-

136 601 247 641 meti
297 601 341 641 in
395 599 616 642 Christum
667 600 966 650 crediderunt,

137 668 250 708 quos
288 669 441 698 omnes
477 669 645 709 praeses
677 669 731 698 eo
762 656 850 698 loci
880 669 967 697 una

136 724 236 752 cum
263 711 484 753 Venantio
513 712 657 764 capite
686 711 806 753 feriri
832 712 966 763 jussit.

135 767 328 819 Fulgura
351 772 396 809 et
419 770 700 809 terraemetus
726 780 779 810 eo
798 770 965 820 tempo-

136 836 184 865 re
201 824 264 864 ita
281 823 428 875 magni
445 823 576 874 fuere,
595 829 644 866 ut
662 837 831 876 praeses
846 824 965 865 aufu-

135 884 272 930 geret:
301 880 376 931 qui
401 879 554 932 paucis
579 885 727 921 tamen
751 885 856 932 post
879 880 965 921 die-

135 934 218 976 bus
244 935 436 976 divinam
460 935 579 977 haud
598 935 748 978 valens
773 936 966 987 effugere

134 991 352 1042 justitiam,
370 992 671 1044 turpissimam
684 997 872 1034 mortem
890 1005 965 1045 op-

134 1046 272 1098 petiit.
307 1046 542 1088 Christiani
565 1048 739 1089 interim
757 1048 966 1090 Venantii

136 1106 179 1143 et
198 1101 384 1143 alierum
404 1104 592 1155 corpora
606 1102 851 1144 honorifico
866 1103 965 1145 loco

135 1157 418 1209 sepelierunt,
452 1170 551 1210 quae
581 1159 798 1200 Camerini
825 1160 870 1200 in
898 1172 964 1201 ec-

135 1213 269 1254 elesia
287 1213 509 1255 Venantio
530 1213 677 1256 dicata
696 1214 874 1257 cendita
892 1215 966 1257 ad-

135 1268 220 1310 huc
243 1274 354 1310 sunt.

184 1324 237 1376 Rc·
264 1325 387 1367 Stola
406 1326 697 1377 jucunditatis.
733 1327 814 1379 [27]

187 1384 230 1418 In
252 1384 316 1418 111.
339 1384 538 1418 Nocturno
564 1384 735 1418 Homilia
761 1385 798 1418 in
817 1385 964 1428 Evang.

133 1431 177 1466 Si
215 1432 303 1476 quis
338 1434 455 1470 venit.
495 1432 542 1466 de
583 1432 720 1467 eodem
760 1433 963 1467 Communi

134 1479 162 1513 1.
184 1479 283 1514 Ιοεο.
315 1481 387 1525 [28]

392 1549 471 1590 Ad
497 1549 707 1592 Laudes.
756 1580 761 1582 —

442 1620 654 1671 Hymnus.

273 1701 346 1729 um
364 1694 495 1731 nocte
514 1690 643 1742 pulsa
662 1691 815 1733 lucifer

288 1744 417 1786 Diem
437 1749 734 1799 propinquam
752 1749 933 1799 nuntiat,

238 1799 380 1842 Nobis
401 1802 536 1844 refert
553 1803 800 1845 Venantius

237 1856 369 1898 Lucis
387 1857 532 1900 beatae
550 1862 742 1901 munera.

184 1921 300 1962 Nam
318 1922 548 1964 criminum
567 1923 808 1974 caliginem,

237 1977 472 2031 Stygisque
490 1984 668 2021 noctem
678 1980 866 2033 depulit,

239 2033 450 2086 Vereque
470 2035 589 2077 cives
607 2035 770 2078 lumine

236 2088 490 2132 Divinitatis
508 2091 675 2134 imbuit.

191 2153 327 2204 Aquis
347 2155 460 2196 sacri
478 2155 755 2208 baptismatis

237 2209 462 2252 Lustravit
481 2211 555 2253 ille
573 2213 776 2264 patriam:

238 2265 359 2314 Quos
376 2265 506 2308 tinxit
523 2266 642 2309 unda
659 2269 830 2318 milites,

237 2321 289 2361 In
308 2326 427 2363 astra
445 2322 563 2364 misit
582 2323 810 2376 Martyres.

185 2383 227 2424 N
229 2398 314 2426 une
333 2386 604 2436 Angelorum
621 2389 859 2441 particeps,

239 2440 409 2482 Adesto
428 2442 545 2483 votis
564 2444 828 2496 supplicum:

235 2497 398 2538 Procul
416 2498 580 2550 repelle
600 2500 790 2550 crimina,

236 2553 469 2605 Tuumque
488 2553 634 2595 lumen
651 2557 811 2606 ingere.

186 2615 254 2658 Sit
273 2617 368 2658 laus
389 2617 520 2667 Patri,
539 2618 597 2659 sit
615 2618 737 2669 Filio,

236 2672 426 2725 Tibique
444 2679 594 2716 sancte
613 2675 817 2727 Spiritus:

1123 265 1193 305 Da
1212 277 1293 317 per
1311 277 1468 317 preces
1487 266 1694 307 Venantii

1123 321 1264 362 Beata
1284 320 1412 362 nobis
1432 321 1602 371 gaudia.
1632 322 1784 365 Amen.

1072 389 1189 431 Vesp.
1216 400 1237 422 a
1261 389 1385 432 Capit.
1410 390 1456 423 de
1482 400 1587 432 sequ.
1612 401 1696 423 eum
1720 401 1853 425 comm.

1021 438 1185 480 praeced.
1211 442 1247 471 et
1271 438 1306 471 S
1331 438 1585 472 Pudentiame
1610 439 1715 481 Virg.

1292 546 1376 588 Die
1395 548 1454 587 19.
1474 548 1584 598 Maii.

1020 611 1062 651 S.
1077 609 1215 651 Petri
1234 609 1494 651 Goelestini
1516 610 1652 662 Papae
1673 616 1716 651 et
1733 612 1853 652 Conf.

1354 674 1518 717 Duplex.

1074 739 1212 774 Omnia
1240 739 1287 773 de
1317 739 1482 774 Coffiuni
1512 739 1620 774 Conf.
1647 740 1754 776 Pont.
1783 738 1853 782 [49]

1021 792 1163 831 praeter
1187 798 1292 830 sequ.

1359 844 1522 885 Oratio.

1021 899 1202 1005 DeuS,
1224 901 1298 953 qui
1315 900 1495 942 beatum
1513 901 1694 943 Petrum
1716 902 1853 943 Coele-

1116 959 1279 998 stinum
1304 955 1361 998 ad
1385 957 1545 998 summi
1568 958 1853 1009 pontificatus

1019 1013 1191 1065 apicem
1227 1012 1489 1062 sublimasti,
1533 1013 1695 1065 quique
1731 1013 1852 1054 illum

1018 1069 1251 1111 humilitati
1313 1071 1586 1120 postponere
1646 1069 1855 1112 docuisti:

1020 1124 1213 1166 concede
1243 1125 1479 1177 propitius;
1513 1130 1562 1166 ut
1591 1126 1681 1176 ejus
1711 1128 1853 1167 exem—

1019 1180 1095 1233 plo
1115 1186 1274 1222 cuncta
1292 1179 1445 1221 mundi
1464 1180 1707 1233 despicere,
1734 1187 1778 1223 et
1797 1182 1854 1223 ad

1019 1239 1238 1289 promissa
1269 1236 1507 1278 humilibus
1543 1238 1726 1289 praemia
1758 1251 1853 1290 per-

1020 1295 1168 1334 venire
1184 1293 1368 1334 feliciter
1383 1296 1642 1334 mereamur.
1666 1294 1751 1335 Per
1766 1294 1851 1335 Do-

1018 1349 1184 1390 minum
1203 1353 1414 1390 nostrum.

1071 1413 1118 1446 Et
1141 1413 1182 1446 fit
1207 1422 1403 1447 commem.
1430 1415 1593 1456 praeced.

1071 1469 1172 1509 Ant.
1215 1465 1300 1516 Qui
1330 1465 1424 1506 vult
1456 1467 1605 1507 venire
1637 1470 1741 1518 post
1772 1478 1852 1515 me,

1018 1519 1207 1570 abneget
1227 1523 1525 1574 semetipsum,
1550 1526 1594 1562 et
1612 1521 1740 1562 tollat
1761 1534 1853 1563 cru-

1019 1588 1115 1617 cem
1135 1589 1269 1626 suam,
1290 1582 1334 1618 et
1352 1579 1564 1630 sequatur
1583 1590 1665 1618 me.

1069 1632 1119 1684 V.
1160 1637 1311 1678 Justus
1366 1643 1414 1679 ut
1466 1637 1614 1690 palma
1664 1637 1852 1679 florebit.

1017 1695 1069 1746 Ιίι.
1095 1692 1216 1734 Sicut
1256 1692 1415 1735 cedrus
1454 1694 1610 1735 Libani
1647 1693 1852 1745 multipli-

1019 1747 1200 1790 cabitur.

1070 1811 1235 1851 Oratio.
1267 1811 1396 1860 Deus,
1417 1810 1490 1862 qui
1508 1809 1635 1851 hune.
1655 1811 1749 1851 297.

1067 1875 1210 1909 Postea
1235 1875 1269 1909 S.
1295 1875 1549 1909 Pudenti-ana:
1576 1876 1678 1918 Virg.

1069 1931 1169 1971 Ant.
1198 1930 1305 1972 Veni
1325 1943 1489 1982 sponsa
1505 1930 1677 1980 Christi,
1698 1931 1850 1983 accipe

1018 1988 1238 2036 coronam,
1260 1999 1391 2038 quam
1409 1986 1490 2028 tibi
1504 1987 1720 2028 Deminus
1740 2000 1849 2040 prae-

1017 2042 1191 2094 paravit
1208 2043 1253 2083 in
1273 2043 1495 2084 aeternum.

1070 2102 1122 2154 V.
1154 2106 1311 2158 Specie
1343 2111 1419 2148 tua
1452 2112 1496 2148 et
1523 2107 1850 2159 pulchritudine

1016 2167 1103 2204 tua.
1130 2164 1181 2215 R.
1199 2162 1396 2212 Intende,
1414 2164 1629 2215 prospere
1645 2162 1849 2216 procede,

1018 2223 1062 2260 et
1080 2231 1224 2269 regna.

1353 2283 1517 2324 Oratio.

1016 2342 1231 2448 Exaudi
1262 2361 1345 2390 nos
1377 2349 1499 2390 Deus
1534 2349 1738 2390 salutaris
1775 2361 1848 2389 no-

1116 2409 1224 2445 ster:
1242 2409 1291 2446 ut
1311 2404 1424 2447 sicut
1442 2405 1497 2447 de
1516 2405 1660 2447 beatae
1679 2404 1848 2445 Puden-

970 2500 973 2503 ,
1016 2460 1147 2501 tianae
1165 2460 1360 2512 Virginis
1379 2466 1469 2502 tuae
1489 2461 1728 2503 festivitate
1747 2473 1847 2510 gau-

1016 2514 1187 2565 demuS,
1212 2516 1273 2557 ita
1296 2517 1384 2568 piae
1410 2517 1659 2559 devoti6nis
1680 2516 1847 2557 erudia-

1015 2584 1112 2612 mur
1131 2571 1302 2614 affectu.
1329 2572 1414 2614 Per
1432 2572 1682 2614 Dominum.

1068 2636 1113 2670 In
1142 2636 1168 2671 I.
1197 2637 1398 2671 Nocturno
1432 2636 1635 2671 Lectiones
1669 2635 1716 2668 de
1746 2634 1843 2668 Seri-

1015 2687 1127 2726 ptura
1152 2688 1385 2718 oecurrente.
