2040 2976
665 196 777 230 Feria
803 196 935 240 quinta
962 196 1010 230 ad
1036 196 1271 231 Matutinum.

167 290 469 333 Obscurentur
492 290 607 332 eculi
631 292 783 332 eerum
806 303 861 332 ne
884 291 942 331 vi-

115 346 262 389 deant:
280 348 304 374 *
330 352 374 389 et
395 346 576 389 dorsum
599 348 751 389 e6rum
769 359 944 399 semper

114 404 304 445 incurva.

166 459 354 502 Effunde
391 472 525 513 super
557 473 634 503 eos
666 461 776 502 iram
807 465 943 502 tuam:

113 517 138 544 *
159 521 203 559 61
230 516 352 558 furor
373 517 451 558 irae
479 521 570 559 tuae
598 516 944 570 comprehendat

115 586 203 615 eos.

167 631 265 672 Fiat
291 630 505 672 habitatio
530 631 683 672 eerum
707 629 896 672 deserta:
919 631 943 657 *

119 691 163 729 et
193 687 238 728 in
263 686 559 728 tabernaculis
587 688 740 728 eerum
771 699 860 728 non
888 686 944 727 sit

116 744 191 796 qui
216 742 441 785 inhabitet.

166 799 383 851 Queniam
424 812 556 852 quem
591 804 640 841 tu
675 778 943 853 percussisti,

111 856 334 910 persecuti
353 862 467 898 sunt:
484 858 508 883 *
528 861 572 898 et
591 869 725 909 super
744 855 944 898 dolerem

112 913 342 955 vulnerum
368 915 569 955 mearum
600 911 874 954 addiderunt.

163 970 356 1023 Appene
391 970 668 1023 iniquitatem
702 982 836 1022 super
867 969 943 1010 ini-

114 1027 328 1079 quitatem
355 1028 522 1068 eerum:
546 1028 570 1053 *
596 1031 639 1068 et
666 1039 754 1068 non
782 1026 945 1068 intrent

112 1083 157 1124 111
183 1083 391 1135 justitiam
417 1088 550 1125 tuam.

166 1140 409 1182 Deleantur
429 1139 484 1182 de
506 1139 620 1181 libro
645 1139 901 1181 viventium:
920 1141 944 1166 *

114 1201 158 1238 et
185 1209 286 1238 cum
312 1196 436 1249 justis
464 1209 552 1238 non
581 1196 839 1238 scribantur.

165 1253 260 1305 Ego
298 1266 395 1294 sum
430 1265 601 1306 pauper
638 1258 682 1294 et
719 1252 888 1294 dolens:
921 1254 945 1279 *

114 1309 233 1351 salus
259 1315 336 1352 tua
362 1310 485 1351 Deus
513 1310 707 1362 suscepit
734 1322 816 1350 me.

166 1365 380 1407 Laudabo
404 1379 565 1407 nomen
583 1366 669 1407 Dei
693 1378 793 1406 cum
812 1365 946 1407 canti-

115 1435 184 1464 co:
203 1424 227 1449 *
244 1427 288 1464 et
306 1421 598 1474 magnificabo
617 1435 717 1463 eum
736 1422 780 1463 in
800 1421 945 1464 laude:

167 1479 224 1521 Et
250 1478 444 1532 placebit
469 1479 568 1520 Deo
601 1491 734 1531 super
761 1478 946 1520 vitulum

115 1535 352 1577 novellum:
384 1536 408 1562 *
437 1537 601 1576 cernua
627 1535 946 1588 producentem

116 1596 161 1634 et
187 1591 384 1642 ungulas.

168 1647 360 1690 Videant
395 1651 616 1701 pauperes
652 1653 696 1690 et
727 1648 946 1691 laetentur:

117 1705 141 1732 *
170 1705 353 1758 quaerite
380 1705 540 1755 Deum,
578 1710 622 1747 et
652 1705 771 1747 vivet
803 1705 947 1746 anima

117 1766 274 1803 vestra.

171 1818 388 1868 Queniam
446 1817 669 1860 exaudivit
725 1821 945 1871 pauperes

118 1874 348 1916 Dominus:
380 1875 404 1902 *
437 1880 481 1917 et
513 1875 684 1916 vinctos
721 1887 825 1917 suos
858 1888 946 1917 non

120 1930 332 1984 despexit.

170 1987 372 2030 Laudent
419 1987 542 2028 illum
582 1987 683 2029 coeli
730 1992 774 2029 et
814 1992 946 2038 terra,

119 2045 143 2071 *
170 2057 302 2094 mare,
330 2049 374 2086 et
402 2044 547 2086 emnia
571 2044 744 2097 reptilia
770 2045 814 2085 in
843 2045 917 2086 eis.

172 2101 388 2151 Queniam
431 2101 554 2143 Deus
607 2100 774 2142 salvam
817 2101 948 2143 faciet

119 2157 238 2199 Sion:
265 2158 289 2184 *
315 2162 359 2199 61
386 2156 720 2199 aedificabuntur
747 2157 948 2200 civitates

119 2212 243 2254 Juda.

172 2270 229 2311 Et
255 2269 559 2313 inhabitabunt
585 2270 660 2321 ibi,
691 2271 716 2298 *
744 2275 787 2312 61
813 2270 947 2312 haere-

121 2325 259 2368 ditate
286 2328 514 2379 acquirent
541 2340 648 2369 eam.

172 2383 229 2424 Et
257 2395 406 2424 semen
434 2385 664 2426 serverum
691 2384 782 2435 ejus
810 2383 947 2436 possi-

122 2438 243 2481 debit
261 2452 367 2489 eam,
387 2441 411 2467 *
430 2444 474 2482 et
494 2441 568 2492 qui
587 2440 774 2491 diligunt
789 2453 949 2482 nomen

123 2495 225 2547 ejus,
252 2495 513 2538 habitabunt
539 2497 584 2538 in
612 2509 675 2539 ea.

388 2555 588 2597 Psalmus
616 2557 683 2597 69.

214 2621 292 2650 eus
306 2609 350 2649 in
368 2608 632 2661 adjuterium
649 2621 796 2650 meum
814 2609 948 2651 inten-

232 2665 302 2707 de:
320 2666 344 2692 *
362 2665 550 2707 Demine
575 2664 632 2706 ad
655 2664 949 2716 adiuvandum

123 2733 194 2763 me
221 2721 388 2763 festina.

1050 290 1382 332 Confundantur
1410 296 1453 332 et
1480 293 1779 341 revereantur,
1802 293 1825 318 *

998 347 1072 399 qui
1101 352 1304 399 quaerunt
1332 347 1519 389 animam
1545 361 1699 390 meam.

1048 403 1318 445 Avertantur
1337 406 1587 455 retrorsum,
1610 410 1654 447 et
1674 405 1824 447 erube-

997 465 1131 510 scant,
1159 462 1182 487 *
1211 461 1286 512 qui
1313 460 1466 501 volunt
1493 461 1598 502 mihi
1624 462 1749 502 mala.

1048 517 1320 559 Avertantur
1338 517 1486 558 statim
1505 517 1825 568 erubescenteS,

997 574 1021 600 *
1049 574 1124 626 qui
1151 573 1302 615 dicunt
1330 573 1450 614 mihi:
1477 574 1611 626 Euge,
1640 588 1760 626 euge.

1049 630 1281 672 Exsultent
1296 635 1339 672 et
1349 630 1552 672 laetentur
1564 631 1607 672 in
1617 636 1661 673 te
1673 644 1825 673 omnes

998 688 1073 740 qui
1101 693 1304 740 quaerunt
1330 692 1391 737 te,
1419 689 1445 714 *
1472 693 1516 729 et
1543 687 1690 730 dicant
1717 701 1825 730 sem-

996 757 1094 796 per:
1139 744 1443 796 Magnificetur
1481 745 1711 785 Deminus:
1753 745 1827 797 qui

997 800 1181 852 diligunt
1210 801 1400 843 salutare
1427 806 1563 843 tuum.

1048 858 1143 909 Ego
1158 871 1264 900 vero
1281 859 1455 910 egenus,
1473 862 1516 899 et
1530 870 1701 910 pauper
1714 870 1826 899 sum:

996 915 1020 941 *
1048 915 1170 956 Deus
1199 914 1357 967 adjuva
1383 927 1464 956 me.

1049 971 1238 1023 Adjutor
1256 984 1391 1022 meuS,
1411 976 1455 1013 et
1473 971 1683 1013 liberator
1702 984 1826 1013 meus

997 1040 1044 1069 es
1071 1033 1134 1069 tu:
1162 1030 1186 1055 *
1212 1029 1401 1070 Demine
1428 1041 1483 1070 ne
1510 1028 1706 1069 moreris.

1054 1094 1154 1133 Ant.
1191 1093 1376 1135 Demine
1403 1093 1525 1136 Deus
1553 1093 1596 1134 in
1624 1092 1827 1145 adjuteri-

997 1163 1071 1190 um
1098 1163 1245 1191 meum
1271 1150 1461 1192 intende.

1054 1211 1153 1250 Ant.
1184 1212 1294 1253 Esto
1322 1211 1438 1252 mihi.

1268 1293 1464 1333 Psalmus
1497 1304 1512 1333 s
1492 1294 1563 1332 ’“’,()

1045 1377 1073 1403 11
1100 1368 1144 1405 16
1171 1364 1359 1406 Βό1111116
1388 1364 1578 1416 speravi,
1611 1377 1697 1405 non
1727 1378 1826 1406 con-

1066 1419 1224 1461 fundar
1242 1420 1287 1461 in
1306 1422 1533 1462 aeternum:
1558 1422 1581 1447 *
1604 1421 1647 1461 111
1666 1422 1827 1472 justitia

998 1482 1074 1517 tua
1100 1476 1239 1518 libera
1266 1490 1347 1527 me,
1376 1482 1420 1518 et
1448 1477 1568 1530 eripe
1595 1491 1676 1518 me.

1050 1533 1217 1574 Inclina
1253 1533 1309 1575 ad
1344 1547 1414 1575 me
1447 1547 1599 1575 aurem
1631 1539 1767 1584 tuam,
1804 1536 1827 1562 *

999 1594 1043 1631 et
1071 1590 1193 1631 salva
1220 1603 1301 1632 me.

1050 1647 1159 1688 Esto
1176 1647 1282 1688 mihi
1298 1647 1342 1688 in
1356 1648 1502 1689 Deum
1517 1650 1827 1700 protecterem,

999 1708 1043 1745 et
1060 1703 1105 1744 in
1123 1703 1272 1745 locum
1291 1706 1520 1746 munitum:
1543 1706 1567 1732 *
1591 1710 1639 1746 ut
1659 1705 1828 1747 salvum

998 1773 1068 1802 me
1096 1760 1243 1810 facias,

1052 1817 1268 1867 Queniam
1286 1817 1609 1859 firmamentum
1628 1832 1784 1867 meum,
1804 1820 1828 1845 *

1000 1878 1044 1915 et
1072 1874 1287 1926 refi'igium
1314 1887 1460 1916 meum
1488 1888 1535 1916 es
1562 1879 1622 1916 tu.

1051 1931 1173 1972 Deus
1208 1944 1333 1972 meus
1365 1931 1485 1984 eripe
1517 1944 1587 1973 me
1616 1931 1671 1973 de
1698 1945 1828 1972 manu

998 1988 1264 2040 peccateriS,
1297 1989 1321 2015 *
1354 1992 1397 2029 et
1430 1988 1485 2030 de
1516 2001 1648 2030 manu
1676 1993 1828 2030 contra

999 2044 1142 2095 legem
1169 2044 1337 2096 agentis
1366 2049 1409 2086 et
1436 2045 1587 2097 iniqui:

1052 2101 1269 2151 Queniam
1308 2106 1357 2143 tu
1399 2114 1446 2143 es
1484 2101 1695 2154 patientia
1730 2114 1827 2143 mea

999 2157 1205 2199 Demine:
1241 2159 1265 2184 *
1298 2158 1486 2200 Demine
1526 2171 1634 2211 spes
1667 2171 1766 2200 mea
1803 2171 1828 2198 a

999 2214 1223 2266 juventate
1250 2227 1359 2256 mea.

1051 2271 1103 2311 In
1116 2275 1161 2312 te
1176 2271 1459 2314 confirmatus
1476 2284 1573 2313 sum
1584 2284 1638 2313 ex
1652 2273 1793 2312 litero:
1804 2272 1827 2297 *

1001 2326 1056 2369 de
1083 2331 1237 2369 ventre
1264 2328 1416 2370 matris
1439 2341 1550 2370 meae
1578 2333 1626 2369 tu
1654 2340 1701 2369 es
1728 2339 1827 2380 pro-

1000 2385 1143 2425 tector
1170 2397 1307 2426 meus.

1052 2441 1104 2481 In
1138 2445 1183 2482 te
1220 2441 1411 2482 cantatio
1447 2454 1546 2482 mea
1581 2453 1768 2493 semper:
1804 2440 1827 2465 *

1001 2501 1226 2549 tamquam
1261 2496 1512 2550 prodigium
1549 2497 1691 2538 factus
1731 2508 1828 2537 sum

1000 2553 1161 2595 multis:
1190 2559 1233 2596 et
1259 2560 1308 2596 tu
1335 2553 1507 2606 adjutor
1534 2553 1669 2595 fortis.

1052 2610 1297 2663 Repleatur
1333 2623 1383 2652 os
1418 2623 1565 2652 meum
1599 2608 1743 2658 laude,
1780 2611 1827 2648 ut

1002 2672 1174 2708 cantem
1201 2667 1385 2718 gleriam
1412 2671 1547 2708 tuam:
1579 2667 1603 2693 *
1629 2669 1723 2706 tota
1756 2662 1827 2704 die

1001 2722 1344 2774 magnitudinem
1370 2727 1500 2764 tuam.
