2040 2976
775 239 986 273 Commune
1011 238 1224 281 Virginum.

139 338 275 380 decus
305 343 439 391 atque
474 341 782 380 ornamentum
815 339 969 390 gratiae

138 394 367 447 spiritalis,
403 395 507 437 laeta
532 395 726 446 indoles,
754 395 898 437 laudis
927 399 971 437 et

138 451 320 493 honeris
353 464 465 504 opus
496 454 715 504 integrum
747 457 880 503 atque
909 452 970 491 in-

140 511 409 561 corruptum,
429 509 513 550 Dei
532 509 679 560 imago
697 508 970 560 respondens

139 564 196 606 ad
211 565 547 606 sanctimoniam
558 565 749 615 Demini,
759 564 971 606 illustrior

138 621 286 673 pertio
310 621 456 672 gregis
478 621 651 663 Christi.
669 620 868 663 -Gaudet
890 633 970 673 per

138 677 253 727 illas,
284 683 418 729 atque
451 677 496 718 in
521 677 607 718 illis
633 677 814 729 largiter
841 677 971 718 floret

139 733 353 774 Ecclesiae
371 733 526 775 matris
545 734 738 785 gloriosa
758 732 970 774 foecundi-

138 793 222 830 tas:
247 792 502 841 quanteque
520 790 621 843 plus
641 790 824 843 copiesa
841 789 970 840 virgi-

138 846 253 887 nitas
274 849 458 888 numero
479 859 560 887 suo
576 846 712 896 addit,
730 851 855 887 tanto
870 846 971 898 plus

138 901 348 952 gaudium
371 903 526 944 matris
551 903 758 954 augescit.
794 901 867 943 Ad
891 902 971 943 has

138 957 372 1010 loquimur,
387 958 466 999 has
478 959 766 1001 adhortamur
777 958 970 1000 affectio-

138 1026 194 1055 ne
204 1015 354 1067 potius
364 1028 495 1067 quam
503 1017 741 1068 potestate:
751 1027 841 1056 non
851 1014 973 1066 quod

140 1071 341 1120 extremi,
371 1076 415 1113 et
434 1071 617 1121 minimi,
648 1077 692 1113 et
712 1071 971 1112 humilitatis

138 1132 305 1168 nostrae
335 1127 576 1169 admodum
609 1128 775 1169 censcii
804 1127 973 1179 aliquid

140 1182 198 1224 ad
218 1186 451 1225 censuram
470 1184 661 1225 licentiae
681 1183 972 1234 vindicemus,

141 1239 221 1281 sed
245 1239 365 1292 quod
390 1239 447 1281 ad
470 1240 814 1282 sollicitudinem
832 1240 972 1292 magis

141 1296 274 1346 cauti,
299 1296 400 1348 plus
427 1295 482 1337 de
503 1296 671 1338 diaboli
690 1297 973 1338 infestatione

141 1353 384 1394 timeamus.

191 1411 243 1461 R.
275 1409 468 1461 Propter
495 1409 746 1459 veritatem‚
782 1414 827 1450 et
855 1422 972 1450 man-

142 1464 441 1514 suetudinem,
470 1470 514 1507 et
531 1465 756 1517 justitiam:
774 1464 796 1489 *
817 1466 874 1507 Et
900 1465 972 1507 de-

144 1521 278 1563 ducet
311 1526 356 1563 te
387 1521 647 1563 mirabiliter
677 1521 860 1563 dextera
887 1526 973 1563 tua.

140 1572 193 1626 V.
214 1578 371 1631 Specie
389 1583 467 1619 tua
484 1583 528 1619 et
548 1578 878 1631 pulchritudine
898 1584 974 1620 tua

142 1634 340 1685 intende,
365 1636 581 1687 prospere
605 1635 817 1688 procede,
846 1640 890 1677 et
909 1649 973 1677 re-

142 1704 238 1743 gna.
272 1692 340 1733 Et.
566 1741 573 1748 .

420 1746 424 1751 '
452 1741 605 1782 Leet10
628 1756 664 1782 v.

140 1795 352 1902 Neque
372 1804 514 1846 inanis
538 1804 635 1845 haec
655 1804 802 1846 cautio
822 1809 904 1854 est,
930 1810 974 1847 et

251 1874 364 1902 vana
385 1860 598 1910 formido,
624 1873 723 1912 quae
743 1860 800 1902 ad
819 1861 974 1902 salutis

142 1916 259 1957 viam
274 1916 475 1966 consulit,
496 1930 595 1969 quae
614 1916 835 1958 dominica
854 1922 899 1958 et
914 1918 974 1959 vi-

143 1972 250 2013 talia
268 1974 496 2025 praecepta
511 1973 718 2023 custodit,
737 1978 787 2014 ut
807 1986 906 2025 quae
927 1986 975 2015 se

144 2027 320 2070 Christo
332 2028 588 2078 dicaverint,
605 2033 649 2070 et
661 2042 686 2069 a
697 2029 862 2070 carnali
873 2042 974 2070 con-

144 2084 418 2137 cupiscentia
435 2085 707 2133 recedentes,
725 2090 817 2127 tam
832 2098 974 2136 carne,

145 2153 277 2193 quam
296 2146 443 2183 mente
463 2154 510 2183 se
525 2142 622 2183 Deo
638 2142 851 2193 veverint,
873 2155 973 2183 con-

143 2200 363 2239 summent
389 2210 502 2251 opus
530 2211 657 2239 suum
683 2211 843 2249 magno
863 2201 974 2250 prae-

143 2253 233 2294 mio
267 2253 548 2295 destinatum:
582 2267 664 2295 nec
697 2254 845 2295 ornari
876 2255 974 2306 jam,

144 2308 220 2351 aut
237 2309 414 2361 placere
432 2313 655 2363 cuiquam,
675 2311 760 2351 nisi
779 2311 973 2352 Domino

145 2377 242 2414 suo,
260 2365 483 2416 studeant,
507 2379 533 2407 a
550 2379 639 2418 quo
660 2371 705 2408 et
723 2366 975 2408 mercedem

143 2421 407 2472 virginitatis
459 2424 740 2475 exspectant,
800 2422 974 2464 dicente

144 2477 258 2529 ipso:
278 2477 379 2518 Non
403 2485 556 2519 omnes
579 2479 758 2531 capiunt
778 2478 974 2529 verbum,

144 2533 224 2574 sed
262 2533 325 2574 illi
363 2534 522 2585 quibus
561 2534 713 2576 datum
747 2540 824 2576 est.
865 2535 975 2576 Sunt

144 2589 259 2630 enim
284 2590 523 2642 spad6nes,
553 2591 627 2642 qui
654 2603 708 2631 ex
734 2594 861 2632 utero
886 2604 973 2632 ma-

143 2645 224 2686 tris
253 2645 317 2686 sic
343 2646 435 2686 nati
463 2650 579 2687 sunt:
612 2651 656 2687 et
685 2651 787 2688 sunt
815 2647 973 2699 spade-

143 2713 237 2750 nes,
258 2701 334 2753 qui
352 2702 495 2743 coacti
515 2706 616 2743 sunt
636 2701 691 2743 ab
708 2702 973 2753 hominibus3

144 2761 189 2798 et
212 2763 314 2798 sunt
339 2757 577 2810 spadenes,
605 2758 679 2809 qui
707 2761 877 2811 seipsos
906 2772 973 2800 ca-

1024 340 1276 380 straverunt
1302 344 1488 392 propter
1514 354 1698 391 regnum
1725 340 1857 382 coelo-

1024 408 1132 435 rum.

1079 452 1131 503 R.
1163 452 1369 494 Dilexisti
1392 453 1623 505 justitiam,
1652 458 1696 494 et
1725 453 1859 495 odisti

1024 507 1319 559 iniquitatem:
1347 512 1371 537 *
1392 510 1639 562 Propterea
1663 510 1788 551 unxit
1814 515 1858 551 te

1024 563 1163 614 Deus,
1215 565 1336 606 Deus
1383 571 1485 607 tuus
1533 566 1632 607 oleo
1680 566 1859 608 laetitiae.

1027 616 1080 667 V.
1102 621 1292 673 Propter
1312 623 1564 672 veritatem,
1595 627 1638 664 et
1659 636 1858 664 mansue-

1023 677 1239 727 tudinem,
1270 683 1313 719 et
1341 679 1563 730 justitiam.
1604 681 1859 732 Propterea.

1328 747 1483 787 Lectio
1509 748 1560 788 vi.

1026 800 1228 905 Denuo
1256 817 1434 856 quoque
1459 818 1539 857 per
1563 805 1676 847 hanc
1700 806 1860 858 Angeli

1131 873 1287 902 vocem
1307 861 1591 904 continentiae
1611 876 1768 903 munus
1793 875 1859 903 os-

1025 915 1242 966 tenditur,
1295 917 1525 969 virginitas
1578 918 1860 970 praedicatur.

1025 973 1085 1013 Hi
1117 978 1236 1023 sunt,
1275 975 1350 1026 qui
1386 987 1486 1015 cum
1520 974 1779 1016 mulieribus
1812 988 1860 1016 se

1025 1042 1114 1070 non
1149 1030 1563 1082 coinquinaverunt:
1600 1032 1790 1082 virgines
1821 1045 1860 1073 e-

1026 1086 1114 1126 nim
1133 1089 1486 1139 permanserunt:
1509 1087 1554 1127 hi
1579 1093 1681 1128 sunt
1702 1089 1776 1140 qui
1797 1101 1860 1129 se-

1028 1145 1221 1194 quuntur
1240 1143 1417 1194 Agnum
1444 1147 1726 1196 quocumque
1750 1145 1861 1186 ierit.

1025 1199 1183 1251 Neque
1203 1200 1319 1240 enim
1339 1205 1510 1241 tantum
1530 1200 1738 1242 masculis
1759 1214 1860 1242 con-

1026 1256 1224 1297 tinentiae
1251 1257 1439 1306 gratiam
1465 1257 1682 1298 Dominus
1711 1271 1861 1310 repro-

1025 1312 1179 1362 mittit,
1224 1318 1268 1353 et
1306 1313 1488 1354 feminas
1525 1315 1741 1366 praeterit:
1782 1314 1861 1356 sed
1910 1316 1912 1322 '

1028 1369 1236 1420 queniam
1255 1369 1416 1410 femina
1435 1370 1518 1411 viri
1538 1371 1687 1423 portio
1710 1376 1793 1421 est,
1818 1376 1861 1412 et

1028 1438 1082 1466 ex
1106 1437 1163 1466 *eo
1193 1431 1371 1478 sumpta
1403 1431 1537 1478 atque
1566 1427 1754 1468 formata
1783 1432 1861 1478 est,

1026 1481 1071 1521 in
1086 1482 1327 1535 Script1'1ris
1349 1483 1440 1524 fere
1460 1483 1664 1524 omnibus
1685 1483 1741 1525 ad
1761 1497 1861 1536 pro-

1027 1538 1269 1591 toplastum
1279 1539 1401 1580 Deus
1417 1539 1625 1592 lequitur,
1643 1541 1744 1592 quia
1760 1545 1862 1581 sunt

1028 1594 1117 1635 duo
1147 1594 1192 1635 in
1222 1608 1353 1636 carne
1381 1609 1483 1645 una,
1517 1601 1561 1637 et
1589 1596 1634 1636 in
1661 1597 1860 1637 masculo

1028 1651 1158 1691 simul
1177 1652 1450 1702 significatur
1472 1657 1516 1693 et
1531 1653 1702 1693 femina.
1732 1653 1862 1703 Quod

1027 1707 1065 1747 si
1093 1707 1318 1749 Christum
1352 1708 1622 1750 continentia
1651 1710 1861 1762 sequitur,

1028 1768 1072 1805 et
1091 1777 1228 1815 regno
1245 1765 1329 1805 Dei
1350 1765 1580 1816 virginitas
1599 1765 1862 1807 destinatur:

1029 1820 1136 1871 quid
1157 1826 1224 1862 est
1244 1821 1330 1861 illis
1350 1834 1451 1862 cum
1470 1824 1647 1863 terreno
1666 1822 1798 1871 cultu,
1819 1827 1862 1863 et

1027 1889 1127 1917 cum
1153 1878 1441 1927 ornamentis,
1470 1878 1630 1929 quibus
1659 1878 1764 1919 dum
1787 1878 1862 1919 ho-

1026 1933 1219 1974 minibus
1251 1934 1428 1985 placere
1461 1935 1675 1985 gestiunt,
1716 1935 1862 1975 Deum

1028 1988 1280 2031 offendunt?

1079 2048 1130 2098 R.
1149 2050 1402 2091 Afferentur
1420 2050 1533 2101 Regi
1548 2051 1739 2102 virgines
1758 2057 1862 2103 post

1029 2118 1144 2155 eam,
1183 2107 1396 2158 proximae
1430 2107 1521 2158 ejus
1553 2106 1575 2129 *
1610 2106 1862 2149 Afferentur

1026 2161 1107 2202 tibi
1156 2162 1201 2202 in
1252 2162 1406 2204 laetitia
1460 2167 1504 2204 et
1555 2163 1860 2205 exsultati6ne.

1030 2211 1077 2261 V.
1123 2218 1280 2270 Specie
1323 2224 1400 2260 tua
1446 2224 1490 2260 et
1534 2219 1860 2271 pulchritudine

1027 2279 1103 2315 tua
1130 2274 1318 2324 intende,
1346 2277 1559 2327 prospere
1583 2276 1787 2328 procede,
1817 2282 1861 2318 et

1027 2344 1172 2382 regna.
1225 2330 1486 2373 Afferentur.
1542 2329 1695 2374 Gloria
1730 2333 1859 2374 Patri.

1027 2387 1288 2429 Afferentur.

1249 2460 1297 2498 In
1319 2460 1389 2498 III.
1413 2460 1637 2500 Nocturno.

1027 2529 1181 2572 Lectio
1203 2532 1344 2573 sancti
1364 2533 1591 2584 Evangelii
1616 2532 1858 2573 secundum

1309 2589 1580 2631 Matthaeum.

1131 2647 1283 2687 Lectio
1308 2648 1374 2686 vii.
1572 2648 1674 2697 (lap.
1699 2648 1753 2685 15³.

1024 2699 1102 2805 In
1155 2705 1231 2746 illo
1286 2708 1507 2758 tempore:
1561 2706 1858 2746 Accesserunt

1100 2759 1157 2801 ad
1195 2761 1347 2803 Jesum
1384 2761 1593 2814 pharisaei
1636 2763 1857 2802 tentantes
