2040 2976
742 192 946 227 Dominica
970 192 1033 226 IV.
1056 192 1233 234 Augusti.

133 294 252 336 omni
270 296 482 348 tempore.
505 289 555 340 V.
570 294 640 335 Da
654 293 759 335 mihi
773 292 962 335 Demine

132 350 301 392 sedium
321 352 495 392 tuarum
510 351 778 392 assistricem
792 349 961 402 sapien-

131 407 248 449 tiam.
275 406 346 450 Ut.
379 407 528 448 Gloria
545 407 678 448 Patri.
705 407 774 449 Ut.

362 488 411 527 In
439 488 488 526 ΙΙ.
517 487 740 526 Nocturno.

238 547 305 589 Ex
325 546 440 589 libro
464 546 697 589 Moralium
721 544 860 588 sancti

365 603 567 655 Gregorii
586 603 732 657 Papae.

227 665 309 699 Lib.
334 666 360 699 1.
386 675 467 708 cap.
492 664 548 699 io.
575 663 612 698 in
636 674 717 707 cap.
742 664 768 697 1.
791 663 877 697 Job.

437 721 588 762 Lectio
609 721 661 761 iv.

199 786 310 824 ’
333 780 543 831 nonnulli,
573 780 648 833 qui
674 781 810 822 vitam
838 794 961 823 suam

138 837 142 846 ”
217 845 228 870 ἰ
251 838 490 890 negligunt,
517 842 562 879 et
586 836 690 879 dum
710 838 963 879 transitoria

201 895 203 899 ’
254 898 486 949 appetunt,
531 893 636 936 dum
682 896 847 936 aeterna
892 894 963 936 vel

131 965 220 994 non
238 951 501 1003 intelligunt,
525 951 597 992 vel
619 950 845 993 intellecta
862 964 963 993 con-

132 1010 347 1059 temnunt,
392 1021 474 1050 nec
520 1007 721 1050 dolerem
760 1008 963 1059 sentiunt,

132 1079 214 1107 nec
232 1065 394 1107 habere
415 1064 647 1107 consilium
666 1065 824 1106 sciunt:
846 1078 962 1107 cum-

135 1135 219 1175 que
247 1124 437 1175 superna
466 1135 564 1175 quae
591 1121 845 1172 amiserunt,
875 1135 963 1164 non

133 1178 428 1228 considerant,
470 1191 567 1220 esse
597 1192 644 1220 se
673 1178 772 1230 (heu
799 1179 962 1231 miseri)

132 1236 176 1276 in
213 1235 341 1277 bonis
379 1236 528 1277 felices
565 1240 732 1288 putant.
787 1236 962 1288 Nequa-

134 1305 265 1345 quam
285 1292 400 1334 enim
419 1292 476 1334 ad
494 1292 692 1333 veritatis
710 1292 870 1342 lucem,
894 1293 963 1334 cui

134 1348 300 1390 cenditi
319 1349 506 1398 fuerant,
529 1348 687 1390 mentis
712 1348 863 1390 oculos
883 1349 962 1391 eri-

133 1410 256 1457 gunt:
295 1408 575 1458 nequaquam
607 1404 664 1447 ad
697 1405 961 1459 contempla-

132 1463 299 1504 tienem
338 1463 495 1515 patriae
537 1464 715 1504 aeternae
757 1461 964 1505 desiderii

133 1519 274 1561 aciem
297 1518 498 1561 tendunt:
525 1519 606 1561 sed
631 1521 896 1573 semetipsos
919 1520 963 1561 in

133 1575 211 1626 his,
231 1575 288 1617 ad
307 1589 407 1628 quae
426 1576 613 1629 projecti
628 1581 740 1627 sunt,
759 1575 962 1618 deseren-

132 1637 215 1682 tes,
246 1633 342 1674 vice
367 1633 524 1686 patriae
548 1632 735 1685 diligunt
760 1633 962 1676 exsilium

134 1689 255 1742 quod
295 1691 537 1743 patiuntur,
589 1694 633 1732 et
675 1690 719 1731 in
761 1690 961 1733 caecitate

133 1759 266 1798 quam
291 1746 498 1797 tolerant,
532 1746 658 1800 quasi
685 1747 729 1787 in
762 1747 961 1789 claritate

131 1802 308 1844 luminis
327 1803 560 1846 exsultant.

185 1863 236 1915 R.
260 1863 330 1906 Da
347 1864 453 1905 mihi
470 1865 661 1906 Demine
680 1863 850 1906 sedium
867 1866 961 1906 tua-

131 1933 228 1962 rum
245 1921 510 1963 assistricem
525 1921 795 1974 sapientiam,
814 1925 858 1963 et
872 1920 963 1962 noli

131 1990 202 2019 me
221 1978 461 2031 reprobare
480 1991 506 2020 a
522 1977 672 2032 pueris
690 1978 792 2019 tuis:
809 1980 831 2003 *
847 1978 960 2028 Que-

132 2034 249 2076 niam
268 2047 421 2076 servus
439 2040 541 2076 tuus
560 2048 657 2076 sum
673 2047 767 2086 ego,
788 2039 831 2077 et
846 2034 961 2075 filius

133 2090 302 2132 ancillae
319 2096 419 2133 tuae.
453 2085 503 2137 V.
527 2091 653 2133 Mitte
675 2091 795 2133 illam
818 2089 873 2133 de
897 2103 960 2132 se-

134 2146 190 2189 de
221 2147 531 2199 magnitudinis
562 2153 667 2198 tuae,
707 2153 756 2190 ut
787 2159 961 2188 mecum

133 2203 199 2253 sit,
218 2209 262 2246 et
279 2217 452 2246 mecum
470 2204 651 2246 laboret.
680 2204 906 2255 Queniam.

415 2309 422 2322 ,
443 2273 594 2313 Lectio
615 2287 651 2312 v.

209 2339 228 2376 t
273 2340 440 2386 contra,
494 2335 735 2377 electorum
779 2338 960 2383 mentes,

244 2391 348 2433 dum
375 2392 630 2434 transitoria
658 2395 816 2433 cuncta
842 2389 961 2431 nulla

133 2459 230 2489 esse
251 2449 537 2501 conspiciunt,
559 2447 616 2489 ad
635 2459 735 2499 quae
754 2446 840 2487 sint
860 2447 959 2487 cen-

133 2502 237 2545 ditae
253 2507 499 2556 exquirunt:
519 2516 705 2555 cumque
724 2505 877 2544 eerum
895 2514 959 2543 sa-

132 2559 370 2602 tisfactieni
395 2560 503 2602 nihil
529 2565 653 2602 extra
675 2560 820 2600 Deum
844 2558 960 2600 suffi-

133 2616 202 2666 cit,
222 2617 319 2669 ipsa
334 2616 630 2668 inquisiti6nis
645 2614 960 2656 exercitatione

133 2671 313 2723 fatigata
334 2672 509 2714 illerum
534 2671 763 2723 cogitatio,
791 2671 836 2711 in
860 2683 959 2712 con-

135 2726 290 2769 dituris
317 2729 385 2769 sui
412 2741 492 2781 spe
520 2733 564 2769 et
590 2726 961 2780 contemplatione

286 2865 351 2890 Pars
367 2865 474 2890 AEstiva.

1014 292 1267 343 requiescit,
1291 294 1491 345 supernis
1516 293 1718 335 interseri
1744 293 1844 335 civi-

1014 347 1098 389 bus
1132 349 1317 401 appetit3
1360 354 1403 391 et
1438 352 1741 402 unusquisque
1775 352 1845 391 ee-

1015 418 1112 446 rum
1138 404 1282 447 adhuc
1305 406 1349 446 in
1374 405 1538 447 mundo
1563 409 1749 458 cerpore
1768 408 1845 459 po-

1016 462 1140 511 situs,
1160 467 1306 504 mente
1326 468 1473 504 tamen
1493 468 1617 504 extra
1635 463 1847 504 mundum

1017 519 1168 570 surgit:
1194 522 1433 561 aerumnam
1454 519 1608 570 exsilii,
1634 533 1765 571 quam
1782 521 1846 561 to-

1015 575 1138 625 lerat,
1160 574 1373 628 deplerat,
1394 581 1438 618 et
1455 575 1511 617 ad
1527 575 1757 618 sublimem
1771 578 1845 629 pa-

1015 631 1146 673 triam
1170 632 1494 674 incessantibus
1521 645 1567 673 se
1591 633 1753 674 ameris
1773 635 1846 674 sti-

1015 689 1144 729 mulis
1177 689 1349 731 excitat.
1403 689 1511 730 Cum
1549 702 1654 740 ergo
1692 689 1847 731 dolens

1016 745 1147 795 videt,
1169 758 1301 797 quam
1320 746 1376 787 sit
1392 747 1602 787 aeternum
1619 745 1738 798 quod
1753 747 1846 798 per-

1016 801 1142 851 didit,
1185 803 1350 844 invenit
1388 802 1563 844 salubre
1601 802 1846 852 consilium,

1015 858 1262 912 temporale
1311 858 1398 900 hoc
1449 857 1677 911 despicere
1728 857 1846 910 quod

1015 915 1251 967 percurrit:
1298 921 1342 957 et
1382 928 1470 968 quo
1512 915 1651 966 magis
1690 915 1848 956 crescit

1017 972 1188 1013 consilii
1217 973 1398 1015 scientia
1426 978 1474 1014 ut
1501 972 1697 1025 peritura
1725 971 1846 1013 dese-

1016 1034 1101 1079 rat,
1133 1042 1186 1071 eo
1216 1031 1400 1082 augetur
1429 1029 1574 1079 dolor,
1603 1028 1723 1081 quod
1750 1041 1847 1070 nec·
1893 1059 1895 1061 .

1017 1085 1122 1128 dum
1141 1086 1197 1128 ad
1217 1090 1423 1128 mansura
1442 1088 1673 1139 pertingat.

1070 1156 1121 1207 R.
1145 1156 1325 1197 Initium
1350 1156 1579 1209 sapientiae
1603 1155 1736 1196 timor
1759 1154 1847 1195 Do-

1016 1213 1136 1254 mini:
1156 1213 1179 1238 *
1198 1213 1453 1255 Intellectus
1476 1212 1618 1254 bonus
1643 1210 1846 1253 omnibus

1016 1269 1278 1311 facientibus
1297 1283 1412 1311 eum:
1435 1268 1629 1311 laudatio
1651 1269 1740 1318 ejus
1759 1280 1845 1308 ma-

1016 1331 1091 1368 net
1109 1326 1153 1367 in
1173 1327 1383 1368 saeculum
1398 1325 1558 1368 saeculi.
1588 1320 1638 1371 X.
1656 1324 1845 1365 Dilectio

1016 1383 1133 1424 illius
1161 1383 1363 1425 custedia
1389 1383 1535 1434 legum
1564 1387 1644 1423 est:
1677 1381 1779 1433 quia
1802 1393 1844 1421 o-

1015 1440 1128 1481 mnis
1155 1440 1368 1493 sapientia
1394 1440 1526 1481 timor
1550 1438 1739 1480 Domini.
1778 1438 1845 1478 In-

1015 1496 1229 1539 tellectus.

1318 1582 1471 1623 Lectio
1495 1582 1548 1622 vi.

1062 1653 1304 1695 ntuendum
1324 1665 1501 1705 quoque
1521 1656 1598 1701 est,
1619 1650 1739 1704 quod
1756 1650 1845 1691 nul-

1075 1710 1143 1751 lus
1177 1710 1305 1752 dolor
1332 1709 1491 1751 mentis
1519 1709 1575 1750 sit
1601 1708 1644 1748 in
1673 1708 1845 1749 actiene

1015 1766 1389 1820 praecipitatienis.
1412 1765 1497 1815 Qui
1514 1765 1628 1806 enim
1644 1765 1736 1805 sine
1751 1776 1844 1805 con·

1017 1823 1124 1865 siliis
1161 1823 1331 1873 vivunt,
1378 1822 1453 1874 qui
1491 1824 1664 1874 seipsos
1701 1833 1846 1862 rerum

1015 1879 1245 1922 eventibus
1306 1878 1560 1932 praecipites
1620 1877 1845 1927 deserunt,

1013 1936 1134 1978 nullo
1157 1935 1331 1978 interim
1354 1934 1673 1986 cogitatienum
1692 1933 1846 1975 dolore

1014 1993 1261 2043 fatigentur.
1318 1992 1433 2033 Nam
1471 1991 1546 2043 qui
1582 1990 1767 2032 solerter
1803 1990 1846 2030 in

1015 2049 1118 2091 vitae
1145 2048 1329 2091 consilio
1354 2048 1449 2099 figit
1475 2052 1684 2097 mentem,
1718 2052 1845 2089 caute

1016 2119 1113 2148 sese
1147 2105 1192 2147 in
1229 2105 1347 2147 omni
1384 2104 1556 2146 actione
1595 2103 1844 2156 circumspi-

1017 2162 1174 2204 ciendo
1190 2160 1453 2204 considerat:
1473 2166 1517 2203 et
1534 2173 1589 2202 ne
1609 2173 1663 2217 egr
1682 2173 1730 2202 re
1746 2173 1844 2212 quae

1018 2219 1177 2271 agitur,
1204 2221 1459 2271 repentinus
1487 2217 1586 2259 finis
1615 2217 1842 2259 adversus-

1015 2289 1100 2329 que
1121 2276 1342 2330 surripiat,
1370 2275 1486 2317 hunc
1508 2275 1629 2327 prius
1654 2274 1843 2315 melliter

1013 2333 1163 2386 pesito
1199 2332 1315 2385 pede
1358 2331 1637 2383 cogitationis
1673 2330 1843 2382 palpat:

1013 2393 1182 2442 pensat,
1202 2401 1257 2430 ne
1277 2387 1332 2430 ab
1348 2388 1416 2429 his
1433 2400 1531 2440 quae
1547 2386 1717 2438 agenda
1732 2390 1842 2434 sunt,

1013 2443 1262 2498 praepediat
1286 2443 1491 2486 formido:
1514 2456 1568 2484 ne
1591 2443 1635 2483 in
1655 2442 1722 2483 his
1743 2454 1841 2493 quae

1014 2501 1257 2543 differenda
1289 2505 1405 2551 sunt,
1440 2498 1734 2553 praecipitatio
1766 2498 1841 2538 im-

1013 2558 1164 2611 pellat:
1193 2570 1248 2599 ne
1272 2569 1411 2610 prava
1433 2569 1514 2609 per
1533 2554 1839 2606 concupiscen-

1013 2615 1118 2656 tiam
1138 2615 1292 2667 aperto
1311 2613 1430 2655 bello
1453 2614 1678 2665 superent:
1702 2622 1756 2650 ne
1775 2620 1839 2649 re-

1014 2676 1086 2712 cta
1103 2683 1184 2724 per
1201 2670 1375 2710 inanem
1392 2668 1575 2719 gleriam
1593 2663 1838 2707 insidiando

1014 2726 1308 2779 supplantent.

1570 2847 1632 2880 17*
