2040 2976
560 188 628 222 Dic
654 189 704 221 2¹3.
732 190 827 230 Aug.

188 280 314 322 rabili
352 280 530 332 spiritus
567 280 821 322 fortitudine
854 294 934 334 per
971 294 1014 323 o-

187 337 310 378 mnes
326 337 427 378 vitae
443 337 620 378 semitas
640 338 682 378 in
698 338 768 378 via
783 338 1012 391 perfectio-

187 394 253 434 nis
273 392 465 442 donasti,
491 394 652 446 quique
676 407 756 446 per
779 394 896 435 illam
921 394 1012 434 illu-

187 452 326 491 strare
346 449 590 491 Ecclesiam
615 456 735 491 tuam
755 463 870 492 nova
889 450 1013 503 prole

187 506 380 547 voluisti:
416 507 505 558 ejus
540 507 706 548 meritis
738 512 781 548 et
808 506 1014 559 precibus

188 563 399 611 concede3
418 569 466 604 ut
483 564 557 616 qui
571 563 835 605 infirmitatis
850 568 1013 604 nostrae

188 620 353 661 c6nscii
377 620 432 662 de
457 626 531 662 tua
556 620 717 662 virtute
742 619 1013 670 confidimus,

189 676 380 718 coelestis
404 677 558 727 gratiae
583 677 745 718 auxilio
766 682 921 718 cuncta
940 689 1013 717 no-

187 733 254 774 bis
274 733 554 775 adversantia
574 735 810 775 vincamus.

243 802 380 835 l‘ostea
414 802 468 833 ὃς.
499 800 707 835 Timothei.
743 800 944 842 Hippolyti
978 804 1013 833 et

189 849 462 891 :symphoriani
490 849 594 881 Mart.

244 903 342 941 Ant.
378 901 565 940 istorum
597 903 663 940 est
692 898 805 939 enim
834 910 1011 948 regnum

188 956 410 1006 coelatum,
427 955 499 1008 qui
513 957 870 1007 contempserunt
881 954 1014 995 vitam

186 1012 348 1062 mundi,
374 1018 417 1053 et
441 1013 732 1064 pervenerunt
755 1010 810 1052 ad
834 1011 1015 1063 praemia

187 1069 325 1120 regni,
363 1074 406 1110 et
440 1068 640 1110 laverunt
672 1067 808 1109 stolas
839 1080 939 1108 suas
970 1068 1013 1108 in

187 1125 396 1175 sanguine
416 1125 543 1175 Agni.

241 1183 289 1234 Y.
311 1186 541 1228 Laetamini
567 1185 609 1225 in
635 1185 845 1234 Domino,
874 1190 917 1226 et
943 1197 1012 1226 ex-

186 1242 344 1284 sultate
372 1242 482 1294 justi.
538 1243 586 1294 ΒΕ.
613 1242 669 1283 Et
696 1241 941 1293 gloriamini
969 1254 1012 1283 o-

186 1312 308 1341 mnes
339 1299 446 1340 recti
475 1298 620 1340 corde.

521 1365 684 1405 Oratio.

188 1422 443 1526 Aixilium
471 1431 594 1467 tuum
624 1426 752 1468 nobis
776 1426 874 1468 Dfie
899 1428 1013 1479 quae-

299 1495 462 1531 sumus,
490 1482 690 1535 placatus
718 1483 940 1537 impende:
972 1488 1015 1525 et

186 1538 556 1580 intercedentibus
581 1539 723 1581 beatis
747 1540 1013 1593 Martyribus

186 1595 272 1636 tuis
291 1595 540 1644 Timotheo,
565 1596 811 1649 Hippolyto
832 1602 875 1639 et
894 1597 1013 1649 Sym-

186 1651 412 1703 phorian0‚
432 1651 657 1694 dexteram
677 1666 810 1706 super
828 1666 909 1695 nos
925 1659 1013 1695 tuae

186 1707 512 1760 propitiationis
532 1709 729 1751 extende.
756 1711 840 1752 Per
855 1711 982 1751 Dfim.

423 1789 471 1826 In
499 1789 527 1826 Ι.
557 1789 778 1829 Nocturno.

310 1854 374 1893 De
398 1852 589 1895 Canticis
614 1854 893 1896 canticorum.

244 1914 393 1954 Lectio
416 1914 437 1952 i.
751 1918 853 1969 Cap.
869 1919 906 1957 8.
923 1917 960 1958 b.

190 1977 379 2028 {tf‘j‘fssszssmwe
404 1980 471 2016 est
493 1975 593 2026 ista,
620 1989 718 2029 quae
738 1977 937 2020 ascendit
956 1978 1012 2020 de

190 2043 193 2090 ξ
221 1994 283 2085 ’ἶὲ
300 2052 308 2086 ⁴5
330 2030 522 2082 deserto,
543 2033 711 2075 deliciis
731 2034 931 2085 affluens,
952 2035 1011 2076 in-

190 2086 211 2107 '2
330 2090 429 2129 nixa
460 2102 592 2142 super
623 2090 830 2132 dilectum
862 2091 1011 2133 suum?

187 2142 276 2184 Sub
304 2143 461 2186 arbore
486 2146 602 2187 malo
630 2147 838 2189 suscitavi
865 2154 924 2190 te:
951 2148 1013 2190 ibi

188 2203 397 2254 corrupta
416 2207 483 2243 est
501 2208 640 2245 mater
658 2210 744 2253 tua,
768 2204 829 2247 ibi
848 2205 1013 2247 violata

188 2262 256 2300 est
269 2258 456 2308 genitrix
470 2264 556 2300 tua.
583 2261 703 2302 Pone
721 2274 791 2303 me
811 2267 859 2303 ut
874 2263 1013 2313 signa-

189 2314 333 2356 culum
355 2328 486 2367 super
506 2329 582 2358 cor
600 2323 734 2369 tuum,
753 2324 801 2361 ut
816 2320 1012 2370 signacu-

187 2371 278 2412 lum
314 2384 446 2424 super
481 2372 707 2415 brachium
737 2380 874 2417 tuum:
911 2378 1013 2429 quia

188 2427 314 2469 fortis
347 2434 413 2470 est
444 2434 492 2470 ut
523 2442 641 2470 mors
674 2430 867 2482 dilectio,
905 2433 1014 2475 dura

189 2484 301 2526 sicut
320 2484 514 2525 infernus
532 2486 767 2529 aemulatio:
787 2488 1013 2542 lampades

189 2541 297 2592 ejus,
329 2541 557 2594 lampades
589 2542 699 2594 ignis
731 2549 862 2596 atque
895 2545 1012 2587 flam-

188 2600 369 2639 marum.

241 2657 292 2707 R.
317 2654 421 2697 Vidi
445 2655 691 2707 speci6sam
715 2657 828 2699 sicut
851 2658 1013 2699 colum-

187 2711 306 2762 bam,
339 2710 651 2755 ascendentem
678 2712 868 2767 desuper
895 2715 1013 2757 rivos

876 189 915 221 ln
943 190 1086 222 Octava
1113 189 1308 230 Assumpt.
1336 188 1375 222 B.
1401 187 1447 221 M.
1472 188 1516 221 V.

1066 282 1294 332 aquarum:
1312 281 1433 332 cujus
1450 281 1768 323 inaestimabilis
1783 281 1896 324 odor

1066 342 1159 378 erat
1177 337 1305 378 nimis
1325 337 1369 377 in
1387 338 1659 380 vestimentis
1677 339 1786 390 ejus:
1805 341 1828 365 *
1839 339 1896 381 Et

1066 393 1178 435 sicut
1197 393 1293 434 dies
1309 394 1432 435 verni
1449 393 1780 437 circumdabant
1798 408 1896 437 eam

1066 450 1198 491 flores
1221 451 1423 491 rosarum
1446 455 1490 492 et
1512 450 1602 491 lilia
1621 450 1896 493 convallium.

1069 507 1119 558 Y.
1141 506 1251 556 Quae
1278 511 1345 548 est
1367 507 1452 548 ista
1477 519 1576 559 quae
1600 506 1798 560 ascendit
1815 520 1897 561 per

1067 562 1289 604 desertum
1329 563 1442 605 sieut
1474 563 1643 614 virgula
1678 563 1800 612 fumi,
1841 576 1897 606 ex

1066 619 1337 661 aromatibus
1390 620 1580 673 myrrhae
1636 625 1680 662 et
1729 619 1895 663 thuris?

1065 676 1123 718 Et
1142 676 1266 718 sicut.

1377 750 1529 791 Lectio
1550 751 1589 790 ii.

1145 819 1244 859 quae
1272 807 1422 850 multae
1447 820 1536 849 non
1559 809 1799 860 potuerunt
1823 819 1895 849 ex-

1176 866 1398 915 stinguere
1431 864 1675 912 caritatem‚
1709 876 1792 905 nec
1821 863 1896 906 flu-

1065 921 1181 962 mina
1202 921 1389 962 obruent
1408 921 1542 962 illam:
1568 921 1604 961 si
1631 919 1803 962 dederit
1821 919 1896 962 ho-

1065 990 1139 1019 mo
1186 990 1361 1019 omnem
1406 977 1697 1019 substantiam
1738 977 1897 1018 domus

1066 1047 1158 1075 suae
1178 1047 1260 1087 pro
1281 1034 1530 1084 dilectione,
1555 1034 1680 1086 quasi
1699 1033 1805 1075 nihil
1824 1033 1896 1076 de-

1066 1091 1225 1143 spiciet
1253 1103 1361 1132 eam.
1401 1091 1538 1132 Soror
1565 1095 1718 1132 nostra
1744 1103 1897 1143 parva,

1066 1152 1110 1188 et
1129 1147 1267 1189 ubera
1285 1160 1374 1189 non
1393 1147 1541 1190 habet:
1561 1146 1669 1201 quid
1687 1147 1898 1189 faciemus

1066 1204 1209 1245 sorori
1236 1209 1401 1246 nostrae
1427 1205 1471 1245 in
1497 1204 1568 1246 die
1594 1203 1772 1256 quando
1793 1203 1898 1246 allo-

1067 1260 1242 1312 quenda
1257 1260 1347 1303 est?
1376 1262 1422 1303 Si
1439 1274 1591 1303 murus
1612 1265 1690 1311 est,
1709 1260 1898 1302 aedifice-

1064 1331 1161 1359 mus
1189 1331 1323 1370 super
1347 1331 1448 1360 eum
1470 1317 1807 1372 propugnacula
1831 1329 1896 1358 ar-

1064 1376 1236 1425 gentea:
1268 1375 1305 1415 si
1337 1375 1499 1417 ostium
1531 1380 1614 1424 est,
1647 1375 1897 1427 compinga-

1064 1444 1162 1472 mus
1181 1430 1290 1473 illud
1309 1431 1471 1474 tabulis
1491 1430 1692 1474 cedrinis.

1122 1501 1173 1553 R.
1196 1498 1317 1540 Sicut
1341 1497 1499 1539 cedrus
1519 1497 1712 1539 exaltata
1732 1509 1829 1538 sum
1852 1496 1897 1537 in

1064 1554 1246 1602 Libano,
1258 1560 1303 1597 et
1318 1555 1431 1597 sicut
1446 1555 1681 1608 cypressus
1691 1554 1736 1594 in
1745 1558 1896 1595 monte

1066 1612 1184 1653 Sion:
1209 1611 1335 1664 quasi
1357 1611 1536 1665 myrrha
1559 1611 1710 1660 electa,
1738 1612 1761 1637 *
1780 1609 1897 1652 Dedi

1066 1669 1328 1710 suavitatem
1348 1668 1510 1711 odaris.
1538 1666 1589 1717 V.
1602 1667 1660 1709 Et
1678 1667 1791 1709 sicut
1810 1667 1895 1709 cin-

1065 1727 1318 1767 namOmum
1345 1731 1390 1768 et
1418 1725 1665 1768 balsamum
1693 1725 1896 1766 aromati-

1066 1795 1181 1823 zans.
1207 1781 1334 1824 Dedi.

1372 1862 1524 1903 Lectio
1545 1862 1600 1902 iii.

1071 1916 1213 2022 Ego
1239 1930 1405 1961 murus:
1433 1922 1477 1960 et
1503 1917 1641 1959 ubera
1666 1930 1765 1960 mea
1784 1917 1898 1959 sicut

1163 1976 1308 2025 turris,
1324 1988 1379 2017 ex
1394 1987 1482 2028 quo
1502 1974 1618 2016 facta
1634 1987 1731 2016 sum
1746 1986 1898 2016 coram

1066 2046 1120 2075 eo
1148 2032 1273 2085 quasi
1299 2044 1456 2085 pacem
1482 2031 1719 2084 reperiens.
1754 2031 1896 2073 Vinea

1065 2090 1145 2131 fuit
1163 2089 1352 2142 pacifico
1377 2089 1422 2130 in
1442 2101 1508 2138 ea,
1537 2101 1636 2141 quae
1661 2087 1796 2129 habet
1818 2089 1895 2140 po-

1064 2146 1211 2199 pulos:
1229 2144 1412 2188 tradidit
1427 2158 1525 2187 eam
1542 2143 1812 2194 custodibus
1831 2143 1897 2186 vir

1066 2202 1192 2245 affert
1216 2215 1299 2256 pro
1324 2203 1469 2244 fructu
1493 2202 1584 2254 ejus
1607 2201 1726 2243 mille
1747 2202 1896 2252 argen-

1065 2264 1173 2301 teos.
1230 2260 1373 2302 Vinea
1403 2272 1502 2301 mea
1534 2271 1683 2300 coram
1714 2270 1785 2299 me
1817 2262 1897 2300 est.

1066 2316 1185 2358 Mille
1215 2316 1280 2358 tui
1311 2316 1500 2369 pacifici,
1534 2320 1579 2357 et
1610 2314 1787 2357 ducenti
1817 2313 1896 2365 his,

1067 2373 1142 2425 qui
1169 2373 1424 2415 custadiunt
1451 2372 1617 2414 fructus
1646 2373 1749 2424 ejus.
1787 2371 1896 2422 Quae

1065 2429 1238 2472 habitas
1257 2430 1302 2470 in
1319 2429 1471 2479 hortis,
1491 2428 1620 2470 amici
1634 2428 1897 2470 auscultant:

1066 2486 1134 2528 fac
1158 2499 1228 2528 me
1251 2485 1404 2528 audire
1428 2498 1585 2528 vocem
1606 2490 1740 2530 tuam.
1774 2485 1896 2536 Fuge

1067 2542 1227 2584 dilecte
1258 2543 1337 2592 mi,
1371 2548 1415 2584 et
1447 2542 1689 2584 assimilare
1721 2543 1896 2594 capreae

1066 2598 1335 2652 hinnuloque
1362 2602 1593 2641 cervorum
1619 2611 1752 2651 super
1775 2610 1896 2639 mon-

1065 2660 1132 2697 tes
1152 2658 1410 2698 aromatum.

1125 2716 1173 2766 151.
1196 2718 1305 2767 Quae
1324 2722 1392 2759 est
1409 2717 1504 2759 ista.
1523 2717 1617 2758 510.
