2040 2976
692 187 805 221 Feria
829 186 942 221 tertia
970 186 1019 220 ad
1043 186 1282 221 Matutinum.

192 284 419 326 Fundatur
443 283 732 325 exsultatiene
753 282 969 323 universae

140 345 272 382 terrae
300 353 427 382 mons
447 340 563 391 Sion,
582 340 606 365 *
629 339 769 380 latera
787 338 968 390 Aquile-

140 397 219 447 nis,
239 397 394 439 civitas
418 397 534 449 regis
554 396 710 448 magni.

191 454 313 495 Deus
337 454 381 494 in
398 453 603 495 dumibus
623 453 713 505 ejus
733 453 968 503 cognosce-

139 514 222 560 tur,
240 512 264 538 *
284 523 383 552 cum
403 509 614 562 suscipiet
631 521 738 550 eam.

194 567 411 617 Queniam
430 579 533 608 ecce
552 577 679 616 reges
707 569 838 606 terrae
868 576 968 605 con-

139 623 310 674 gregati
354 627 477 664 sunt:
512 622 536 648 *
582 622 881 662 convenerunt
925 621 969 661 in

140 693 284 721 unum.

192 736 284 789 Ipsi
310 735 510 777 videntes
539 734 602 776 sic
630 734 834 776 admirati
858 739 968 784 sunt,

141 791 391 834 conturbati
418 796 539 841 sunt,
568 791 778 833 commeti
806 796 927 832 sunt:
945 791 969 816 *

139 853 305 891 tremor
325 846 617 902 apprehendit
637 860 726 889 eos.

191 905 262 947 Ibi
281 905 459 947 doleres
486 910 535 946 ut
561 904 862 956 parturientis:
881 904 905 930 *
925 904 968 944 in

139 962 296 1014 spiritu
317 961 565 1004 vehementi
595 962 797 1002 conteres
833 973 968 1002 naves

141 1018 335 1060 Tharsis.

192 1076 312 1118 Sicut
336 1075 596 1126 audivimus,
622 1076 684 1117 sic
710 1075 898 1118 vidimus
923 1074 967 1115 in

141 1132 318 1174 civitate
336 1133 514 1174 Demini
542 1133 768 1183 virtutum,
796 1132 841 1173 in
869 1131 968 1173 civi-

140 1190 232 1231 tate
259 1189 343 1231 Dei
377 1190 532 1232 nostri:
555 1190 579 1215 *
611 1190 733 1231 Deus
770 1188 969 1230 fundavit

142 1258 239 1287 eam
257 1246 301 1286 in
320 1248 542 1288 aeternum.

193 1303 474 1355 Suscepimus
486 1303 607 1344 Deus
623 1301 970 1343 misericerdiam

143 1363 274 1408 tuam,
293 1359 316 1384 *
336 1359 381 1399 in
398 1358 546 1400 medio
565 1358 719 1411 templi
736 1358 810 1400 tui.

195 1414 443 1456 Secundum
478 1428 638 1457 nomen
673 1420 812 1465 tuum,
836 1415 968 1465 Deus,

144 1470 207 1512 sic
226 1475 270 1512 et
286 1470 381 1512 laus
399 1476 475 1513 tua
497 1472 542 1512 in
564 1472 674 1514 fines
699 1476 848 1513 terrae:
868 1472 891 1497 *
911 1472 968 1523 ju-

143 1527 261 1568 stitia
277 1527 407 1580 plena
425 1532 493 1570 est
513 1527 695 1570 dextera
713 1533 798 1570 tua.

192 1583 387 1626 Laetetur
404 1597 531 1626 mons
550 1585 664 1636 Sion,
686 1590 730 1627 et
749 1585 969 1627 exsultent

141 1638 244 1680 fssiae
274 1639 400 1682 Judae
431 1641 454 1667 *
482 1646 666 1694 propter
700 1641 859 1694 judicia
893 1647 969 1684 tua

141 1695 339 1738 Demine.

194 1752 472 1795 Circumdate
496 1754 616 1805 Sion,
645 1759 689 1797 et
717 1754 967 1808 complecti-

141 1808 246 1850 mini
260 1822 373 1851 eam:
382 1810 406 1836 *
415 1812 590 1853 narrate
603 1811 648 1852 in
661 1810 855 1853 turribus
866 1812 967 1863 ejus.

192 1865 347 1908 Punite
381 1866 517 1909 corda
542 1872 692 1910 vestra
726 1868 770 1909 in
806 1868 968 1910 virtute

142 1921 251 1973 ejus:
278 1923 302 1949 *
330 1927 374 1964 et
401 1922 649 1966 distribuite
677 1923 836 1966 domos
867 1925 968 1977 ejuS,

140 1983 189 2020 ut
207 1979 419 2020 enarretis
437 1979 483 2021 in
500 1981 714 2033 progenie
733 1981 882 2023 altera.

193 2035 408 2086 Queniam
447 2035 518 2078 hic
558 2042 626 2079 est
665 2038 805 2088 Deus,
846 2039 968 2080 Deus

140 2096 291 2134 noster
313 2092 357 2133 in
381 2095 603 2144 aeternum,
627 2098 671 2136 et
691 2095 735 2136 in
759 2095 969 2136 saeculum

142 2148 305 2190 saeculi:
324 2149 347 2174 *
366 2149 462 2202 ipse
481 2155 605 2201 reget
628 2163 710 2193 nos
732 2151 777 2192 in
796 2151 969 2193 saecula.

414 2207 613 2249 Psalmus
633 2209 698 2248 48.

155 2257 348 2363 Aldite
391 2260 488 2303 haec
533 2275 685 2304 omnes
727 2263 910 2305 Gentes:
944 2263 968 2289 *

251 2316 429 2358 auribus
458 2319 671 2372 percipite
699 2332 866 2370 omnes,
895 2319 969 2372 qui

142 2371 349 2414 habitatis
369 2373 539 2415 orbem:

195 2429 367 2482 Quique
390 2433 639 2481 terrigenae,
660 2437 704 2473 et
729 2431 806 2472 filii
833 2430 968 2473 hemi-

142 2499 260 2527 num:
292 2486 315 2511 *
353 2485 481 2527 simul
515 2487 560 2528 in
594 2501 728 2529 unum
766 2487 889 2530 dives
926 2494 969 2530 et

143 2555 322 2595 pauper.

197 2598 259 2640 Os
286 2611 431 2640 meum
465 2598 669 2651 loquetur
697 2600 969 2653 sapientiam:

143 2654 167 2680 *
187 2660 230 2696 et
252 2654 479 2698 meditatio
504 2655 651 2697 cordis
674 2657 760 2698 mei
783 2657 969 2709 pruden-

143 2711 259 2753 tiam.

297 2851 361 2878 Pars
377 2852 485 2878 AEstiva.

1071 281 1299 323 Inclina'lbo
1334 283 1378 322 in
1409 282 1667 335 parabolam
1700 294 1850 323 aurem

1019 351 1180 379 meam:
1200 339 1222 363 *
1246 339 1441 392 aperiam
1459 339 1502 379 in
1520 339 1730 391 psalterio
1749 351 1849 391 pro-

1020 395 1286 446 positienem
1305 408 1457 436 meam.

1075 451 1162 492 Cur
1178 451 1342 493 timebo
1357 452 1401 492 in
1418 451 1488 492 die
1504 451 1643 493 mala?
1658 452 1681 477 *
1697 451 1849 503 iniqui-

1020 513 1088 549 tas
1109 507 1302 549 calcanei
1320 508 1406 549 mei
1426 508 1713 550 circumdabit
1731 521 1819 549 me:

1073 565 1157 614 Qui
1176 564 1403 606 confidunt
1421 564 1464 605 in
1483 565 1644 606 virtute
1664 565 1791 606 suaz*
1807 570 1851 606 et

1019 621 1063 661 in
1090 620 1367 662 multitudine
1396 620 1645 662 divitiarum
1674 623 1850 662 suarum

1020 677 1274 728 gloriantur.

1071 734 1226 776 Frater
1245 747 1333 775 non
1354 734 1537 784 redimit,
1566 733 1750 775 redimet
1774 734 1848 776 ho-

1020 803 1108 832 mo:
1127 791 1151 816 *
1174 804 1261 832 non
1291 790 1413 832 dabit
1432 791 1530 832 Deo
1558 791 1850 843 placatienem

1021 860 1155 889 suam.

1071 904 1129 946 Et
1148 904 1336 957 pretium
1355 904 1671 957 redemptiunis
1696 904 1851 946 animae

1021 973 1128 1002 suae:
1147 962 1170 986 *
1191 966 1235 1002 et
1258 960 1479 1002 laborabit
1503 961 1545 1001 in
1566 963 1788 1010 aeternum,
1809 966 1852 1003 et

1021 1018 1139 1059 vivet
1158 1017 1301 1059 adhuc
1319 1018 1363 1058 in
1382 1017 1523 1059 finem.

1071 1074 1173 1116 Non
1201 1073 1367 1116 videbit
1394 1074 1635 1124 interitum,
1665 1087 1763 1116 cum
1791 1077 1850 1115 vi-

1021 1130 1135 1172 derit
1159 1131 1380 1183 sapientes
1403 1131 1660 1173 morientes:
1680 1132 1703 1157 *
1725 1131 1851 1172 simul

1020 1188 1240 1240 insipienS,
1261 1193 1304 1229 et
1324 1187 1483 1230 stultus
1501 1187 1717 1241 peribunt.

1071 1245 1129 1296 Et
1152 1244 1399 1297 relinquent
1419 1244 1570 1286 alienis
1590 1244 1763 1287 divitias
1784 1258 1850 1287 su-

1020 1314 1085 1342 as:
1113 1302 1136 1327 *
1171 1307 1215 1343 et
1249 1301 1483 1354 sepulchra
1511 1304 1664 1343 eurum
1693 1302 1850 1344 domus

1019 1357 1195 1399 illerum
1214 1358 1257 1398 in
1276 1360 1498 1400 aeternum.

1073 1414 1378 1456 Tabernacula
1403 1417 1555 1456 eurum
1578 1415 1622 1455 in
1640 1416 1851 1468 progenie

1021 1476 1065 1513 et
1088 1472 1315 1524 progenie:
1333 1472 1357 1497 *
1384 1474 1652 1514 vocaverunt
1676 1473 1852 1514 nemina

1021 1541 1099 1569 sua
1117 1528 1161 1569 in
1179 1529 1308 1570 terris
1329 1529 1430 1570 suis.

1072 1585 1128 1627 Et
1154 1584 1298 1635 homo,
1328 1598 1425 1627 cum
1454 1585 1498 1627 in
1526 1585 1694 1627 honere
1723 1591 1850 1636 esset,

1019 1653 1109 1682 non
1143 1641 1372 1683 intellexit:
1405 1643 1429 1667 *
1465 1643 1745 1695 comparatus
1784 1648 1851 1684 est

1019 1698 1220 1750 jumentis
1256 1698 1580 1751 insipientibus,
1618 1704 1661 1741 et
1698 1699 1849 1740 similis

1021 1755 1160 1796 factus
1181 1760 1249 1797 est
1266 1754 1363 1796 illis.

1071 1812 1189 1853 Haee-
1206 1812 1277 1853 via
1304 1811 1478 1853 illerum
1506 1811 1761 1854 scandalum
1788 1812 1850 1865 ip-

1021 1868 1099 1909 sis:
1117 1869 1140 1894 *
1161 1874 1204 1910 et
1222 1870 1379 1921 pbstea
1398 1869 1441 1909 in
1462 1881 1538 1910 ore
1559 1881 1639 1911 suo
1661 1869 1849 1921 compla-

1021 1924 1192 1967 cebunt.

1073 1982 1193 2024 Sicut
1208 1994 1314 2023 oves
1334 1982 1378 2022 in
1396 1981 1565 2023 inferno
1585 1982 1718 2034 pesiti
1737 1987 1849 2024 sunt:

1020 2038 1044 2064 *
1062 2051 1182 2080 mors
1203 2038 1415 2091 depascet
1434 2051 1523 2080 eos.

1074 2095 1131 2136 Et
1149 2094 1489 2136 dominabuntur
1509 2096 1661 2136 eerum
1684 2095 1784 2147 justi
1806 2095 1850 2135 in

1020 2153 1250 2193 matutino:
1269 2152 1292 2177 *
1313 2156 1357 2193 et
1381 2151 1589 2193 auxilium
1608 2153 1760 2193 eurum
1779 2164 1849 2192 ve-

1021 2209 1214 2249 terascet
1231 2208 1275 2248 in
1294 2207 1463 2249 inferno
1483 2221 1509 2250 a
1529 2205 1670 2258 gloria
1689 2210 1850 2249 eurum.

1073 2264 1390 2306 Verumtamen
1408 2265 1530 2306 Deus
1556 2263 1744 2306 redimet
1763 2264 1849 2305 ani-

1021 2333 1138 2361 mam
1161 2334 1304 2362 meam
1323 2320 1378 2363 de
1397 2334 1529 2363 manu
1555 2320 1691 2370 inferi,
1710 2320 1734 2346 *
1752 2333 1850 2362 cum

1021 2377 1243 2430 acceperit
1260 2390 1341 2419 me.

1073 2433 1141 2475 Ne
1176 2434 1373 2475 timueris
1411 2446 1510 2475 cum
1548 2433 1671 2475 dives
1710 2432 1849 2474 factus

1021 2489 1152 2531 fuerit
1170 2489 1318 2532 homo:
1337 2491 1361 2518 *
1383 2495 1426 2532 et
1446 2503 1545 2531 cum
1563 2488 1849 2541 multiplicata

1021 2546 1152 2588 fuerit
1169 2546 1310 2597 gleria
1329 2546 1485 2588 domus
1505 2547 1605 2598 ejus.

1075 2603 1290 2652 Queniam
1338 2616 1436 2644 cum
1486 2601 1716 2650 interierit,
1760 2612 1847 2640 non

1023 2663 1165 2700 sumet
1197 2659 1354 2700 emnia:
1383 2659 1406 2684 *
1437 2671 1580 2710 neque
1611 2655 1847 2699 descendet

1023 2727 1122 2756 cum
1141 2727 1194 2757 eo
1213 2714 1353 2766 gloria
1372 2715 1473 2766 ejus.
