2040 2976
188 217 235 261 [6]
775 214 982 245 ‹lommnm
1014 213 1298 253 Apostolorum.

240 312 365 353 Oculi
389 311 567 352 Demini
587 323 718 363 super
743 311 898 362 justos:
922 311 945 335 *
970 315 1013 351 et

187 381 313 410 aures
333 369 423 419 ejus
443 368 486 408 in
504 380 659 420 preces
680 369 842 408 cerum.

238 424 397 466 Vultus
423 429 569 465 autem
594 423 768 465 Demini
799 436 930 476 super
954 423 1013 464 fa-

187 482 350 523 cientes
370 481 502 521 mala:
526 482 549 506 *
573 485 621 521 ut
645 479 803 533 perdat
823 479 877 521 de
896 485 1013 521 terra

186 538 442 579 memeriam
462 539 625 578 eerum.

239 594 546 635 Clamaverunt
575 594 692 645 justi,
729 598 772 635 et
799 593 1013 634 Deminus

188 650 409 692 exaudivit
429 663 524 691 eos:
543 650 566 675 *
588 655 631 691 et
651 663 705 691 ex
721 650 921 691 emnibus
942 649 1013 690 tri-

186 707 482 749 bulatienibus
505 709 657 748 eerum
675 706 878 748 liberavit
897 718 984 746 eos.

237 764 370 805 Juxta
389 768 456 804 est
470 763 685 804 Deminus
705 763 767 813 iis,
789 763 861 815 qui
881 761 1014 803 tribu—

185 820 276 862 luto
293 824 393 861 sunt
410 819 544 861 corde
555 836 563 860 ι
573 820 596 845 *
608 824 651 861 et
661 818 846 860 humiles
858 818 1014 870 spiritu

187 876 383 918 salvabit.

238 933 390 974 Multae
410 932 714 974 tribulatienes
734 932 965 983 justerum:
990 931 1013 955 *

188 994 231 1031 et
245 989 300 1031 de
317 989 518 1030 emnibus
532 988 599 1029 his
615 987 819 1030 liberabit
835 999 910 1028 eos
926 987 1013 1027 De-

187 1046 340 1087 minus.
700 1096 704 1100 ρ

240 1101 442 1144 Custedit
456 1101 549 1142 Dfis
566 1101 711 1142 emnia
729 1113 831 1142 ossa
847 1102 1014 1141 eerum:

187 1159 210 1184 *
229 1172 363 1199 unum
382 1171 437 1200 ex
455 1158 521 1198 his
540 1170 629 1198 non
649 1159 912 1198 conteretur.

239 1216 359 1256 Mors
379 1216 662 1268 peccaterum
682 1214 891 1266 pessima:
918 1214 941 1239 *
971 1218 1015 1254 et

189 1272 261 1324 qui
281 1271 470 1312 oderunt
489 1271 657 1322 justum,
678 1269 943 1322 delinquent.

239 1327 443 1369 Redimet
475 1327 688 1367 Deminus
727 1327 892 1367 animas
928 1339 1013 1368 ser-

187 1387 341 1426 verum
356 1386 552 1425 suerum:
567 1385 590 1408 *
602 1388 646 1424 et
661 1396 748 1424 non
759 1383 1015 1436 delinquent

187 1454 339 1483 omnes
361 1441 434 1493 qui
454 1444 633 1493 sperant
652 1440 696 1480 in
717 1453 781 1481 eo.

241 1500 335 1538 Ant.
366 1497 677 1538 (Ilamaverunt
705 1497 822 1548 justi,
855 1502 899 1538 et
927 1497 1014 1538 De-

187 1555 330 1595 minus
350 1553 574 1595 exaudivit
594 1566 681 1595 eos.

243 1612 337 1651 Ant.
369 1613 624 1652 (lonstitues
646 1611 669 1636 *
693 1624 769 1652 eos
794 1611 1015 1663 principes

189 1681 320 1720 super
358 1680 532 1709 omnem
569 1672 751 1709 terram:
796 1669 1015 1708 memores

190 1729 316 1765 erunt
336 1725 523 1765 neminis
543 1724 607 1765 tui
624 1724 826 1765 Demine.

456 1780 651 1820 psalmus
682 1781 747 1819 44.

188 1832 462 1936 Eructavit
481 1850 557 1879 cor
576 1850 721 1878 meum
740 1836 923 1878 verbum
939 1836 1015 1878 bo-

270 1950 278 1958 ·
310 1907 431 1935 num:
459 1895 481 1919 *
510 1894 609 1936 dico
638 1907 720 1945 ego
757 1896 893 1946 epera
918 1906 1017 1935 mea

191 1964 292 2001 regl.

243 2008 409 2057 Lingua
440 2021 538 2050 mea
566 2008 758 2050 calamus
788 2007 960 2057 scribae,
993 2008 1016 2032 *

192 2063 400 2105 veleciter
429 2064 668 2107 scribentis.

243 2120 475 2172 Speciesus
510 2121 650 2162 forma
682 2134 776 2174 prae
808 2121 908 2162 filiis
942 2120 1016 2162 he-

192 2176 365 2226 minum,
394 2176 550 2218 diffusa
579 2183 644 2219 est
665 2179 805 2228 gratia
823 2178 867 2218 in
890 2177 1017 2218 labiis

192 2232 292 2273 tuis:
307 2233 330 2258 *
341 2235 576 2285 propterea
597 2234 821 2276 benedixit
837 2239 881 2276 te
897 2234 1018 2275 Deus

193 2289 236 2328 in
265 2290 485 2330 aeternum.

246 2345 488 2395 Accingere
516 2345 661 2395 gladio
696 2352 772 2388 tuo
801 2360 933 2399 super
961 2347 1017 2388 fe-

193 2415 290 2443 mur
318 2407 450 2450 tuum,
478 2402 501 2426 *
530 2403 841 2454 potentissime,

245 2458 399 2511 Specie
427 2463 502 2499 tua
526 2463 569 2499 et
596 2458 917 2510 pulchritudine
945 2465 1019 2501 tua

195 2516 218 2540 *
254 2514 446 2563 intende,
482 2516 694 2566 prespere
731 2515 939 2567 procede,
977 2521 1020 2557 et

196 2584 339 2622 regna.

246 2628 434 2680 Propter
454 2627 693 2676 veritatem,
715 2633 757 2669 et
775 2631 1019 2670 mansuetu-

196 2684 352 2733 dinem,
381 2689 424 2725 et
453 2684 671 2735 justitiam:
705 2685 727 2708 *¹
761 2690 804 2726 et
833 2683 1021 2726 deducet

195 2746 239 2782 te
266 2740 521 2782 mirabiliter
550 2740 730 2782 dextera
758 2746 842 2782 tua.

1118 309 1297 359 Sagittae
1315 313 1403 350 tuae
1419 310 1574 356 acutae‚‘
1584 307 1738 360 pepuli
1753 306 1834 348 sub
1850 312 1894 348 te

1066 365 1233 414 cadent,
1250 366 1272 390 *
1283 365 1326 405 in
1338 363 1474 405 corda
1485 363 1758 405 inimicorum
1768 363 1894 414 regis.

1117 421 1253 463 Sedes
1273 426 1348 463 tua
1366 421 1488 462 Deus
1515 420 1559 460 in
1583 419 1792 462 saeculum
1816 421 1894 460 sa'e-

1066 478 1167 519 culi:
1195 478 1218 502 *
1246 478 1369 528 virga
1397 476 1649 518 directionis
1680 476 1803 527 virga
1830 488 1894 517 re-

1065 535 1137 585 gni
1165 535 1238 576 tui.

1117 591 1319 632 Dilexisti
1345 590 1560 642 justitiam,
1590 594 1634 630 et
1661 588 1793 630 odisti
1819 589 1894 629 ini-

1068 648 1293 700 quitatem:
1304 648 1326 672 *
1338 648 1575 699 propterea
1587 645 1710 686 unxit
1719 650 1763 687 te
1774 645 1895 686 Deus

1065 704 1185 745 Deus
1214 709 1313 745 tuus
1349 703 1447 744 eleo
1476 702 1640 744 laetitiae
1673 714 1767 754 prae
1795 714 1895 743 con·

1066 760 1257 802 sertibus
1284 761 1381 802 tuis.

1117 817 1306 870 Myrrha,
1335 822 1378 858 et
1405 821 1538 867 gutta,
1568 820 1611 857 et
1639 814 1757 856 casia
1781 827 1807 854 a
1825 826 1895 854 ve-

1066 874 1279 915 stimentis
1298 874 1395 923 tuis,
1413 886 1438 914 a
1455 871 1657 914 domibus
1677 870 1896 913 eburneis:

1065 931 1088 955 *
1107 943 1161 972 ex
1190 930 1346 983 quibus
1367 930 1696 971 delectaverunt
1719 932 1765 969 te
1793 926 1896 968 filiae

1066 999 1218 1038 regum
1244 987 1288 1028 in
1315 987 1484 1028 honere
1511 992 1599 1028 tuo.

1118 1044 1270 1086 Astitit
1302 1046 1452 1095 regina
1485 1056 1510 1084 a
1539 1042 1704 1084 dextris
1739 1041 1824 1083 tuis
1852 1040 1896 1081 in

1066 1103 1227 1142 vestitu
1246 1100 1473 1142 deaurato:
1491 1100 1514 1125 *
1535 1097 1804 1140 circumdata
1825 1110 1895 1139 va-

1066 1157 1232 1199 rietate.

1118 1213 1236 1255 Audi
1258 1213 1358 1262 filia,
1381 1218 1424 1255 et
1443 1212 1554 1262 vide,
1575 1217 1619 1254 et
1641 1210 1801 1252 inclina
1823 1223 1894 1252 au-

1066 1283 1159 1312 rem
1176 1275 1312 1312 tuam:
1322 1270 1345 1295 *
1357 1275 1400 1312 et
1411 1269 1670 1311 obliviscere
1683 1267 1896 1321 pepulum

1066 1332 1200 1377 tuum,
1229 1332 1272 1369 et
1300 1326 1480 1368 domum
1506 1325 1644 1379 patris
1671 1324 1745 1366 tui.

1118 1384 1175 1425 Et
1190 1386 1472 1436 concupiscet
1490 1383 1588 1424 Rex
1608 1380 1814 1423 decerem
1832 1385 1896 1422 tu-

1066 1454 1153 1482 um:
1181 1441 1204 1466 *
1235 1440 1440 1493 queniam
1466 1440 1562 1492 ipse
1589 1443 1656 1480 est
1682 1437 1897 1479 Deminus

1066 1497 1187 1538 Deus
1215 1502 1326 1546 tuus,
1356 1502 1400 1538 et
1427 1495 1675 1538 adorabunt
1703 1507 1812 1536 eum.

1119 1555 1176 1596 Et
1193 1554 1294 1595 filiae
1314 1554 1421 1606 Tyri
1440 1553 1485 1594 in
1502 1550 1755 1593 muneribus
1768 1551 1792 1576 *
1807 1550 1896 1592 vul-

1067 1615 1159 1652 tum
1192 1616 1316 1652 tuum
1344 1609 1711 1663 deprecabuntur:
1745 1620 1898 1650 omnes

1068 1666 1226 1709 divites
1254 1666 1406 1720 plebis.

1121 1724 1273 1765 Omnis
1292 1723 1431 1775 gleria
1452 1723 1542 1775 ejus
1566 1721 1668 1763 ffliae
1687 1721 1822 1772 Regis
1842 1719 1897 1762 ab

1067 1781 1194 1830 intus,
1220 1781 1243 1806 *
1268 1779 1520 1821 in.fimbriis
1545 1778 1688 1820 aureis
1718 1777 1898 1819 circum·

1068 1840 1227 1879 amicta
1254 1835 1549 1878 varietatibus.

1120 1893 1408 1935 Adducentur
1436 1892 1549 1943 Regi
1574 1891 1764 1942 virgines
1796 1894 1900 1943 post

1069 1963 1180 1992 eam:
1190 1951 1214 1976 *
1224 1950 1438 2003 preximae
1455 1949 1546 2001 ejus
1561 1947 1797 1990 afferentur
1808 1945 1899 1989 tibi.

1122 2006 1372 2049 Afferentur
1399 2006 1443 2046 in
1462 2005 1615 2048 laetitia
1643 2008 1687 2046 et
1713 2003 1898 2046 exsulta-

1068 2064 1201 2106 tiene:
1236 2064 1259 2089 *
1294 2062 1566 2104 adducentur
1605 2061 1649 2102 in
1686 2059 1898 2113 templum

1069 2121 1214 2172 Regis.

1121 2177 1208 2218 Pro
1237 2175 1436 2229 patribus
1464 2175 1549 2217 tuis
1576 2175 1666 2216 nati
1693 2178 1794 2215 sunt
1820 2171 1899 2215 tibi

1069 2233 1162 2274 filii:
1180 2234 1204 2258 *
1224 2234 1463 2274 constitues
1486 2244 1562 2273 eos
1587 2231 1808 2284 principes
1832 2242 1899 2270 su-

1070 2303 1150 2342 per
1179 2302 1353 2331 omnem
1380 2294 1553 2331 terram.

1123 2346 1342 2387 Memores
1364 2350 1490 2387 erunt
1508 2343 1695 2385 neminis
1719 2343 1797 2384 tui:
1813 2342 1837 2367 *
1856 2342 1899 2382 in

1072 2403 1189 2444 omni
1203 2402 1484 2453 generatione
1504 2406 1547 2442 et
1563 2399 1899 2451 generatienem.

1122 2460 1366 2511 Propterea
1392 2457 1546 2511 pepuli
1574 2455 1899 2498 confitebuntur

1071 2516 1149 2557 tibi
1177 2516 1221 2556 in
1249 2517 1476 2556 aeternum:
1500 2515 1522 2539 *
1548 2519 1591 2555 et
1618 2513 1662 2554 in
1690 2511 1900 2553 saeculum

1071 2571 1231 2614 saeculi.
1833 2583 1840 2589 ·

1123 2630 1220 2668 Ant.
1266 2630 1520 2669 constitues
1559 2639 1636 2667 eos
1677 2624 1899 2677 principes

1073 2698 1204 2738 super
1245 2697 1419 2726 omnem
1460 2688 1641 2725 terram:
1682 2682 1899 2722 memores

1073 2746 1199 2782 erunt
1217 2741 1406 2782 neminis
1424 2740 1488 2782 tui
1507 2739 1706 2780 Demine.
