2040 2976
580 238 755 271 Officium
781 236 952 269 votivum
980 234 1026 267 dc
1051 234 1201 267 Sanctis
1229 234 1397 274 Angelis.

133 350 231 388 suo,
250 338 275 364 *
295 338 370 390 qui
398 350 487 379 non
516 336 605 388 egit
633 335 784 377 dolum
810 335 855 375 in
881 333 958 375 lin—

132 407 217 446 gua
236 408 329 436 sua:
606 426 608 429 .

183 451 279 493 Nec
298 451 402 493 fecit
419 450 623 502 proximo
644 461 723 490 suo
743 447 917 497 malum,
935 447 959 474 *

134 513 178 550 et
198 507 487 562 opprobrium
506 519 593 549 non
617 506 788 558 accepit
808 504 957 546 adver-

133 578 206 606 sus
225 565 453 618 proximos
472 576 586 605 suos.

184 622 257 663 Ad
275 621 457 662 nihilum
476 619 693 662 deductus
714 623 780 661 est
800 618 844 659 in
859 630 958 659 con-

133 680 289 731 spectu
322 679 412 730 eius
443 677 676 729 malignus:
703 677 727 703 *
754 676 959 717 timentes

133 740 281 777 autem
297 734 537 776 Deminum
555 733 788 784 glorificat:

186 792 271 842 Qui
296 793 408 844 jurat
435 790 639 844 proximo
657 797 766 840 suo,
799 779 849 830 ef
870 801 959 829 non

134 847 311 900 decipit,
329 849 354 875 *
374 848 448 900 qui
471 847 704 900 pecliniam
727 859 851 887 suam
871 858 959 886 non

134 904 256 946 dedit
275 904 332 946 ad
350 908 539 954 usuram,
562 908 606 945 et
625 904 807 944 munera
827 915 960 954 super

133 962 409 1003 innocentem
426 974 515 1002 non
534 960 718 1013 accepit:

185 1018 270 1068 Qui
294 1018 399 1059 facit
423 1017 536 1068 haec,
555 1018 579 1043 *
598 1030 686 1058 non
710 1015 960 1058 movebitur

133 1075 177 1116 in
196 1077 419 1116 aeternum.

187 1139 284 1178 Ant.
355 1130 604 1174 Benedicite
654 1130 798 1171 Deum
850 1129 960 1179 coeli,

133 1187 243 1230 dixit
266 1187 462 1239 Angelus
490 1186 707 1240 RaphaeL
739 1192 782 1228 et
812 1199 961 1227 coram

133 1244 334 1286 omnibus
353 1243 599 1286 viventibus
625 1242 891 1284 confitemini
911 1242 960 1292 ei,

134 1301 236 1353 quia
254 1300 358 1342 fecit
372 1300 602 1342 vobiscum
616 1298 961 1341 misericordiam

132 1371 266 1399 suam.

187 1413 237 1464 V.
279 1414 408 1456 Stetit
447 1412 644 1464 Angelus
684 1413 803 1465 juxta
843 1425 961 1453 aram

132 1470 296 1524 templi.
330 1473 381 1524 Βία
401 1470 582 1512 Habens
600 1469 870 1511 thuribulum
889 1472 961 1510 aii-

133 1539 256 1568 reum
274 1541 318 1568 111
336 1540 467 1568 manu
486 1539 575 1568 sua.

191 1590 393 1624 Lectiones
425 1589 471 1622 de
503 1588 698 1630 Scriptura
730 1592 962 1621 occurrente.

189 1643 239 1695 Κι.
258 1642 282 1682 i.
302 1640 436 1683 Venit
455 1639 642 1681 Michael
660 1639 962 1691 Archangelus

136 1710 236 1738 cum
265 1695 542 1739 multitudine
574 1696 860 1748 Angelorum,
894 1696 964 1737 cui

135 1752 318 1796 tradidit
336 1754 458 1795 Deus
477 1753 644 1795 animas
664 1755 924 1803 sanctorum,
942 1757 963 1779 *

135 1810 196 1852 Ut
218 1809 433 1862 perducat
459 1823 533 1852 eas
556 1810 601 1850 in
619 1808 874 1863 paradisum
893 1822 963 1851 ex-

137 1866 393 1908 sultationis.
421 1863 470 1915 V.
487 1867 651 1908 Emitte
666 1867 854 1908 Domine
869 1867 962 1919 Spi-

135 1923 267 1965 ritum
286 1928 484 1964 sanctum
501 1928 625 1965 tuum
645 1922 700 1965 de
720 1923 860 1973 coelis,
879 1926 962 1975 spi-

136 1978 267 2021 ritum
289 1979 516 2031 sapientiae
540 1983 584 2020 et
605 1978 863 2020 intellectus.
895 1979 964 2021 Ut.

191 2038 240 2089 R.
257 2037 295 2076 ii.
313 2034 560 2088 Resp6ndit
570 2034 765 2086 Angelus
776 2035 964 2086 Demini‚

137 2098 181 2135 et
200 2093 323 2135 dixit:
342 2092 530 2134 Domine
550 2094 831 2143 exercituum,
846 2095 867 2117 *
883 2092 962 2134 Us-

138 2162 313 2203 quequo
332 2155 381 2192 tu
398 2162 487 2191 non
500 2149 778 2191 misereberis
791 2149 816 2190 J
819 2152 961 2190 erusa-

135 2206 222 2248 lem
242 2211 286 2249 et
303 2206 477 2249 urbium
494 2206 519 2247 J
521 2205 623 2256 uda,
650 2205 807 2258 quibus
825 2206 963 2247 iratus

138 2261 207 2305 es?
260 2259 309 2310 V.
343 2264 432 2306 Iste
469 2263 584 2305 enim
615 2262 964 2315 septuagesimus

137 2333 274 2361 annus
294 2325 370 2362 est.
399 2320 653 2373 Usquequo.

192 2380 240 2431 R».
260 2379 313 2419 iii.
334 2377 386 2418 In
405 2378 646 2429 conspectu
665 2375 871 2417 Gentium
888 2388 963 2417 no-

136 2433 212 2475 lite
238 2433 406 2475 timere:
435 2446 515 2475 vos
544 2433 658 2475 enim
684 2432 729 2473 in
755 2431 962 2474 cordibus

138 2490 294 2531 vestris
332 2484 514 2531 adorate
556 2495 599 2532 et
634 2489 784 2531 timete
815 2489 963 2530 Demi-

137 2560 257 2587 num:
287 2549 308 2572 *
336 2545 531 2597 Angelus
559 2546 673 2588 enim
701 2547 792 2598 ejus
820 2545 963 2587 vobis-

138 2615 239 2644 cum
270 2607 346 2644 est.
388 2600 438 2650 V.
470 2602 599 2644 Stetit
623 2602 818 2653 Angelus
846 2602 965 2654 juxta

138 2672 258 2700 aram
288 2658 458 2711 templi,
494 2658 661 2700 habens
695 2658 964 2700 thuribulum

107 2757 109 2765 ,
138 2719 318 2757 aureum
333 2716 377 2756 in
390 2728 521 2756 manu
536 2728 627 2756 sua:
645 2715 850 2767 Angelus.
874 2714 966 2757 Glo-

138 2772 202 2813 ria
220 2772 350 2814 Patri.
378 2771 584 2823 Angelus.
939 2769 958 2773 *⁴

1242 334 1291 372 In
1319 334 1369 372 II.
1398 335 1620 373 Nocturno.

1073 388 1171 428 Ant.
1200 383 1410 428 Ascendit
1427 385 1582 426 fumus.

1295 446 1489 486 l'salrnus
1521 448 1575 485 18.

1017 499 1204 571 ,Vfsmai'ssjoeh
1224 502 1429 541 enarrant
1446 497 1632 549 gloriam
1645 496 1739 545 Dei’
1753 497 1778 523 *
1799 501 1843 537 et

1017 586 1030 616 ¹2³
1039 564 1042 594 i
1050 573 1124 619 V)
1143 559 1279 610 (Spera
1293 558 1501 597 manuum
1513 555 1604 606 eius
1616 552 1843 594 annuntiat

1020 608 1122 639 *5³²1*-
1143 614 1475 655 firmamentum.

1063 672 1170 713 Dies
1203 670 1290 712 diei
1322 672 1492 710 eructat
1520 665 1719 716 verbum,
1747 665 1770 691 *
1799 669 1843 706 et

1012 742 1101 771 nox
1120 727 1240 769 nocti
1258 725 1421 767 indicat
1441 724 1677 766 scientiam.

1064 786 1167 827 Non
1186 788 1286 825 sunt
1303 781 1505 834 loquelae,
1523 793 1666 831 neque
1682 781 1842 821 sermo-

1012 856 1107 893 nes,
1134 843 1157 867 *
1187 853 1374 893 quorum
1400 851 1488 879 non
1512 835 1742 878 audiantur
1770 848 1842 877 vo-

1014 912 1087 941 ces
1115 901 1277 940 eorum.

1064 957 1116 997 In
1144 966 1318 996 omnem
1347 958 1510 994 terram
1544 949 1677 991 exivit
1711 960 1844 988 sonus

1013 1015 1184 1054 eorum:
1217 1012 1241 1037 ²⁸¹
1274 1015 1318 1051 et
1351 1009 1395 1049 in
1429 1008 1538 1048 fines
1567 1006 1686 1048 orbis
1714 1010 1844 1046 terrae

1014 1068 1149 1111 verba
1176 1070 1339 1109 eerum.

1065 1127 1117 1167 In
1142 1124 1235 1166 sole
1255 1122 1403 1176 posuit
1426 1118 1757 1163 tabernaculum
1777 1130 1843 1158 su-

1014 1196 1103 1223 um:
1136 1182 1159 1207 *
1195 1186 1238 1222 et
1270 1180 1365 1232 ipse
1398 1184 1623 1228 tamquam
1655 1187 1844 1227 sponsus

1013 1237 1260 1292 procedens
1280 1236 1334 1278 de
1354 1234 1547 1277 thalamo
1568 1245 1666 1274 suo:

1065 1298 1313 1341 Exsultavit
1345 1302 1393 1338 ut
1425 1296 1546 1347 gigas
1582 1293 1638 1335 ad
1673 1294 1843 1334 curren-

1015 1357 1116 1399 dam
1136 1356 1261 1406 viam,
1280 1355 1304 1381 *
1324 1367 1349 1395 a
1368 1365 1537 1395 summo
1563 1350 1676 1393 coelo
1701 1351 1844 1400 egres-

1014 1414 1079 1455 sio
1096 1414 1218 1465 ejus:

1065 1471 1123 1512 Et
1143 1471 1352 1511 occursus
1377 1467 1467 1519 ejus
1492 1477 1633 1516 usque
1656 1462 1712 1505 ad
1731 1476 1844 1504 sum-

1013 1541 1133 1568 mum
1152 1527 1256 1578 ejus:
1274 1525 1298 1551 *
1316 1536 1398 1565 nec
1418 1528 1484 1564 est
1505 1521 1578 1574 qui
1598 1533 1644 1562 se
1663 1520 1844 1562 abscon-

1015 1583 1091 1626 dat
1110 1597 1135 1625 a
1156 1582 1301 1625 calore
1326 1582 1428 1633 eius.

1066 1641 1160 1681 Lex
1181 1639 1269 1681 Dfii
1287 1635 1566 1678 immaculata
1585 1635 1845 1676 convertens

1017 1697 1195 1738 animas:
1218 1696 1242 1721 *
1265 1693 1562 1737 testimenium
1588 1691 1676 1732 Dffi
1703 1689 1845 1739 fidele,

1017 1753 1276 1806 sapientiam
1293 1755 1509 1804 praestans
1528 1747 1735 1802 parvulis.

1067 1811 1092 1851 J
1093 1810 1254 1852 ustitiae
1271 1807 1447 1850 Demini
1464 1811 1608 1854 rectae,
1622 1803 1845 1846 laetifican-

1016 1872 1083 1909 tes
1121 1865 1272 1908 corda:
1306 1866 1330 1892 *
1363 1865 1637 1917 praeceptum
1669 1859 1846 1901 Demini

1015 1922 1225 1965 lucidum:
1251 1921 1498 1963 illi'iminans
1526 1918 1691 1960 eculos.

1068 1980 1220 2021 Timor
1247 1977 1425 2020 Demini
1452 1981 1645 2025 sanctus,
1677 1975 1845 2027 perma-

1016 2049 1123 2078 nens
1150 2036 1195 2076 in
1222 2034 1431 2076 saeculum
1458 2031 1621 2074 saeculi:
1640 2031 1664 2057 *
1688 2030 1846 2081 judicia

1016 2093 1103 2134 Dfii
1121 2105 1239 2143 vera,
1259 2091 1491 2145 justificata
1509 2089 1553 2130 in
1572 2089 1820 2140 semetipsa.

1068 2147 1389 2191 Desiderabilia
1431 2159 1563 2199 super
1603 2158 1757 2187 aurum
1803 2150 1846 2186 et

1015 2206 1209 2260 lapidem
1243 2205 1487 2258 pretiosum
1517 2202 1715 2245 multum:
1746 2202 1770 2227 *
1802 2206 1846 2243 et

1017 2262 1215 2305 dulciora
1234 2274 1366 2315 super
1383 2260 1471 2302 mel
1489 2265 1533 2302 et
1552 2259 1708 2301 favum.

1067 2319 1241 2361 Etenim
1260 2330 1412 2360 servus
1437 2322 1539 2359 tuus
1564 2315 1756 2362 cust6dit
1782 2327 1843 2365 ea,

1016 2378 1039 2404 *
1079 2376 1123 2416 in
1161 2373 1460 2418 custodiendis
1497 2373 1582 2414 illis
1613 2371 1843 2414 retributio

1015 2432 1162 2474 multa.

1067 2488 1241 2530 Delicta
1265 2487 1361 2539 quis
1379 2485 1600 2537 intelligit?
1626 2485 1680 2526 ab
1701 2482 1843 2525 occul-

1015 2545 1071 2587 tis
1089 2545 1197 2587 meis
1215 2543 1379 2586 munda
1396 2556 1481 2585 me:
1498 2543 1522 2570 *
1542 2547 1586 2584 et
1611 2541 1666 2583 ab
1693 2539 1843 2582 alienis

1015 2614 1148 2655 parce
1168 2614 1295 2643 servo
1314 2606 1403 2643 tuo.

1067 2659 1112 2700 Si
1127 2658 1213 2700 mei
1227 2671 1315 2699 non
1330 2657 1488 2699 fuerint
1503 2653 1724 2702 dominati,
1738 2657 1843 2694 tune

1015 2714 1318 2758 immaculatus
1344 2726 1436 2755 ero:
1454 2714 1478 2739 *
1503 2717 1547 2754 et
1571 2707 1843 2753 emundabor

1017 2784 1042 2813 a
1061 2770 1445 2824 delictossmaximo.
