2040 2976
743 193 945 227 Dominicu
971 193 1020 226 ad
1044 193 1219 227 Primam.

174 292 324 344 Qualis
342 293 488 341 Pater,
513 290 613 332 talis
633 289 784 339 Filius,
804 288 827 314 *
847 287 947 330 talis

121 349 308 402 Spiritus
328 353 516 390 sanctus.

172 407 398 447 Increatus
408 405 550 454 Pater,
565 403 785 444 increatus
801 401 947 452 Filius,

121 463 383 504 *increatus
403 461 590 514 Spiritus
610 464 797 500 sanctus.

172 520 416 560 Immensus
445 518 591 566 Pater,
619 517 857 556 immensus
882 515 948 555 Fi-

121 575 220 624 lius,
239 576 262 601 *
287 576 523 616 immensus
547 573 735 626 Spiritus
760 576 948 613 sanctus.

173 633 383 674 AEternus
410 632 556 679 Pater,
585 631 775 671 aeternus
802 628 948 678 Filius,

121 689 144 714 *
164 690 352 730 aeternus
371 687 557 740 Spiritus
577 691 764 727 sanctus.

172 745 229 786 Et
251 749 398 786 tamen
420 756 508 785 non
531 748 621 784 tres
642 741 808 791 aeterni,
827 742 850 767 *
870 741 949 782 sed

121 814 232 842 unus
251 803 452 842 aeternus.

173 857 293 900 Sicut
311 870 399 899 non
423 862 512 899 tres
532 855 729 905 increati,
755 867 835 896 nec
859 859 949 895 tres

121 915 336 964 immensi,
360 915 383 940 *
409 913 488 955 sed
511 926 622 954 unus
647 913 881 960 increatus,
907 915 950 952 et

122 984 233 1012 unus
252 971 500 1012 immensus.

170 1026 949 1079 SimiliteromnipotensPater,omni-

123 1088 281 1137 potens
305 1083 456 1133 Filius,
475 1084 498 1109 *
518 1085 795 1135 omnipotens
819 1081 949 1134 Spiri-

122 1145 193 1182 tus
214 1145 402 1182 sanctus.

174 1197 232 1238 Et
246 1202 392 1239 tamen
408 1209 495 1238 non
510 1201 600 1238 tres
617 1195 949 1247 omnipotentes

123 1253 146 1279 *
166 1253 245 1296 sed
264 1267 375 1295 unus
395 1255 684 1305 omnipotens.

174 1311 242 1351 Ita
271 1311 392 1352 Deus
420 1311 567 1358 Pater,
599 1309 720 1349 Deus
749 1308 899 1357 Filius,
927 1308 950 1332 *

123 1366 244 1408 Deus
263 1367 450 1419 Spiritus
470 1370 657 1406 sanetus.

174 1422 232 1464 Et
271 1427 418 1464 tamen
454 1434 542 1463 non
578 1426 668 1463 tres
699 1420 785 1461 Dii:
816 1421 840 1446 *
873 1419 951 1462 sed

124 1491 236 1520 unus
256 1483 323 1520 est
340 1479 473 1520 Deus.

175 1535 243 1576 Ita
261 1535 476 1575 Dominus
490 1535 631 1583 Pater,
650 1533 865 1574 Dominus
884 1533 951 1574 Fi-

123 1590 217 1641 lius,
236 1591 259 1617 *
278 1591 493 1632 Dominus
512 1591 698 1643 Spiritus
718 1594 904 1631 sanctus.

175 1648 232 1689 Et
250 1653 397 1690 tamen
411 1660 499 1689 non
513 1652 604 1689 tres
619 1646 810 1688 Demini:
829 1647 852 1672 *
873 1646 952 1688 sed

125 1717 236 1745 unus
257 1709 324 1746 est
341 1704 566 1745 Dominus.

179 1761 308 1811 Quia,
357 1761 468 1802 sicut
513 1759 762 1811 singillatim
806 1772 953 1800 unam-

128 1819 347 1870 quemque
370 1819 606 1870 personam
628 1817 772 1858 Deum
796 1829 847 1857 ac
865 1816 952 1857 Do-

126 1874 289 1915 minum
309 1873 507 1915 confiteri
521 1873 755 1914 christiana
770 1873 953 1914 veritate

127 1930 442 1983 compellimur:
470 1930 493 1956 *
520 1930 581 1971 ita
612 1934 702 1971 tres
730 1929 851 1971 Deos
879 1934 954 1971 aut

126 1986 341 2028 Deminos
357 1986 503 2029 dicere
519 1985 733 2028 catholica
745 1985 953 2036 religione

126 2042 420 2095 prohibemur.

177 2100 308 2142 Pater
336 2113 361 2141 a
387 2100 508 2141 nullo
542 2104 609 2141 est
640 2099 795 2140 factus:
822 2099 846 2124 *
873 2111 954 2140 nec

128 2158 311 2206 creatus,
329 2169 411 2199 nec
428 2157 609 2208 genitus.

178 2212 313 2254 Filius
333 2226 359 2254 a
375 2214 506 2255 Patre
526 2212 622 2254 solo
648 2217 728 2254 est:
747 2212 770 2238 *
789 2224 877 2253 non
895 2211 953 2253 fa-

129 2273 235 2318 ctm,
254 2282 334 2311 nec
354 2272 537 2319 creatus,
558 2269 637 2311 sed
655 2269 836 2320 genitus.

179 2325 365 2378 Spiritus
386 2331 562 2368 sanctus
582 2339 607 2367 a
620 2326 751 2367 Patre
771 2329 814 2366 et
828 2324 952 2366 Filio:

127 2382 150 2407 *
170 2394 258 2423 non
277 2382 432 2432 faetus,
460 2396 541 2424 nec
565 2384 752 2431 creatus,
780 2393 860 2423 nec
883 2383 953 2432 ge-

128 2438 254 2488 nitus,
275 2438 354 2480 sed
371 2438 626 2491 procedens.

179 2494 301 2536 Unus
318 2507 422 2545 ergo
432 2495 573 2544 Pater,
588 2508 676 2536 non
685 2499 776 2536 tres
786 2495 954 2536 Patres·

128 2563 239 2591 unus
264 2551 414 2600 Filius,
442 2563 529 2592 non
552 2556 641 2592 tres
666 2550 776 2591 Filii:
795 2551 818 2576 *
842 2563 953 2591 unus

128 2607 312 2659 Spiritus
333 2612 524 2657 sanctus,
548 2620 636 2648 non
658 2612 748 2648 tres
768 2607 953 2659 Spiritus

129 2664 277 2704 sancti.

179 2719 237 2761 Et
267 2720 311 2760 in
341 2719 424 2762 hac
450 2719 664 2761 Trinitete
696 2719 800 2760 nihil
831 2720 952 2773 prius

1001 292 1076 328 aut
1103 287 1339 339 posterius,
1367 287 1471 328 nihil
1494 288 1632 339 majus
1658 291 1732 327 aut
1755 287 1829 327 mi-

1001 357 1097 385 nus:
1122 344 1145 369 *
1171 342 1250 385 sed
1277 349 1383 385 totae
1411 350 1501 386 tres
1528 346 1731 397 personae
1761 356 1830 384 co-

1003 403 1179 442 aeternae
1200 399 1282 442 sibi
1302 406 1402 442 sunt
1422 405 1465 442 et
1484 400 1743 452 coaequales.

1054 458 1122 499 Ita
1140 462 1188 498 ut
1202 470 1282 509 per
1298 457 1453 506 emnia,
1474 457 1585 498 sicut
1600 458 1683 508 jam
1699 470 1831 509 supra

1003 514 1168 556 dictum
1188 518 1264 563 est,
1280 514 1303 539 *
1319 519 1362 555 et
1381 514 1524 555 unitas
1543 514 1586 553 in
1605 514 1830 563 Trinitate,

1003 576 1047 613 et
1066 571 1258 612 Trinitas
1273 571 1316 611 in
1327 571 1492 612 uniteite
1504 569 1752 611 veneranda
1765 570 1831 611 sit.

1056 628 1139 678 Qui
1163 627 1255 668 vult
1280 640 1385 678 ergo
1411 626 1557 668 salvus
1587 639 1700 675 esse,
1724 627 1747 651 *
1771 627 1831 667 ita

1004 685 1058 726 de
1078 684 1292 726 Trinitate
1314 684 1482 725 sentiat.

1054 740 1141 783 Sed
1156 741 1453 782 necessarium
1470 745 1537 782 est
1552 739 1608 781 ad
1624 741 1831 781 aeternam

1004 799 1204 847 salutem,
1228 798 1251 823 *
1280 802 1327 838 ut
1351 797 1701 838 Incarnationem
1728 810 1830 848 quo-

1005 868 1088 907 que
1108 854 1285 895 Domini
1308 854 1448 895 nostri
1472 854 1496 894 J
1499 867 1576 895 esu
1602 853 1762 894 Christi
1787 853 1831 893 fi-

1004 911 1158 953 deliter
1179 910 1340 953 credat.

1055 969 1135 1010 Est
1164 981 1268 1018 ergo
1298 967 1408 1009 fides
1437 971 1572 1016 recta,
1609 971 1657 1007 ut
1684 966 1832 1007 crede-

1002 1038 1099 1066 mus
1125 1030 1168 1066 et
1194 1025 1497 1073 confiteamur,
1517 1024 1540 1049 *
1561 1023 1662 1075 quia
1685 1023 1832 1063 Domi-

1003 1095 1084 1123 nus
1108 1087 1258 1123 noster
1282 1081 1306 1122 J
1309 1094 1410 1122 esus
1437 1080 1634 1122 Christus
1659 1080 1742 1121 Dei
1766 1080 1832 1120 Fi-

1003 1139 1097 1188 lius,
1116 1139 1237 1179 Deus
1258 1143 1301 1179 et
1320 1138 1453 1178 homo
1475 1141 1551 1179 est.

1055 1195 1177 1236 Deus
1215 1199 1281 1236 est
1318 1207 1372 1236 ex
1410 1193 1654 1235 substantia
1689 1192 1832 1234 Patris

1005 1256 1104 1296 ante
1142 1251 1303 1292 saecula
1339 1251 1524 1301 genitus:
1561 1250 1584 1276 *
1622 1254 1666 1291 et
1700 1249 1832 1290 homo

1005 1312 1072 1349 est
1096 1321 1150 1349 ex
1175 1307 1419 1349 substantia
1437 1307 1588 1347 matris
1608 1306 1651 1346 in
1670 1305 1832 1346 saeculo

1003 1369 1141 1405 natus.

1055 1421 1280 1462 Perfectus
1295 1421 1427 1470 Deus,
1446 1420 1666 1472 perfectus
1685 1419 1832 1459 homo:

1004 1478 1027 1503 *
1061 1490 1115 1519 ex
1148 1477 1290 1518 anima
1323 1476 1537 1526 rationali,
1570 1481 1613 1517 et
1644 1475 1833 1516 humana

1005 1547 1134 1575 carne
1156 1533 1410 1575 subsistens.

1057 1590 1258 1643 AEque'llis
1277 1590 1395 1631 Patri
1421 1588 1660 1631 secundum
1685 1587 1833 1629 divini-

1004 1649 1155 1689 tatem:
1191 1648 1214 1672 *
1250 1647 1392 1688 minor
1426 1647 1556 1687 Patre
1593 1644 1833 1686 secundum

1005 1703 1329 1745 humanitatem.

1058 1761 1152 1811 Qui,
1167 1760 1268 1802 licet
1282 1761 1404 1801 Deus
1420 1760 1475 1801 sit
1491 1764 1534 1801 et
1548 1758 1692 1807 homo,
1708 1759 1731 1783 *
1745 1770 1834 1799 non

1006 1816 1093 1859 duo
1113 1822 1273 1867 tamen,
1299 1816 1378 1858 sed
1402 1829 1513 1857 unus
1538 1820 1604 1857 est
1625 1814 1832 1856 Christus.

1057 1874 1179 1916 Unus
1199 1878 1345 1915 autem
1363 1886 1451 1915 non
1471 1872 1757 1914 conversione
1774 1871 1832 1912 di-

1006 1930 1198 1972 vinitatis
1225 1931 1268 1971 in
1297 1943 1486 1980 carnem3
1511 1930 1534 1955 *
1563 1929 1642 1970 sed
1670 1941 1832 1969 assum-

1005 1987 1155 2040 pti6ne
1175 1986 1456 2028 humanitatis
1475 1987 1518 2027 in
1537 1987 1691 2027 Deum.

1058 2043 1180 2085 Unus
1217 2045 1413 2093 omnino,
1455 2055 1543 2084 non
1580 2041 1833 2084 confusione

1006 2099 1274 2149 substantiae,
1294 2100 1317 2125 *
1337 2099 1416 2141 sed
1435 2099 1600 2140 unitate
1618 2100 1832 2151 personae.

1057 2155 1171 2197 Nam
1210 2156 1321 2198 sicut
1358 2157 1501 2197 anima
1533 2154 1757 2214 rationalis
1791 2159 1833 2195 et

1006 2225 1109 2254 caro
1135 2226 1246 2254 unus
1272 2217 1339 2254 est
1361 2212 1509 2254 homo:
1527 2213 1551 2238 *
1570 2212 1630 2253 ita
1649 2212 1770 2252 Deus
1790 2215 1833 2252 et

1005 2269 1137 2311 homo
1157 2283 1268 2310 unus
1289 2274 1356 2311 est
1377 2269 1585 2311 Christus.

1059 2326 1142 2376 Qui
1160 2339 1317 2378 passus
1337 2331 1404 2367 est
1417 2338 1499 2378 pro
1516 2325 1654 2366 salute
1669 2329 1832 2366 nostra:

1007 2381 1236 2424 descendit
1267 2382 1323 2424 ad
1355 2382 1533 2423 inferos:
1556 2382 1579 2407 *
1603 2381 1731 2423 tertia
1763 2380 1832 2422 die

1006 2439 1244 2480 resurrexit
1263 2451 1288 2479 a
1306 2438 1501 2479 mortuis.

1059 2494 1271 2536 Ascendit
1307 2494 1363 2536 ad
1405 2494 1562 2544 coelos,
1612 2493 1736 2535 sedet
1777 2492 1832 2534 ad

1007 2551 1232 2593 dexteram
1251 2551 1334 2592 Dei
1348 2551 1491 2592 Patris
1507 2549 1831 2603 omnipotentis:

1006 2606 1148 2649 *inde
1168 2610 1377 2649 venturus
1403 2612 1470 2649 est
1492 2606 1683 2659 judicare
1708 2606 1830 2646 vivos

1007 2669 1051 2705 et
1069 2666 1279 2705 mortuos.

1058 2719 1131 2762 Ad
1158 2721 1278 2773 cujus
1311 2719 1545 2762 adventum
1577 2730 1728 2760 omnes
1755 2716 1830 2758 ho-

1701 2812 1800 2819 ——v
