2040 2976
622 212 691 246 Die
719 213 775 246 10.
804 212 977 259 Augusti.

216 313 317 353 Ant.
342 312 506 352 Beatus
528 309 792 351 Laurentius
817 310 841 336 *
865 308 991 350 dixit:

160 367 260 409 Mea
278 379 367 408 nox
387 366 623 409 obscurum
641 379 729 408 non
747 365 891 416 habet,
911 365 991 407 sed

162 424 306 465 omnia
323 424 368 464 in
385 423 482 465 luce
503 423 760 465 clarescunt.

446 487 645 528 Psalmus
674 489 710 526 8.

162 537 399 643 Demine
415 541 628 582 Dominus
644 546 805 591 noster,
819 542 842 567 *
859 555 990 594 quam

275 596 532 640 admirabile
568 603 636 640 est
670 610 836 640 nomen
866 603 990 640 tuum

161 654 206 694 in
223 654 427 696 universa
445 654 578 697 terra!
616 681 620 686 ·

164 730 167 732 ·
213 711 430 762 Quoniam
445 712 615 754 elevata
631 716 698 753 est
711 712 988 763 magnificen-

161 768 222 808 tia
241 772 326 818 tua,
344 769 368 794 *
388 781 521 821 super
540 768 689 810 coelos.

212 824 280 865 Ex
308 837 385 866 ore
412 825 642 866 infantium
667 830 711 867 et
733 825 987 867 lactentium

160 881 384 933 perfecisti
398 881 574 923 laudem
590 886 774 935 propter
787 882 987 924 inimicos

160 942 271 988 tuos,
290 938 314 963 *
333 943 382 980 ut
401 938 602 980 destruas
621 939 844 984 inimicum
865 944 908 981 et
927 940 987 980 ul-

161 996 314 1036 torem.

213 1052 429 1102 Queniam
447 1051 608 1094 videbo
635 1051 774 1093 coelos
797 1057 914 1102 11108,
944 1055 987 1094 ό-

159 1120 267 1160 pera
295 1108 532 1159 digitorum
559 1110 751 1150 tuorum:
784 1109 807 1135 *
840 1109 988 1150 lunam

161 1169 204 1205 et
223 1164 381 1215 stellas,
403 1178 500 1218 quae
519 1170 568 1207 tu
585 1165 790 1207 fundasti.

212 1221 327 1272 Quid
347 1221 581 1272 est'homo,
608 1221 727 1274 quod
750 1235 919 1264 memor
941 1235 987 1264 es

160 1276 273 1329 ejus?
293 1278 316 1304 *
336 1283 411 1320 3111
429 1278 543 1320 filius
561 1278 761 1328 heminis,
781 1279 988 1332 quoniam

160 1334 310 1376 visitas
330 1333 456 1376 eum?

212 1391 405 1433 Minuisti
442 1405 542 1434 eum
582 1393 715 1445 paulo
752 1392 894 1433 minus
931 1392 986 1434 ab

160 1447 356 1499 Angelis,
380 1448 519 1500 gloria
545 1454 588 1494 et
611 1449 780 1491 honore
806 1451 987 1491 corona-

160 1504 216 1545 sti
231 1517 345 1546 eum:
360 1506 383 1531 *
403 1510 447 1547 et
461 1506 726 1547 constituisti
741 1519 840 1565 eum
855 1518 987 1558 super

161 1562 296 1613 Opera
315 1563 524 1603 manuum
542 1564 727 1604 tuarum.

211 1617 368 1660 Omnia
413 1618 635 1671 subjecisti
680 1618 761 1660 sub
797 1618 986 1671 pedibus

93 1694 97 1698 ·
159 1675 260 1726 61118,
278 1675 303 1701 *
322 1687 428 1717 oves
447 1680 491 1717 et
509 1675 648 1717 boves
666 1676 908 1717 universas:
925 1677 987 1716 in-

159 1744 292 1784 super
311 1736 358 1783 et
372 1733 536 1784 pecora
555 1732 710 1785 campi.

210 1787 428 1830 Volucres
447 1788 559 1838 coeli,
579 1794 622 1830 et
640 1789 785 1842 pisces
804 1789 948 1838 maris,
963 1789 986 1814 *

160 1844 233 1896 qui
255 1844 563 1897 perambulant
582 1846 759 1887 semitas
778 1845 921 1886 maris.

210 1901 400 1943 Domine
411 1902 628 1943 Dominus
643 1906 804 1952 noster,
814 1902 838 1928 *
855 1914 987 1954 quam

160 1956 416 1999 admirabile
436 1963 503 2000 est
520 1971 681 2000 nomen
695 1962 820 2000 tuum
838 1958 882 1999 in
896 1958 987 1999 uni-

158 2014 288 2071 versa
305 2013 438 2055 terra!

211 2075 310 2116 Ant.
355 2075 518 2126 Beatus
553 2075 815 2117 Laurentius
859 2074 987 2117 dixit:

157 2130 256 2171 Mea
274 2143 363 2172 nox
382 2131 619 2174 obscurum
638 2145 727 2174 non
744 2131 988 2182 habet,'sed

160 2187 304 2228 omnia
322 2188 366 2228 in
383 2188 481 2230 luce
501 2189 757 2231 clarescunt.

212 2247 263 2296 V.
273 2249 467 2291 Posuisti
477 2250 575 2291 Dfie
590 2263 722 2303 super
736 2255 870 2303 caput
885 2250 987 2302 ejus.

159 2306 210 2358 R.
232 2305 452 2347 Coronam
471 2305 526 2348 de
544 2305 693 2359 lapide
711 2307 922 2360 pretioso.

243 2383 396 2425 Sermo
416 2384 556 2426 sancti
572 2383 736 2427 Leenis
754 2385 901 2437 Papae.

196 2452 236 2486 In
256 2453 386 2486 Natali
402 2452 437 2487 S.
455 2453 662 2498 Laurentii,
679 2460 769 2498 post
786 2455 947 2489 initium.

462 2519 688 2559 Lectio'1V.

163 2580 268 2663 (f
187 2587 270 2701 *1'
280 2575 400 2672 1ῗηῖ
398 2587 475 2671 Ἣ)
478 2575 768 2672 Γεῖἰὲῗῖὲὲῖὲῗ
792 2577 985 2628 mesta

187 2664 265 2713 *⁸:ss
297 2687 459 2729 Christi
485 2687 683 2729 membra
711 2644 987 2737 saevi'lriessqldg

156 2746 380 2796 praecipue
418 2756 513 2794 eos,
551 2744 625 2796 qui
661 2743 827 2786 ordinis
864 2749 987 2787 erant

310 2885 376 2909 Pars
392 2885 500 2911 AEstiva.

1025 212 1060 246 S.
1086 212 1282 246 Laurentii
1308 213 1416 246 Mart.

1044 310 1344 359 sacerdotaliS,
1358 309 1602 361 impeteret,
1617 308 1660 349 in
1676 309 1877 349 Levitam

1042 365 1343 417 Laurentium,
1373 365 1447 418 qui
1471 378 1560 406 non
1584 365 1728 406 solum
1756 364 1876 405 mini-

1043 423 1179 465 sterio
1208 423 1600 471 sacramentorum,
1632 421 1712 463 sed
1745 422 1878 463 etiam

1043 479 1374 532 dispensatione
1420 477 1735 520 ecclesiasticae
1777 478 1876 519 sub-

1043 536 1217 578 stantiae
1241 534 1568 589 praeeminebat,
1594 535 1754 587 impius
1779 548 1876 588 per-

1042 596 1230 635 secutor
1256 592 1474 642 efferbuit,
1519 591 1747 657 duplicem
1792 591 1876 633 sibi

1041 649 1242 703 praedam
1266 650 1322 691 de
1341 652 1468 691 unius
1486 648 1569 689 viri
1591 648 1877 701 comprehen-

1042 707 1164 749 810116
1187 709 1466 760 promittens:
1494 718 1625 758 quem
1646 705 1683 746 si
1700 705 1878 748 fecisset

1042 777 1180 806 sacrae
1200 764 1401 817 pecuniae
1419 762 1692 813 traditorem,
1711 762 1878 804 faceret

1043 821 1174 863 etiam
1210 833 1328 862 verae
1373 819 1597 871 religionis
1644 821 1877 861 exsortem.

1042 878 1252 919 Armatur
1270 879 1419 929 itaque
1438 877 1613 928 gemina
1627 876 1721 917 face
1742 875 1876 917 homo

1041 935 1243 987 pecuniae
1272 933 1474 986 cupidus,
1503 938 1547 975 et
1573 932 1773 975 veritatis
1801 933 1876 973 ini-

1040 994 1195 1033 micus:
1227 991 1425 1040 avaritia,
1458 995 1506 1032 ut
1533 990 1678 1043 rapiat
1706 1002 1877 1031 aurum:

1041 1048 1279 1101 impietate,
1294 1053 1343 1090 ut
1357 1048 1527 1089 auferat
1542 1047 1776 1088 Christum.
1794 1047 1876 1088 Ρό-

1042 1105 1175 1147 8111131
1200 1105 1285 1147 sibi
1308 1105 1363 1147 ab
1390 1104 1671 1146 immaculato
1699 1104 1878 1144 sacrarii

1041 1162 1235 1215 praesule·
1265 1175 1375 1215 opes
1410 1161 1750 1211 ecclesiasticas,
1786 1161 1876 1213 qui-

1040 1218 1123 1260 bus
1155 1218 1435 1260 avidissimus
1466 1217 1678 1267 inhiabat,
1715 1217 1876 1259 inferri.

1041 1275 1121 1317 Cui
1139 1276 1295 1318 Levita
1314 1275 1600 1324 castissimus,
1622 1274 1698 1316 ubi
1718 1287 1792 1316 eas
1811 1288 1875 1316 re-

1040 1333 1209 1385 pesitas
1233 1332 1428 1382 haberet,
1455 1331 1704 1381 ostendens,
1728 1344 1875 1373 nume-

1040 1389 1293 1435 rosissimos
1339 1391 1593 1430 sanctorum
1630 1391 1877 1441 pauperum

1041 1445 1201 1488 obtulit
1219 1459 1386 1503 greges,
1406 1446 1450 1486 in
1471 1458 1658 1498 quorum
1677 1445 1796 1487 victu
1816 1449 1876 1486 at-

1042 1516 1127 1555 que
1145 1499 1310 1544 vestitu
1333 1501 1641 1544 inamissibiles
1669 1501 1875 1543 condide-

1039 1565 1107 1602 rat
1124 1559 1373 1602 facultates:
1396 1572 1495 1612 quae
1518 1563 1642 1601 tanto
1662 1558 1875 1610 integrius

1040 1621 1164 1658 erant
1191 1616 1336 1666 salvae,
1365 1621 1531 1669 quanto
1557 1615 1752 1656 sanctius
1776 1628 1875 1668 pro-

1039 1673 1257 1715 babantur
1277 1675 1496 1726 expensae.
1542 1709 1544 1711 ,

1096 1746 1146 1797 R.
1162 1744 1260 1793 Quo
1280 1740 1564 1796 progrederis
1584 1740 1676 1782 sine
1692 1741 1784 1782 filio
1800 1755 1874 1794 pa-

1039 1797 1130 1840 ter?
1152 1812 1240 1851 quo
1262 1798 1471 1840 sacerdos
1488 1802 1651 1847 sancte,
1670 1798 1763 1839 sine
1785 1797 1873 1839 dia-

1040 1868 1154 1897 cono
1191 1853 1432 1909 preperas?
1475 1860 1497 1883 *
1531 1854 1601 1894 Tu
1637 1867 1876 1906 numquam

1041 1912 1134 1953 sine
1178 1913 1379 1954 ministro
1417 1911 1680 1952 sacrificium
1716 1910 1875 1953 offerre

1040 1971 1345 2010 consueveras.
1384 1966 1434 2018 (Ψ.
1457 1968 1573 2018 Quid
1599 1981 1704 2019 ergo
1732 1968 1777 2008 in
1795 1965 1875 2009 'me

1041 2024 1265 2078 displicuit
1296 2024 1552 2078 paternitati
1583 2023 1696 2066 tuae?
1741 2024 1874 2065 Num-

1041 2081 1147 2134 quid
1167 2081 1430 2133 degenerem
1449 2093 1520 2131 me
1538 2080 1761 2133 probasti?
1789 2081 1873 2122 Ex-

1040 2141 1184 2191 perire
1216 2142 1363 2193 utrum
1391 2136 1600 2179 idoneum
1626 2138 1874 2179 ministrum

1041 2194 1238 2245 elegeriS,
1269 2195 1338 2236 cui
1366 2194 1626 2236 commisisti
1652 2194 1875 2236 Dominici

1040 2251 1264 2302 sanguinis
1284 2251 1670 2304 dispensationem.
1698 2251 1778 2292 Tu.

1354 2336 1506 2377 Lectio
1526 2351 1563 2375 v.
1610 2353 1620 2361 »

1042 2402 1249 2508 Fremit
1265 2419 1371 2458 ergo
1390 2406 1808 2458 praedofrustratuS,
1829 2411 1874 2448 et

1143 2464 1187 2504 in
1204 2463 1355 2506 edium
1369 2464 1606 2515 religienis,
1627 2477 1726 2517 quae
1739 2463 1872 2505 talem
1928 2498 1930 2501 .

1039 2519 1291 2562 divitiarum
1310 2534 1440 2562 usum
1457 2521 1730 2570 instituisset,
1749 2519 1870 2561 arde-

1039 2589 1178 2627 scens,
1202 2576 1497 2630 direptienem
1512 2577 1711 2619 thesauri
1729 2575 1870 2629 potio-

1038 2633 1098 2674 ris
1123 2632 1387 2685 aggreditur,
1412 2633 1532 2686 apud
1557 2646 1690 2685 quem
1707 2631 1871 2672 nullam

1039 2689 1318 2732 denariorum
1359 2689 1650 2732 substantiam
1674 2690 1870 2740 ,reperis-

1038 2751 1121 2787 set:
1140 2751 1189 2788 ut
1207 2745 1315 2788 illud
1335 2746 1598 2798 depositum,
1619 2757 1708 2796 quo
1727 2746 1870 2785 sacra-

1595 2877 1670 2924 32¹⁸,
