2040 2976
528 193 599 227 Die
623 194 653 227 6.
678 192 783 227 Julii.
828 192 872 226 In
898 192 1044 227 Octava
1070 192 1125 226 Ss.
1151 193 1254 227 Petri
1280 197 1316 227 et
1340 194 1460 227 Pauli.

146 291 264 339 rena,
285 295 328 331 et
347 289 459 331 clavi
474 290 592 331 Petri
610 303 692 342 pro
712 290 895 341 gemmis
913 291 973 331 in-

146 346 245 387 fixis
264 346 308 386 in
323 346 582 388 diademate.
606 350 657 400 R.
673 347 754 389 Isti
769 352 877 389 sunt.
892 347 974 399 [10]

370 418 419 456 In
438 418 509 457 III.
529 418 752 457 Nocturno.

148 478 299 519 Lectio
326 477 465 520 sancti
487 477 712 528 Evangelii
734 477 974 519 secundum

427 533 694 575 Matthaeum.

221 595 373 636 Lectio
394 596 461 636 vii.
679 596 905 647 Cap.14.c.

193 668 221 694 n
249 654 324 695 illo
352 657 567 707 tempore:
598 654 820 707 Compulit
846 654 973 695 Jesus

211 710 455 764 discipulos
480 710 718 752 ascendere
737 710 780 763 in
799 713 972 751 navicu-

146 767 249 817 lam,
278 772 323 809 et
348 766 604 820 praecedere
629 780 729 808 eum
752 772 873 809 trans
892 767 972 809 fre-

146 829 256 873 tum,
284 823 425 866 donec
453 823 694 865 dimitteret
720 823 881 865 turbas.
918 824 974 865 Et

146 880 324 932 reliqua.

155 955 348 997 Homilia
366 955 405 996 S.
424 954 683 1006 Hieronymi
697 954 960 1007 Presbyteri.

174 1020 256 1055 Lib.
279 1021 310 1055 2.
335 1021 546 1057 Comment.
573 1023 612 1057 in
637 1034 718 1067 cap.
746 1024 795 1058 14.
819 1024 950 1059 Matth.

151 1080 264 1095 ἑξ
279 1076 474 1129 iscipulis
510 1076 724 1118 Dominus
760 1078 973 1130 praecepit

160 1127 249 1188 221⁵!
295 1133 596 1183 transfretare,
622 1139 666 1175 et
692 1134 902 1186 compulit
925 1140 973 1176 ut

237 1194 271 1213 ⁴—‘'
295 1188 581 1231 ascenderent
599 1190 854 1231 naviculam.
874 1191 971 1241 Quo

146 1247 347 1287 sermene
376 1245 632 1296 ostenditur,
658 1247 819 1288 invitos
844 1259 920 1288 eos
947 1260 972 1288 a

144 1301 334 1343 Domino
375 1304 628 1353 recessisse,
675 1303 779 1344 dum
822 1306 971 1346 amore

145 1359 432 1410 praeceptoris
464 1371 518 1400 ne
549 1364 763 1411 punctum
795 1360 972 1412 quidem

145 1414 356 1466 temporis
393 1414 447 1456 ab
488 1428 541 1456 eo
578 1415 729 1457 volunt
765 1417 970 1468 separari.

144 1469 202 1511 Et
221 1470 400 1513 dimissa
422 1471 552 1513 turba
570 1471 769 1514 ascendit
788 1473 832 1512 in
851 1485 970 1514 mon-

144 1527 234 1567 tem
261 1527 383 1568 solus
411 1530 547 1569 orare.
588 1528 633 1570 Si
660 1528 843 1570 fuissent
871 1542 971 1570 cum

145 1594 198 1624 eo
227 1582 431 1636 discipuli
453 1584 611 1626 Petrus
640 1589 684 1626 et
709 1584 902 1626 Jacobus
928 1590 971 1627 et

143 1639 353 1690 JoanneS,
410 1641 484 1692 qui
536 1640 737 1683 viderant
785 1642 971 1692 gleriam

142 1696 451 1747 transformati,
470 1697 650 1739 forsitan
669 1697 971 1740 ascendissent

143 1751 188 1792 in
211 1757 407 1794 montem
433 1766 531 1795 cum
557 1767 627 1796 eo:
656 1753 736 1796 sed
759 1754 888 1796 turba
913 1754 971 1796 ad

145 1807 347 1850 sublimia
365 1810 490 1861 sequi
507 1823 594 1852 non
614 1815 774 1863 potest,
791 1811 875 1851 nisi
894 1810 968 1853 do-

144 1865 284 1907 caerit
313 1878 411 1907 eam
437 1868 556 1919 juxta
583 1880 704 1909 mare
730 1868 775 1908 in
802 1867 969 1918 littore,

145 1925 188 1962 et
206 1921 362 1964 aluerit
379 1923 423 1963 in
443 1922 631 1965 deserto.

200 1978 339 2029 Rstti
353 1984 452 2021 sunt
469 1980 544 2032 qui
557 1980 753 2022 viventes
768 1980 813 2021 in
828 1992 968 2030 carne,

143 2033 450 2086 plantaverunt
481 2036 723 2078 Ecclesiam
759 2037 969 2088 sanguine

144 2102 239 2131 suo:
278 2092 302 2116 *
320 2091 510 2134 Calicem
523 2093 610 2134 Dfii
628 2092 843 2143 biberunt,
863 2098 907 2135 et
926 2106 967 2134 a·

143 2147 245 2188 mici
262 2147 346 2189 Dei
365 2148 468 2191 facti
487 2155 598 2191 sunt.
650 2144 700 2196 V.
723 2150 774 2190 In
794 2162 968 2191 omnem

142 2207 303 2252 terram
309 2205 442 2247 exivit
448 2219 581 2248 sonus
589 2208 796 2256 eorum‚et
803 2206 847 2246 in
858 2206 968 2247 fines

144 2260 262 2303 orbis
280 2267 410 2303 terrae
423 2262 559 2304 verba
578 2264 739 2304 eorum.
766 2262 968 2303 Calicem.

437 2327 589 2368 Lectio
609 2326 692 2367 viii.

112 2428 115 2430 ,
151 2360 320 2485 Quod
343 2388 490 2424 autem
512 2383 710 2425 ascendit
733 2382 854 2424 solus
874 2384 967 2423 ora-

243 2451 302 2488 re,
320 2451 410 2480 non
429 2438 485 2480 ad
505 2451 604 2480 eum
623 2439 798 2487 referas,
819 2438 893 2489 qui
913 2437 968 2479 de

145 2495 336 2547 quinque
349 2494 538 2547 panibus
554 2495 744 2546 quinque
755 2493 890 2535 millia
903 2507 967 2534 sa-

143 2551 304 2592 turavit
326 2550 567 2599 heminum,
593 2550 789 2602 exceptis
812 2552 967 2601 parvu-

143 2605 197 2647 lis
217 2611 261 2647 et
279 2605 547 2655 mulieribus;
576 2605 655 2647 sed
675 2605 731 2646 ad
750 2618 866 2654 eum,
895 2605 968 2657 qui

144 2661 293 2703 audita
323 2666 465 2703 morte
497 2662 522 2702 J
525 2661 676 2702 oannis
709 2661 890 2702 secessit
912 2661 968 2701 in

145 2717 438 2759 solitudinem:
471 2730 560 2758 non
588 2716 708 2769 quod
734 2718 969 2769 persenam

299 2857 362 2880 Pars
379 2857 487 2880 AEstiva.

1024 290 1202 332 Domini
1220 294 1489 345 separemuS,
1510 295 1590 336 sed
1611 295 1731 347 quod
1750 299 1851 350 ope-

1024 360 1073 388 ra
1105 348 1195 399 ejus
1228 349 1340 391 inter
1369 350 1512 391 Deum
1543 351 1851 405 hominemque

1025 404 1166 446 divisa
1185 405 1280 447 sint.
1307 406 1520 448 Navicula
1539 413 1686 450 autem
1703 409 1748 450 in
1765 412 1852 451 me-

1025 461 1098 502 dio
1122 462 1232 502 mari
1255 462 1499 513 jactabatur
1518 462 1734 507 fluctibus.
1769 466 1851 508 Re-

1025 522 1095 559 cte
1142 519 1266 569 quasi
1310 519 1434 560 inviti
1479 525 1523 562 et
1563 524 1851 564 retractantes

1024 574 1232 626 Apestoli
1247 588 1272 615 a
1286 575 1478 618 Demino
1493 579 1776 629 recesserant,
1797 592 1852 621 ne

1024 630 1099 671 illo
1125 630 1306 673 absente
1328 633 1554 684 naufragia
1578 635 1851 678 sustinerent.

1080 690 1131 741 Rz.
1147 688 1227 729 Isti
1245 693 1346 729 sunt
1364 689 1446 730 viri
1466 691 1616 741 sancti,
1637 704 1748 743 quos
1768 693 1850 734 ele-

1023 743 1086 794 git
1107 744 1322 786 D6minus
1349 745 1392 785 in
1421 747 1602 788 caritate
1629 760 1717 789 non
1738 749 1851 799 ficta,

1025 805 1068 842 et
1088 800 1210 843 dedit
1229 802 1314 843 illis
1328 802 1514 853 gleriam
1529 805 1852 862 sempiternam:

1029 862 1051 885 *
1063 858 1260 908 Quorum
1275 859 1476 901 doctrina
1491 860 1626 912 fulget
1643 862 1852 912 Ecclesia,

1024 919 1072 956 ut
1097 915 1190 957 sole
1215 916 1328 957 luna.
1369 909 1419 961 Y.
1440 917 1588 958 Sancti
1614 931 1694 970 per
1719 918 1852 960 fidem

1024 971 1220 1014 vicerunt
1243 985 1392 1024 regna,
1421 975 1594 1026 operati
1618 980 1718 1016 sunt
1736 976 1851 1027 justi-

1023 1028 1140 1069 tiam.
1186 1029 1393 1079 Quorum.
1440 1030 1602 1072 Gloria.
1645 1032 1851 1081 Quorum.

1326 1091 1478 1131 Lectio
1500 1091 1553 1130 ix.

1028 1143 1273 1248 Denique
1301 1147 1491 1189 Demino
1518 1149 1563 1189 in
1595 1150 1756 1191 montis
1784 1163 1850 1191 ca-

1126 1204 1297 1245 camine
1340 1207 1658 1255 commorante,
1704 1207 1850 1248 statim

1022 1264 1177 1301 ventus
1198 1262 1444 1302 contrarius
1465 1262 1615 1312 eritur,
1640 1267 1684 1304 et
1702 1263 1851 1305 turbat

1022 1329 1160 1365 mare,
1181 1321 1224 1358 et
1241 1317 1544 1369 periclitantur
1564 1318 1784 1371 Apostoli:
1807 1324 1850 1361 et

1022 1373 1191 1414 tamdiu
1209 1374 1439 1415 imminens
1462 1375 1735 1426 naufragium
1754 1389 1848 1428 per-

1022 1431 1209 1480 severat,
1262 1431 1470 1483 quamdiu
1517 1432 1542 1472 J
1544 1444 1645 1473 esus
1693 1433 1849 1474 veniat.

1023 1486 1189 1536 Quarta
1214 1492 1360 1529 autem
1385 1487 1532 1538 vigilia
1562 1489 1704 1530 noctis
1730 1490 1849 1530 venit

1022 1543 1078 1584 ad
1098 1555 1174 1584 eos
1194 1543 1421 1586 ambulans
1442 1557 1575 1597 supra
1595 1558 1724 1587 mare.
1757 1546 1848 1587 Sta-

1021 1599 1163 1641 tiones
1190 1605 1232 1642 et
1251 1600 1410 1652 vigiliae
1434 1601 1643 1643 militares
1662 1602 1706 1642 in
1725 1608 1850 1644 terna

1021 1655 1229 1698 horarum
1248 1658 1392 1710 spatia
1414 1657 1676 1699 dividuntur.
1707 1659 1848 1708 Quan-

1023 1711 1082 1754 do
1102 1725 1207 1764 ergo
1228 1713 1344 1764 dicit,
1367 1719 1523 1765 quarta
1540 1714 1688 1765 vigilia
1706 1715 1849 1755 noctis

1023 1771 1195 1811 venisse
1214 1769 1271 1811 ad
1290 1783 1366 1811 eos
1385 1770 1634 1820 Dominum,
1657 1770 1849 1812 ostendit

1021 1829 1116 1866 tota
1134 1830 1266 1867 nocte
1283 1826 1569 1878 periclitatos;
1591 1831 1634 1867 et
1651 1827 1847 1867 extremo

1021 1881 1184 1931 noctis,
1223 1887 1355 1935 atque
1390 1883 1434 1923 in
1471 1882 1848 1924 consummati6ne

1020 1937 1181 1988 mundi,
1201 1939 1263 1979 eis
1283 1939 1490 1980 auxilium
1508 1938 1809 1991 praebiturum.

1080 1994 1138 2035 Te
1155 1994 1298 2036 Deum
1316 1995 1556 2037 laudamus.
1568 2044 1570 2046 ³
1583 1996 1641 2036 13.

1277 2068 1356 2109 Ad
1380 2068 1589 2110 Laudes.

1078 2129 1129 2181 V.
1156 2134 1208 2174 In
1232 2147 1406 2176 omnem
1430 2139 1593 2176 terram
1620 2135 1754 2176 exivit
1779 2147 1846 2176 so-

1020 2203 1101 2231 nus
1130 2192 1291 2231 eorum.
1351 2192 1402 2243 R.
1425 2191 1482 2233 Et
1513 2191 1558 2232 in
1589 2191 1699 2233 fines
1725 2191 1845 2233 orbis

1020 2251 1150 2287 terrae
1168 2246 1304 2288 verba
1323 2250 1484 2289 cerum.

1079 2308 1150 2349 Ad
1178 2307 1340 2349 Bened.
1379 2308 1478 2348 Ant.
1511 2307 1704 2355 Gloriosi
1730 2309 1844 2360 prin-

1021 2364 1143 2416 cipes
1165 2369 1312 2414 terrae,
1341 2363 1567 2416 quomodo
1590 2364 1635 2405 in
1653 2364 1743 2405 vita
1767 2376 1846 2404 sua

1022 2419 1267 2462 dilexerunt
1286 2433 1349 2470 se,
1372 2420 1435 2465 ita
1458 2425 1502 2462 et
1524 2420 1568 2461 in
1590 2424 1733 2462 morte
1758 2431 1845 2460 non

1021 2481 1121 2518 sunt
1140 2477 1340 2530 separati.

1360 2537 1522 2579 Oratio.

1119 2618 1211 2655 eus,
1231 2607 1352 2657 cujus
1373 2605 1555 2647 dextera
1573 2604 1750 2646 beatum
1767 2603 1843 2644 Pe-

1116 2667 1233 2703 trum
1252 2661 1547 2703 ambulantem
1565 2660 1609 2701 in
1627 2658 1843 2707 fluctibuS,

1019 2730 1074 2759 ne
1088 2719 1369 2768 mergeretur,
1389 2717 1536 2766 erexit,
1553 2720 1597 2757 et
1611 2716 1843 2766 coaposto-

1573 2830 1618 2875 27*
