2040 2976
154 268 292 311 verbo
310 267 593 318 Evangelista
611 279 717 307 usus
737 269 815 315 est,
834 269 883 307 ut
897 278 986 311 non

155 324 336 367 diceret:
372 324 508 365 Latus
536 323 627 374 ejus
652 322 884 375 permissit,
910 326 986 363 aut

154 381 408 429 vulneravit,
424 385 499 421 aut
515 378 621 431 quid
641 378 770 428 aliud,
785 377 865 419 sed
884 379 983 430 ape-

154 438 255 487 ruit3
278 441 327 478 ut
350 436 441 478 illic
465 433 797 487 quodammodo
817 434 920 476 vitae
941 435 984 475 ό-

154 493 285 535 stium
294 491 574 545 panderetur,
584 490 701 532 unde
711 491 986 532 sacramenta

153 549 366 591 Ecclesiae
385 549 684 596 manaverunt,
707 547 800 588 sine
826 545 985 598 quibus

154 605 212 647 ad
238 605 384 654 vitam,
413 617 513 657 quae
539 616 646 645 vera
672 603 763 645 vita
791 608 869 652 est,
896 615 985 643 non

152 662 350 704 intratur.
377 660 458 702 Hle
476 659 651 711 sanguis
672 659 746 711 qui
764 659 887 700 fusus
907 663 984 708 est,

153 718 197 758 in
222 717 525 759 remissi6nem
548 716 670 756 fusus
695 719 763 757 est
780 717 984 768 peccato-

153 787 260 815 rum.
293 773 425 825 Aqua
447 772 522 814 illa
548 772 740 813 salutare
765 773 985 824 temperat

153 830 378 882 peculum:
415 829 512 870 haec
539 833 583 870 et
614 827 840 869 lavacrum
874 841 984 881 prae-

154 891 252 936 stat,
273 890 317 927 et
334 890 500 938 potum.
536 885 637 926 Hoc
658 884 984 936 praenuntiabat

154 941 275 994 quod
302 942 400 984 Noe
431 942 475 982 in
501 941 639 982 latere
674 953 789 982 arcae
823 941 985 982 ostium

152 998 298 1040 facere
313 998 457 1050 jussus
472 1002 550 1047 est,
567 1009 653 1049 quo
667 997 882 1039 intrarent
897 997 983 1038 ani-

152 1055 293 1104 malia,
313 1067 412 1107 quae
432 1066 521 1095 non
547 1058 672 1095 erant
697 1052 863 1095 diluvio
887 1066 984 1106 per-

151 1111 282 1161 itura,
315 1110 474 1163 quibus
505 1109 874 1163 praefigurabatur
903 1110 983 1151 Ec-

153 1167 295 1209 clesia.

205 1235 255 1287 R.
271 1232 392 1274 Misit
409 1245 480 1274 me
499 1231 653 1273 vivens
672 1231 816 1281 Pater,
836 1236 881 1273 et
901 1245 983 1283 ego

152 1290 254 1331 vivo
295 1294 480 1342 propter
526 1288 719 1329 Patrem:
754 1291 776 1314 *
814 1289 872 1330 Et
909 1289 984 1341 qui

152 1345 389 1387 manducat
424 1357 511 1394 me,
538 1345 657 1386 vivet
686 1349 871 1397 propter
903 1358 983 1386 me.

153 1397 204 1449 V.
249 1401 423 1443 Cibavit
459 1400 582 1442 illum
617 1401 834 1442 Dominus
869 1414 983 1454 pane

152 1459 256 1500 vitae
276 1462 320 1500 et
337 1456 597 1499 intellectus.
624 1457 692 1499 Et.

236 1537 304 1577 De
331 1534 525 1576 Homilia
552 1534 693 1576 sancti
719 1534 900 1576 Joannis

411 1590 727 1643 Chrysestomi.

257 1663 408 1704 Lectio
430 1664 512 1704 viii.
663 1664 792 1704 Hom.
812 1666 878 1704 84.

153 1723 341 1830 Vides
361 1730 514 1782 quanti
533 1730 591 1771 sit
609 1728 800 1770 veritas?
828 1729 914 1770 Per
934 1742 986 1771 ea

275 1799 374 1839 quae
398 1787 423 1827 J
424 1785 542 1827 udaei
565 1786 730 1827 faciunt
750 1785 987 1838 prophetia

152 1842 372 1895 impletur:
392 1843 477 1884 alia
495 1843 612 1884 enim
631 1855 686 1884 ex
704 1841 790 1883 1100
809 1843 985 1884 manife-

154 1900 270 1940 stata
301 1903 379 1941 θεῖ.
422 1900 651 1942 Venerunt
679 1911 785 1949 ergo
813 1899 985 1950 milites,

154 1959 199 1996 et
234 1953 420 1997 alierum
455 1956 679 2007 fregerunt
716 1968 860 2005 crura,
898 1968 986 1996 non

155 2010 334 2061 Christi;
355 2011 434 2053 sed
453 2010 510 2053 ad
524 2011 549 2052 J
551 2010 781 2052 udaeorum
799 2012 987 2062 gratiam

156 2067 493 2118 conciliandam,
537 2067 652 2109 latus
699 2068 790 2119 ejus
833 2068 986 2109 lancea

155 2125 434 2176 aperuerunt,
467 2129 511 2166 et
540 2125 716 2165 mortuo
747 2124 892 2165 adhuc
925 2125 985 2165 in·

155 2179 332 2221 saltant.
373 2179 411 2221 O
444 2180 682 2232 pessimam
711 2181 986 2222 voluntatem

155 2247 207 2276 ac
222 2234 593 2277 scelestissimam!
616 2235 721 2278 Noli
734 2241 882 2278 tamen
895 2249 987 2289 per-

154 2290 333 2340 turbari,
357 2304 384 2333 o
411 2291 713 2343 dilectissime;
744 2306 843 2345 quae
870 2293 986 2334 enim

154 2348 271 2389 malo
295 2347 357 2388 illi
381 2348 525 2389 animo
550 2351 791 2401 patrarunt,
811 2349 986 2391 veritati

155 2403 498 2445 consentiebant.
526 2404 767 2457 Prophetia
785 2405 886 2446 hinc
909 2405 983 2446 im-

155 2460 275 2512 pleta
308 2465 389 2510 est,
416 2460 635 2512 inquiens:
687 2460 914 2502 Videbunt
940 2462 984 2502 in

157 2528 287 2567 quem
329 2516 652 2557 transfixerunt.
705 2516 862 2568 Neque
899 2516 986 2559 hoc

154 2576 337 2621 tantum,
348 2570 428 2613 sed
440 2583 527 2612 non
541 2571 772 2613 credituris
786 2573 867 2613 fuit
880 2572 985 2614 fidei

155 2629 473 2679 argumentum,
510 2633 558 2669 ut
593 2627 794 2678 Thomae,
832 2633 875 2670 et
912 2629 985 2681 qui

156 2696 256 2725 cum
274 2697 328 2726 eo
346 2689 480 2726 erant.
508 2683 580 2724 Ad
599 2683 696 2725 haec
714 2689 758 2726 et
777 2687 985 2739 arcanum

838 171 893 205 Ss.
921 171 1060 205 Cordis
1085 171 1190 204 Jcsu.

1803 170 1870 206 319

1037 265 1292 318 mysterium
1308 265 1615 307 confirmatum
1635 271 1717 308 est:
1737 267 1871 309 exivit

1038 322 1154 364 enim
1173 321 1349 373 sanguis
1370 326 1413 362 et
1428 334 1552 373 aqua.
1579 323 1682 364 Non
1701 336 1807 364 casu
1827 329 1870 365 et

1038 378 1294 430 simpliciter
1325 377 1370 418 hi
1397 378 1542 419 fontes
1567 380 1869 430 scaturierunt,

1038 434 1118 476 sed
1139 434 1345 487 queniam
1365 447 1419 476 ex
1438 434 1653 476 ambobus
1673 435 1871 477 Ecclesia

1038 491 1279 532 constituta
1298 494 1375 531 est.

1092 558 1142 609 Rg.
1168 555 1372 596 Recessit
1394 555 1554 596 Pastor
1578 561 1746 606 noster,
1773 557 1870 597 fons

1038 625 1166 664 aquae
1185 611 1310 661 vivae,
1330 611 1388 652 ad
1408 612 1529 663 cujus
1548 612 1783 653 transitum
1802 613 1870 654 sol

1038 668 1299 710 obscuratus
1319 672 1400 709 est:
1424 671 1446 693 *
1462 668 1621 709 Portas
1640 669 1806 718 mortis,
1827 674 1871 711 et

1038 737 1159 766 seras
1186 724 1354 776 pariter
1380 723 1583 765 Salvator
1608 730 1759 766 noster
1786 725 1871 766 dis—

1037 781 1167 834 rupit.
1199 777 1251 828 V.
1274 780 1506 822 Destruxit
1540 780 1718 832 quidem
1757 781 1870 822 clau—

1038 842 1128 879 stra
1153 836 1318 886 inferni,
1345 842 1388 878 et
1413 836 1630 878 subvertit
1648 838 1870 889 potentias

1038 893 1214 935 diaboli.
1242 894 1412 935 Portas.
1446 893 1608 935 Gloria.
1636 894 1805 935 Portas.

1066 978 1132 1017 De
1150 975 1346 1017 Homilia
1365 976 1505 1016 sancti
1523 975 1848 1018 Bonaventurae

1341 1032 1564 1084 Episcopi.

1226 1101 1343 1134 Liber
1369 1100 1415 1132 de
1441 1099 1547 1139 ligno
1575 1099 1685 1132 Vitae.

1342 1164 1494 1203 Lectio
1516 1165 1568 1202 ix.

1123 1238 1225 1267 orro
1257 1230 1307 1267 ut
1335 1225 1390 1266 de
1419 1225 1555 1267 latere
1583 1227 1743 1268 Christi
1771 1227 1869 1268 dor-

1150 1282 1324 1324 mientis
1365 1281 1628 1324 formaretur
1661 1283 1870 1333 Ecclesia,

1038 1339 1186 1381 divina
1224 1343 1291 1380 est
1329 1337 1607 1381 ordinatione
1640 1338 1870 1389 indultum,

1036 1401 1085 1438 ut
1115 1408 1227 1437 unus
1259 1394 1445 1436 militum
1472 1395 1626 1437 lancea
1657 1396 1773 1437 latus
1806 1409 1870 1436 sa-

1037 1466 1160 1494 crum
1191 1450 1300 1492 illud
1333 1451 1572 1503 aperiendo
1605 1451 1871 1504 perfoderet,

1039 1511 1255 1561 quatenus
1281 1508 1492 1559 sanguine
1517 1521 1617 1550 cum
1643 1521 1757 1560 aqua
1783 1522 1870 1557 ma-

1036 1567 1170 1606 nante
1183 1564 1372 1617 pretium
1388 1564 1685 1607 effunderetur
1706 1571 1870 1607 nostrae

1037 1621 1204 1670 salutis,
1221 1620 1342 1673 quod
1357 1633 1382 1661 a
1396 1621 1518 1662 fonte
1533 1621 1701 1663 scilicet
1713 1621 1872 1663 Cordis
1918 1597 1925 1666 i

1037 1679 1198 1719 arcano
1218 1677 1460 1730 profusum,
1475 1677 1564 1718 vim
1584 1677 1710 1719 daret
1730 1691 1871 1719 sacra·
1918 1677 1923 1695 ⁵

1037 1734 1195 1775 mentis
1222 1734 1435 1775 Ecclesiae
1468 1732 1525 1775 ad
1552 1735 1689 1775 vitam
1717 1735 1872 1785 gratiae

1039 1789 1361 1839 conferendam,
1379 1792 1585 1842 essetque
1600 1791 1686 1842 jam
1700 1791 1745 1831 in
1761 1790 1873 1831 Chri·
1918 1803 1924 1822 Β

1039 1852 1108 1888 sto
1130 1845 1378 1888 viventibus
1397 1845 1607 1898 peculum
1625 1847 1758 1888 fontis
1775 1847 1871 1896 vivi,

1039 1902 1234 1944 salientis
1258 1903 1302 1942 in
1326 1902 1462 1943 vitam
1481 1904 1701 1944 aeternam.
1733 1903 1871 1953 Surge

1038 1959 1170 2010 igitur
1185 1959 1329 1999 anima
1343 1960 1484 2000 amica
1499 1958 1672 2009 Christi,
1688 1959 1871 2010 vigilare

1038 2028 1126 2056 non
1151 2028 1309 2065 cesseS,
1333 2014 1394 2056 ibi
1418 2027 1468 2056 οε
1489 2018 1675 2067 appone,
1701 2021 1749 2057 ut
1768 2015 1871 2056 hau-

1038 2071 1125 2112 rias
1146 2084 1285 2124 aquas
1306 2071 1360 2112 de
1380 2070 1575 2112 sentibus
1594 2072 1846 2113 Salvatoris.

1091 2134 1154 2174 Te
1173 2132 1318 2173 Deum
1336 2131 1580 2173 laudamus.
1609 2133 1667 2172 13.

1296 2220 1376 2261 Ad
1403 2221 1613 2263 Laudes.

1246 2290 1296 2319 et
1333 2295 1432 2328 per
1469 2286 1665 2320 Horas.

1094 2350 1192 2390 Ant.
1213 2351 1242 2388 1.
1270 2348 1438 2389 Discite
1458 2360 1483 2388 a
1497 2360 1579 2397 me,
1594 2350 1618 2375 *
1634 2349 1735 2400 quia
1753 2349 1870 2390 mitis

1037 2418 1134 2446 sum
1154 2409 1197 2446 et
1215 2404 1392 2445 humilis
1412 2404 1557 2446 corde.

1091 2462 1159 2501 Ps.
1188 2461 1401 2502 Dominus
1421 2461 1632 2511 regnavit:
1655 2462 1714 2502 14.

1091 2517 1126 2555 2.
1155 2517 1434 2559 Sanctificavi
1452 2517 1600 2559 locum
1618 2517 1641 2542 *
1658 2517 1801 2566 istum,
1820 2521 1869 2557 ut

1037 2574 1093 2615 sit
1120 2586 1282 2615 nomen
1309 2586 1456 2615 meum
1482 2573 1543 2614 ibi
1569 2574 1614 2614 in
1642 2573 1866 2625 sempiter-

1036 2642 1154 2679 num,
1183 2634 1227 2671 et
1254 2631 1544 2682 permaneant
1572 2629 1687 2671 oculi
1713 2628 1800 2670 mei
1825 2634 1868 2670 et

1036 2698 1114 2726 cor
1131 2698 1278 2728 meum
1295 2685 1357 2727 ibi
1375 2686 1543 2728 cunctis
1563 2685 1729 2728 diebus.
