2040 2976
194 310 245 362 Rz.
266 309 352 351 Hic
375 314 443 350 est
466 321 570 350 vere
589 308 767 360 Martyr,
794 307 868 360 qui
890 319 973 360 pro

145 366 307 408 Christi
341 365 518 406 nomine
555 364 811 415 sanguinem
847 376 975 404 suum

143 422 268 464 fudit:
288 423 313 449 *
339 421 424 471 Qui
446 421 587 462 minas
605 420 799 472 judicum
816 432 906 461 non
924 421 974 461 ti-

142 479 269 528 muit,
299 491 382 520 nec
409 479 596 519 terrenae
631 476 856 527 dignitatis
884 475 974 527 glo-

142 535 252 576 riam
271 535 486 587 quaesivit,
511 532 591 575 sed
614 531 672 574 ad
693 532 892 574 coelestia
910 544 974 572 re-

143 604 229 642 gna
254 591 466 644 pervenit.
505 582 555 634 Ys-
590 590 764 630 Justum
792 587 975 630 deduxit

144 648 359 689 Dominus
382 659 462 699 per
479 646 574 688 vias
592 650 748 694 rectas,
767 650 812 687 et
830 646 974 686 osten-

144 704 208 746 dit
240 703 304 745 illi
335 716 519 754 regnum
548 702 643 743 Dei.
686 701 782 752 Qui.
825 700 976 741 Gloria

143 762 273 803 Patri.
302 760 396 811 Qui.

443 813 595 853 Lectio
615 813 668 852 ix.

220 875 503 915 onvertamur
541 871 688 923 igitur,
735 875 779 912 et
825 872 975 911 cavea-

235 943 344 979 mus,
369 942 423 970 ne
446 929 490 969 in
509 927 805 981 perditionem
829 926 976 978 aliqua

144 986 257 1027 inter
275 999 356 1027 nos
373 985 428 1027 de
443 984 704 1038 praelatione
719 984 863 1036 possit
878 996 976 1025 esse

145 1043 378 1084 contentio.
427 1041 472 1083 Si
504 1041 619 1082 enim
651 1039 977 1082 contendebant

146 1098 362 1151 Apostoli,
381 1111 469 1139 non
487 1097 760 1139 excusationi
780 1095 975 1138 obtendi-

144 1157 231 1205 tur,
266 1154 346 1196 sed
378 1154 570 1196 cautioni
603 1153 877 1206 proponitur.
931 1153 975 1193 Si

144 1213 300 1252 Petrus
329 1210 564 1263 aliquando
591 1209 872 1259 convertitur,
903 1210 976 1260 qui

144 1267 201 1308 ad
219 1267 406 1320 primam
420 1266 598 1308 Domini
616 1269 794 1306 secetus
813 1270 881 1306 est
900 1278 972 1306 vo-

144 1336 255 1364 cem:
289 1324 386 1375 quis
419 1327 570 1375 potest
602 1322 766 1371 dicere,
804 1322 892 1363 cito
926 1334 972 1363 se

145 1393 242 1422 esse
257 1378 540 1421 conversum?
563 1380 679 1421 Cave
697 1391 801 1430 ergo
813 1379 972 1430 jactan-

144 1437 261 1485 tiam,
279 1449 385 1477 cave
400 1435 621 1478 sae'culum.
647 1435 727 1476 Ille
743 1435 858 1476 enim
874 1447 973 1476 con-

144 1493 320 1534 firmare
351 1492 524 1545 jubetur
557 1492 714 1534 fratres
747 1504 868 1540 suos,
901 1492 975 1543 qui

145 1549 268 1591 dixit:
297 1549 453 1590 Omnia
478 1547 735 1597 dimisimus,
764 1553 808 1589 et
835 1547 975 1588 secuti

144 1618 293 1646 sumus
311 1610 367 1647 te.
406 1605 468 1646 Te
487 1605 631 1646 Deum
650 1603 892 1645 laudamus.
917 1604 974 1644 13.

192 1669 236 1703 In
260 1669 379 1703 Laud.
407 1681 604 1704 commem.
629 1670 664 1705 S.
688 1670 848 1704 Liborii.

195 1722 295 1762 Ant.
324 1722 445 1773 Euge
471 1734 596 1763 serve
619 1720 737 1762 bone
758 1725 801 1762 et
821 1720 974 1770 fidelis,

145 1779 247 1831 quia
269 1779 314 1819 in
341 1791 483 1831 pauca
507 1778 627 1820 fuisti
651 1777 812 1827 fidelis,
841 1790 975 1829 supra

143 1835 281 1877 multa
307 1840 352 1876 te
381 1837 659 1884 constituam,
693 1834 798 1875 dicit
826 1833 974 1875 Domi-

143 1905 236 1933 nus.

195 1946 246 1994 V.
265 1948 290 1989 J
290 1953 438 1990 ustum
457 1947 641 1989 deduxit
661 1947 876 1988 Dominus
894 1959 975 1999 per

145 2004 238 2045 vias
257 2009 412 2046 rectas.
448 2004 499 2054 Rz.
522 2004 579 2044 Et
605 2002 807 2044 ostendit>
823 2002 885 2043 illi
910 2015 974 2045 re-

145 2073 277 2110 gnum
294 2060 389 2101 Dei.

197 2119 359 2160 Oratio.
391 2120 460 2161 Da
479 2122 743 2173 quaesumus.
762 2121 850 2160 441.

200 2179 240 2214 Si
263 2190 357 2214 vero
382 2180 499 2214 hodie
526 2180 639 2214 fuerit
664 2180 892 2223 Sabbatum,
924 2182 974 2214 ix.

145 2228 277 2262 Lectio
304 2227 375 2261 erit
399 2227 446 2261 de
463 2228 609 2271 Vigilia
628 2229 839 2271 anticipata
859 2229 893 2262 S.
912 2229 935 2262 J
939 2240 975 2262 a·

146 2275 233 2309 cobi
257 2275 457 2318 Apostoli,
488 2286 575 2310 cum
605 2277 686 2319 ejus
714 2286 910 2310 commem.
936 2276 975 2309 in

146 2323 361 2365 Laudibus;
395 2328 431 2357 et
462 2327 551 2357 tunc
584 2334 654 2367 pro
687 2334 821 2358 comm.
852 2324 886 2357 S.
915 2324 975 2357 Li-

146 2371 247 2404 borii
272 2371 422 2404 dicatur

481 2419 644 2459 Oratio.

150 2469 370 2575 Exaudi,
391 2475 642 2526 quaesumus
660 2473 860 2522 Domine,
878 2484 974 2524 pre-

241 2545 314 2573 ces
340 2536 532 2579 nostras,
562 2542 670 2581 quas
695 2529 740 2569 in
763 2529 885 2572 beati
907 2528 974 2568 Li-

148 2587 263 2630 borii
286 2586 563 2629 Confessoris
586 2586 651 2627 tui
673 2589 806 2636 atque
829 2585 974 2625 Ponti-

510 208 581 242 Die
602 207 654 241 24.
680 207 785 242 Julii.
832 208 874 241 In
898 206 1045 249 vigilia
1070 205 1105 240 S.
1130 206 1268 239 Jacobi
1296 207 1487 249 Apostoli.

888 2687 1316 2721 &wine—w—ffiff

1027 306 1122 347 ficis
1143 306 1422 348 solemnitate
1442 306 1692 348 deferimus:
1718 311 1762 349 et
1785 308 1859 360 qui

1026 362 1108 404 tibi
1128 362 1258 414 digne
1276 362 1435 404 meruit
1454 363 1664 414 famulari,
1687 365 1778 416 ejus
1797 365 1857 405 in-

1025 418 1354 461 tercedentibus
1372 420 1553 470 meritis,
1580 419 1635 462 ab
1656 421 1858 462 omnibus

1027 488 1108 517 nos
1128 474 1311 517 absolve
1329 476 1537 528 peccatis.
1565 476 1650 517 Per
1668 477 1796 517 Dfim.

1080 538 1121 570 In
1147 537 1192 571 Π.
1211 537 1396 580 Vesperis
1420 538 1460 571 fit
1483 548 1678 572 commem.
1696 540 1730 572 S.
1749 539 1856 572 Chri-

1028 586 1140 619 stinae
1165 585 1270 628 Yirg.
1297 591 1333 620 et
1356 586 1463 619 Mart.

1080 639 1179 678 Ant.
1207 638 1315 680 Veni
1334 652 1497 691 sponsa
1515 639 1685 690 Christi,
1707 640 1858 692 accipe

1028 698 1248 744 coronam,
1270 708 1402 747 quam
1420 695 1501 737 tibi
1514 696 1731 737 Dominus
1747 709 1858 748 prae-

1027 752 1201 804 paravit
1219 752 1263 792 in
1284 753 1507 793 aeternum.

1079 807 1129 858 V.
1160 812 1319 869 Specie
1351 818 1428 854 tua
1463 817 1506 854 et
1533 811 1860 865 pulchritudine

1029 875 1115 912 tua.
1142 866 1191 918 Rg.
1207 868 1403 918 Intende,
1422 871 1638 922 prospere
1653 862 1872 921 procede,x

1029 931 1073 967 et
1092 939 1236 977 regna.

1365 975 1528 1016 Oratio.

1077 1034 1377 1087 ndulgentiam
1417 1034 1561 1083 nobis,
1607 1036 1858 1085 quaesumus

1088 1093 1293 1143 Domine,
1320 1092 1451 1133 beata
1478 1090 1697 1132 Christina
1720 1090 1859 1140 Virgo

1030 1154 1074 1191 et
1089 1150 1256 1201 Martyr
1275 1149 1496 1201 imploret:
1518 1160 1616 1199 quae
1634 1146 1716 1188 tibi
1735 1151 1860 1197 grata

1030 1218 1205 1258 semper
1236 1206 1404 1247 exstitit
1433 1210 1476 1246 et
1502 1204 1659 1244 merito
1686 1202 1860 1243 castita-

1028 1263 1096 1312 tis,
1117 1268 1160 1304 et
1174 1268 1262 1304 tuae
1278 1261 1556 1314 professione
1572 1259 1755 1301 virtutis.
1775 1258 1860 1298 Per

1028 1319 1267 1360 Dominum
1286 1323 1497 1359 nostrum.

1294 1410 1378 1452 Die
1396 1411 1462 1451 24.
1482 1411 1506 1451 J
1508 1410 1594 1451 ulii.

1078 1472 1126 1511 In
1148 1471 1307 1518 vigilia
1331 1475 1373 1515 S.
1393 1475 1424 1515 J
1426 1473 1572 1515 acobi
1592 1471 1806 1522 Apostoli.

1080 1537 1176 1570 Tres
1193 1536 1395 1570 Lectiones
1412 1537 1458 1569 de
1475 1536 1643 1569 Homilia
1662 1537 1698 1568 in
1715 1536 1856 1578 Evang.
1907 1572 1911 1583 1

1030 1584 1114 1619 Hoc
1125 1585 1483 1628 estpraeceptum.ut
1497 1585 1532 1617 in
1544 1584 1657 1626 vigil.
1666 1585 1802 1626 Apost.
1812 1584 1860 1627 [1]
1906 1579 1911 1622 'l

1080 1637 1143 1669 Ad
1159 1636 1278 1669 Laud.
1303 1642 1343 1670 ut
1366 1637 1402 1669 in
1422 1637 1537 1670 Psalt.
1562 1641 1597 1670 ct
1619 1637 1689 1670 dic.
1719 1638 1858 1670 Preces

1029 1685 1183 1718 feriales
1200 1685 1312 1718 flexis
1331 1684 1576 1728 genibus.50.
1906 1681 1911 1691 ''

1368 1738 1531 1777 Oratio.

1031 1790 1144 1895 Da
1163 1795 1415 1846 quaesumus
1431 1794 1711 1844 omnipotens
1726 1792 1862 1832 Deus:

1134 1855 1182 1892 ut
1211 1850 1331 1891 beati
1358 1849 1515 1891 Jacobi
1544 1847 1753 1901 Apostoli
1780 1848 1861 1897 tui,

1031 1919 1163 1959 quam
1181 1908 1492 1959 praevenimus,
1521 1903 1772 1946 veneranda
1793 1916 1859 1944 so-

1030 1963 1248 2012 lemnitas,
1274 1967 1318 2004 et
1337 1962 1619 2004 devotionem
1639 1959 1769 2001 nobis
1789 1962 1860 2000 au-

1030 2024 1131 2071 geat
1150 2024 1194 2060 et
1213 2018 1412 2059 salutem.
1438 2018 1524 2059 Per
1541 2017 1790 2058 Dominum.

1082 2080 1232 2114 Deinde
1261 2090 1456 2114 commem.
1483 2080 1517 2114 S.
1543 2080 1761 2114 Christinae.

1083 2133 1182 2172 Ant.
1225 2130 1375 2172 Simile
1414 2134 1481 2171 est
1512 2141 1696 2179 regnum
1728 2128 1860 2169 coelo-

1030 2201 1127 2229 rum
1159 2186 1325 2228 homini
1352 2185 1618 2236 negotiatori
1647 2183 1861 2237 quaerenti

1029 2244 1169 2286 bonas
1183 2244 1455 2293 margaritas:
1473 2241 1650 2282 inventa
1663 2253 1751 2282 una
1763 2252 1859 2292 pre-

1029 2301 1161 2350 tiosa,
1189 2297 1312 2340 dedit
1336 2298 1481 2340 omnia
1500 2310 1596 2347 sua,
1623 2303 1666 2355 et
1685 2308 1858 2348 compa-

1030 2356 1145 2397 ravit
1164 2367 1272 2396 eam.

1084 2406 1133 2458 V.
1145 2410 1318 2452 Diffusa
1332 2414 1399 2452 est
1413 2410 1553 2461 gratia
1567 2409 1612 2450 in
1621 2408 1749 2450 labiis
1760 2407 1858 2449 tuis.

1033 2468 1080 2507 R.
1104 2468 1350 2519 Propterea
1367 2465 1594 2508 benedixit
1612 2470 1656 2507 te
1675 2465 1796 2505 Deus
1814 2462 1858 2502 in

1031 2526 1254 2566 aeternum.
1886 2555 1890 2559 ,

1084 2583 1247 2623 Oratio.
1284 2582 1612 2634 Indulgentiam.
1642 2587 1687 2620 ut
1715 2591 1858 2630 supra.
