2040 2976
633 216 702 249 Die
727 217 757 249 4.
779 216 882 249 Julii.
931 216 965 250 S.
992 216 1126 251 Irenaei
1154 218 1279 259 Epise.
1307 224 1342 251 ct
1368 218 1473 251 Mart.

253 313 296 362 Ιςκ
326 313 478 354 Inveni
500 313 645 355 David
668 327 845 356 servum
872 327 1028 366 meum,

199 369 298 410 oleo
344 374 497 411 sancto
542 383 641 411 meo
687 371 792 412 unxi
839 383 952 412 eum:
1002 372 1022 393 ¹⁸¹

197 425 352 467 Manus
385 426 499 467 enim
534 439 632 468 mea
660 427 941 469 auxiliabitur
975 428 1026 470 ei.

199 477 243 526 Y.
267 481 386 523 Nihil
405 482 609 535 proficiet
623 483 822 525 inimicus
837 484 882 525 in
900 497 966 534 eo,
984 490 1027 526 et

196 538 311 579 filius
356 538 596 590 iniquitatis
637 553 726 582 non
762 540 940 582 nocebit
977 541 1026 582 ei.

196 594 351 636 Manus
372 595 496 637 enim.

252 663 379 696 Lectio
398 674 431 696 v.
458 662 567 697 Beati
581 662 719 697 Patris.
738 668 773 698 et
795 665 843 698 vi.
867 662 1026 704 Quantis

195 708 269 743 hic.
298 710 343 743 dc
375 711 510 744 codem
537 711 741 745 Communi
763 712 793 746 2.
818 712 914 746 loco.
948 710 1025 753 [60]

195 768 279 791 cum
306 759 383 802 KR.
410 770 443 793 v.
470 766 506 793 et
532 759 579 793 vi.
606 759 698 793 ibid.

247 810 287 843 ln
319 811 381 844 ΙΙΙ.
407 811 606 845 Nocturno
636 812 777 845 Homil.
809 812 847 845 in
878 812 1022 854 Evang.

200 857 375 901 Vigilate·
404 859 449 893 dc
476 860 678 893 Communi
702 861 731 893 2.
756 861 853 894 loco.
882 858 950 902 [61]

248 912 291 945 Et
323 912 362 944 fit
392 922 587 946 commem.
615 912 772 946 Oetam
804 912 859 946 Ss.
886 913 1021 955 Apost.

144 960 147 966 '
196 961 230 993 in
260 959 375 993 Laud.
402 958 480 994 399.

471 1042 555 1083 Die
574 1043 613 1082 4.
633 1042 658 1082 J
660 1042 748 1083 ulii.

255 1109 298 1150 S.
317 1109 501 1152 Irenaei
525 1112 662 1163 Episc.
684 1118 726 1151 et
745 1110 958 1160 Martyris

526 1176 690 1219 Duplex.

247 1232 382 1265 Omnia
415 1233 460 1266 de
487 1233 651 1266 Commii
685 1233 796 1266 unius
823 1231 928 1265 Mart.
956 1230 1024 1275 [21]

195 1288 333 1321 praeter
359 1282 570 1323 sequentia.

531 1342 693 1381 Oratio.

286 1410 374 1447 euS,
399 1398 473 1450 qui
495 1398 627 1441 beato
652 1400 823 1442 Irenaeo
843 1401 1027 1454 Martyri

313 1461 390 1496 tuo
422 1460 556 1508 atque
587 1456 792 1499 Pontifici
821 1458 1026 1508 tribuisti,

194 1515 242 1551 ut
260 1515 304 1552 et
319 1511 505 1554 veritate
521 1511 736 1555 doctrinae
753 1517 1027 1567 expugnaret

194 1566 402 1618 haereses,
435 1574 479 1611 et
509 1582 676 1621 pacem„
691 1571 904 1613 Ecclesiae
936 1572 1026 1614 feli-

195 1624 304 1665 citer
331 1625 628 1668 confirmaret:
662 1627 734 1677 da,
763 1631 1026 1680 quaesumus,

194 1680 313 1732 plebi
336 1686 424 1723 tuae
449 1682 492 1722 in
517 1689 668 1725 sancta
691 1684 904 1735 religione
924 1698 1024 1727 con-

194 1737 415 1788 stantiam3
449 1744 494 1780 et
519 1752 677 1792 pacem
708 1746 829 1782 tuam
862 1742 1025 1784 nostris

194 1793 390 1835 concede
410 1795 697 1848 temporibus.
725 1798 809 1838 Per
827 1798 955 1839 Dfim.

248 1861 293 1895 Et
322 1862 361 1895 fit
391 1872 586 1896 commem.
614 1864 772 1896 Octava:
804 1864 859 1897 ss,
885 1863 1021 1905 Apost.

197 1910 295 1943 Petri
322 1916 357 1943 et
383 1910 502 1944 Pauli,
525 1909 616 1945 400.

428 1985 476 2022 In
505 1985 533 2023 I.
563 1985 784 2023 Nocturno.

196 2046 258 2086 De
291 2046 492 2098 Epistola
523 2049 719 2091 secunda
751 2050 871 2093 beati
898 2052 1023 2094 Pauli

300 2103 508 2155 Apostoli
537 2105 595 2148 ad
620 2106 914 2150 Timotheum.

248 2172 398 2213 Lectio
420 2175 442 2213 i.
758 2178 861 2227 Cap.
882 2178 916 2215 2.
938 2190 970 2216 c.

196 2255 279 2310 ¹G?
294 2237 457 2281 ollicite
482 2253 586 2282 cura
606 2244 797 2295 teipsum
815 2243 1021 2296 probabi-

199 2294 286 2349 ‘ssss‘xg
308 2293 396 2336 lem
415 2296 620 2340 exhibere
639 2299 749 2349 Deo,
770 2301 1021 2352 operarium

227 2358 229 2360 ’
258 2359 279 2375 s
308 2351 670 2405 inconfusibilem,
694 2362 814 2398 recte
832 2360 1019 2399 tractan-

190 2412 281 2449 tem
305 2408 490 2450 verbum
510 2411 722 2453 veritatis:
745 2413 930 2465 profana
949 2426 1021 2455 au-

190 2468 290 2514 tem,
315 2470 359 2506 et
378 2466 629 2519 vaniloquia
649 2467 812 2510 devita:
836 2470 1022 2512 multum

191 2520 306 2562 enim
328 2523 566 2574 proficiunt
589 2523 646 2565 ad
664 2524 953 2577 impietatem:
979 2528 1027 2568 et'

191 2590 336 2619 sermo
362 2580 515 2620 eorum
538 2585 586 2622 ut
610 2593 768 2622 cancer
788 2583 940 2635 serpit:
967 2596 1022 2624 ex

192 2633 348 2685 quibus
373 2640 441 2676 est
459 2635 730 2687 Hymenaeus
752 2643 796 2679 et
814 2638 1021 2689 Philetus,

192 2689 264 2741 qu‘i
284 2703 310 2731 a
328 2692 514 2734 veritate
535 2693 803 2744 exciderunt,
824 2694 1021 2737 dicentes

190 2748 556 2790 resurrectionem
571 2762 668 2791 esse
683 2751 773 2805 jam
787 2751 957 2801 factam,
978 2757 1021 2793 et

1082 316 1393 359 subverterunt
1437 316 1730 369 quorumdam
1767 317 1912 360 fidem.

1080 371 1168 414 Sed
1182 373 1356 414 firmum
1369 373 1700 415 fundamentum
1714 373 1799 416 Dei
1815 379 1913 424 stat,

1081 428 1247 470 habens
1273 430 1547 481 signaculum
1568 430 1670 472 hoc:
1697 430 1914 482 Cognovit

1080 485 1297 527 Dominus
1313 486 1387 538 qui
1407 492 1509 528 sunt
1529 487 1634 539 ejus:
1655 491 1699 529 et
1714 486 1915 529 discedat

1081 541 1136 583 ab
1171 541 1404 594 iniquitate
1437 543 1580 585 omnis
1612 543 1688 596 qui
1717 543 1914 586 nominat

1079 610 1240 640 nomen
1269 598 1459 640 Domini.
1499 600 1551 641 In
1578 613 1739 651 magna
1767 605 1914 642 autem

1081 653 1215 696 domo
1240 668 1329 697 non
1355 656 1499 698 solum
1523 662 1625 698 sunt
1649 669 1757 699 vasa
1780 660 1914 699 aurea

1081 717 1125 754 et
1148 714 1371 763 argentea,
1395 712 1476 755 sed
1501 717 1545 756 et
1569 713 1712 765 lignea
1736 718 1780 756 et
1805 714 1913 755 ficti-

1079 767 1154 810 lia:
1188 773 1232 811 et
1266 769 1471 821 quaedam
1499 769 1679 822 quidem
1705 770 1750 811 in
1775 769 1913 812 hono-

1080 838 1190 876 rem,
1220 825 1426 878 quaedam
1451 832 1599 869 autem
1622 827 1667 868 in
1691 828 1912 870 contume-

1079 881 1194 923 liam.
1226 882 1271 924 Si
1291 883 1389 935 quis
1414 896 1521 935 ergo
1541 883 1847 926 emundaverit
1865 896 1913 926 se

1080 938 1135 981 ab
1159 939 1274 990 istis,
1303 940 1385 982 erit
1409 953 1487 982 vas
1512 940 1556 981 in
1581 940 1795 983 honorem
1818 953 1912 982 san-

998 1015 1015 1016 *
1080 995 1335 1047 ctificatum,
1364 1002 1409 1039 et
1437 997 1544 1039 utile
1567 997 1760 1039 Domino
1785 996 1846 1039 ad
1869 1009 1913 1039 o-

1078 1064 1179 1094 mne
1206 1065 1319 1106 opus
1344 1052 1512 1095 bonum
1534 1056 1751 1107 paratum.
1785 1054 1912 1096 Juve-

1079 1108 1183 1150 nilia
1202 1114 1349 1151 autem
1369 1109 1590 1152 desideria
1608 1111 1721 1163 fuge,
1741 1112 1912 1153 sectare

1079 1178 1186 1207 vero
1213 1166 1436 1218 iustitiam,
1462 1166 1613 1218 fidem,
1637 1180 1778 1221 spem,
1805 1167 1912 1210 cari-

1078 1223 1218 1264 tatem
1250 1228 1293 1264 et
1328 1236 1486 1277 pacem
1524 1237 1624 1266 cum
1654 1225 1708 1266 iis
1741 1225 1817 1278 qui
1850 1226 1911 1266 in-

1080 1284 1241 1322 vocant
1268 1280 1506 1322 Dominum
1539 1280 1595 1323 de
1626 1281 1761 1323 corde
1787 1293 1914 1334 puro.

1080 1335 1245 1378 Stultas
1274 1342 1439 1388 autem,
1477 1342 1522 1380 et
1556 1338 1648 1380 sine
1682 1337 1914 1391 disciplina

1081 1393 1350 1445 quaestiones
1370 1394 1535 1436 devita:
1557 1395 1701 1437 sciens
1722 1395 1824 1448 quia
1842 1397 1912 1446 ge-

1078 1455 1233 1492 nerant
1263 1450 1375 1493 lites.
1428 1451 1614 1494 Servum
1645 1456 1793 1493 autem
1822 1451 1911 1494 Do-

1078 1507 1184 1547 mini
1198 1520 1287 1549 non
1302 1510 1481 1561 oportet
1494 1508 1680 1561 litigare:
1700 1508 1780 1550 sed
1792 1521 1911 1550 man-

1079 1565 1253 1605 suetum
1279 1577 1378 1606 esse
1400 1564 1457 1607 ad
1476 1577 1642 1615 omneS,
1663 1564 1912 1615 dochilem,

1078 1620 1335 1672 patientem,
1364 1634 1465 1663 cum
1491 1621 1710 1664 modestia
1732 1622 1912 1676 corripi-

1080 1678 1225 1718 entem
1263 1690 1340 1719 eos
1375 1678 1451 1730 qui
1482 1681 1693 1721 resistunt
1721 1679 1912 1721 veritati:

1078 1733 1314 1785 nequando
1338 1734 1461 1776 Deus
1488 1734 1565 1776 det
1587 1735 1674 1776 illis
1697 1735 1911 1788 poeniten-

1078 1789 1186 1831 tiam
1208 1789 1266 1832 ad
1289 1790 1646 1842 cognoscendam
1669 1792 1911 1842 veritatem,

1078 1851 1123 1887 et
1145 1847 1407 1899 resipiscant
1431 1860 1458 1888 a
1482 1847 1649 1890 diaboli
1673 1848 1860 1901 laqueis,
1885 1861 1912 1890 a

1079 1915 1166 1955 quo
1187 1903 1352 1956 captivi
1374 1905 1578 1947 tenentur
1602 1903 1659 1946 ad
1677 1905 1816 1958 ipsius
1835 1917 1909 1947 vo-

1076 1959 1300 2002 luntatem.

1134 2017 1288 2069 lx‘g.1ste
1313 2022 1492 2060 sanctus
1515 2031 1598 2071 pro
1621 2018 1719 2071 lege
1738 2018 1823 2061 Dei
1840 2018 1909 2061 sui

1077 2073 1263 2115 certavit
1299 2087 1439 2127 usque
1476 2075 1534 2116 ad
1564 2079 1770 2126 mortem,
1807 2080 1852 2118 et
1883 2088 1909 2117 a

1077 2129 1224 2171 verbis
1268 2130 1506 2184 impiorum
1550 2143 1640 2173 non
1685 2131 1848 2185 timuit:
1889 2127 1911 2151 *

1076 2185 1306 2228 Fundatus
1331 2187 1447 2229 enim
1471 2193 1566 2230 erat
1584 2201 1719 2241 supra
1737 2188 1908 2230 firmam

1075 2247 1259 2294 petram.
1288 2237 1339 2290 V.
1352 2243 1443 2286 Iste
1463 2249 1531 2286 est
1550 2245 1626 2297 qui
1644 2245 1909 2298 contempsit

1075 2298 1210 2340 vitam
1228 2299 1391 2350 mundi,
1415 2306 1460 2343 et
1481 2302 1683 2354 pervenit
1701 2302 1759 2344 ad
1779 2301 1907 2344 coele'-

1075 2355 1159 2397 stia
1177 2369 1323 2409 regna.
1351 2356 1591 2400 Fundatus.

1160 2411 1311 2453 Lectio
1332 2411 1371 2451 ii.
1678 2410 1780 2462 Cap.
1797 2411 1833 2449 3.

1081 2464 1221 2569 Hoc
1240 2474 1388 2512 autem
1412 2471 1535 2522 scito,
1560 2472 1682 2525 quod
1700 2472 1744 2513 in
1762 2474 1904 2514 novis-

1201 2527 1320 2567 simis
1354 2526 1510 2569 diebus
1542 2529 1768 2571 instabunt
1799 2531 1904 2584 tem-

1074 2595 1185 2635 pora
1199 2583 1466 2636 periculosa:
1485 2591 1611 2628 erunt
1626 2586 1826 2628 homines
1841 2599 1904 2628 se-

1074 2641 1196 2691 ipsos
1231 2642 1444 2691 amantes,
1480 2642 1647 2695 cupidi,
1681 2642 1804 2693 elati,
1836 2656 1903 2684 su-

1073 2695 1217 2748 perbi,
1242 2696 1506 2749 blasphemi,
1536 2698 1792 2751 parentibus
1816 2711 1904 2740 non

1074 2751 1350 2803 obedientes,
1382 2753 1557 2806 ingrati,
1589 2755 1779 2806 scelesti,
1811 2755 1904 2797 sine
