2040 2976
642 229 851 262 Commune
877 227 1132 269 plurimorum
1161 227 1377 269 Martyrum.

202 329 302 368 Ant.
337 328 581 379 Tamquam
605 340 761 368 aurum
784 326 808 352 *
834 326 878 366 in
902 326 986 367 for-

153 386 262 426 nace
281 384 488 437 probavit
509 383 673 425 electos
692 383 923 424 Dominus:
943 385 987 423 et

155 441 280 494 quasi
319 440 582 482 holocausta
622 440 792 492 accepit
829 452 905 481 eos
942 438 987 479 in

154 498 378 539 aeternum.

437 575 635 615 Psalmus
655 575 690 614 2.

153 626 346 750 Quare
374 645 643 686 fremuerunt
671 644 858 693 Gentes,
884 642 908 668 *
943 646 987 683 et

257 701 411 755 populi
428 700 628 742 meditati
647 705 748 741 sunt
765 697 933 740 inania?

207 758 455 800 Astiterunt
478 769 605 808 reges
628 761 775 806 terrae,
804 761 848 797 et
871 757 987 808 prin-

155 815 277 869 cipes
305 815 604 856 convenerunt
630 813 675 854 in
703 826 837 854 unum
862 813 886 838 *
914 812 987 853 ad-

154 873 308 913 versus
323 871 571 920 Dominum,
590 874 634 911 et
649 869 860 911 adversus
876 868 989 910 Chri-

154 933 271 970 stum
290 928 392 980 ejus.

207 985 521 1037 Dirumpamus
553 982 726 1024 vincula
762 985 931 1024 eorum:
964 983 987 1008 *

156 1046 200 1083 et
223 1041 504 1093 projiciamus
534 1052 559 1080 a
587 1039 715 1081 nobis
747 1039 895 1091 jugum
926 1040 987 1092 ip-

155 1099 315 1139 sorum.

208 1154 293 1204 Qui
322 1153 493 1195 habitat
524 1153 567 1193 in
602 1152 745 1202 coelis,
789 1151 989 1193 irridebit

157 1223 248 1252 eos:
261 1210 286 1236 *
302 1215 346 1251 et
358 1210 575 1251 Dominus
595 1208 882 1251 subsannabit
900 1221 988 1250 eos.

208 1267 333 1308 Tunc
352 1266 558 1319 loquetur
578 1265 635 1307 ad
653 1279 730 1307 eos
750 1266 794 1306 in
813 1265 878 1306 ira
899 1277 988 1315 sua,

155 1323 179 1349 *
204 1327 248 1364 et
265 1323 310 1363 in
329 1323 476 1364 furore
497 1335 577 1363 suo
599 1321 881 1364 conturbabit
900 1334 989 1362 eos.

208 1379 304 1430 Ego
329 1384 476 1420 autem
496 1379 760 1420 constitutus
779 1391 882 1424 sum,
892 1379 990 1419 Rex

157 1436 212 1477 ab
233 1448 286 1477 eo
308 1448 439 1488 super
453 1436 558 1477 Sion
575 1440 771 1477 montem
791 1439 990 1476 sanctum

158 1493 259 1544 ejus,
279 1492 302 1518 *
329 1491 576 1544 praedicans
595 1493 869 1544 praeceptum
888 1491 990 1542 ejus.

208 1549 423 1589 Dominus
456 1548 565 1590 dixit
598 1547 655 1589 ad
685 1561 771 1589 me:
800 1548 823 1574 *
853 1547 990 1588 Filius

156 1617 280 1646 meus
301 1617 348 1646 es
369 1609 427 1655 tu,
458 1617 539 1656 ego
559 1604 691 1646 hodie
711 1604 842 1655 genui
860 1608 915 1645 te.

208 1661 389 1702 Postula
404 1674 429 1702 a
444 1674 525 1711 me,
541 1665 586 1702 et
600 1660 717 1702 dabo
732 1660 812 1702 tibi
823 1660 990 1702 Gentes

157 1717 463 1759 haereditatem
481 1722 612 1767 tuam,
633 1718 657 1743 *
678 1722 721 1758 et
747 1717 989 1770 possessio-

156 1786 257 1816 nem
275 1779 397 1816 tuam
415 1774 627 1815 terminos
647 1778 791 1815 terrae.

209 1831 355 1882 Reges
382 1843 459 1872 eos
486 1831 530 1871 in
558 1831 682 1882 virga
708 1830 866 1879 ferrea,
894 1830 918 1855 *
947 1834 991 1871 et

157 1892 381 1939 tamquam
398 1900 486 1928 vas*
497 1887 619 1938 figuli
638 1887 886 1937 confringes
902 1899 990 1928 eos.

208 1944 266 1985 Et
288 1956 403 1985 nunc
427 1956 554 1994 reges
578 1943 822 1994 intelligite:
846 1943 870 1968 *
896 1955 990 1984 eru-

159 1999 310 2041 dimini
331 1999 405 2051 qui
423 1999 624 2051 judicatis
643 2005 818 2041 terram.

209 2056 379 2098 Servite
406 2056 598 2097 Domino
626 2056 671 2096 in
697 2056 871 2097 timore:
897 2056 921 2081 *
947 2061 991 2097 et

158 2112 374 2154 exsultate
395 2113 435 2154 ei
453 2125 553 2154 cum
571 2114 775 2154 tremore.

209 2168 542 2222 Apprehendite
580 2168 874 2222 disciplinam,
918 2181 990 2209 ne-

160 2224 335 2278 quando
372 2225 586 2266 irascatur
623 2225 859 2275 Dominus,
887 2225 911 2250 *
948 2229 991 2265 et

156 2281 350 2334 pereatis
378 2281 434 2323 de
458 2282 529 2323 via
555 2282 678 2333 justa.

211 2337 320 2379 Cum
348 2338 563 2379 exarserit
586 2338 631 2378 in
654 2337 779 2380 brevi
802 2337 867 2378 ira
890 2337 990 2388 ejus

158 2395 182 2421 *
200 2393 322 2435 beati
340 2406 504 2443 omneS,
525 2394 599 2446 qui
618 2393 845 2435 confidunt
863 2394 907 2434 in
926 2405 990 2434 eo.
1052 2427 1064 2444 s

209 2459 308 2499 Ant.
326 2459 569 2513 Tamquam
584 2475 738 2503 aurum
753 2462 797 2502 in
811 2462 990 2503 fornace
1052 2479 1056 2485 »

158 2518 366 2572 probavit
382 2518 547 2559 electos
562 2519 791 2559 Dominus:
808 2523 852 2559 et
868 2519 991 2570 quasi
1053 2516 1058 2538 r
1079 2523 1080 2542 ³
1110 2515 1140 2547 ’ἰ

158 2575 416 2617 holocausta
432 2574 602 2627 accepit
616 2587 694 2616 eos
707 2575 752 2615 in
767 2577 990 2616 aeternum.

210 2637 309 2678 Ant.
339 2639 386 2680 Si
410 2652 559 2680 coram
584 2639 834 2681 hominibus
857 2640 881 2665 *
904 2644 990 2682 tor-

158 2699 305 2739 menta
328 2696 447 2749 passi
477 2700 594 2746 sunt,
622 2709 724 2749 spes
751 2696 991 2738 electorum

160 2758 227 2794 est
252 2752 512 2795 immortalis
540 2752 583 2793 in
611 2753 835 2794 aeternum.

311 2894 376 2920 Pars
392 2894 499 2920 AEstiva.

1327 322 1524 362 l'salmus
1545 324 1581 361 2-3.

1129 384 1273 425 omine
1312 383 1418 436 quid
1459 382 1738 435 multiplicati
1774 385 1875 422 sunt

1144 441 1219 492 qui
1244 439 1455 482 tribulant
1482 438 1578 481 me?
1607 440 1631 464 *
1659 438 1785 480 multi
1813 438 1873 478 in-

1038 500 1224 547 surgunt
1252 496 1487 538 adversum
1515 509 1596 537 me.

1091 553 1218 595 Multi
1239 553 1389 595 dicunt
1409 554 1566 594 animae
1582 565 1709 593 meae:
1726 552 1750 577 *
1773 551 1875 592 Non

1039 615 1107 652 est
1125 610 1243 651 salus
1262 610 1346 662 ipsi
1365 610 1409 650 in
1428 610 1526 651 Deo
1547 610 1648 661 ejus.

1091 667 1160 708 Tu
1211 671 1357 708 autem
1402 667 1592 708 Domine
1644 666 1875 717 susceptor

1038 737 1163 765 meus
1184 736 1242 773 es,
1265 724 1289 749 *
1316 723 1457 775 gloria
1476 736 1584 773 mea,
1614 729 1657 765 et
1678 722 1875 764 exaltans

1040 785 1174 833 caput
1194 793 1351 822 meum.

1091 838 1217 879 Voce
1235 849 1334 878 mea
1350 836 1407 878 ad
1421 836 1661 878 Dominum
1677 835 1876 877 clamavi:

1039 895 1063 921 *
1080 899 1123 935 et
1142 893 1367 935 exaudivit
1384 906 1455 934 me
1476 892 1531 934 de
1552 897 1703 934 monte
1722 897 1876 933 sancto

1040 963 1132 992 suo.

1091 1007 1188 1058 Ego
1214 1006 1417 1057 dormivi,
1447 1011 1491 1048 et
1510 1008 1746 1058 soporatus
1767 1018 1877 1046 sum:

1039 1064 1063 1089 *
1085 1068 1129 1105 et
1149 1063 1390 1113 exsurrexi,
1421 1063 1523 1115 quia
1546 1063 1762 1104 Dominus
1787 1075 1876 1103 sus-

1040 1121 1157 1173 cepit
1175 1133 1256 1162 me.

1092 1177 1194 1218 Non
1237 1176 1402 1218 timebo
1442 1175 1576 1217 millia
1612 1175 1766 1228 populi
1798 1176 1877 1217 cir-

1042 1233 1288 1275 cumdantis
1312 1246 1399 1274 me:
1423 1234 1446 1260 *
1471 1236 1658 1283 exsurge
1678 1232 1878 1281 Domine,

1042 1290 1212 1331 salvum
1230 1303 1301 1331 me
1321 1290 1400 1339 fac,
1428 1289 1550 1330 Deus
1570 1301 1706 1330 meus.

1095 1347 1312 1397 Quoniam
1348 1351 1396 1388 tu
1428 1346 1687 1399 percussisti
1724 1358 1878 1387 omnes

1042 1403 1328 1445 adversantes
1347 1402 1453 1443 mihi
1468 1403 1561 1443 sine
1582 1415 1730 1443 causa:
1745 1403 1768 1428 *
1785 1401 1880 1444 den-

1041 1465 1109 1502 tes
1133 1461 1419 1512 peccatorum
1439 1459 1696 1501 contrivisti.

1094 1517 1273 1557 Domini
1299 1521 1367 1558 est
1392 1516 1523 1557 salus:
1543 1517 1567 1543 *
1587 1521 1631 1557 et
1650 1528 1782 1568 super
1802 1517 1878 1568 po-

1042 1573 1193 1626 pulum
1212 1578 1336 1614 tuum
1359 1572 1607 1614 benedictio
1627 1577 1713 1614 tua.

1095 1630 1192 1671 Ant.
1240 1633 1286 1674 Si
1320 1647 1470 1675 coram
1504 1633 1754 1675 hominibus
1791 1638 1878 1674 tor·

1042 1693 1190 1733 menta
1213 1691 1335 1743 passi
1359 1695 1474 1739 sunt,
1509 1703 1612 1743 spes
1637 1690 1878 1731 electorum

1044 1753 1111 1789 est
1130 1747 1390 1789 immortalis
1409 1747 1453 1787 in
1471 1749 1696 1788 aeternum.

1094 1800 1142 1852 V·
1174 1808 1406 1850 Laetamini
1433 1808 1476 1848 in
1500 1808 1710 1857 Domino,
1740 1813 1783 1850 et
1809 1821 1879 1849 ex-

1044 1865 1205 1907 sultate
1233 1865 1345 1917 justi.
1382 1864 1431 1916 R.
1474 1865 1532 1906 Et
1558 1864 1807 1915 gloriamini
1836 1877 1879 1905 o-

1043 1934 1167 1963 mnes
1187 1922 1297 1963 recti
1315 1921 1461 1963 corde.

1096 1981 1228 2024 Pater
1247 1986 1409 2024 noster.

1092 2041 1337 2082 Absolutio.
1366 2042 1543 2084 Exaudi
1562 2042 1761 2084 Domine.

1095 2099 1144 2149 V.
1174 2103 1287 2145 Jube
1307 2102 1479 2145 domne.

1094 2154 1255 2196 Bencd.
1285 2155 1599 2197 Benedictione
1620 2157 1846 2208 perpetua.

1044 2229 1112 2271 De
1140 2228 1342 2282 Epistola
1366 2228 1487 2270 beati
1518 2229 1644 2271 Pauli
1671 2229 1879 2282 Apostoli

1298 2284 1355 2327 ad
1380 2286 1620 2327 Romanos.

1146 2350 1298 2392 Lectio
1319 2352 1343 2391 i.
1562 2347 1666 2404 Cap.
1682 2354 1718 2393 8.
1736 2366 1769 2393 c.

1048 2431 1058 2450 *r
1147 2420 1322 2475 ratres:
1350 2416 1587 2459 Debitores
1613 2430 1764 2459 sumus
1789 2430 1877 2458 non

1190 2473 1323 2523 carni,
1358 2478 1406 2515 ut
1431 2473 1675 2515 secundum
1701 2487 1878 2515 carnem

1189 2529 1398 2571 vivamus.
1434 2530 1480 2572 Si
1501 2531 1615 2572 enim
1635 2529 1877 2572 secundum

1044 2597 1220 2626 carnem
1237 2586 1444 2636 vixeritis,
1463 2587 1724 2628 moriemini:
1750 2586 1787 2626 si
1806 2599 1877 2626 au-

1042 2645 1133 2682 tem
1156 2642 1315 2694 spiritu
1338 2643 1454 2684 facta
1478 2643 1621 2684 carnis
1642 2642 1877 2683 mortifica-

1043 2698 1212 2748 veritis,
1245 2699 1413 2741 vivetis.
1459 2699 1734 2751 Quicumque
1763 2698 1878 2738 enim

1044 2754 1200 2806 spiritu
1211 2755 1297 2796 Dei
1310 2758 1510 2807 aguntur,
1528 2755 1558 2795 ii
1573 2760 1674 2796 sunt
1690 2754 1768 2795 filii
1782 2754 1877 2795 Dei.

1610 2885 1662 2918 C*
