2040 2976
467 168 539 202 Die
563 168 614 201 24.
640 168 756 201 Junii.
804 167 846 200 In
869 166 1082 200 Nativitatc
1109 165 1143 199 S.
1170 166 1334 199 Joannis
1361 166 1559 208 Baptistae.

205 263 257 315 W.
291 266 414 307 Inter
453 269 582 306 natos
622 263 854 304 mulierum
894 273 983 302 non

150 322 340 420 surrtelxit
383 322 533 373 major.
592 322 643 373 151.
690 319 860 361 Joanne
900 317 982 358 Ba-

148 384 236 432 pt1s
286 409 294 418 .

276 456 427 497 Sermo
457 455 597 497 sancti
625 454 863 505 Augustini

453 511 677 564 Episcopi.

335 577 452 613 Serm.
477 578 536 614 20.
563 578 609 612 de
635 577 796 612 Sanctis.

453 635 607 676 Lectio
627 635 681 675 iv.

160 690 981 797 g1jsoffiniliildilal?sa‘eii‹effithedllii¹is]hg-

164 802 208 834 '—
233 805 262 834 33
285 807 451 848 minum
487 805 762 847 nativitatem
797 804 982 854 legimus

151 863 382 913 celebrari,
406 862 490 903 nisi
509 862 646 903 solius
665 861 783 903 beati
801 861 826 901 J
829 863 982 903 oannis

150 921 378 973 Baptistae.
404 919 456 959 In
477 918 572 960 aliis
592 917 754 959 sanctis
771 923 814 959 et
831 918 982 960 electis

150 977 236 1019 Dei
253 976 456 1017 novimus
480 974 604 1015 illum
627 973 743 1015 diem
763 974 867 1024 coli,
894 988 981 1027 quo

150 1033 268 1082 illos,
294 1036 399 1085 post
419 1031 843 1072 consummationem
862 1031 981 1073 labo-

150 1103 257 1140 rum,
278 1094 322 1131 et
340 1088 563 1130 devictum
576 1087 982 1140 triumphatumque

148 1145 370 1195 mundum,
388 1145 433 1185 in
452 1146 692 1197 perpetuas
711 1145 982 1186 aeternitates

148 1214 347 1255 praesens
366 1201 463 1242 haee
477 1201 568 1242 vita
587 1201 800 1253 parturiit.
820 1202 871 1242 In
887 1201 982 1242 aliis

150 1260 454 1300 consummata
473 1257 615 1299 ultimi
634 1257 720 1299 diei
739 1258 896 1299 merita
915 1270 981 1299 ce-

149 1314 388 1364 lebrantur;
407 1315 451 1355 in
470 1314 556 1355 hoc
571 1314 704 1354 etiam
719 1314 862 1366 prima
877 1313 982 1363 dies,

151 1376 194 1413 et
212 1371 309 1423 ipsa
329 1370 460 1412 etiam
479 1367 675 1411 hominis'
688 1370 812 1411 initia
832 1383 981 1412 conse-

151 1429 341 1469 crantur:
388 1439 471 1479 pro
515 1426 597 1468 hac
638 1426 807 1479 absque
845 1426 981 1468 dubio

149 1496 296 1533 causa,
318 1483 420 1536 quia
437 1496 517 1536 per
537 1483 653 1524 hunc
671 1483 888 1525 Dominus
908 1482 981 1525 ad-

149 1542 328 1581 ventum
353 1553 496 1590 suum,
523 1553 579 1582 ne
607 1540 754 1581 subito
781 1540 982 1581 homines

148 1597 422 1650 insperatum
450 1609 539 1638 non
567 1598 878 1647 agnoscerent,
907 1598 981 1637 vo-

148 1652 228 1694 luit
248 1665 345 1695 esse
364 1655 586 1694 testatum.
617 1653 643 1693 J
645 1655 810 1694 oannes
835 1658 981 1694 autem

147 1709 288 1760 figura
307 1709 387 1751 fuit
405 1710 567 1751 veteris
586 1709 849 1760 testamenti,
876 1714 919 1751 et
938 1710 981 1750 in

149 1778 198 1807 se
222 1765 410 1807 formam
435 1766 633 1818 praetulit
657 1765 782 1816 legis:
810 1771 853 1807 et
877 1766 979 1807 ideo

148 1822 173 1863 J
175 1824 340 1864 oannes
364 1823 677 1875 praenuntiavit
696 1822 980 1873 Salvatorem,

149 1879 261 1920 sicut
279 1879 351 1920 lex
369 1879 556 1930 gratiam
576 1879 878 1931 praecucurrit.

200 1941 250 1993 Rz.
291 1939 535 1982 Descendit
571 1939 768 1990 Angelus
804 1940 982 1981 Domini

150 1994 207 2037 ad
225 1995 501 2046 Zachariam,
521 1995 689 2038 dicens:
714 1996 884 2049 Accipe
903 1999 980 2048 pu-

150 2065 271 2094 erum
294 2052 339 2093 in
364 2055 592 2094 senectute
615 2058 706 2094 tua:
724 2054 747 2078 *
771 2053 828 2095 Et
851 2052 982 2094 habe-

149 2108 214 2150 bit
226 2121 387 2151 nomen
397 2109 422 2150 J
425 2111 590 2151 oannes
600 2109 814 2161 Baptista.
827 2102 877 2154 V.
890 2109 980 2150 Iste

149 2178 259 2218 puer
278 2178 463 2216 magnus
483 2177 633 2207 coram
651 2165 858 2207 Domino:
881 2178 983 2206 nam

150 2226 194 2263 et
212 2234 367 2263 manus
387 2222 478 2273 ejus
498 2234 599 2263 cum
616 2221 715 2274 ipso
736 2226 813 2262 est.
842 2221 909 2262 Et.

459 2283 612 2324 Lectio
630 2297 668 2323 v.

151 2326 327 2451 Quod
359 2350 506 2387 autem
538 2346 734 2387 nondum
766 2350 894 2386 natus
927 2345 983 2387 de

264 2403 437 2443 secreto
457 2402 643 2443 materni
661 2402 775 2443 uteri
793 2401 982 2454 prophe-

149 2458 273 2507 tavit,
294 2462 338 2499 et
358 2469 518 2509 expers
536 2457 646 2499 lucis
665 2459 750 2509 jam
769 2457 895 2498 testis
915 2462 983 2499 est

150 2514 363 2556 veritatis:
406 2512 492 2554 hoc
530 2518 597 2554 est
631 2512 982 2564 intelligendum,

152 2568 274 2622 quod
297 2569 438 2611 latens
470 2568 551 2610 sub
579 2569 796 2610 velamine
822 2574 865 2610 et
892 2582 981 2610 car-

151 2638 206 2667 ne
226 2626 401 2675 litterae,
429 2630 472 2666 et
491 2624 839 2678 Redemptorem
862 2639 982 2667 mun-

152 2681 210 2724 do
229 2682 385 2735 spiritu
402 2681 674 2734 praedicavit,
694 2686 739 2723 et
751 2681 879 2723 nobis
892 2682 980 2724 Do-

1035 259 1201 299 minum
1228 263 1428 300 nostrum
1456 258 1511 300 de
1541 258 1735 310 quodam
1762 257 1870 308 legis
1916 261 1918 264 '

1036 318 1166 356 utero
1193 314 1496 366 proclamavit.
1530 315 1649 365 Ergo
1678 314 1781 366 quia
1799 314 1869 354 Ju-

1037 371 1124 412 da'ei
1150 373 1406 412 erraverunt
1432 383 1457 411 a
1482 375 1652 420 ventre,
1680 370 1726 412 id
1753 375 1820 412 est
1845 383 1870 411 a

1036 426 1150 477 lege,
1181 439 1280 478 quae
1306 440 1331 467 a
1358 425 1531 468 Christo
1558 426 1740 477 gravida
1767 431 1869 476 erat,

1037 485 1294 524 erraverunt
1327 496 1352 524 a
1384 488 1554 530 ventre,
1596 482 1735 524 locuti
1768 487 1870 523 sunt

1036 538 1161 580 falsa:
1200 538 1302 580 ideo
1340 539 1411 580 hic
1443 539 1562 581 venit
1598 539 1643 579 in
1675 539 1869 580 testimo-

1036 595 1172 645 nium,
1204 600 1254 636 ut
1286 596 1587 638 testimonium
1617 594 1870 647 perhiberet

1037 650 1094 693 de
1113 651 1287 693 lumine.

1090 721 1141 772 R.
1170 718 1256 758 Hic
1288 722 1356 758 est
1382 717 1640 758 Praecr’rrsor
1669 715 1870 766 dilectus,

1038 780 1081 816 et
1108 774 1286 815 lucerna
1314 773 1467 814 lucens
1493 778 1593 814 ante
1618 773 1870 813 Dominum:

1037 833 1059 857 *
1080 832 1184 884 Ipse
1205 835 1272 872 est
1292 830 1407 871 enim
1425 830 1450 870 J
1454 832 1635 878 oannes,
1662 829 1736 881 qui
1755 829 1870 870 viam

1036 887 1229 929 Domino
1249 886 1519 939 praeparavit
1537 886 1581 926 in
1601 887 1766 935 eremo,
1791 885 1871 927 sed

1037 949 1081 985 et
1100 944 1276 994 Agnum
1294 943 1378 984 Dei
1398 942 1734 991 demonstravit,
1762 947 1805 983 et
1823 942 1869 982 il-

1036 1001 1265 1042 luminavit
1275 1005 1444 1041 mentes
1455 999 1692 1041 hominum.
1706 995 1758 1047 Y.
1766 999 1869 1051 Ipse

1036 1057 1213 1109 praeibit
1232 1062 1334 1098 ante
1353 1056 1475 1097 illurn
1493 1056 1538 1096 in
1557 1055 1714 1108 spiritu
1730 1060 1774 1096 et
1788 1055 1869 1095 vir-

1036 1116 1131 1155 tute
1151 1113 1272 1154 Eliae.
1297 1114 1413 1165 Ipse.

1338 1200 1493 1240 Lectio
1515 1199 1567 1239 vi.

1122 1264 1213 1306 uod
1237 1269 1384 1306 autem
1407 1265 1432 1305 J
1435 1266 1600 1305 oannes
1625 1264 1668 1304 in
1694 1266 1870 1304 carcere

1136 1321 1402 1362 constitutus
1426 1320 1483 1362 ad
1502 1320 1724 1362 Christum
1744 1319 1869 1361 disei-

1035 1392 1096 1430 pu
1116 1390 1166 1419 os
1193 1390 1298 1418 suos
1324 1376 1513 1427 ordinat,
1544 1377 1617 1418 lex
1648 1376 1705 1418 ad
1729 1377 1869 1418 Evan—

1035 1434 1196 1485 gelium
1219 1434 1487 1475 transmittit.
1522 1435 1630 1484 Quae
1654 1433 1726 1474 lex
1750 1434 1870 1484 juxta

1034 1496 1191 1543 typum
1218 1490 1417 1540 Joannis,
1456 1491 1582 1542 quasi
1610 1490 1869 1541 ignorantiae

1036 1547 1185 1588 clausa
1217 1549 1415 1596 carcere,
1450 1547 1493 1587 in
1526 1546 1718 1587 obscuro
1753 1551 1796 1587 et
1826 1546 1869 1585 in

1037 1603 1213 1645 occulto
1240 1603 1427 1655 jacebat,
1464 1608 1508 1644 et
1533 1602 1718 1643 Judaica
1746 1603 1868 1644 caeci-

1035 1662 1127 1702 tate
1153 1672 1308 1701 sensus
1334 1660 1449 1700 intra
1474 1659 1666 1700 litteram
1691 1658 1868 1700 teneba-

1035 1722 1106 1758 tur
1125 1716 1331 1757 inclusus.
1359 1716 1428 1757 De
1446 1716 1531 1757 hoc
1548 1715 1706 1757 beatus
1727 1715 1868 1756 Evan-

1035 1772 1191 1823 gelista
1206 1772 1501 1825 proloquitur:
1520 1771 1600 1813 Ille
1621 1776 1713 1813 erat
1732 1771 1868 1812 lucer-

1035 1842 1091 1870 na
1116 1829 1292 1879 ardens‚
1324 1828 1370 1871 id
1395 1834 1478 1878 est,
1512 1828 1699 1880 Spiritus
1729 1829 1870 1870 sancti

1034 1885 1134 1936 igne
1153 1888 1400 1935 succensus,
1420 1890 1466 1926 ut
1485 1884 1650 1926 mundo
1669 1885 1868 1935 ignoran-

1034 1942 1108 1982 tiae
1131 1946 1263 1983 nocte
1289 1943 1517 1994 possesso,
1542 1940 1688 1982 lumen
1714 1940 1868 1981 salutis

1036 1997 1302 2047 ostenderet,
1325 2003 1368 2039 et
1388 1998 1513 2050 quasi
1531 1997 1644 2039 inter
1664 1996 1867 2039 densissi-

1034 2067 1129 2095 mas
1150 2054 1414 2096 delictorum
1431 2053 1653 2103 tenebras,
1678 2052 1867 2105 splendi-

1036 2109 1264 2153 dissimum
1287 2110 1465 2162 justitiae
1487 2109 1628 2151 solem
1646 2110 1756 2151 lucis
1776 2123 1868 2151 suae

1034 2166 1161 2208 radio
1187 2167 1531 2217 demonstraret,
1560 2171 1604 2207 et
1633 2166 1689 2207 de
1718 2168 1866 2221 seipso

1036 2224 1204 2266 dicens:
1231 2224 1327 2274 Ego
1354 2235 1443 2265 vox
1468 2222 1698 2265 clamantis
1724 2222 1768 2263 in
1795 2221 1867 2264 de-

1036 2282 1167 2322 serto.

1087 2347 1138 2397 R.
1172 2344 1420 2385 Innuebant
1447 2345 1565 2396 patri
1592 2345 1700 2396 ejus,
1737 2356 1867 2396 quem

1034 2401 1169 2443 vellet
1182 2401 1334 2443 vocari
1350 2413 1464 2442 eum:
1485 2405 1529 2442 et
1545 2400 1776 2453 postulans
1790 2413 1866 2452 pu-

1034 2457 1248 2508 gillarem,
1283 2457 1474 2510 scripsit,
1509 2457 1675 2500 dicens:
1695 2457 1718 2480 *
1737 2457 1866 2497 Joan-

1034 2526 1113 2555 nes
1142 2518 1209 2556 est
1235 2527 1398 2556 nomen
1426 2515 1527 2565 ejus.
1572 2507 1623 2559 V.
1650 2514 1867 2565 Apertum

1036 2575 1103 2612 est
1132 2583 1183 2612 os
1212 2570 1460 2621 Zachariae,
1499 2575 1542 2612 et
1570 2569 1866 2623 prophetavit,

1036 2626 1197 2668 dicens.
1229 2627 1432 2668 Joannes.
1465 2626 1617 2668 Gloria
1635 2625 1765 2666 Patri.
1792 2624 1863 2665 Jo-

1036 2685 1183 2724 annes.
