2040 2976
667 202 707 235 In
732 202 858 236 Festis
883 203 923 236 B.
950 203 1080 236 Mari-ac
1104 203 1148 236 Y.
1174 213 1243 245 per
1267 212 1416 236 annum.

258 300 289 338 B
297 301 396 340 eata
413 299 554 341 Mater
571 303 761 349 munere,

305 355 436 407 Cujus
456 358 670 409 supernus
691 356 848 398 artifex

304 411 515 454 Mundum
534 412 699 465 pugillo
720 414 956 461 centinens,

219 511 228 521 ,
304 469 484 511 Ventris
505 468 585 510 sub
605 482 707 511 arca
728 469 900 511 clausus
920 475 997 511 cst.

254 545 392 584 Beata
411 542 513 584 coeli
532 542 695 592 nuntio,

303 598 530 641 Foecunda
550 604 703 640 sancto
723 599 898 651 Spiritu,

305 655 595 698 Desideratus
614 655 826 706 gentibus,

304 712 434 765 Cujus
453 725 533 765 per
551 712 697 753 alvum
715 712 837 753 fusus
857 716 934 754 est.

253 792 355 833 Jesu
374 790 455 832 tibi
474 791 530 832 sit
548 790 697 843 gleria,

305 848 389 898 Qui
408 852 535 889 natus
556 860 602 889 es
622 846 677 889 de
696 847 889 898 Virgine,

305 904 413 946 Cum
431 904 571 954 Patre,
591 909 635 946 et
654 904 768 945 almo
788 903 951 956 Spiritu

303 962 353 1002 In
377 961 641 1014 sempiterna
665 960 837 1002 saecula.
873 960 1026 1001 Amen.

436 1063 483 1101 In
507 1063 535 1101 1.
560 1062 780 1102 Nocturno.

249 1138 347 1175 Ant.
382 1134 622 1177 Benedicta
649 1139 698 1176 tu
721 1136 745 1161 *
769 1134 812 1175 in
840 1133 1026 1175 mulieri-

199 1191 298 1256 bus,
323 1196 366 1234 et
390 1190 648 1233 benedictus
672 1191 838 1232 fructus
861 1190 1026 1232 ventris

198 1252 272 1290 tul.

478 1308 676 1349 Psalmus
706 1310 741 1349 8.

238 1386 289 1420 ξ
308 1379 477 1420 emine
525 1378 740 1420 Deminus
793 1383 958 1428 noster,
1004 1380 1027 1406 *

242 1456 302 1482 ι
324 1467 327 1475 .
352 1448 481 1488 quam
501 1434 758 1477 admirabile
779 1440 846 1477 est
868 1447 1027 1477 nomen

279 1490 326 1518 Α
348 1497 471 1534 tuum
488 1492 531 1533 in
550 1494 752 1537 universa
770 1491 900 1534 terra!

253 1550 469 1600 Queniam
511 1552 682 1594 elevata
726 1554 794 1591 est
834 1549 1027 1602 magnifi-

202 1606 345 1648 centia
372 1611 458 1656 tua,
478 1610 502 1635 *
531 1620 662 1661 super
690 1606 840 1648 coelos.

253 1663 320 1703 Ex
349 1675 424 1704 ore
452 1664 682 1706 infantium
705 1668 749 1705 et
774 1662 1027 1704 lactentium

201 1718 425 1772 perfecisti
443 1720 619 1763 laudem
632 1724 814 1773 propter
828 1719 1028 1760 inimicos

201 1781 318 1826 tuos,
347 1777 371 1803 *
406 1782 454 1818 ut
493 1777 693 1820 destruas
728 1775 949 1817 inimicum
985 1781 1028 1817 et

202 1831 402 1875 ulterem.

254 1889 470 1940 Queniam
518 1890 679 1933 videbo
730 1889 868 1931 coelos
918 1894 1028 1939 tuos,

204 1949 338 1999 epera
364 1947 602 2000 digiterum
624 1949 816 1990 tuarum:
834 1947 858 1973 *
883 1945 1029 1987 lunam

205 2008 248 2045 et
267 2003 427 2054 stellaS,
457 2017 556 2057 quae
575 2009 624 2046 tu
644 2003 849 2045 fundasti.

257 2060 372 2110 Quid
392 2066 458 2103 est
477 2061 625 2111 homo,
655 2059 775 2113 quod
793 2072 961 2102 memor
982 2071 1028 2100 es

205 2115 316 2168 ejus?
336 2118 360 2143 *
378 2123 452 2159 aut
470 2117 586 2159 filius
604 2117 803 2167 heminis,
823 2116 1028 2169 queniam

204 2173 356 2214 visitas
375 2172 498 2215 eum?

256 2229 451 2272 Minuisti
488 2243 586 2272 eum
623 2230 756 2284 paulo
794 2230 936 2272 minus
974 2230 1029 2272 ab

206 2285 399 2338 Angelis,
415 2286 554 2337 gleria
570 2292 613 2328 et
627 2287 794 2329 honere
810 2287 1030 2329 coronasti

207 2355 320 2384 eum:
346 2343 370 2369 *
399 2347 443 2384 et
476 2343 738 2401 constituisti
770 2357 869 2386 eum
898 2357 1030 2397 super

208 2401 343 2452 Opera
361 2401 567 2440 manuum
583 2402 766 2441 tuarum.

260 2455 417 2497 Omnia
458 2454 679 2508 subiecisti
720 2456 801 2498 sub
843 2457 1031 2510 pedibus

207 2513 317 2564 ejus»,
345 2514 369 2539 *
405 2524 512 2554 oves
546 2517 589 2554 et
619 2511 757 2554 boves
787 2514 1031 2555 universas:

206 2571 384 2622 insuper
403 2574 447 2611 et
464 2570 626 2622 pecora
645 2570 798 2622 campi.

259 2625 475 2667 Velucres
495 2624 606 2675 coeli,
627 2630 670 2667 et
687 2626 833 2678 pisces
852 2626 993 2675 maris,
1008 2627 1031 2651 *

211 2683 285 2735 qui
301 2681 607 2735 perambulant
625 2682 801 2723 semitas
819 2682 962 2723 maris.

259 2739 448 2781 Domine
461 2739 675 2780 Deminus
692 2740 885 2789 noster‚*
900 2751 1031 2791 quam

1080 300 1336 342 admirabile
1353 305 1420 342 est
1433 313 1593 343 nomen
1609 306 1733 344 tuum
1752 303 1796 345 in
1814 304 1904 345 uni-

1080 358 1206 398 versa
1224 356 1355 398 terra!

1125 425 1224 463 Ant.
1251 421 1493 464 Benedicta
1511 428 1560 465 tu
1579 424 1623 465 in
1640 423 1905 476 mulieribus,

1081 484 1124 520 et
1143 478 1402 520 benedictus
1421 479 1587 522 fructus
1606 481 1770 522 ventris
1788 481 1862 523 tui.

1127 542 1225 581 Ant.
1268 542 1391 585 Sicut
1423 545 1600 597 myrrha
1632 545 1656 572 *
1689 545 1829 587 electa
1862 558 1905 588 0-

1081 600 1234 642 derem
1277 599 1438 642 dedisti
1484 602 1711 644 suavitatis
1756 607 1906 644 sancta

1079 657 1162 698 Dei
1189 657 1398 699 Genitrix.

1350 733 1548 774 Psalmus
1567 734 1624 774 18.

1153 810 1227 851 oeli
1255 812 1458 852 enarrant
1485 811 1670 862 gleriam
1692 813 1792 863 Dei,
1814 814 1839 840 *
1864 819 1907 856 et

1170 869 1306 920 epera
1332 869 1538 909 manuum
1567 869 1657 921 ejus
1681 871 1907 913 annuntiat

1079 923 1409 965 firmamentum.

1129 980 1236 1021 Dies
1269 979 1354 1022 diei
1386 983 1556 1023 eructat
1587 982 1787 1034 verbum,
1811 984 1835 1010 *
1863 988 1908 1026 et

1078 1049 1166 1078 nox
1185 1037 1304 1078 nocti
1321 1036 1485 1078 indicat
1503 1038 1739 1081 scientiam.

1129 1093 1231 1135 Non
1251 1098 1351 1135 sunt
1369 1094 1568 1148 loquelae,
1587 1108 1729 1148 neque
1745 1099 1906 1139 serme-

1078 1163 1172 1200 nes,
1197 1150 1220 1175 *
1246 1163 1431 1203 quorum
1459 1167 1547 1196 non
1575 1151 1806 1195 audiantur
1831 1166 1904 1195 vo-

1080 1219 1153 1248 ces
1173 1208 1335 1248 earum.

1131 1264 1182 1304 In
1214 1275 1388 1306 omnem
1420 1271 1583 1308 terram
1611 1266 1745 1308 exivit
1773 1279 1906 1308 sonus

1081 1322 1247 1362 eerum:
1278 1321 1302 1347 *
1335 1327 1379 1364 et
1409 1323 1452 1364 in
1484 1323 1594 1365 fines
1626 1322 1746 1365 orbis
1776 1328 1906 1366 terrae

1080 1376 1215 1419 verba
1235 1380 1397 1420 earum.

1131 1434 1182 1474 ln
1207 1434 1299 1477 sole
1322 1436 1471 1488 pesuit
1492 1435 1821 1478 tabernaculum
1840 1450 1907 1478 su-

1082 1505 1172 1532 um:
1203 1492 1228 1517 *
1259 1496 1303 1533 et
1333 1493 1428 1545 ipse
1465 1498 1689 1546 tamquam
1720 1506 1908 1546 sponsus

1081 1547 1326 1600 procedens
1346 1549 1401 1591 de
1419 1549 1612 1591 thalamo
1633 1563 1728 1592 suo:

1133 1605 1380 1647 Exsultavit
1412 1611 1460 1648 ut
1491 1607 1613 1658 gigas
1647 1606 1704 1648 ad
1735 1608 1907 1648 curren-

1082 1661 1183 1703 dam
1202 1662 1331 1712 viam,
1350 1663 1374 1688 *
1393 1676 1418 1704 a
1437 1676 1608 1705 summo
1631 1663 1745 1705 coelo
1766 1665 1907 1715 egres-

1082 1731 1146 1759 s10
1167 1731 1274 1770 ejus:

1132 1775 1190 1816 Et
1214 1778 1423 1817 occursus
1447 1777 1538 1828 ejus
1560 1789 1700 1829 usque
1719 1775 1776 1818 ad
1795 1789 1908 1818 sum-

1081 1845 1200 1873 mum
1215 1832 1320 1883 ejus:
1337 1833 1361 1859 *
1380 1845 1462 1874 nec
1481 1838 1548 1875 est
1568 1833 1642 1886 qui
1661 1846 1708 1875 se
1727 1832 1907 1875 abscen-

1082 1887 1158 1930 dat
1177 1901 1202 1929 a
1221 1889 1367 1932 calere
1387 1890 1487 1942 ejus.

1132 1945 1226 1987 Lex
1240 1946 1418 1987 Demini
1434 1946 1712 1988 immaculata
1731 1948 1909 1988 conver-

1082 2007 1179 2044 tens
1198 2003 1378 2044 animas:
1388 2003 1412 2029 *
1422 2003 1719 2045 testimenium
1732 2003 1911 2045 Demini

1082 2058 1231 2109 fidele,
1268 2059 1526 2112 sapientiam
1561 2065 1777 2113 praestans
1811 2061 1909 2114 par-

1083 2115 1205 2156 vuhs

1134 2172 1159 2213 J
1161 2173 1321 2214 ustitiae
1335 2173 1513 2214 Demini
1527 2178 1670 2224 rectae,
1688 2173 1909 2215 laetifican—

1083 2234 1150 2271 tes
1186 2228 1338 2271 corda:
1369 2230 1393 2255 *
1425 2232 1697 2284 praeceptum
1733 2230 1908 2271 Demini

1083 2285 1290 2337 lucidum,
1308 2286 1554 2328 illuminans
1574 2286 1737 2329 eculos.

1135 2343 1287 2384 Timor
1314 2343 1491 2384 Demini
1519 2348 1709 2393 sanctus,
1741 2345 1909 2396 perma-

1084 2412 1191 2441 nens
1218 2399 1262 2440 in
1289 2400 1497 2441 saeculum
1526 2399 1688 2442 saeculi:
1706 2401 1730 2426 *
1752 2399 1910 2452 judicia

1083 2456 1260 2497 Demini
1285 2469 1404 2506 vera,
1432 2457 1663 2508 justificata
1685 2457 1729 2498 in
1755 2460 1909 2498 semet-

1082 2525 1189 2566 ipsa.

1135 2569 1452 2612 Desiderabilia
1471 2582 1602 2623 super
1621 2582 1774 2611 aurum
1790 2574 1834 2611 et
1849 2569 1907 2610 la-

1083 2626 1231 2679 pidem
1250 2627 1491 2680 pretiesum
1509 2626 1707 2668 multum:
1721 2627 1744 2652 *
1760 2630 1803 2668 et
1817 2624 1908 2667 dul-

1085 2684 1204 2724 ciera
1223 2696 1354 2736 super
1372 2683 1459 2725 mel
1478 2688 1521 2725 et
1539 2683 1696 2724 favum.

1135 2740 1308 2782 Etenim
1330 2752 1483 2782 servus
1506 2745 1606 2782 tuus
1630 2737 1822 2781 custadit
1845 2751 1907 2789 ea,
