2040 2976
166 215 241 251 206

171 378 332 417 corpus
353 365 627 412 exercentur,
654 363 793 404 fracto
814 365 1002 414 corpore

169 422 338 463 minora
361 420 482 461 fiunt.

230 483 278 532 Rg.
299 477 472 518 Montes
499 475 686 525 Gelboe,
714 488 795 516 nec
820 487 895 516 ros
921 487 1002 516 nec

170 533 319 587 pluvia
339 533 515 574 veniant
535 545 668 585 super
683 545 774 580 vos,
794 535 814 557 *
828 531 915 573 Ubi
935 543 1001 572 ce-

170 589 369 631 ciderunt
397 589 533 630 fortes
561 589 709 629 Israel.
761 585 808 635 X.
836 588 1000 628 Omnes

169 651 360 694 montes,
386 646 461 697 qui
487 645 593 686 estis
620 645 663 685 in
690 644 874 686 circuitu
899 644 1001 694 ejus,

168 703 316 743 visitet
341 702 573 743 Dominus:
609 714 634 742 a
659 700 830 742 Gelboe
856 706 1002 741 autem

167 760 374 800 transeat.
403 758 501 800 Ubi.

476 818 628 857 Lectio
651 818 703 855 vi.

175 871 316 975 Nec
334 869 420 911 1106
441 869 552 918 dico,
574 868 694 920 quod
712 869 756 909 in
774 867 1002 919 juvenibus

281 932 324 968 et
344 925 487 967 adhuc
507 925 727 966 solidioris
748 925 908 973 aetatis,
934 923 1002 964 his

171 982 415 1032 dumtaxat,
445 982 519 1034 qui
542 981 697 1022 labore
721 986 765 1022 et
789 980 1001 1022 ardentis-

171 1040 282 1081 simo
311 1038 476 1086 studio,
508 1038 610 1079 vitae
641 1050 818 1090 quoque
847 1037 1002 1078 sancti-

169 1096 331 1145 monia,
365 1100 408 1136 et
440 1094 650 1136 orationis
681 1093 738 1135 ad
765 1094 1002 1135 Dominum

170 1153 194 1194 J
199 1165 324 1194 esum
351 1151 611 1203 frequentia,
646 1151 874 1192 scientiam
902 1162 1002 1191 con-

171 1208 312 1250 secuti
333 1212 447 1256 sunt,
472 1207 627 1258 frigeat
647 1207 877 1259 sapientia,
903 1219 1003 1258 quae

169 1265 214 1305 in
235 1264 458 1317 plerisque
483 1263 660 1304 senibus
685 1265 817 1304 aetate
840 1264 1002 1304 marce-

171 1321 267 1362 scit:
295 1319 375 1361 sed
402 1319 522 1371 quod
546 1318 844 1360 adolescentia
866 1318 1005 1359 multa

171 1376 372 1428 corporis
405 1375 521 1417 bella
554 1377 782 1424 sustineat,
817 1380 860 1416 et
892 1375 1005 1416 inter

170 1433 392 1474 incentiva
417 1432 639 1481 vitiorum,
666 1437 710 1473 et
737 1431 880 1472 carnis
903 1431 1003 1472 titil-

171 1489 374 1538 lationes,
405 1488 530 1539 quasi
553 1488 664 1538 ignis
687 1488 732 1528 in
755 1488 885 1539 lignis
904 1487 1004 1528 viri-

173 1545 301 1586 dibus
317 1544 567 1593 suffocetur,
587 1549 635 1585 ut
656 1557 783 1585 suum
802 1557 891 1585 non
906 1556 1004 1596 pos-

173 1601 230 1642 sit
262 1601 482 1652 explicare
515 1600 741 1650 fulgorem.
794 1601 1006 1642 Senectus

173 1669 279 1698 vero
306 1669 455 1697 rursus
481 1658 634 1697 eorum
659 1656 733 1708 qui
752 1656 1005 1698 adolescen-

175 1713 281 1753 tiam
301 1725 424 1753 suam
444 1711 641 1753 honestis
664 1712 831 1754 artibus
851 1713 1006 1754 instru-

175 1770 342 1817 xerunt,
369 1774 412 1809 et
430 1768 473 1808 in
493 1769 590 1819 lege
610 1769 788 1810 Domini
807 1768 1007 1810 meditati

175 1830 276 1866 sunt
296 1824 366 1865 die
384 1837 435 1866 ac
450 1830 590 1874 nocte,
610 1827 741 1867 aetate
757 1826 806 1867 fit
822 1825 1006 1874 doctior,

174 1893 257 1921 usu
279 1880 440 1930 tritior,
466 1883 680 1933 processu
701 1882 917 1934 temporis
942 1894 1005 1922 sa-

173 1936 379 1989 pientior,
426 1942 470 1978 et
515 1939 713 1978 veterum
759 1937 1007 1979 studiorum

175 1991 452 2034 dulcissimos
472 1993 640 2034 fructus
659 1994 794 2035 metit.

233 2051 284 2091 R.
310 2048 406 2098 Ego
438 2054 482 2090 te
515 2049 595 2090 tuli
624 2049 679 2091 de
708 2049 840 2091 domo
869 2050 1007 2102 patris

175 2104 255 2153 tui,
280 2103 385 2145 dicit
404 2105 635 2155 Dominus,
661 2110 705 2147 et
723 2106 853 2158 posui
870 2111 914 2147 te
933 2109 1007 2158 pa-

177 2172 299 2201 scere
324 2172 502 2210 gregem
524 2161 679 2213 populi
703 2162 804 2202 mei:
827 2162 849 2184 *
868 2162 925 2203 Et
948 2162 1009 2202 fui

177 2220 324 2257 tecum
348 2215 392 2255 in
412 2216 615 2257 omnibus
634 2217 901 2269 ubicumque
921 2231 1007 2259 3111-

177 2270 358 2319 bulasti,
391 2270 571 2312 firmans
604 2285 788 2323 regnum
815 2278 938 2314 tuum
965 2274 1010 2314 in

180 2328 403 2368 aeternum.
449 2321 494 2371 N.
522 2327 714 2379 Fecique
742 2328 821 2370 tibi
849 2341 1009 2370 nomen

178 2380 360 2446 grande,
397 2383 515 2433 juxta
547 2395 707 2424 nomen
740 2386 1010 2434 magnorum,

181 2437 256 2490 qui
275 2442 375 2479 sunt
394 2438 437 2478 in
456 2443 588 2479 terra:
618 2444 661 2480 et
687 2440 883 2490 requiem
907 2439 1010 2481 dedi

178 2493 259 2535 tibi
287 2493 342 2534 ab
372 2493 574 2535 omnibus
602 2494 786 2536 inimicis
808 2496 906 2536 tuis.
943 2496 1010 2537 Et.

185 2549 335 2590 Gloria
354 2549 485 2590 Patri.
513 2550 581 2590 Et.

237 2608 286 2658 Rg.
312 2606 379 2645 vii.
410 2605 597 2646 Peccavi
624 2618 757 2658 super
782 2609 1011 2647 numerum

182 2663 326 2702 3161136
352 2661 501 2710 maris,
530 2666 573 2702 et
598 2661 887 2713 multiplicata
912 2668 1012 2704 sunt

182 2719 367 2769 peccata
393 2728 504 2757 mea:
541 2722 584 2758 et
615 2729 703 2757 non
731 2730 827 2758 sum
855 2717 1012 2768 dignus

170 310 266 361 gius
295 307 566 361 protraham,
604 312 761 348 cuncta
793 319 893 359 quae
921 318 1003 358 per

522 216 621 249 Infra
651 212 944 247 llcbdomadam
971 211 1034 244 vii.
1060 216 1148 253 post
1175 209 1253 242 Oct.
1284 208 1540 241 l’cntccostes.

1053 303 1204 345 videre
1231 301 1508 344 altitudinem
1533 302 1635 344 coeli
1659 313 1754 355 prae
1778 300 1885 342 mul-

1053 359 1240 402 titudine
1260 359 1503 410 iniquitatis
1525 370 1652 400 meae:
1680 357 1888 410 quoniam

1053 415 1220 456 irritavi
1256 415 1366 455 iram
1403 420 1540 464 tuam,
1579 418 1602 443 *
1631 414 1689 455 Et
1722 413 1887 454 malum

1055 485 1204 513 coram
1223 476 1267 512 te
1287 471 1382 511 feci.
1423 468 1474 519 V.
1494 470 1711 521 Quoniam
1733 468 1887 521 iniqui·

1054 530 1192 569 tatem
1211 540 1355 568 meam
1375 539 1458 578 ego
1480 528 1720 578 cognosco:
1746 530 1790 566 et
1814 524 1887 566 de-

1054 585 1206 626 lictum
1231 596 1378 625 meum
1406 589 1561 625 eontra
1587 595 1657 623 me
1685 587 1752 624 est
1778 594 1887 623 sem-

1054 653 1146 693 per,
1166 641 1269 692 quia
1287 640 1368 682 tibi
1387 639 1471 681 soli
1489 639 1684 692 peccavi.
1712 639 1779 680 Et.

1111 705 1162 756 R.
1191 704 1274 744 viii.
1315 701 1416 742 Duo
1458 700 1690 753 Seraphim
1731 698 1889 740 clama-

1054 756 1162 798 bant
1191 757 1302 799 alter
1330 757 1387 798 ad
1416 757 1617 798 alterum:
1645 758 1668 783 *
1691 755 1889 804 Sanctus,

1055 818 1249 863 sanctus,
1293 818 1472 855 sanctus
1513 813 1730 854 Dominus
1767 811 1889 852 Deus

1055 869 1266 911 Sabaoth:
1295 875 1317 897 *
1341 869 1478 910 Plena
1507 874 1574 911 est
1602 868 1744 910 omnis
1771 872 1890 909 terra

1055 925 1196 977 gloria
1214 927 1316 978 ejus.
1355 922 1406 973 Y.
1425 926 1537 966 Tres
1558 930 1659 966 sunt
1679 923 1753 976 qui
1771 923 1890 965 testi-

1055 983 1250 1025 monium
1268 981 1374 1023 dant
1397 982 1440 1022 in
1460 981 1592 1031 coelo,
1615 982 1763 1030 Pater,
1781 980 1890 1022 Ver-

1056 1039 1172 1089 bum,
1193 1043 1236 1080 et
1254 1038 1442 1091 Spiritus
1463 1043 1655 1080 sanctus:
1675 1042 1718 1079 et
1736 1036 1782 1077 hi
1800 1041 1891 1078 tres

1056 1109 1190 1136 unum
1210 1101 1322 1137 sunt.
1354 1096 1551 1137 Sanctus.
1591 1094 1741 1136 Gloria
1758 1092 1891 1134 Patri.

1056 1151 1202 1193 Plena.

1214 1248 1401 1284 Feria
1437 1246 1738 1283 Secunda.

1190 1306 1257 1346 De
1280 1303 1395 1346 libro
1421 1303 1554 1345 tertio
1579 1303 1763 1354 Regum.

1113 1370 1266 1411 Lectio
1288 1370 1311 1411 i.
1629 1369 1732 1422 Cap.
1751 1370 1783 1410 1.
1803 1368 1843 1410 d.

1069 1434 1162 1477 'Ut
1186 1429 1418 1482 respondit
1441 1442 1519 1471 rex
1538 1427 1701 1478 David,
1727 1427 1895 1468 dicens:

1069 1451 1135 1529 *12³ss
1156 1486 1329 1531 Vocate
1345 1484 1402 1527 ad
1416 1498 1487 1527 me
1501 1484 1765 1527 Bethsabee.
1784 1483 1895 1533 Quae

1059 1555 1159 1584 cum
1186 1542 1342 1583 fuisset
1369 1542 1568 1593 ingressa
1596 1553 1747 1583 coram
1772 1552 1894 1591 rege,

1059 1603 1103 1641 et
1130 1601 1326 1640 stetisset
1349 1603 1451 1640 ante
1476 1611 1593 1648 eum,
1621 1597 1780 1650 juravit
1805 1608 1895 1646 rex,

1059 1660 1104 1697 et
1136 1655 1210 1697 ait:
1248 1655 1372 1697 Vivit
1403 1655 1636 1704 Dominus,
1676 1654 1752 1706 qui
1783 1653 1896 1695 eruit

1060 1712 1250 1753 animam
1276 1724 1421 1753 meam
1450 1710 1505 1752 de
1535 1710 1653 1752 omni
1677 1709 1896 1761 angustia,

1061 1769 1163 1820 quia
1182 1768 1296 1810 sicut
1313 1768 1454 1820 juravi
1467 1767 1548 1809 tibi
1562 1780 1643 1821 per
1656 1766 1897 1808 Dominum

1059 1825 1204 1866 Deum
1230 1824 1386 1874 Israel,
1412 1823 1578 1866 dicens:
1609 1822 1819 1864 Salomon
1849 1821 1895 1862 fi-

1060 1881 1143 1922 lius
1163 1886 1265 1922 tuus
1285 1880 1487 1932 regnabit
1505 1885 1611 1933 post
1627 1892 1713 1929 me,
1738 1878 1896 1931 etipse

1062 1936 1234 1979 sedebit
1271 1950 1406 1990 super
1443 1936 1603 1978 solium
1634 1948 1782 1977 meum
1812 1946 1896 1986 pro

1060 2006 1146 2035 me:
1178 1993 1242 2034 sic
1266 1994 1427 2035 faciam
1450 1992 1596 2034 hodie.
1637 1991 1897 2034 Summisso-

1062 2062 1147 2101 que
1180 2049 1432 2091 Bethsabee
1471 2050 1515 2090 in
1552 2054 1717 2091 terram
1756 2046 1898 2096 vultu,

1062 2105 1266 2147 adoravit
1284 2118 1449 2157 regem,
1476 2105 1641 2147 dicens:
1666 2104 1802 2146 Vivat
1821 2102 1897 2144 do-

1061 2162 1204 2203 minus
1223 2175 1347 2204 meus
1367 2161 1514 2203 David
1532 2161 1577 2202 in
1597 2162 1821 2202 aeternum.

1117 2219 1169 2271 R.
1190 2218 1459 2260 Recordare.
1478 2218 1564 2258 179.

1376 2271 1529 2312 Lectio
1552 2271 1591 2310 ii.

1151 2331 1230 2372 ixit
1250 2343 1428 2383 quoque
1447 2343 1526 2372 rex
1540 2329 1706 2371 David:
1723 2329 1898 2370 Vocate

1157 2387 1263 2427 mihi
1278 2386 1424 2428 Sadoc
1444 2386 1732 2434 sacerdotem,
1752 2390 1796 2426 et
1810 2385 1896 2426 Na-

1063 2442 1168 2483 than
1181 2442 1459 2496 prophetam,
1477 2448 1520 2484 et
1535 2442 1745 2493 Banajam
1759 2440 1899 2490 filium

1063 2498 1086 2538 J
1091 2498 1242 2550 ojadae.
1277 2499 1361 2549 Qui
1384 2511 1483 2540 cum
1504 2498 1689 2549 ingressi
1713 2497 1897 2538 fuissent

1064 2566 1213 2595 coram
1242 2567 1361 2605 rege,
1391 2554 1501 2596 dixit
1529 2553 1586 2596 ad
1613 2567 1705 2595 eos:
1733 2553 1898 2594 Tollite

1064 2610 1294 2651 vobiscum
1314 2623 1467 2652 servos
1488 2610 1654 2652 domini
1672 2609 1824 2659 vestri,
1854 2613 1898 2650 et

1064 2665 1276 2717 imponite
1296 2667 1577 2708 Salomonem
1594 2666 1734 2706 filium
1751 2677 1898 2706 meum

1065 2733 1198 2772 super
1215 2723 1379 2764 mulam
1397 2735 1555 2764 meam:
1576 2726 1620 2763 et
1634 2720 1782 2763 dacite
1798 2733 1898 2762 eum
