2040 2976
754 183 923 217 Sabbato
950 184 999 217 ad
1020 184 1256 220 Matutinum.

211 279 417 320 Exaltate
456 280 693 321 Deminum
728 281 872 322 Deum
913 293 986 321 no-

160 340 318 386 strum,
355 340 398 377 et
431 335 612 378 adorate
647 336 886 378 scabellum
914 350 986 390 pe-

161 391 265 433 dum
285 393 394 444 ejus:
414 393 437 418 *
455 393 661 444 queniam
686 398 886 434 sanctum
909 398 986 435 est.

211 448 387 501 Moyses
423 454 465 490 et
493 449 642 490 Aaron
676 450 720 490 in
748 449 985 491 sacerdeti-

158 504 240 546 bus
275 506 381 557 ejus:
410 506 433 530 *
462 510 505 546 et
539 506 715 547 Samuel
748 506 861 547 inter
898 519 985 556 eos,

160 561 234 613 qui
255 563 461 603 invocant
480 574 641 603 nomen
661 562 770 614 ejus:

210 618 482 660 Invocabant
516 618 771 668 Deminum‚
810 623 853 660 et
888 619 984 672 ipse

160 674 422 716 exaudiebat
451 675 587 716 eos:<*
606 675 651 715 in
679 675 882 716 columna
908 689 983 716 nu-

158 729 227 772 bis
245 730 509 783 loquebatur
527 730 583 772 ad
603 744 689 773 eos.

211 787 530 829 Custodiebant
579 788 832 829 testimonia
882 789 983 840 ejus,

158 844 182 870 *
202 847 246 884 et
263 845 536 896 praeceptum
555 844 674 896 quod
693 843 815 886 dedit
835 844 931 885 illis.

209 899 398 941 Demine
412 901 533 941 Deus
553 906 702 942 noster
717 906 765 942 tu
782 900 982 942 exaudie-

157 955 237 998 bas
258 969 350 998 eos:
369 957 392 982 *
411 957 532 998 Deus
551 962 599 998 tu
624 957 844 1010 propitius
863 957 983 998 fuisti

158 1013 232 1063 eis,
253 1017 296 1054 et
315 1013 530 1055 ulciscens
548 1014 593 1054 in
611 1026 763 1055 omnes
777 1013 981 1055 adinven-

157 1069 301 1111 tienes
321 1071 483 1111 eerum.

209 1125 411 1167 Exaltate
452 1127 690 1167 Deminum
725 1127 869 1168 Deum
908 1140 981 1168 no-

158 1187 307 1232 strum,
332 1187 376 1224 et
392 1182 576 1224 adorate
594 1183 638 1223 in
658 1188 808 1225 monte
828 1189 980 1225 sancto

156 1239 262 1290 ejus:
281 1239 305 1265 *
326 1240 533 1291 queniam
561 1244 737 1281 sanctus
765 1240 981 1281 Deminus

154 1295 275 1337 Deus
294 1301 456 1337 noster.
764 1321 771 1329 ·

209 1360 308 1400 Ant.
351 1361 463 1410 Quia
501 1361 718 1403 mirabilia
753 1361 857 1403 fecit
892 1362 980 1402 De-

154 1415 308 1457 minus.

199 1489 370 1534 Sequens
409 1492 496 1525 Ant.
542 1495 578 1525 et
615 1491 675 1525 Ps.
712 1491 882 1527 JubilAte
923 1494 984 1527 hic

155 1538 468 1581 praetermittitur,
488 1539 643 1583 quando
658 1539 798 1573 dieitur
812 1540 848 1573 in
865 1541 983 1575 Laud.

156 1590 196 1619 ut
221 1586 259 1620 in
282 1586 480 1625 Sabbatis,
513 1588 552 1621 in
579 1587 719 1630 quibus
741 1588 781 1622 fit
806 1587 911 1622 Offic.
937 1590 983 1623 de

157 1632 191 1674 S.
217 1634 349 1677 Maria,
373 1640 409 1669 et
433 1636 513 1678 ejus
540 1636 627 1670 loco
654 1635 795 1670 dicitur

207 1694 306 1736 Ant.
323 1700 365 1736 et
381 1696 448 1735 ΡΒ.
468 1696 642 1736 Bonum
658 1701 725 1738 est
739 1696 762 1722 *
778 1696 980 1738 confiteri

153 1751 356 1793 Demino.
375 1756 422 1792 ut
440 1752 561 1792 infra.

206 1826 305 1865 Ant.
337 1825 535 1867 Jubilate.

424 1903 623 1945 psalmus
644 1907 710 1945 99.

155 1966 390 2073 Jubilate
408 1974 506 2015 Deo
531 1974 672 2015 omnis
697 1979 828 2016 terra:
847 1975 870 2000 *
891 1988 978 2017 ser—

238 2033 327 2072 vite
345 2030 536 2071 Demino
556 2030 601 2071 in
619 2030 782 2072 laetitia.

204 2088 390 2128 Introite
418 2087 462 2127 in
490 2089 732 2140 conspectu
761 2088 866 2140 ejus,
889 2089 978 2130 *in

154 2143 455 2186 exsultatiene.

204 2200 371 2242 Scitete
399 2202 607 2253 queniam
632 2202 848 2242 Deminus
882 2202 977 2254 ipse

154 2261 220 2297 est
239 2256 378 2297 Deus:
396 2258 420 2282 *
439 2258 534 2310 ipse
561 2258 665 2299 fecit
692 2270 788 2307 nos,
818 2263 860 2299 et
888 2272 976 2300 non

152 2325 237 2364 1psi
256 2325 353 2353 nos:

203 2368 399 2421 Pepulus
437 2371 547 2421 ejus,
584 2375 627 2412 et
665 2383 771 2412 oves
798 2373 976 2423 pascuae

154 2425 258 2476 ejus:
277 2425 495 2471 *introite
518 2432 672 2479 portas
695 2428 785 2479 ejus
812 2427 856 2467 in
876 2440 975 2469 con-

153 2481 352 2530 fessiene‚
373 2482 483 2522 atria
503 2483 594 2534 ejus
612 2483 657 2523 in
671 2482 857 2535 hymnis:
877 2496 975 2525 con—

152 2537 334 2578 fitemini
352 2537 426 2578 illi.

204 2593 403 2635 Laudate
435 2607 595 2635 nomen
629 2596 734 2647 ejus:
770 2596 975 2647 queniam

153 2651 298 2691 suavis
327 2655 394 2691 est
420 2651 651 2701 Deminus,
685 2652 730 2692 in
763 2653 976 2694 aeternum

151 2706 453 2748 misericerdia
468 2707 569 2758 ejus,
583 2707 607 2732 *
622 2712 665 2748 et
685 2720 824 2759 usque
842 2709 888 2750 in
905 2722 974 2760 ge-

306 2849 369 2873 Pars
386 2848 495 2874 AEstiva.

1037 281 1311 323 neratienem
1335 288 1378 324 et
1401 286 1728 335 generatienem
1752 286 1860 327 veri-

1036 342 1105 378 tas
1127 338 1228 389 ejus.
1408 348 1419 368 ⁰

1269 393 1350 433 Vel
1375 394 1571 436 Psalmus
1591 399 1647 437 91.

1043 442 1259 547 Bonum
1278 456 1344 492 est
1378 453 1576 513 c9nfiteri
1603 455 1810 496 Deminoz
1838 456 1860 480 *

1138 512 1181 548 et
1207 508 1397 560 psallere
1432 510 1597 550 nemini
1624 515 1700 552 tuo
1728 511 1860 553 Altis-

1036 576 1154 605 s1me.

1086 620 1159 661 Ad
1179 621 1526 663 annuntiandum
1550 637 1676 665 mane
1695 625 1859 666 miseri-

1036 676 1234 718 cerdiam
1249 682 1384 719 tuam:
1399 679 1422 704 *
1439 683 1482 720 et
1497 680 1726 722 veritatem
1740 686 1860 722 tuam

1034 745 1115 784 per
1135 738 1321 775 noctem.

1087 790 1137 830 In
1158 790 1454 841 decacherdo,
1473 792 1699 844 psalterio:
1719 795 1741 819 *
1761 807 1860 836 cum

1035 847 1219 897 cantico,
1239 847 1283 887 in
1300 847 1477 889 cithara.

1087 903 1199 953 Quia
1233 903 1463 945 delectasti
1497 917 1567 946 me
1594 905 1783 948 Demine
1816 908 1860 948 in

1034 959 1203 1001 factura
1230 965 1321 1001 tua:
1349 961 1372 986 *
1400 966 1444 1002 et
1468 961 1512 1001 in
1539 962 1746 1014 operibus
1774 966 1859 1005 ma-

1034 1029 1168 1057 nuum
1186 1019 1360 1058 tuarum
1381 1017 1622 1059 exsultabo.

1087 1073 1227 1123 Quam
1266 1074 1544 1125 magnificata
1584 1080 1685 1116 sunt
1727 1078 1860 1128 Opera

1034 1133 1109 1170 tua
1128 1129 1332 1172 Demine!
1353 1131 1376 1156 *
1396 1131 1525 1171 nimis
1551 1131 1782 1183 profundae
1803 1133 1859 1173 fa-

1034 1190 1118 1226 ctae
1138 1191 1239 1228 sunt
1258 1187 1551 1238 cogitatienes
1571 1193 1675 1229 tuae:
1911 1237 1914 1240 ¹

1085 1243 1166 1297 Vir
1195 1243 1406 1296 insipiens
1434 1257 1523 1285 non
1556 1247 1808 1296 cognoscet:
1836 1246 1859 1271 *

1035 1304 1078 1340 et
1097 1299 1257 1340 stultus
1277 1313 1365 1341 non
1384 1300 1598 1352 intelliget
1616 1301 1721 1342 haec.

1086 1355 1195 1397 Cum
1229 1357 1371 1398 exerti
1407 1357 1568 1398 fuerint
1601 1361 1858 1410 peccateres

1033 1412 1146 1453 sicut
1174 1412 1355 1454 foenum:
1382 1414 1405 1439 *
1433 1418 1477 1454 et
1505 1415 1788 1466 apparuerint
1815 1428 1858 1456 0-

1033 1482 1175 1518 mnes,
1205 1470 1279 1521 qui
1305 1471 1546 1523 operantur
1568 1471 1858 1523 iniquitatem:

1084 1525 1143 1567 Ut
1162 1526 1380 1568 intereant
1399 1527 1443 1566 in
1465 1527 1673 1568 saeculum
1695 1528 1858 1569 saeculi:

1031 1583 1055 1607 *
1074 1587 1123 1623 tu
1144 1587 1291 1624 autem
1311 1583 1565 1624 Altissimus
1585 1584 1629 1624 in
1647 1586 1858 1625 aeternum

1031 1639 1231 1680 Demine.

1085 1692 1302 1745 Queniam
1322 1708 1424 1737 ecce
1443 1696 1607 1737 inimici
1627 1697 1690 1738 tui
1709 1697 1856 1737 Demi-

1031 1765 1104 1802 ne,
1133 1752 1342 1804 queniam
1367 1765 1469 1793 ecce
1491 1753 1655 1794 inimici
1674 1754 1738 1794 tui
1762 1766 1856 1805 per-

1031 1808 1173 1850 ibunt:
1210 1809 1234 1834 *
1269 1813 1312 1850 et
1345 1808 1651 1861 dispergentur
1688 1822 1856 1859 omnes,

1032 1865 1108 1917 qui
1126 1867 1365 1918 operantur
1384 1866 1670 1917 iniquitatem.

1082 1922 1140 1963 Et
1176 1921 1441 1963 exaltabitur
1485 1923 1597 1963 sicut
1632 1922 1854 1964 unicernis

1032 1990 1169 2019 cornu
1187 1991 1348 2019 meum:
1367 1979 1389 2003 *
1411 1983 1454 2019 et
1474 1981 1675 2020 senectus
1695 1992 1792 2020 mea
1811 1979 1854 2018 in

1030 2034 1333 2076 misericordia
1351 2034 1486 2076 uberi.

1081 2091 1138 2132 Et
1167 2090 1368 2143 despexit
1395 2091 1547 2132 eculus
1574 2104 1697 2132 meus
1719 2091 1853 2132 inimi-

1031 2160 1107 2188 cos
1130 2160 1268 2188 meos:
1287 2147 1310 2172 *
1330 2152 1374 2188 et
1397 2147 1442 2188 in
1464 2147 1788 2199 insurgentibus
1810 2148 1854 2187 in

1029 2217 1100 2244 me
1110 2203 1449 2255 malignantibus
1461 2203 1610 2245 andiet
1622 2202 1738 2244 auris
1747 2216 1853 2245 mea.

1081 2260 1105 2300 J
1106 2265 1241 2309 ustus,
1261 2264 1308 2301 ut
1327 2259 1473 2312 palma
1494 2260 1683 2302 florebit:
1700 2262 1724 2287 *
1741 2260 1853 2301 sicut

1029 2315 1188 2357 cedrus
1207 2316 1363 2357 Libani
1381 2316 1754 2369 multiplicabitur.

1080 2372 1273 2414 Plantati
1299 2373 1343 2413 in
1372 2372 1504 2414 domo
1532 2373 1730 2422 Demini,
1758 2374 1781 2399 *
1808 2372 1851 2412 in

1029 2429 1151 2469 atriis
1172 2428 1329 2470 domus
1350 2429 1433 2470 Dei
1457 2429 1598 2470 nostri
1623 2428 1851 2470 florebunt.

1079 2484 1240 2526 Adhuc
1269 2484 1675 2537 multiplicabuntur
1707 2485 1750 2524 in
1787 2497 1849 2524 se-

1027 2543 1155 2583 necta
1189 2541 1333 2583 uberi:
1360 2543 1384 2568 *
1413 2546 1456 2582 et
1488 2541 1600 2582 bene
1633 2541 1849 2593 patientes

1029 2602 1166 2647 erunt,
1184 2602 1233 2639 ut
1252 2598 1523 2639 annuntient:

1080 2655 1297 2703 Queniam
1323 2658 1470 2695 rectus
1493 2653 1707 2693 Deminus
1727 2651 1847 2691 Deus

1026 2715 1194 2751 noster:
1209 2711 1232 2737 *
1247 2714 1291 2751 et
1310 2722 1399 2750 non
1418 2714 1485 2750 est
1504 2708 1709 2759 iniquitas
1723 2707 1767 2746 in
1783 2719 1847 2747 eo.

1599 2837 1641 2869 7*
