<?xml version="1.0" encoding="UTF-8"?>
<!DOCTYPE html PUBLIC "-//W3C//DTD XHTML 1.0 Transitional//EN"
    "http://www.w3.org/TR/xhtml1/DTD/xhtml1-transitional.dtd">
<html xmlns="http://www.w3.org/1999/xhtml" xml:lang="en" lang="en">
 <head>
  <title>
</title>
<meta http-equiv="Content-Type" content="text/html;charset=utf-8" />
  <meta name='ocr-system' content='tesseract 3.04.00' />
  <meta name='ocr-capabilities' content='ocr_page ocr_carea ocr_par ocr_line ocrx_word'/>
</head>
<body>
  <div class='ocr_page' id='page_1' title='image "./p3breviariumroma00cathuoft_0941.png"; bbox 0 0 2040 2976; ppageno 0'>
   <div class='ocr_carea' id='block_1_1' title="bbox 411 251 1539 296">
    <p class='ocr_par' dir='ltr' id='par_1_1' title="bbox 411 251 1539 296">
     <span class='ocr_line' id='line_1_1' title="bbox 411 251 1539 296; baseline 0.004 -12"><span class='ocrx_word' id='word_1_1' title='bbox 411 251 483 285; x_wconf 92' lang='lat' dir='ltr'>Die</span> <span class='ocrx_word' id='word_1_2' title='bbox 511 252 560 285; x_wconf 77' lang='grc'>19.</span> <span class='ocrx_word' id='word_1_3' title='bbox 587 252 683 295; x_wconf 81' lang='lat' dir='ltr'>Aug.</span> <span class='ocrx_word' id='word_1_4' title='bbox 731 252 765 286; x_wconf 83' lang='lat' dir='ltr'>S.</span> <span class='ocrx_word' id='word_1_5' title='bbox 792 252 981 286; x_wconf 80' lang='lat' dir='ltr'>Ludovici</span> <span class='ocrx_word' id='word_1_6' title='bbox 1005 253 1131 296; x_wconf 72' lang='lat' dir='ltr'>Episc.</span> <span class='ocrx_word' id='word_1_7' title='bbox 1157 254 1342 287; x_wconf 72' lang='lat' dir='ltr'>Tolosam</span> <span class='ocrx_word' id='word_1_8' title='bbox 1369 260 1403 287; x_wconf 71' lang='lat' dir='ltr'>ct</span> <span class='ocrx_word' id='word_1_9' title='bbox 1432 255 1539 288; x_wconf 73' lang='lat' dir='ltr'>(lons.</span> 
     </span>
    </p>
   </div>
   <div class='ocr_carea' id='block_1_2' title="bbox 125 350 957 1064">
    <p class='ocr_par' dir='ltr' id='par_1_2' title="bbox 125 350 957 846">
     <span class='ocr_line' id='line_1_2' title="bbox 125 350 954 403; baseline 0.002 -11"><span class='ocrx_word' id='word_1_10' title='bbox 125 351 290 393; x_wconf 90' lang='lat' dir='ltr'>tificem</span> <span class='ocrx_word' id='word_1_11' title='bbox 335 350 515 392; x_wconf 88' lang='lat' dir='ltr'>coeleste</span> <span class='ocrx_word' id='word_1_12' title='bbox 560 364 743 403; x_wconf 88' lang='lat' dir='ltr'>regnum</span> <span class='ocrx_word' id='word_1_13' title='bbox 780 355 954 395; x_wconf 91' lang='lat' dir='ltr'>terreno</span> 
     </span>
     <span class='ocr_line' id='line_1_3' title="bbox 126 406 955 462; baseline 0.004 -15"><span class='ocrx_word' id='word_1_14' title='bbox 126 409 387 460; x_wconf 82' lang='lat' dir='ltr'>praeponere</span> <span class='ocrx_word' id='word_1_15' title='bbox 427 406 631 458; x_wconf 89' lang='lat' dir='ltr'>docuisti,</span> <span class='ocrx_word' id='word_1_16' title='bbox 677 421 729 450; x_wconf 88' lang='lat' dir='ltr'>ac</span> <span class='ocrx_word' id='word_1_17' title='bbox 764 409 955 462; x_wconf 92' lang='lat' dir='ltr'>puritate</span> 
     </span>
     <span class='ocr_line' id='line_1_4' title="bbox 126 463 954 518; baseline 0.002 -14"><span class='ocrx_word' id='word_1_18' title='bbox 126 463 295 506; x_wconf 87' lang='lat' dir='ltr'>illibata</span> <span class='ocrx_word' id='word_1_19' title='bbox 320 469 364 505; x_wconf 92' lang='lat' dir='ltr'>et</span> <span class='ocrx_word' id='word_1_20' title='bbox 389 464 548 505; x_wconf 87' lang='lat' dir='ltr'>eximia</span> <span class='ocrx_word' id='word_1_21' title='bbox 573 464 616 505; x_wconf 91' lang='lat' dir='ltr'>in</span> <span class='ocrx_word' id='word_1_22' title='bbox 641 469 862 518; x_wconf 83' lang='lat' dir='ltr'>pauperes</span> <span class='ocrx_word' id='word_1_23' title='bbox 887 479 954 506; x_wconf 91' lang='lat' dir='ltr'>ca-</span> 
     </span>
     <span class='ocr_line' id='line_1_5' title="bbox 125 520 955 573; baseline 0.004 -12"><span class='ocrx_word' id='word_1_24' title='bbox 125 520 255 562; x_wconf 90' lang='lat' dir='ltr'>ritate</span> <span class='ocrx_word' id='word_1_25' title='bbox 281 520 526 562; x_wconf 84' lang='lat' dir='ltr'>mirabilem</span> <span class='ocrx_word' id='word_1_26' title='bbox 552 520 727 563; x_wconf 86' lang='lat' dir='ltr'>efficere</span> <span class='ocrx_word' id='word_1_27' title='bbox 753 522 955 573; x_wconf 86' lang='lat' dir='ltr'>dignatus</span> 
     </span>
     <span class='ocr_line' id='line_1_6' title="bbox 127 576 955 628; baseline 0.001 -10"><span class='ocrx_word' id='word_1_28' title='bbox 127 590 189 618; x_wconf 90' lang='lat' dir='ltr'>es:</span> <span class='ocrx_word' id='word_1_29' title='bbox 209 576 404 618; x_wconf 90' lang='lat' dir='ltr'>concede</span> <span class='ocrx_word' id='word_1_30' title='bbox 418 577 547 619; x_wconf 91' lang='lat' dir='ltr'>nobis</span> <span class='ocrx_word' id='word_1_31' title='bbox 562 577 734 619; x_wconf 89' lang='lat' dir='ltr'>famulis</span> <span class='ocrx_word' id='word_1_32' title='bbox 749 579 846 628; x_wconf 90' lang='lat' dir='ltr'>tuis,</span> <span class='ocrx_word' id='word_1_33' title='bbox 865 579 955 619; x_wconf 89' lang='lat' dir='ltr'>imi-</span> 
     </span>
     <span class='ocr_line' id='line_1_7' title="bbox 125 633 954 686; baseline 0.001 -11"><span class='ocrx_word' id='word_1_34' title='bbox 125 634 209 675; x_wconf 91' lang='lat' dir='ltr'>tari</span> <span class='ocrx_word' id='word_1_35' title='bbox 231 646 360 686; x_wconf 92' lang='lat' dir='ltr'>quem</span> <span class='ocrx_word' id='word_1_36' title='bbox 381 633 580 684; x_wconf 90' lang='lat' dir='ltr'>colimus;</span> <span class='ocrx_word' id='word_1_37' title='bbox 598 639 646 676; x_wconf 94' lang='lat' dir='ltr'>ut</span> <span class='ocrx_word' id='word_1_38' title='bbox 663 634 858 686; x_wconf 84' lang='lat' dir='ltr'>ejusdem</span> <span class='ocrx_word' id='word_1_39' title='bbox 872 636 954 676; x_wconf 89' lang='lat' dir='ltr'>vir-</span> 
     </span>
     <span class='ocr_line' id='line_1_8' title="bbox 125 690 957 741; baseline 0 -9"><span class='ocrx_word' id='word_1_40' title='bbox 125 694 243 732; x_wconf 87' lang='grc'><strong>111108</strong></span> <span class='ocrx_word' id='word_1_41' title='bbox 258 690 516 732; x_wconf 89' lang='lat' dir='ltr'>aemulantes</span> <span class='ocrx_word' id='word_1_42' title='bbox 531 690 575 731; x_wconf 93' lang='lat' dir='ltr'>in</span> <span class='ocrx_word' id='word_1_43' title='bbox 591 692 733 741; x_wconf 90' lang='lat' dir='ltr'>terris,</span> <span class='ocrx_word' id='word_1_44' title='bbox 754 692 957 732; x_wconf 93' lang='lat' dir='ltr'>coronari</span> 
     </span>
     <span class='ocr_line' id='line_1_9' title="bbox 128 748 956 801; baseline 0.001 -13"><span class='ocrx_word' id='word_1_45' title='bbox 128 760 227 789; x_wconf 91' lang='lat' dir='ltr'>cum</span> <span class='ocrx_word' id='word_1_46' title='bbox 249 748 348 801; x_wconf 92' lang='lat' dir='ltr'>ipso</span> <span class='ocrx_word' id='word_1_47' title='bbox 372 749 619 789; x_wconf 88' lang='lat' dir='ltr'>mereamur</span> <span class='ocrx_word' id='word_1_48' title='bbox 637 748 681 788; x_wconf 91' lang='lat' dir='ltr'>in</span> <span class='ocrx_word' id='word_1_49' title='bbox 701 748 835 789; x_wconf 89' lang='lat' dir='ltr'>coelis.</span> <span class='ocrx_word' id='word_1_50' title='bbox 871 749 956 789; x_wconf 91' lang='lat' dir='ltr'>Per</span> 
     </span>
     <span class='ocr_line' id='line_1_10' title="bbox 126 805 593 846; baseline 0 -1"><span class='ocrx_word' id='word_1_51' title='bbox 126 805 364 846; x_wconf 91' lang='lat' dir='ltr'>Dominum</span> <span class='ocrx_word' id='word_1_52' title='bbox 384 809 593 846; x_wconf 88' lang='lat' dir='ltr'>nostrum.</span> 
     </span>
    </p>

    <p class='ocr_par' dir='ltr' id='par_1_3' title="bbox 126 865 951 950">
     <span class='ocr_line' id='line_1_11' title="bbox 176 865 951 912; baseline 0.001 -11"><span class='ocrx_word' id='word_1_53' title='bbox 176 867 224 901; x_wconf 90' lang='lat' dir='ltr'>Et</span> <span class='ocrx_word' id='word_1_54' title='bbox 257 867 298 901; x_wconf 91' lang='lat' dir='ltr'>fit</span> <span class='ocrx_word' id='word_1_55' title='bbox 334 877 530 901; x_wconf 87' lang='lat' dir='ltr'>commem.</span> <span class='ocrx_word' id='word_1_56' title='bbox 564 867 722 902; x_wconf 78' lang='lat' dir='ltr'>Octavae</span> <span class='ocrx_word' id='word_1_57' title='bbox 754 865 951 912; x_wconf 69' lang='lat' dir='ltr'>Assumpt.</span> 
     </span>
     <span class='ocr_line' id='line_1_12' title="bbox 126 913 407 950; baseline -0.004 -1"><span class='ocrx_word' id='word_1_58' title='bbox 126 915 240 950; x_wconf 84' lang='lat' dir='ltr'><strong>B.·M.</strong></span> <span class='ocrx_word' id='word_1_59' title='bbox 265 915 308 949; x_wconf 71' lang='lat' dir='ltr'>V.</span> <span class='ocrx_word' id='word_1_60' title='bbox 332 913 407 948; x_wconf 89' lang='grc'><strong>524.</strong></span> 
     </span>
    </p>

    <p class='ocr_par' dir='ltr' id='par_1_4' title="bbox 125 972 952 1064">
     <span class='ocr_line' id='line_1_13' title="bbox 181 972 952 1008; baseline 0.003 -2"><span class='ocrx_word' id='word_1_61' title='bbox 181 972 225 1006; x_wconf 83' lang='grc'>111</span> <span class='ocrx_word' id='word_1_62' title='bbox 255 972 282 1006; x_wconf 92' lang='grc' dir='ltr'>Ι.</span> <span class='ocrx_word' id='word_1_63' title='bbox 311 972 510 1007; x_wconf 88' lang='lat' dir='ltr'>Nocturno</span> <span class='ocrx_word' id='word_1_64' title='bbox 542 973 745 1007; x_wconf 83' lang='lat' dir='ltr'>Lectiones</span> <span class='ocrx_word' id='word_1_65' title='bbox 778 974 824 1008; x_wconf 88' lang='lat' dir='ltr'>de</span> <span class='ocrx_word' id='word_1_66' title='bbox 856 974 952 1008; x_wconf 88' lang='lat' dir='ltr'>Scri-</span> 
     </span>
     <span class='ocr_line' id='line_1_14' title="bbox 125 1025 497 1064; baseline 0 -9"><span class='ocrx_word' id='word_1_67' title='bbox 125 1025 239 1064; x_wconf 86' lang='lat' dir='ltr'>ptura</span> <span class='ocrx_word' id='word_1_68' title='bbox 264 1026 497 1056; x_wconf 84' lang='lat' dir='ltr'>occurrente.</span> 
     </span>
    </p>
   </div>
   <div class='ocr_carea' id='block_1_3' title="bbox 125 1083 958 2836">
    <p class='ocr_par' dir='ltr' id='par_1_5' title="bbox 359 1083 720 1185">
     <span class='ocr_line' id='line_1_15' title="bbox 359 1083 720 1122; baseline 0.003 -1"><span class='ocrx_word' id='word_1_69' title='bbox 359 1083 407 1122; x_wconf 91' lang='lat' dir='ltr'>In</span> <span class='ocrx_word' id='word_1_70' title='bbox 426 1083 477 1122; x_wconf 95' lang='lat' dir='ltr'>II.</span> <span class='ocrx_word' id='word_1_71' title='bbox 497 1083 720 1122; x_wconf 79' lang='lat' dir='ltr'>Nocturno.</span> 
     </span>
     <span class='ocr_line' id='line_1_16' title="bbox 428 1142 656 1185; baseline 0 -2"><span class='ocrx_word' id='word_1_72' title='bbox 428 1142 581 1185; x_wconf 85' lang='lat' dir='ltr'>Lectio</span> <span class='ocrx_word' id='word_1_73' title='bbox 603 1144 656 1183; x_wconf 84' lang='lat' dir='ltr'>iv.</span> 
     </span>
    </p>

    <p class='ocr_par' dir='ltr' id='par_1_6' title="bbox 131 1199 956 1330">
     <span class='ocr_line' id='line_1_17' title="bbox 132 1199 956 1254; baseline 0.005 -14"><span class='ocrx_word' id='word_1_74' title='bbox 132 1205 142 1208; x_wconf 72' lang='grc'>”</span> <span class='ocrx_word' id='word_1_75' title='bbox 172 1199 461 1250; x_wconf 50' lang='lat' dir='ltr'>&lt;t</span> <span class='ocrx_word' id='word_1_76' title='bbox 490 1201 763 1243; x_wconf 90' lang='lat' dir='ltr'>nobilissimo</span> <span class='ocrx_word' id='word_1_77' title='bbox 796 1204 956 1254; x_wconf 86' lang='lat' dir='ltr'>genere</span> 
     </span>
     <span class='ocr_line' id='line_1_18' title="bbox 131 1247 954 1330; baseline 0.002 -31"><span class='ocrx_word' id='word_1_78' title='bbox 131 1296 132 1299; x_wconf 75' lang='grc'>,</span> <span class='ocrx_word' id='word_1_79' title='bbox 170 1247 239 1330; x_wconf 42' lang='grc' dir='ltr'>0)ιῖ</span> <span class='ocrx_word' id='word_1_80' title='bbox 264 1262 410 1309; x_wconf 85' lang='lat' dir='ltr'>natus,</span> <span class='ocrx_word' id='word_1_81' title='bbox 442 1263 615 1311; x_wconf 89' lang='lat' dir='ltr'>patrem</span> <span class='ocrx_word' id='word_1_82' title='bbox 641 1258 794 1300; x_wconf 91' lang='lat' dir='ltr'>habuit</span> <span class='ocrx_word' id='word_1_83' title='bbox 824 1259 954 1301; x_wconf 90' lang='lat' dir='ltr'>Caro-</span> 
     </span>
    </p>

    <p class='ocr_par' dir='ltr' id='par_1_7' title="bbox 125 1314 958 2836">
     <span class='ocr_line' id='line_1_19' title="bbox 234 1314 956 1368; baseline 0.004 -12.798"><span class='ocrx_word' id='word_1_84' title='bbox 234 1331 238 1337; x_wconf 49' lang='lat'><em>2</em></span> <span class='ocrx_word' id='word_1_85' title='bbox 263 1314 354 1356; x_wconf 91' lang='lat' dir='ltr'>lum</span> <span class='ocrx_word' id='word_1_86' title='bbox 365 1314 617 1365; x_wconf 73' lang='lat' dir='ltr'>secandum,</span> <span class='ocrx_word' id='word_1_87' title='bbox 628 1315 786 1357; x_wconf 82' lang='lat' dir='ltr'>Siciliae</span> <span class='ocrx_word' id='word_1_88' title='bbox 797 1329 956 1368; x_wconf 86' lang='lat' dir='ltr'>regem,</span> 
     </span>
     <span class='ocr_line' id='line_1_20' title="bbox 125 1372 955 1424; baseline 0.004 -12"><span class='ocrx_word' id='word_1_89' title='bbox 125 1376 312 1413; x_wconf 89' lang='lat' dir='ltr'>matrem</span> <span class='ocrx_word' id='word_1_90' title='bbox 342 1384 448 1413; x_wconf 88' lang='lat' dir='ltr'>vero</span> <span class='ocrx_word' id='word_1_91' title='bbox 481 1372 683 1422; x_wconf 89' lang='lat' dir='ltr'>Mariam,</span> <span class='ocrx_word' id='word_1_92' title='bbox 716 1373 955 1424; x_wconf 88' lang='lat' dir='ltr'>Hungariae</span> 
     </span>
     <span class='ocr_line' id='line_1_21' title="bbox 126 1427 955 1482; baseline 0.002 -13"><span class='ocrx_word' id='word_1_93' title='bbox 126 1427 242 1480; x_wconf 86' lang='lat' dir='ltr'>regis</span> <span class='ocrx_word' id='word_1_94' title='bbox 270 1428 416 1470; x_wconf 88' lang='lat' dir='ltr'>filiam.</span> <span class='ocrx_word' id='word_1_95' title='bbox 471 1427 630 1470; x_wconf 88' lang='lat' dir='ltr'>Adhuc</span> <span class='ocrx_word' id='word_1_96' title='bbox 657 1442 767 1482; x_wconf 92' lang='lat' dir='ltr'>puer</span> <span class='ocrx_word' id='word_1_97' title='bbox 794 1430 837 1470; x_wconf 93' lang='lat' dir='ltr'>in</span> <span class='ocrx_word' id='word_1_98' title='bbox 866 1443 955 1471; x_wconf 91' lang='grc'><strong>801-</strong></span> 
     </span>
     <span class='ocr_line' id='line_1_22' title="bbox 127 1485 956 1540; baseline 0.002 -14"><span class='ocrx_word' id='word_1_99' title='bbox 127 1489 218 1526; x_wconf 87' lang='grc'><strong>10111</strong></span> <span class='ocrx_word' id='word_1_100' title='bbox 248 1485 428 1527; x_wconf 82' lang='grc'><strong>1)01111111</strong></span> <span class='ocrx_word' id='word_1_101' title='bbox 459 1488 660 1536; x_wconf 88' lang='lat' dir='ltr'>vocatus,</span> <span class='ocrx_word' id='word_1_102' title='bbox 691 1486 956 1540; x_wconf 89' lang='lat' dir='ltr'>posthabitis</span> 
     </span>
     <span class='ocr_line' id='line_1_23' title="bbox 129 1542 955 1592; baseline 0.002 -9"><span class='ocrx_word' id='word_1_103' title='bbox 129 1542 273 1584; x_wconf 88' lang='lat' dir='ltr'>aetatis</span> <span class='ocrx_word' id='word_1_104' title='bbox 292 1542 407 1584; x_wconf 85' lang='lat' dir='ltr'>illius</span> <span class='ocrx_word' id='word_1_105' title='bbox 427 1542 781 1592; x_wconf 75' lang='lat' dir='ltr'>oblectamentis,</span> <span class='ocrx_word' id='word_1_106' title='bbox 808 1543 955 1585; x_wconf 87' lang='lat' dir='ltr'>divino</span> 
     </span>
     <span class='ocr_line' id='line_1_24' title="bbox 129 1600 955 1653; baseline 0.002 -13"><span class='ocrx_word' id='word_1_107' title='bbox 129 1611 176 1640; x_wconf 89' lang='lat' dir='ltr'>se</span> <span class='ocrx_word' id='word_1_108' title='bbox 199 1603 343 1641; x_wconf 90' lang='lat' dir='ltr'>totum</span> <span class='ocrx_word' id='word_1_109' title='bbox 364 1600 500 1642; x_wconf 80' lang='lat' dir='ltr'>cultui</span> <span class='ocrx_word' id='word_1_110' title='bbox 518 1600 796 1653; x_wconf 90' lang='lat' dir='ltr'>mancipavit.</span> <span class='ocrx_word' id='word_1_111' title='bbox 829 1601 955 1642; x_wconf 90' lang='lat' dir='ltr'>Deci-</span> 
     </span>
     <span class='ocr_line' id='line_1_25' title="bbox 126 1661 958 1709; baseline 0.001 -12"><span class='ocrx_word' id='word_1_112' title='bbox 126 1670 247 1698; x_wconf 92' lang='lat' dir='ltr'>mum</span> <span class='ocrx_word' id='word_1_113' title='bbox 275 1661 479 1709; x_wconf 89' lang='lat' dir='ltr'>quartum</span> <span class='ocrx_word' id='word_1_114' title='bbox 505 1670 640 1709; x_wconf 87' lang='lat' dir='ltr'>agens</span> <span class='ocrx_word' id='word_1_115' title='bbox 665 1670 842 1707; x_wconf 89' lang='lat' dir='ltr'>annum,</span> <span class='ocrx_word' id='word_1_116' title='bbox 871 1671 958 1699; x_wconf 91' lang='lat' dir='ltr'>una</span> 
     </span>
     <span class='ocr_line' id='line_1_26' title="bbox 129 1713 956 1767; baseline 0.002 -13"><span class='ocrx_word' id='word_1_117' title='bbox 129 1726 228 1755; x_wconf 91' lang='lat' dir='ltr'>cum</span> <span class='ocrx_word' id='word_1_118' title='bbox 254 1713 427 1756; x_wconf 91' lang='lat' dir='ltr'>duobus</span> <span class='ocrx_word' id='word_1_119' title='bbox 450 1714 662 1756; x_wconf 89' lang='lat' dir='ltr'>fratribus</span> <span class='ocrx_word' id='word_1_120' title='bbox 685 1727 767 1767; x_wconf 92' lang='lat' dir='ltr'>pro</span> <span class='ocrx_word' id='word_1_121' title='bbox 791 1715 956 1766; x_wconf 86' lang='lat' dir='ltr'>genito-</span> 
     </span>
     <span class='ocr_line' id='line_1_27' title="bbox 127 1769 956 1822; baseline 0.004 -12"><span class='ocrx_word' id='word_1_122' title='bbox 127 1770 187 1811; x_wconf 85' lang='lat' dir='ltr'>ris</span> <span class='ocrx_word' id='word_1_123' title='bbox 206 1769 425 1820; x_wconf 89' lang='lat' dir='ltr'>libertate,</span> <span class='ocrx_word' id='word_1_124' title='bbox 444 1770 489 1811; x_wconf 92' lang='lat' dir='ltr'>in</span> <span class='ocrx_word' id='word_1_125' title='bbox 506 1770 625 1813; x_wconf 91' lang='lat' dir='ltr'>bello</span> <span class='ocrx_word' id='word_1_126' title='bbox 644 1771 790 1812; x_wconf 89' lang='lat' dir='ltr'>navali</span> <span class='ocrx_word' id='word_1_127' title='bbox 809 1785 835 1812; x_wconf 89' lang='lat' dir='ltr'>a</span> <span class='ocrx_word' id='word_1_128' title='bbox 853 1783 956 1822; x_wconf 84' lang='lat' dir='ltr'>rege</span> 
     </span>
     <span class='ocr_line' id='line_1_28' title="bbox 127 1826 957 1880; baseline 0.001 -13"><span class='ocrx_word' id='word_1_129' title='bbox 127 1826 364 1879; x_wconf 89' lang='lat' dir='ltr'>Aragoniae</span> <span class='ocrx_word' id='word_1_130' title='bbox 396 1828 530 1880; x_wconf 92' lang='lat' dir='ltr'>capti,</span> <span class='ocrx_word' id='word_1_131' title='bbox 563 1828 696 1870; x_wconf 86' lang='lat' dir='ltr'>obses</span> <span class='ocrx_word' id='word_1_132' title='bbox 728 1827 885 1870; x_wconf 90' lang='lat' dir='ltr'>ductus</span> <span class='ocrx_word' id='word_1_133' title='bbox 913 1828 957 1868; x_wconf 92' lang='lat' dir='ltr'>in</span> 
     </span>
     <span class='ocr_line' id='line_1_29' title="bbox 130 1882 955 1937; baseline 0 -13"><span class='ocrx_word' id='word_1_134' title='bbox 130 1882 447 1933; x_wconf 84' lang='lat' dir='ltr'>Catalauniam,</span> <span class='ocrx_word' id='word_1_135' title='bbox 473 1883 719 1926; x_wconf 90' lang='lat' dir='ltr'>Barcinone</span> <span class='ocrx_word' id='word_1_136' title='bbox 738 1884 857 1937; x_wconf 91' lang='lat' dir='ltr'>apud</span> <span class='ocrx_word' id='word_1_137' title='bbox 878 1884 955 1925; x_wconf 94' lang='lat' dir='ltr'>Mi-</span> 
     </span>
     <span class='ocr_line' id='line_1_30' title="bbox 127 1940 956 1993; baseline 0.002 -14"><span class='ocrx_word' id='word_1_138' title='bbox 127 1940 259 1981; x_wconf 91' lang='lat' dir='ltr'>nores</span> <span class='ocrx_word' id='word_1_139' title='bbox 277 1940 418 1982; x_wconf 89' lang='lat' dir='ltr'>sancti</span> <span class='ocrx_word' id='word_1_140' title='bbox 435 1940 658 1982; x_wconf 85' lang='lat' dir='ltr'>Francisci</span> <span class='ocrx_word' id='word_1_141' title='bbox 676 1940 766 1982; x_wconf 90' lang='lat' dir='ltr'>fere</span> <span class='ocrx_word' id='word_1_142' title='bbox 786 1943 956 1993; x_wconf 91' lang='lat' dir='ltr'>septen-</span> 
     </span>
     <span class='ocr_line' id='line_1_31' title="bbox 128 1995 956 2049; baseline 0.002 -13"><span class='ocrx_word' id='word_1_143' title='bbox 128 1995 201 2037; x_wconf 90' lang='lat' dir='ltr'>nio</span> <span class='ocrx_word' id='word_1_144' title='bbox 231 2001 298 2038; x_wconf 89' lang='lat' dir='ltr'>est</span> <span class='ocrx_word' id='word_1_145' title='bbox 325 1999 638 2049; x_wconf 89' lang='lat' dir='ltr'>commoratus;</span> <span class='ocrx_word' id='word_1_146' title='bbox 672 1997 752 2039; x_wconf 91' lang='lat' dir='ltr'>sub</span> <span class='ocrx_word' id='word_1_147' title='bbox 786 2001 956 2039; x_wconf 83' lang='lat' dir='ltr'>eorum-</span> 
     </span>
     <span class='ocr_line' id='line_1_32' title="bbox 130 2052 955 2107; baseline 0.001 -13"><span class='ocrx_word' id='word_1_148' title='bbox 130 2064 215 2104; x_wconf 86' lang='lat' dir='ltr'>que</span> <span class='ocrx_word' id='word_1_149' title='bbox 235 2052 482 2107; x_wconf 78' lang='lat' dir='ltr'>disciplina,</span> <span class='ocrx_word' id='word_1_150' title='bbox 506 2055 549 2096; x_wconf 93' lang='lat' dir='ltr'>in</span> <span class='ocrx_word' id='word_1_151' title='bbox 569 2054 849 2096; x_wconf 89' lang='lat' dir='ltr'>scientiarum</span> <span class='ocrx_word' id='word_1_152' title='bbox 869 2057 955 2095; x_wconf 89' lang='grc'><strong>8111-</strong></span> 
     </span>
     <span class='ocr_line' id='line_1_33' title="bbox 130 2107 955 2153; baseline 0.004 -4"><span class='ocrx_word' id='word_1_153' title='bbox 130 2107 213 2150; x_wconf 85' lang='lat' dir='ltr'>diis</span> <span class='ocrx_word' id='word_1_154' title='bbox 241 2123 293 2152; x_wconf 93' lang='grc'>30</span> <span class='ocrx_word' id='word_1_155' title='bbox 321 2113 545 2152; x_wconf 90' lang='lat' dir='ltr'>sacrarum</span> <span class='ocrx_word' id='word_1_156' title='bbox 570 2111 814 2153; x_wconf 91' lang='lat' dir='ltr'>litterarum</span> <span class='ocrx_word' id='word_1_157' title='bbox 841 2123 955 2152; x_wconf 91' lang='lat' dir='ltr'>com-</span> 
     </span>
     <span class='ocr_line' id='line_1_34' title="bbox 129 2166 956 2221; baseline 0.001 -14"><span class='ocrx_word' id='word_1_158' title='bbox 129 2166 326 2218; x_wconf 88' lang='lat' dir='ltr'>paranda</span> <span class='ocrx_word' id='word_1_159' title='bbox 350 2167 595 2210; x_wconf 89' lang='lat' dir='ltr'>eruditione</span> <span class='ocrx_word' id='word_1_160' title='bbox 622 2180 675 2210; x_wconf 93' lang='lat' dir='ltr'>eo</span> <span class='ocrx_word' id='word_1_161' title='bbox 694 2169 956 2221; x_wconf 86' lang='lat' dir='ltr'>progressus</span> 
     </span>
     <span class='ocr_line' id='line_1_35' title="bbox 131 2224 957 2277; baseline 0.001 -14"><span class='ocrx_word' id='word_1_162' title='bbox 131 2227 214 2273; x_wconf 88' lang='lat' dir='ltr'>est,</span> <span class='ocrx_word' id='word_1_163' title='bbox 238 2227 287 2265; x_wconf 92' lang='lat' dir='ltr'>ut</span> <span class='ocrx_word' id='word_1_164' title='bbox 305 2230 511 2266; x_wconf 87' lang='lat' dir='ltr'>constans</span> <span class='ocrx_word' id='word_1_165' title='bbox 531 2225 662 2266; x_wconf 79' lang='lat' dir='ltr'>fuerit</span> <span class='ocrx_word' id='word_1_166' title='bbox 682 2224 846 2277; x_wconf 86' lang='lat' dir='ltr'>opinio,</span> <span class='ocrx_word' id='word_1_167' title='bbox 872 2224 957 2276; x_wconf 90' lang='lat' dir='ltr'>ipsi</span> 
     </span>
     <span class='ocr_line' id='line_1_36' title="bbox 129 2279 956 2331; baseline 0.001 -11"><span class='ocrx_word' id='word_1_168' title='bbox 129 2279 278 2331; x_wconf 92' lang='lat' dir='ltr'>potius</span> <span class='ocrx_word' id='word_1_169' title='bbox 329 2281 463 2323; x_wconf 90' lang='lat' dir='ltr'>fuisse</span> <span class='ocrx_word' id='word_1_170' title='bbox 515 2280 722 2323; x_wconf 90' lang='lat' dir='ltr'>divinitus</span> <span class='ocrx_word' id='word_1_171' title='bbox 775 2280 956 2329; x_wconf 82' lang='lat' dir='ltr'>infusas,</span> 
     </span>
     <span class='ocr_line' id='line_1_37' title="bbox 132 2336 954 2389; baseline 0 -12"><span class='ocrx_word' id='word_1_172' title='bbox 132 2348 263 2387; x_wconf 92' lang='lat' dir='ltr'>quam</span> <span class='ocrx_word' id='word_1_173' title='bbox 290 2336 540 2379; x_wconf 90' lang='lat' dir='ltr'>humanitus</span> <span class='ocrx_word' id='word_1_174' title='bbox 569 2338 817 2389; x_wconf 88' lang='lat' dir='ltr'>acquisitas.</span> <span class='ocrx_word' id='word_1_175' title='bbox 869 2337 954 2378; x_wconf 91' lang='lat' dir='ltr'>Ve-</span> 
     </span>
     <span class='ocr_line' id='line_1_38' title="bbox 130 2393 956 2446; baseline 0.001 -14"><span class='ocrx_word' id='word_1_176' title='bbox 130 2405 226 2433; x_wconf 91' lang='lat' dir='ltr'>rum</span> <span class='ocrx_word' id='word_1_177' title='bbox 251 2394 404 2446; x_wconf 89' lang='lat' dir='ltr'>majori</span> <span class='ocrx_word' id='word_1_178' title='bbox 429 2397 591 2436; x_wconf 91' lang='lat' dir='ltr'>conatu</span> <span class='ocrx_word' id='word_1_179' title='bbox 616 2393 807 2435; x_wconf 88' lang='lat' dir='ltr'>coelestis</span> <span class='ocrx_word' id='word_1_180' title='bbox 826 2395 956 2443; x_wconf 87' lang='lat' dir='ltr'>magi-</span> 
     </span>
     <span class='ocr_line' id='line_1_39' title="bbox 131 2449 956 2504; baseline 0 -15"><span class='ocrx_word' id='word_1_181' title='bbox 131 2449 210 2490; x_wconf 88' lang='lat' dir='ltr'>stri</span> <span class='ocrx_word' id='word_1_182' title='bbox 255 2449 457 2492; x_wconf 86' lang='lat' dir='ltr'>doctrina</span> <span class='ocrx_word' id='word_1_183' title='bbox 501 2451 702 2504; x_wconf 91' lang='lat' dir='ltr'>spiritum</span> <span class='ocrx_word' id='word_1_184' title='bbox 741 2450 956 2490; x_wconf 87' lang='grc'><strong>11181111010</strong></span> 
     </span>
     <span class='ocr_line' id='line_1_40' title="bbox 131 2505 956 2558; baseline 0 -13"><span class='ocrx_word' id='word_1_185' title='bbox 131 2505 356 2556; x_wconf 78' lang='lat' dir='ltr'>anhelans,</span> <span class='ocrx_word' id='word_1_186' title='bbox 391 2507 558 2556; x_wconf 88' lang='lat' dir='ltr'>ciliciis,</span> <span class='ocrx_word' id='word_1_187' title='bbox 590 2506 772 2558; x_wconf 76' lang='lat' dir='ltr'>jejuniis,</span> <span class='ocrx_word' id='word_1_188' title='bbox 805 2505 956 2546; x_wconf 88' lang='lat' dir='ltr'>ferreis</span> 
     </span>
     <span class='ocr_line' id='line_1_41' title="bbox 131 2560 956 2612; baseline 0 -11"><span class='ocrx_word' id='word_1_189' title='bbox 131 2561 315 2612; x_wconf 86' lang='lat' dir='ltr'>flagellis</span> <span class='ocrx_word' id='word_1_190' title='bbox 342 2575 519 2604; x_wconf 90' lang='lat' dir='ltr'>carnem</span> <span class='ocrx_word' id='word_1_191' title='bbox 547 2562 712 2603; x_wconf 88' lang='lat' dir='ltr'>afflixit.</span> <span class='ocrx_word' id='word_1_192' title='bbox 765 2560 956 2602; x_wconf 89' lang='lat' dir='ltr'>Assidua</span> 
     </span>
     <span class='ocr_line' id='line_1_42' title="bbox 131 2617 955 2671; baseline 0 -14"><span class='ocrx_word' id='word_1_193' title='bbox 131 2618 304 2658; x_wconf 84' lang='lat' dir='ltr'>interim</span> <span class='ocrx_word' id='word_1_194' title='bbox 324 2619 587 2671; x_wconf 82' lang='lat' dir='ltr'>evangelicae</span> <span class='ocrx_word' id='word_1_195' title='bbox 607 2618 804 2660; x_wconf 88' lang='lat' dir='ltr'>veritatis</span> <span class='ocrx_word' id='word_1_196' title='bbox 822 2617 955 2657; x_wconf 90' lang='lat' dir='ltr'>medi-</span> 
     </span>
     <span class='ocr_line' id='line_1_43' title="bbox 130 2672 955 2727; baseline -0.001 -14"><span class='ocrx_word' id='word_1_197' title='bbox 130 2673 296 2715; x_wconf 78' lang='lat' dir='ltr'>tatione</span> <span class='ocrx_word' id='word_1_198' title='bbox 312 2674 659 2727; x_wconf 75' lang='lat' dir='ltr'>contemptibilia</span> <span class='ocrx_word' id='word_1_199' title='bbox 673 2672 823 2714; x_wconf 88' lang='lat' dir='ltr'>mundi</span> <span class='ocrx_word' id='word_1_200' title='bbox 839 2674 955 2724; x_wconf 90' lang='lat' dir='ltr'>sper-</span> 
     </span>
     <span class='ocr_line' id='line_1_44' title="bbox 130 2729 956 2782; baseline 0 -13"><span class='ocrx_word' id='word_1_201' title='bbox 130 2742 234 2771; x_wconf 91' lang='lat' dir='ltr'>nere</span> <span class='ocrx_word' id='word_1_202' title='bbox 260 2730 461 2780; x_wconf 86' lang='lat' dir='ltr'>edoctus,</span> <span class='ocrx_word' id='word_1_203' title='bbox 489 2730 648 2782; x_wconf 88' lang='lat' dir='ltr'>regalis</span> <span class='ocrx_word' id='word_1_204' title='bbox 674 2730 772 2770; x_wconf 91' lang='lat' dir='ltr'>solii</span> <span class='ocrx_word' id='word_1_205' title='bbox 797 2729 956 2770; x_wconf 89' lang='lat' dir='ltr'>fastum</span> 
     </span>
     <span class='ocr_line' id='line_1_45' title="bbox 132 2785 955 2836; baseline -0.001 -10"><span class='ocrx_word' id='word_1_206' title='bbox 132 2785 301 2828; x_wconf 90' lang='lat' dir='ltr'>calcare</span> <span class='ocrx_word' id='word_1_207' title='bbox 340 2786 615 2836; x_wconf 74' lang='lat' dir='ltr'>deliberavit,</span> <span class='ocrx_word' id='word_1_208' title='bbox 656 2799 708 2827; x_wconf 91' lang='lat' dir='ltr'>ac</span> <span class='ocrx_word' id='word_1_209' title='bbox 748 2785 803 2827; x_wconf 92' lang='lat' dir='ltr'>de</span> <span class='ocrx_word' id='word_1_210' title='bbox 834 2785 955 2826; x_wconf 89' lang='lat' dir='ltr'>Sera-</span> 
     </span>
    </p>
   </div>
   <div class='ocr_carea' id='block_1_4' title="bbox 1006 352 1835 2837">
    <p class='ocr_par' dir='ltr' id='par_1_8' title="bbox 1007 352 1835 463">
     <span class='ocr_line' id='line_1_46' title="bbox 1007 352 1834 406; baseline 0.006 -14"><span class='ocrx_word' id='word_1_211' title='bbox 1007 352 1139 405; x_wconf 92' lang='lat' dir='ltr'>phico</span> <span class='ocrx_word' id='word_1_212' title='bbox 1165 353 1473 406; x_wconf 89' lang='lat' dir='ltr'>amplectendo</span> <span class='ocrx_word' id='word_1_213' title='bbox 1498 354 1709 406; x_wconf 80' lang='lat' dir='ltr'>instituto,</span> <span class='ocrx_word' id='word_1_214' title='bbox 1734 368 1834 397; x_wconf 90' lang='lat' dir='ltr'>raro</span> 
     </span>
     <span class='ocr_line' id='line_1_47' title="bbox 1009 409 1835 463; baseline 0.004 -14"><span class='ocrx_word' id='word_1_215' title='bbox 1009 409 1262 451; x_wconf 91' lang='lat' dir='ltr'>humilitatis</span> <span class='ocrx_word' id='word_1_216' title='bbox 1279 411 1493 463; x_wconf 88' lang='lat' dir='ltr'>exemplo,</span> <span class='ocrx_word' id='word_1_217' title='bbox 1513 417 1665 454; x_wconf 94' lang='lat' dir='ltr'>votum</span> <span class='ocrx_word' id='word_1_218' title='bbox 1680 414 1835 454; x_wconf 89' lang='lat' dir='ltr'>emisit.</span> 
     </span>
    </p>

    <p class='ocr_par' dir='ltr' id='par_1_9' title="bbox 1008 467 1835 790">
     <span class='ocr_line' id='line_1_48' title="bbox 1059 467 1834 520; baseline 0.003 -12"><span class='ocrx_word' id='word_1_219' title='bbox 1059 470 1110 520; x_wconf 68' lang='lat' dir='ltr'>R.</span> <span class='ocrx_word' id='word_1_220' title='bbox 1137 467 1289 507; x_wconf 90' lang='lat' dir='ltr'>Inveni</span> <span class='ocrx_word' id='word_1_221' title='bbox 1307 467 1453 508; x_wconf 88' lang='lat' dir='ltr'>David</span> <span class='ocrx_word' id='word_1_222' title='bbox 1478 480 1652 509; x_wconf 87' lang='lat' dir='ltr'>servum</span> <span class='ocrx_word' id='word_1_223' title='bbox 1678 482 1834 519; x_wconf 91' lang='lat' dir='ltr'>meum,</span> 
     </span>
     <span class='ocr_line' id='line_1_49' title="bbox 1010 521 1831 566; baseline 0.005 -4"><span class='ocrx_word' id='word_1_224' title='bbox 1010 521 1109 563; x_wconf 91' lang='lat' dir='ltr'>oleo</span> <span class='ocrx_word' id='word_1_225' title='bbox 1159 528 1309 564; x_wconf 93' lang='lat' dir='ltr'>sancto</span> <span class='ocrx_word' id='word_1_226' title='bbox 1357 536 1456 565; x_wconf 92' lang='lat' dir='ltr'>meo</span> <span class='ocrx_word' id='word_1_227' title='bbox 1501 525 1605 565; x_wconf 88' lang='lat' dir='ltr'>unxi</span> <span class='ocrx_word' id='word_1_228' title='bbox 1653 538 1766 566; x_wconf 91' lang='lat' dir='ltr'>eum:</span> <span class='ocrx_word' id='word_1_229' title='bbox 1810 528 1831 551; x_wconf 82' lang='lat'>*</span> 
     </span>
     <span class='ocr_line' id='line_1_50' title="bbox 1008 578 1834 624; baseline 0.006 -6"><span class='ocrx_word' id='word_1_230' title='bbox 1008 578 1164 619; x_wconf 91' lang='lat' dir='ltr'>Manus</span> <span class='ocrx_word' id='word_1_231' title='bbox 1198 580 1311 620; x_wconf 89' lang='lat' dir='ltr'>enim</span> <span class='ocrx_word' id='word_1_232' title='bbox 1343 593 1441 622; x_wconf 91' lang='lat' dir='ltr'>mea</span> <span class='ocrx_word' id='word_1_233' title='bbox 1475 581 1753 623; x_wconf 82' lang='lat' dir='ltr'>auxiliabitur</span> <span class='ocrx_word' id='word_1_234' title='bbox 1785 583 1834 624; x_wconf 90' lang='lat' dir='ltr'>ei.</span> 
     </span>
     <span class='ocr_line' id='line_1_51' title="bbox 1009 632 1835 689; baseline 0.007 -15"><span class='ocrx_word' id='word_1_235' title='bbox 1009 632 1058 684; x_wconf 66' lang='lat' dir='ltr'>V.</span> <span class='ocrx_word' id='word_1_236' title='bbox 1094 634 1215 676; x_wconf 92' lang='lat' dir='ltr'>Nihil</span> <span class='ocrx_word' id='word_1_237' title='bbox 1240 637 1444 688; x_wconf 87' lang='lat' dir='ltr'>proficiet</span> <span class='ocrx_word' id='word_1_238' title='bbox 1471 638 1669 679; x_wconf 88' lang='lat' dir='ltr'>inimicus</span> <span class='ocrx_word' id='word_1_239' title='bbox 1697 639 1741 679; x_wconf 92' lang='lat' dir='ltr'>in</span> <span class='ocrx_word' id='word_1_240' title='bbox 1770 652 1835 689; x_wconf 91' lang='lat' dir='ltr'>eo,</span> 
     </span>
     <span class='ocr_line' id='line_1_52' title="bbox 1010 691 1835 745; baseline 0.007 -14"><span class='ocrx_word' id='word_1_241' title='bbox 1010 696 1053 732; x_wconf 92' lang='lat' dir='ltr'>et</span> <span class='ocrx_word' id='word_1_242' title='bbox 1095 691 1212 732; x_wconf 88' lang='lat' dir='ltr'>filius</span> <span class='ocrx_word' id='word_1_243' title='bbox 1248 693 1490 745; x_wconf 91' lang='lat' dir='ltr'>iniquitatis</span> <span class='ocrx_word' id='word_1_244' title='bbox 1530 707 1618 736; x_wconf 93' lang='lat' dir='ltr'>non</span> <span class='ocrx_word' id='word_1_245' title='bbox 1658 695 1835 737; x_wconf 78' lang='lat' dir='ltr'>nocebit</span> 
     </span>
     <span class='ocr_line' id='line_1_53' title="bbox 1010 747 1388 790; baseline 0.008 -3"><span class='ocrx_word' id='word_1_246' title='bbox 1010 748 1060 788; x_wconf 92' lang='lat' dir='ltr'>ei.</span> <span class='ocrx_word' id='word_1_247' title='bbox 1087 747 1242 789; x_wconf 91' lang='lat' dir='ltr'>Manus</span> <span class='ocrx_word' id='word_1_248' title='bbox 1265 751 1388 790; x_wconf 90' lang='lat' dir='ltr'>enim.</span> 
     </span>
    </p>

    <p class='ocr_par' dir='ltr' id='par_1_10' title="bbox 1319 806 1527 847">
     <span class='ocr_line' id='line_1_54' title="bbox 1319 806 1527 847; baseline -0.005 -1"><span class='ocrx_word' id='word_1_249' title='bbox 1319 806 1469 847; x_wconf 87' lang='lat' dir='ltr'>Lectio</span> <span class='ocrx_word' id='word_1_250' title='bbox 1490 820 1527 846; x_wconf 88' lang='lat' dir='ltr'>v.</span> 
     </span>
    </p>

    <p class='ocr_par' dir='ltr' id='par_1_11' title="bbox 1009 859 1834 964">
     <span class='ocr_line' id='line_1_55' title="bbox 1009 859 1834 964; baseline 0.004 -61"><span class='ocrx_word' id='word_1_251' title='bbox 1009 859 1371 964; x_wconf 84' lang='lat' dir='ltr'>Ecclesiasticae</span> <span class='ocrx_word' id='word_1_252' title='bbox 1390 862 1556 904; x_wconf 79' lang='lat' dir='ltr'>militiae</span> <span class='ocrx_word' id='word_1_253' title='bbox 1575 863 1834 917; x_wconf 89' lang='lat' dir='ltr'>adscriptus,</span> 
     </span>
    </p>

    <p class='ocr_par' dir='ltr' id='par_1_12' title="bbox 1007 919 1835 2332">
     <span class='ocr_line' id='line_1_56' title="bbox 1109 919 1834 963; baseline 0.003 -2"><span class='ocrx_word' id='word_1_254' title='bbox 1109 925 1153 961; x_wconf 88' lang='lat' dir='ltr'>et</span> <span class='ocrx_word' id='word_1_255' title='bbox 1189 919 1246 961; x_wconf 93' lang='lat' dir='ltr'>ad</span> <span class='ocrx_word' id='word_1_256' title='bbox 1282 932 1432 960; x_wconf 87' lang='lat' dir='ltr'>sacros</span> <span class='ocrx_word' id='word_1_257' title='bbox 1470 919 1645 961; x_wconf 90' lang='lat' dir='ltr'>ordines</span> <span class='ocrx_word' id='word_1_258' title='bbox 1676 920 1834 963; x_wconf 86' lang='lat' dir='ltr'>deinde</span> 
     </span>
     <span class='ocr_line' id='line_1_57' title="bbox 1008 975 1833 1030; baseline 0.002 -13"><span class='ocrx_word' id='word_1_259' title='bbox 1008 978 1258 1030; x_wconf 87' lang='lat' dir='ltr'>promotus,</span> <span class='ocrx_word' id='word_1_260' title='bbox 1293 982 1341 1018; x_wconf 93' lang='lat' dir='ltr'>ut</span> <span class='ocrx_word' id='word_1_261' title='bbox 1372 975 1493 1028; x_wconf 93' lang='lat' dir='ltr'>quod</span> <span class='ocrx_word' id='word_1_262' title='bbox 1523 982 1669 1018; x_wconf 90' lang='lat' dir='ltr'>mente</span> <span class='ocrx_word' id='word_1_263' title='bbox 1701 982 1833 1020; x_wconf 88' lang='grc'><strong>813111-</strong></span> 
     </span>
     <span class='ocr_line' id='line_1_58' title="bbox 1010 1033 1833 1087; baseline 0.002 -12"><span class='ocrx_word' id='word_1_264' title='bbox 1010 1039 1117 1082; x_wconf 88' lang='lat' dir='ltr'>erat,</span> <span class='ocrx_word' id='word_1_265' title='bbox 1138 1035 1274 1086; x_wconf 88' lang='lat' dir='ltr'>opere</span> <span class='ocrx_word' id='word_1_266' title='bbox 1293 1033 1502 1083; x_wconf 87' lang='lat' dir='ltr'>firmaret,</span> <span class='ocrx_word' id='word_1_267' title='bbox 1522 1034 1601 1085; x_wconf 93' lang='lat' dir='ltr'>juri</span> <span class='ocrx_word' id='word_1_268' title='bbox 1619 1035 1833 1087; x_wconf 87' lang='lat' dir='ltr'>primoge-</span> 
     </span>
     <span class='ocr_line' id='line_1_59' title="bbox 1008 1090 1833 1141; baseline 0.001 -9"><span class='ocrx_word' id='word_1_269' title='bbox 1008 1091 1165 1132; x_wconf 84' lang='lat' dir='ltr'>niturae</span> <span class='ocrx_word' id='word_1_270' title='bbox 1190 1090 1454 1131; x_wconf 75' lang='lat' dir='ltr'>renuntiavit</span> <span class='ocrx_word' id='word_1_271' title='bbox 1479 1095 1523 1131; x_wconf 91' lang='lat' dir='ltr'>et</span> <span class='ocrx_word' id='word_1_272' title='bbox 1541 1104 1691 1141; x_wconf 89' lang='lat' dir='ltr'>regno:</span> <span class='ocrx_word' id='word_1_273' title='bbox 1718 1105 1833 1133; x_wconf 91' lang='lat' dir='ltr'>cum-</span> 
     </span>
     <span class='ocr_line' id='line_1_60' title="bbox 1010 1146 1833 1199; baseline 0.002 -10"><span class='ocrx_word' id='word_1_274' title='bbox 1010 1160 1095 1199; x_wconf 90' lang='lat' dir='ltr'>que</span> <span class='ocrx_word' id='word_1_275' title='bbox 1114 1151 1276 1197; x_wconf 91' lang='lat' dir='ltr'>votum,</span> <span class='ocrx_word' id='word_1_276' title='bbox 1301 1146 1420 1199; x_wconf 92' lang='lat' dir='ltr'>quod</span> <span class='ocrx_word' id='word_1_277' title='bbox 1440 1147 1685 1189; x_wconf 89' lang='lat' dir='ltr'>Barcinone</span> <span class='ocrx_word' id='word_1_278' title='bbox 1705 1151 1833 1191; x_wconf 89' lang='lat' dir='ltr'>vove-</span> 
     </span>
     <span class='ocr_line' id='line_1_61' title="bbox 1009 1204 1833 1253; baseline 0.004 -9"><span class='ocrx_word' id='word_1_279' title='bbox 1009 1209 1091 1253; x_wconf 83' lang='lat' dir='ltr'>rat,</span> <span class='ocrx_word' id='word_1_280' title='bbox 1132 1204 1176 1244; x_wconf 90' lang='lat' dir='ltr'>in</span> <span class='ocrx_word' id='word_1_281' title='bbox 1212 1204 1362 1245; x_wconf 90' lang='lat' dir='ltr'>Monte</span> <span class='ocrx_word' id='word_1_282' title='bbox 1398 1204 1637 1246; x_wconf 89' lang='lat' dir='ltr'>Pessulano</span> <span class='ocrx_word' id='word_1_283' title='bbox 1674 1205 1833 1247; x_wconf 92' lang='lat' dir='ltr'>frustra</span> 
     </span>
     <span class='ocr_line' id='line_1_62' title="bbox 1009 1260 1833 1313; baseline 0.004 -12"><span class='ocrx_word' id='word_1_284' title='bbox 1009 1260 1250 1313; x_wconf 90' lang='lat' dir='ltr'>adimplere</span> <span class='ocrx_word' id='word_1_285' title='bbox 1279 1263 1515 1311; x_wconf 72' lang='lat' dir='ltr'>satageret,</span> <span class='ocrx_word' id='word_1_286' title='bbox 1546 1261 1660 1303; x_wconf 89' lang='lat' dir='ltr'>illius</span> <span class='ocrx_word' id='word_1_287' title='bbox 1690 1266 1833 1304; x_wconf 89' lang='lat' dir='ltr'>coeno-</span> 
     </span>
     <span class='ocr_line' id='line_1_63' title="bbox 1008 1317 1834 1371; baseline 0.001 -12"><span class='ocrx_word' id='word_1_288' title='bbox 1008 1317 1069 1359; x_wconf 92' lang='lat' dir='ltr'>bii</span> <span class='ocrx_word' id='word_1_289' title='bbox 1102 1317 1310 1359; x_wconf 86' lang='lat' dir='ltr'>fratribus</span> <span class='ocrx_word' id='word_1_290' title='bbox 1346 1317 1502 1359; x_wconf 90' lang='lat' dir='ltr'>timore</span> <span class='ocrx_word' id='word_1_291' title='bbox 1544 1319 1659 1369; x_wconf 84' lang='lat' dir='ltr'>regis</span> <span class='ocrx_word' id='word_1_292' title='bbox 1695 1320 1834 1371; x_wconf 91' lang='lat' dir='ltr'>patris</span> 
     </span>
     <span class='ocr_line' id='line_1_64' title="bbox 1010 1374 1833 1426; baseline 0.004 -12"><span class='ocrx_word' id='word_1_293' title='bbox 1010 1387 1108 1415; x_wconf 93' lang='lat' dir='ltr'>eum</span> <span class='ocrx_word' id='word_1_294' title='bbox 1131 1376 1328 1426; x_wconf 85' lang='lat' dir='ltr'>recipere</span> <span class='ocrx_word' id='word_1_295' title='bbox 1351 1387 1440 1415; x_wconf 92' lang='lat' dir='ltr'>non</span> <span class='ocrx_word' id='word_1_296' title='bbox 1460 1374 1737 1425; x_wconf 89' lang='lat' dir='ltr'>audentibus,</span> <span class='ocrx_word' id='word_1_297' title='bbox 1766 1389 1833 1417; x_wconf 89' lang='lat' dir='ltr'>so-</span> 
     </span>
     <span class='ocr_line' id='line_1_65' title="bbox 1009 1429 1835 1473; baseline 0.002 -2"><span class='ocrx_word' id='word_1_298' title='bbox 1009 1431 1208 1472; x_wconf 84' lang='lat' dir='ltr'>lemniter</span> <span class='ocrx_word' id='word_1_299' title='bbox 1236 1429 1343 1472; x_wconf 93' lang='lat' dir='ltr'>illud</span> <span class='ocrx_word' id='word_1_300' title='bbox 1371 1431 1610 1472; x_wconf 87' lang='lat' dir='ltr'>renovavit.</span> <span class='ocrx_word' id='word_1_301' title='bbox 1647 1432 1752 1473; x_wconf 88' lang='lat' dir='ltr'>Mox</span> <span class='ocrx_word' id='word_1_302' title='bbox 1778 1431 1835 1473; x_wconf 91' lang='lat' dir='ltr'>ad</span> 
     </span>
     <span class='ocr_line' id='line_1_66' title="bbox 1009 1488 1833 1530; baseline 0.001 -1"><span class='ocrx_word' id='word_1_303' title='bbox 1009 1488 1240 1530; x_wconf 90' lang='lat' dir='ltr'>ecclesiam</span> <span class='ocrx_word' id='word_1_304' title='bbox 1263 1488 1533 1529; x_wconf 89' lang='lat' dir='ltr'>Tolosanam</span> <span class='ocrx_word' id='word_1_305' title='bbox 1557 1501 1581 1529; x_wconf 89' lang='lat' dir='ltr'>a</span> <span class='ocrx_word' id='word_1_306' title='bbox 1604 1488 1833 1530; x_wconf 89' lang='lat' dir='ltr'>Bonifacio</span> 
     </span>
     <span class='ocr_line' id='line_1_67' title="bbox 1010 1545 1833 1596; baseline 0.001 -10"><span class='ocrx_word' id='word_1_307' title='bbox 1010 1547 1187 1594; x_wconf 88' lang='lat' dir='ltr'>octavo,</span> <span class='ocrx_word' id='word_1_308' title='bbox 1226 1545 1423 1596; x_wconf 85' lang='lat' dir='ltr'>quamvis</span> <span class='ocrx_word' id='word_1_309' title='bbox 1455 1545 1631 1595; x_wconf 89' lang='lat' dir='ltr'>invitus,</span> <span class='ocrx_word' id='word_1_310' title='bbox 1671 1549 1833 1587; x_wconf 86' lang='grc'><strong>38811111-</strong></span> 
     </span>
     <span class='ocr_line' id='line_1_68' title="bbox 1008 1602 1834 1654; baseline 0.001 -11"><span class='ocrx_word' id='word_1_311' title='bbox 1008 1606 1122 1654; x_wconf 90' lang='lat' dir='ltr'>ptus,</span> <span class='ocrx_word' id='word_1_312' title='bbox 1146 1602 1423 1653; x_wconf 80' lang='lat' dir='ltr'>Romamque</span> <span class='ocrx_word' id='word_1_313' title='bbox 1443 1604 1692 1653; x_wconf 87' lang='lat' dir='ltr'>accersitus,</span> <span class='ocrx_word' id='word_1_314' title='bbox 1717 1607 1759 1644; x_wconf 89' lang='lat' dir='ltr'>et</span> <span class='ocrx_word' id='word_1_315' title='bbox 1780 1602 1834 1644; x_wconf 89' lang='lat' dir='ltr'>ab</span> 
     </span>
     <span class='ocr_line' id='line_1_69' title="bbox 1010 1658 1834 1711; baseline 0 -11"><span class='ocrx_word' id='word_1_316' title='bbox 1010 1658 1168 1700; x_wconf 89' lang='lat' dir='ltr'>eodem</span> <span class='ocrx_word' id='word_1_317' title='bbox 1204 1658 1442 1700; x_wconf 88' lang='lat' dir='ltr'>honorifice</span> <span class='ocrx_word' id='word_1_318' title='bbox 1479 1660 1706 1711; x_wconf 86' lang='lat' dir='ltr'>exceptus,</span> <span class='ocrx_word' id='word_1_319' title='bbox 1752 1658 1834 1700; x_wconf 88' lang='lat' dir='ltr'>ele-</span> 
     </span>
     <span class='ocr_line' id='line_1_70' title="bbox 1010 1714 1835 1757; baseline 0 -1"><span class='ocrx_word' id='word_1_320' title='bbox 1010 1715 1143 1756; x_wconf 92' lang='lat' dir='ltr'>ctioni</span> <span class='ocrx_word' id='word_1_321' title='bbox 1176 1714 1231 1756; x_wconf 94' lang='lat' dir='ltr'>de</span> <span class='ocrx_word' id='word_1_322' title='bbox 1270 1728 1317 1756; x_wconf 91' lang='lat' dir='ltr'>se</span> <span class='ocrx_word' id='word_1_323' title='bbox 1350 1715 1478 1757; x_wconf 87' lang='lat' dir='ltr'>factae</span> <span class='ocrx_word' id='word_1_324' title='bbox 1506 1714 1756 1756; x_wconf 87' lang='lat' dir='ltr'>&#39;nullatenus</span> <span class='ocrx_word' id='word_1_325' title='bbox 1788 1728 1835 1756; x_wconf 92' lang='grc'>80</span> 
     </span>
     <span class='ocr_line' id='line_1_71' title="bbox 1009 1771 1834 1821; baseline 0 -8"><span class='ocrx_word' id='word_1_326' title='bbox 1009 1775 1291 1813; x_wconf 81' lang='lat' dir='ltr'>assensurum</span> <span class='ocrx_word' id='word_1_327' title='bbox 1317 1772 1572 1821; x_wconf 84' lang='lat' dir='ltr'>declaravit,</span> <span class='ocrx_word' id='word_1_328' title='bbox 1601 1771 1743 1813; x_wconf 92' lang='lat' dir='ltr'>donec</span> <span class='ocrx_word' id='word_1_329' title='bbox 1762 1785 1834 1813; x_wconf 91' lang='lat' dir='ltr'>vo-</span> 
     </span>
     <span class='ocr_line' id='line_1_72' title="bbox 1008 1827 1834 1881; baseline -0.002 -11"><span class='ocrx_word' id='word_1_330' title='bbox 1008 1833 1112 1878; x_wconf 93' lang='lat' dir='ltr'>tum,</span> <span class='ocrx_word' id='word_1_331' title='bbox 1133 1841 1220 1881; x_wconf 93' lang='lat' dir='ltr'>quo</span> <span class='ocrx_word' id='word_1_332' title='bbox 1242 1841 1288 1870; x_wconf 92' lang='lat' dir='ltr'>se</span> <span class='ocrx_word' id='word_1_333' title='bbox 1305 1828 1610 1877; x_wconf 84' lang='lat' dir='ltr'>obstrinxerat,</span> <span class='ocrx_word' id='word_1_334' title='bbox 1629 1829 1726 1869; x_wconf 89' lang='lat' dir='ltr'>Deo</span> <span class='ocrx_word' id='word_1_335' title='bbox 1739 1827 1834 1868; x_wconf 93' lang='lat' dir='ltr'>red-</span> 
     </span>
     <span class='ocr_line' id='line_1_73' title="bbox 1010 1885 1834 1935; baseline -0.001 -9"><span class='ocrx_word' id='word_1_336' title='bbox 1010 1885 1206 1926; x_wconf 90' lang='lat' dir='ltr'>didisset.</span> <span class='ocrx_word' id='word_1_337' title='bbox 1261 1885 1404 1935; x_wconf 89' lang='lat' dir='ltr'>Quare</span> <span class='ocrx_word' id='word_1_338' title='bbox 1440 1887 1656 1926; x_wconf 89' lang='lat' dir='ltr'>annuente</span> <span class='ocrx_word' id='word_1_339' title='bbox 1688 1885 1834 1925; x_wconf 89' lang='lat' dir='ltr'>Ponti-</span> 
     </span>
     <span class='ocr_line' id='line_1_74' title="bbox 1007 1941 1835 1993; baseline -0.001 -11"><span class='ocrx_word' id='word_1_340' title='bbox 1007 1941 1091 1982; x_wconf 92' lang='lat' dir='ltr'>fice</span> <span class='ocrx_word' id='word_1_341' title='bbox 1109 1941 1261 1982; x_wconf 91' lang='lat' dir='ltr'>habitu</span> <span class='ocrx_word' id='word_1_342' title='bbox 1276 1941 1441 1982; x_wconf 83' lang='lat' dir='ltr'>ordinis</span> <span class='ocrx_word' id='word_1_343' title='bbox 1456 1941 1683 1990; x_wconf 88' lang='lat' dir='ltr'>Minorum,</span> <span class='ocrx_word' id='word_1_344' title='bbox 1705 1953 1835 1993; x_wconf 90' lang='lat' dir='ltr'>quem</span> 
     </span>
     <span class='ocr_line' id='line_1_75' title="bbox 1009 1997 1834 2050; baseline 0 -12"><span class='ocrx_word' id='word_1_345' title='bbox 1009 2010 1184 2050; x_wconf 90' lang='lat' dir='ltr'>semper</span> <span class='ocrx_word' id='word_1_346' title='bbox 1202 1999 1359 2049; x_wconf 89' lang='lat' dir='ltr'>postea</span> <span class='ocrx_word' id='word_1_347' title='bbox 1377 1997 1565 2046; x_wconf 87' lang='lat' dir='ltr'>retinuit,</span> <span class='ocrx_word' id='word_1_348' title='bbox 1591 1997 1672 2039; x_wconf 89' lang='lat' dir='ltr'>rite</span> <span class='ocrx_word' id='word_1_349' title='bbox 1692 1999 1834 2038; x_wconf 91' lang='lat' dir='ltr'>susce-</span> 
     </span>
     <span class='ocr_line' id='line_1_76' title="bbox 1007 2053 1835 2107; baseline -0.002 -12"><span class='ocrx_word' id='word_1_350' title='bbox 1007 2059 1098 2107; x_wconf 91' lang='lat' dir='ltr'>pto,</span> <span class='ocrx_word' id='word_1_351' title='bbox 1118 2054 1161 2094; x_wconf 92' lang='lat' dir='ltr'>in</span> <span class='ocrx_word' id='word_1_352' title='bbox 1180 2053 1380 2095; x_wconf 89' lang='lat' dir='ltr'>manibus</span> <span class='ocrx_word' id='word_1_353' title='bbox 1401 2053 1629 2095; x_wconf 82' lang='lat' dir='ltr'>Generalis</span> <span class='ocrx_word' id='word_1_354' title='bbox 1648 2053 1835 2094; x_wconf 91' lang='lat' dir='ltr'>ministri</span> 
     </span>
     <span class='ocr_line' id='line_1_77' title="bbox 1007 2109 1831 2163; baseline 0 -12"><span class='ocrx_word' id='word_1_355' title='bbox 1007 2110 1329 2163; x_wconf 81' lang='lat' dir='ltr'>professionem</span> <span class='ocrx_word' id='word_1_356' title='bbox 1362 2110 1519 2151; x_wconf 87' lang='lat' dir='ltr'>emisit:</span> <span class='ocrx_word' id='word_1_357' title='bbox 1549 2109 1705 2162; x_wconf 93' lang='lat' dir='ltr'>hisque</span> <span class='ocrx_word' id='word_1_358' title='bbox 1736 2122 1831 2162; x_wconf 90' lang='lat' dir='ltr'>per-</span> 
     </span>
     <span class='ocr_line' id='line_1_78' title="bbox 1009 2165 1831 2218; baseline -0.002 -10"><span class='ocrx_word' id='word_1_359' title='bbox 1009 2167 1132 2216; x_wconf 90' lang='lat' dir='ltr'>actis,</span> <span class='ocrx_word' id='word_1_360' title='bbox 1153 2165 1408 2218; x_wconf 90' lang='lat' dir='ltr'>apostolicis</span> <span class='ocrx_word' id='word_1_361' title='bbox 1427 2165 1645 2208; x_wconf 89' lang='lat' dir='ltr'>mandatis</span> <span class='ocrx_word' id='word_1_362' title='bbox 1666 2166 1831 2208; x_wconf 87' lang='lat' dir='ltr'>humili-</span> 
     </span>
     <span class='ocr_line' id='line_1_79' title="bbox 1007 2223 1831 2276; baseline -0.001 -11"><span class='ocrx_word' id='word_1_363' title='bbox 1007 2229 1074 2265; x_wconf 87' lang='lat' dir='ltr'>ter</span> <span class='ocrx_word' id='word_1_364' title='bbox 1096 2223 1419 2276; x_wconf 89' lang='lat' dir='ltr'>obtemperans,</span> <span class='ocrx_word' id='word_1_365' title='bbox 1446 2226 1682 2276; x_wconf 89' lang='lat' dir='ltr'>episcopus</span> <span class='ocrx_word' id='word_1_366' title='bbox 1702 2223 1831 2265; x_wconf 92' lang='lat' dir='ltr'>Tolo-</span> 
     </span>
     <span class='ocr_line' id='line_1_80' title="bbox 1009 2280 1748 2332; baseline -0.001 -11"><span class='ocrx_word' id='word_1_367' title='bbox 1009 2283 1140 2321; x_wconf 89' lang='lat' dir='ltr'>sanus</span> <span class='ocrx_word' id='word_1_368' title='bbox 1159 2293 1316 2332; x_wconf 89' lang='lat' dir='ltr'>passus</span> <span class='ocrx_word' id='word_1_369' title='bbox 1337 2284 1404 2321; x_wconf 88' lang='lat' dir='ltr'>est</span> <span class='ocrx_word' id='word_1_370' title='bbox 1422 2292 1469 2321; x_wconf 91' lang='lat' dir='ltr'>se</span> <span class='ocrx_word' id='word_1_371' title='bbox 1490 2280 1748 2322; x_wconf 88' lang='lat' dir='ltr'>consecrari.</span> 
     </span>
    </p>

    <p class='ocr_par' dir='ltr' id='par_1_13' title="bbox 1006 2335 1831 2658">
     <span class='ocr_line' id='line_1_81' title="bbox 1064 2335 1830 2390; baseline -0.001 -12"><span class='ocrx_word' id='word_1_372' title='bbox 1064 2339 1114 2390; x_wconf 66' lang='lat' dir='ltr'>R.</span> <span class='ocrx_word' id='word_1_373' title='bbox 1143 2336 1278 2377; x_wconf 88' lang='lat' dir='ltr'>Posui</span> <span class='ocrx_word' id='word_1_374' title='bbox 1305 2335 1567 2388; x_wconf 89' lang='lat' dir='ltr'>adjutorium</span> <span class='ocrx_word' id='word_1_375' title='bbox 1598 2349 1728 2388; x_wconf 84' lang='lat' dir='ltr'>super</span> <span class='ocrx_word' id='word_1_376' title='bbox 1755 2348 1830 2388; x_wconf 93' lang='lat' dir='ltr'>po-</span> 
     </span>
     <span class='ocr_line' id='line_1_82' title="bbox 1006 2391 1831 2442; baseline -0.001 -9"><span class='ocrx_word' id='word_1_377' title='bbox 1006 2394 1187 2442; x_wconf 89' lang='lat' dir='ltr'>tentem,</span> <span class='ocrx_word' id='word_1_378' title='bbox 1229 2397 1272 2433; x_wconf 90' lang='lat' dir='ltr'>et</span> <span class='ocrx_word' id='word_1_379' title='bbox 1316 2392 1505 2434; x_wconf 84' lang='lat' dir='ltr'>exaltavi</span> <span class='ocrx_word' id='word_1_380' title='bbox 1549 2392 1735 2434; x_wconf 88' lang='lat' dir='ltr'>electum</span> <span class='ocrx_word' id='word_1_381' title='bbox 1776 2391 1831 2433; x_wconf 89' lang='lat' dir='ltr'>de</span> 
     </span>
     <span class='ocr_line' id='line_1_83' title="bbox 1007 2448 1831 2501; baseline 0 -12"><span class='ocrx_word' id='word_1_382' title='bbox 1007 2448 1136 2501; x_wconf 90' lang='lat' dir='ltr'>plebe</span> <span class='ocrx_word' id='word_1_383' title='bbox 1172 2461 1285 2489; x_wconf 91' lang='lat' dir='ltr'>mea:</span> <span class='ocrx_word' id='word_1_384' title='bbox 1333 2450 1355 2474; x_wconf 88' lang='lat'>*</span> <span class='ocrx_word' id='word_1_385' title='bbox 1390 2449 1545 2489; x_wconf 90' lang='lat' dir='ltr'>Manus</span> <span class='ocrx_word' id='word_1_386' title='bbox 1581 2448 1694 2490; x_wconf 92' lang='lat' dir='ltr'>enim</span> <span class='ocrx_word' id='word_1_387' title='bbox 1734 2460 1831 2489; x_wconf 90' lang='lat' dir='ltr'>mea</span> 
     </span>
     <span class='ocr_line' id='line_1_84' title="bbox 1008 2501 1831 2552; baseline -0.002 -7"><span class='ocrx_word' id='word_1_388' title='bbox 1008 2504 1284 2546; x_wconf 86' lang='lat' dir='ltr'>auxiliabitur</span> <span class='ocrx_word' id='word_1_389' title='bbox 1322 2505 1371 2546; x_wconf 88' lang='lat' dir='ltr'>ei.</span> <span class='ocrx_word' id='word_1_390' title='bbox 1424 2501 1474 2552; x_wconf 64' lang='lat' dir='ltr'>V.</span> <span class='ocrx_word' id='word_1_391' title='bbox 1502 2504 1652 2545; x_wconf 90' lang='lat' dir='ltr'>Inveni</span> <span class='ocrx_word' id='word_1_392' title='bbox 1687 2502 1831 2544; x_wconf 91' lang='lat' dir='ltr'>David</span> 
     </span>
     <span class='ocr_line' id='line_1_85' title="bbox 1008 2561 1829 2610; baseline -0.001 -9"><span class='ocrx_word' id='word_1_393' title='bbox 1008 2573 1181 2602; x_wconf 90' lang='lat' dir='ltr'>servum</span> <span class='ocrx_word' id='word_1_394' title='bbox 1213 2573 1373 2610; x_wconf 89' lang='lat' dir='ltr'>meum,</span> <span class='ocrx_word' id='word_1_395' title='bbox 1413 2561 1510 2602; x_wconf 89' lang='lat' dir='ltr'>oleo</span> <span class='ocrx_word' id='word_1_396' title='bbox 1546 2565 1696 2601; x_wconf 88' lang='lat' dir='ltr'>sancto</span> <span class='ocrx_word' id='word_1_397' title='bbox 1731 2571 1829 2600; x_wconf 90' lang='lat' dir='ltr'>meo</span> 
     </span>
     <span class='ocr_line' id='line_1_86' title="bbox 1007 2616 1591 2658; baseline -0.003 -1"><span class='ocrx_word' id='word_1_398' title='bbox 1007 2616 1110 2657; x_wconf 88' lang='lat' dir='ltr'>unxi</span> <span class='ocrx_word' id='word_1_399' title='bbox 1130 2629 1239 2658; x_wconf 87' lang='lat' dir='ltr'>eum.</span> <span class='ocrx_word' id='word_1_400' title='bbox 1293 2617 1446 2658; x_wconf 91' lang='lat' dir='ltr'>Manus</span> <span class='ocrx_word' id='word_1_401' title='bbox 1467 2616 1591 2657; x_wconf 91' lang='lat' dir='ltr'>enim.</span> 
     </span>
    </p>

    <p class='ocr_par' dir='ltr' id='par_1_14' title="bbox 1311 2673 1532 2715">
     <span class='ocr_line' id='line_1_87' title="bbox 1311 2673 1532 2715; baseline -0.018 0"><span class='ocrx_word' id='word_1_402' title='bbox 1311 2674 1460 2715; x_wconf 89' lang='lat' dir='ltr'>Lectio</span> <span class='ocrx_word' id='word_1_403' title='bbox 1482 2673 1532 2712; x_wconf 81' lang='lat' dir='ltr'>vi.</span> 
     </span>
    </p>

    <p class='ocr_par' dir='ltr' id='par_1_15' title="bbox 1086 2726 1828 2777">
     <span class='ocr_line' id='line_1_88' title="bbox 1086 2726 1828 2777; baseline -0.005 -7"><span class='ocrx_word' id='word_1_404' title='bbox 1086 2729 1255 2770; x_wconf 89' lang='lat' dir='ltr'>olosam</span> <span class='ocrx_word' id='word_1_405' title='bbox 1279 2728 1335 2770; x_wconf 91' lang='lat' dir='ltr'>ad</span> <span class='ocrx_word' id='word_1_406' title='bbox 1358 2728 1472 2769; x_wconf 86' lang='lat' dir='ltr'>illius</span> <span class='ocrx_word' id='word_1_407' title='bbox 1498 2726 1694 2768; x_wconf 81' lang='lat' dir='ltr'>ecclesiae</span> <span class='ocrx_word' id='word_1_408' title='bbox 1721 2726 1828 2777; x_wconf 87' lang='lat' dir='ltr'>regi-</span> 
     </span>
    </p>

    <p class='ocr_par' dir='ltr' id='par_1_16' title="bbox 1101 2782 1828 2837">
     <span class='ocr_line' id='line_1_89' title="bbox 1101 2782 1828 2837; baseline -0.007 -10"><span class='ocrx_word' id='word_1_409' title='bbox 1101 2798 1200 2827; x_wconf 92' lang='lat' dir='ltr'>men</span> <span class='ocrx_word' id='word_1_410' title='bbox 1228 2785 1467 2837; x_wconf 79' lang='lat' dir='ltr'>profectus,</span> <span class='ocrx_word' id='word_1_411' title='bbox 1501 2782 1716 2835; x_wconf 89' lang='lat' dir='ltr'>spirituali</span> <span class='ocrx_word' id='word_1_412' title='bbox 1742 2782 1828 2822; x_wconf 91' lang='lat' dir='ltr'>ani-</span> 
     </span>
    </p>
   </div>
   <div class='ocr_carea' id='block_1_5' title="bbox 67 194 1890 2878">
    <p class='ocr_par' dir='ltr' id='par_1_17' title="bbox 67 194 1890 2878">
     <span class='ocr_line' id='line_1_90' title="bbox 67 194 1890 2878; baseline 0 0"><span class='ocrx_word' id='word_1_413' title='bbox 67 194 1890 2878; x_wconf 95' lang='lat' dir='ltr'> </span> 
     </span>
    </p>
   </div>
  </div>
 </body>
</html>
