<?xml version="1.0" encoding="UTF-8"?>
<!DOCTYPE html PUBLIC "-//W3C//DTD XHTML 1.0 Transitional//EN"
    "http://www.w3.org/TR/xhtml1/DTD/xhtml1-transitional.dtd">
<html xmlns="http://www.w3.org/1999/xhtml" xml:lang="en" lang="en">
 <head>
  <title>
</title>
<meta http-equiv="Content-Type" content="text/html;charset=utf-8" />
  <meta name='ocr-system' content='tesseract 3.04.00' />
  <meta name='ocr-capabilities' content='ocr_page ocr_carea ocr_par ocr_line ocrx_word'/>
</head>
<body>
  <div class='ocr_page' id='page_1' title='image "./p3breviariumroma00cathuoft_0355.png"; bbox 0 0 2040 2976; ppageno 0'>
   <div class='ocr_carea' id='block_1_1' title="bbox 532 184 1443 227">
    <p class='ocr_par' dir='ltr' id='par_1_1' title="bbox 532 184 1443 227">
     <span class='ocr_line' id='line_1_1' title="bbox 532 184 1443 227; baseline 0.001 -9"><span class='ocrx_word' id='word_1_1' title='bbox 532 184 603 218; x_wconf 89' lang='lat' dir='ltr'>Die</span> <span class='ocrx_word' id='word_1_2' title='bbox 626 185 656 218; x_wconf 83' lang='lat'>5.</span> <span class='ocrx_word' id='word_1_3' title='bbox 681 185 797 218; x_wconf 83' lang='lat' dir='ltr'>Junii.</span> <span class='ocrx_word' id='word_1_4' title='bbox 845 184 879 218; x_wconf 87' lang='lat' dir='ltr'>S.</span> <span class='ocrx_word' id='word_1_5' title='bbox 906 184 1098 218; x_wconf 80' lang='lat' dir='ltr'>Bonifacii</span> <span class='ocrx_word' id='word_1_6' title='bbox 1123 185 1250 227; x_wconf 88' lang='lat' dir='ltr'>Episc.</span> <span class='ocrx_word' id='word_1_7' title='bbox 1277 190 1312 218; x_wconf 89' lang='lat' dir='ltr'>ct</span> <span class='ocrx_word' id='word_1_8' title='bbox 1336 185 1443 219; x_wconf 80' lang='lat' dir='ltr'>Mart.</span> 
     </span>
    </p>
   </div>
   <div class='ocr_carea' id='block_1_2' title="bbox 1775 181 1841 215">
    <p class='ocr_par' dir='ltr' id='par_1_2' title="bbox 1775 181 1841 215">
     <span class='ocr_line' id='line_1_2' title="bbox 1775 181 1841 215; baseline 0 0"><span class='ocrx_word' id='word_1_9' title='bbox 1775 181 1841 215; x_wconf 88' lang='grc'>325</span> 
     </span>
    </p>
   </div>
   <div class='ocr_carea' id='block_1_3' title="bbox 131 238 1844 260">
    <p class='ocr_par' dir='ltr' id='par_1_3' title="bbox 131 238 1844 260">
     <span class='ocr_line' id='line_1_3' title="bbox 131 238 1844 260; baseline 0 2716"><span class='ocrx_word' id='word_1_10' title='bbox 131 238 1844 260; x_wconf 95' lang='lat' dir='ltr'> </span> 
     </span>
    </p>
   </div>
   <div class='ocr_carea' id='block_1_4' title="bbox 129 276 964 2734">
    <p class='ocr_par' dir='ltr' id='par_1_4' title="bbox 432 276 658 317">
     <span class='ocr_line' id='line_1_4' title="bbox 432 276 658 317; baseline -0.004 0"><span class='ocrx_word' id='word_1_11' title='bbox 432 276 584 317; x_wconf 82' lang='lat' dir='ltr'>Lectio</span> <span class='ocrx_word' id='word_1_12' title='bbox 606 277 658 317; x_wconf 88' lang='lat' dir='ltr'>vi.</span> 
     </span>
    </p>

    <p class='ocr_par' dir='ltr' id='par_1_5' title="bbox 131 329 958 434">
     <span class='ocr_line' id='line_1_5' title="bbox 131 329 958 434; baseline -0.001 -61"><span class='ocrx_word' id='word_1_13' title='bbox 131 329 222 434; x_wconf 86' lang='lat' dir='ltr'>A</span> <span class='ocrx_word' id='word_1_14' title='bbox 234 336 387 373; x_wconf 89' lang='lat' dir='ltr'>sancto</span> <span class='ocrx_word' id='word_1_15' title='bbox 404 330 694 372; x_wconf 79' lang='lat' dir='ltr'>Willibrordo</span> <span class='ocrx_word' id='word_1_16' title='bbox 715 330 773 372; x_wconf 91' lang='lat' dir='ltr'>ad</span> <span class='ocrx_word' id='word_1_17' title='bbox 792 331 958 384; x_wconf 92' lang='lat' dir='ltr'>episco-</span> 
     </span>
    </p>

    <p class='ocr_par' dir='ltr' id='par_1_6' title="bbox 129 386 964 2734">
     <span class='ocr_line' id='line_1_6' title="bbox 247 386 960 440; baseline -0.001 -11"><span class='ocrx_word' id='word_1_18' title='bbox 247 387 347 440; x_wconf 90' lang='lat' dir='ltr'>pale</span> <span class='ocrx_word' id='word_1_19' title='bbox 382 400 540 428; x_wconf 92' lang='lat' dir='ltr'>munus</span> <span class='ocrx_word' id='word_1_20' title='bbox 578 389 815 439; x_wconf 87' lang='lat' dir='ltr'>expetitus,</span> <span class='ocrx_word' id='word_1_21' title='bbox 852 386 960 428; x_wconf 92' lang='lat' dir='ltr'>illud</span> 
     </span>
     <span class='ocr_line' id='line_1_7' title="bbox 131 443 958 496; baseline -0.002 -9"><span class='ocrx_word' id='word_1_22' title='bbox 131 444 396 487; x_wconf 89' lang='lat' dir='ltr'>detrectavit</span> <span class='ocrx_word' id='word_1_23' title='bbox 435 449 484 485; x_wconf 90' lang='lat' dir='ltr'>ut</span> <span class='ocrx_word' id='word_1_24' title='bbox 524 443 773 496; x_wconf 85' lang='lat' dir='ltr'>promptius</span> <span class='ocrx_word' id='word_1_25' title='bbox 809 443 958 485; x_wconf 87' lang='lat' dir='ltr'>infide-</span> 
     </span>
     <span class='ocr_line' id='line_1_8' title="bbox 130 499 958 542; baseline -0.001 -1"><span class='ocrx_word' id='word_1_26' title='bbox 130 501 236 542; x_wconf 91' lang='lat' dir='ltr'>lium</span> <span class='ocrx_word' id='word_1_27' title='bbox 272 499 404 541; x_wconf 82' lang='lat' dir='ltr'>saluti</span> <span class='ocrx_word' id='word_1_28' title='bbox 438 500 632 541; x_wconf 89' lang='lat' dir='ltr'>instaret.</span> <span class='ocrx_word' id='word_1_29' title='bbox 690 500 742 540; x_wconf 91' lang='lat' dir='ltr'>In</span> <span class='ocrx_word' id='word_1_30' title='bbox 779 500 958 540; x_wconf 90' lang='lat' dir='ltr'>Germa-</span> 
     </span>
     <span class='ocr_line' id='line_1_9' title="bbox 130 555 960 608; baseline -0.001 -11"><span class='ocrx_word' id='word_1_31' title='bbox 130 556 247 597; x_wconf 85' lang='lat' dir='ltr'><strong>niam</strong></span> <span class='ocrx_word' id='word_1_32' title='bbox 278 556 522 608; x_wconf 87' lang='lat' dir='ltr'>profectus‚</span> <span class='ocrx_word' id='word_1_33' title='bbox 555 555 684 608; x_wconf 89' lang='lat' dir='ltr'>plura</span> <span class='ocrx_word' id='word_1_34' title='bbox 713 555 960 596; x_wconf 82' lang='lat' dir='ltr'>Hassorum</span> 
     </span>
     <span class='ocr_line' id='line_1_10' title="bbox 131 611 959 663; baseline -0.001 -10"><span class='ocrx_word' id='word_1_35' title='bbox 131 612 265 653; x_wconf 90' lang='lat' dir='ltr'>millia</span> <span class='ocrx_word' id='word_1_36' title='bbox 313 625 339 653; x_wconf 90' lang='lat' dir='ltr'>a</span> <span class='ocrx_word' id='word_1_37' title='bbox 387 611 601 660; x_wconf 77' lang='lat' dir='ltr'>daemonis</span> <span class='ocrx_word' id='word_1_38' title='bbox 650 611 959 663; x_wconf 84' lang='lat' dir='ltr'>superstitione</span> 
     </span>
     <span class='ocr_line' id='line_1_11' title="bbox 132 666 959 718; baseline -0.004 -8"><span class='ocrx_word' id='word_1_39' title='bbox 132 668 346 710; x_wconf 89' lang='lat' dir='ltr'>avocavit.</span> <span class='ocrx_word' id='word_1_40' title='bbox 409 667 451 708; x_wconf 92' lang='lat' dir='ltr'>A</span> <span class='ocrx_word' id='word_1_41' title='bbox 487 667 703 718; x_wconf 79' lang='lat' dir='ltr'>Gregerio</span> <span class='ocrx_word' id='word_1_42' title='bbox 745 666 959 708; x_wconf 90' lang='lat' dir='ltr'>Pontifice</span> 
     </span>
     <span class='ocr_line' id='line_1_12' title="bbox 132 723 958 775; baseline -0.001 -11"><span class='ocrx_word' id='word_1_43' title='bbox 132 724 322 766; x_wconf 87' lang='lat' dir='ltr'>Romam</span> <span class='ocrx_word' id='word_1_44' title='bbox 354 725 576 772; x_wconf 86' lang='lat' dir='ltr'>evocatus,</span> <span class='ocrx_word' id='word_1_45' title='bbox 612 728 715 775; x_wconf 89' lang='lat' dir='ltr'>post</span> <span class='ocrx_word' id='word_1_46' title='bbox 745 723 958 773; x_wconf 83' lang='lat' dir='ltr'>insignem</span> 
     </span>
     <span class='ocr_line' id='line_1_13' title="bbox 132 780 957 833; baseline -0.001 -12"><span class='ocrx_word' id='word_1_47' title='bbox 132 780 236 822; x_wconf 88' lang='lat' dir='ltr'>fidei</span> <span class='ocrx_word' id='word_1_48' title='bbox 259 780 581 833; x_wconf 85' lang='lat' dir='ltr'>professionem</span> <span class='ocrx_word' id='word_1_49' title='bbox 606 781 841 832; x_wconf 90' lang='lat' dir='ltr'>episcopus</span> <span class='ocrx_word' id='word_1_50' title='bbox 859 791 957 821; x_wconf 90' lang='lat' dir='ltr'>con-</span> 
     </span>
     <span class='ocr_line' id='line_1_14' title="bbox 132 835 958 878; baseline -0.002 0"><span class='ocrx_word' id='word_1_51' title='bbox 132 838 339 878; x_wconf 88' lang='lat' dir='ltr'>secratur.</span> <span class='ocrx_word' id='word_1_52' title='bbox 366 835 537 877; x_wconf 80' lang='lat' dir='ltr'>Exinde</span> <span class='ocrx_word' id='word_1_53' title='bbox 557 835 614 877; x_wconf 89' lang='lat' dir='ltr'>ad</span> <span class='ocrx_word' id='word_1_54' title='bbox 630 835 875 877; x_wconf 92' lang='lat' dir='ltr'>Germanos</span> <span class='ocrx_word' id='word_1_55' title='bbox 894 848 958 877; x_wconf 90' lang='lat' dir='ltr'>re-</span> 
     </span>
     <span class='ocr_line' id='line_1_15' title="bbox 133 891 958 944; baseline -0.002 -10"><span class='ocrx_word' id='word_1_56' title='bbox 133 892 237 944; x_wconf 77' lang='lat' dir='ltr'>duX,</span> <span class='ocrx_word' id='word_1_57' title='bbox 268 892 488 941; x_wconf 88' lang='lat' dir='ltr'>Hassiam‚</span> <span class='ocrx_word' id='word_1_58' title='bbox 524 896 568 943; x_wconf 87' lang='lat' dir='ltr'>et</span> <span class='ocrx_word' id='word_1_59' title='bbox 593 891 879 942; x_wconf 83' lang='lat' dir='ltr'>Thuringiam</span> <span class='ocrx_word' id='word_1_60' title='bbox 904 891 958 933; x_wconf 88' lang='lat' dir='ltr'>ab</span> 
     </span>
     <span class='ocr_line' id='line_1_16' title="bbox 130 947 960 1000; baseline -0.001 -10"><span class='ocrx_word' id='word_1_61' title='bbox 130 947 393 990; x_wconf 80' lang='lat' dir='ltr'>idololatriae</span> <span class='ocrx_word' id='word_1_62' title='bbox 412 947 607 1000; x_wconf 91' lang='lat' dir='ltr'>reliquiis</span> <span class='ocrx_word' id='word_1_63' title='bbox 622 948 796 1000; x_wconf 88' lang='lat' dir='ltr'>penitus</span> <span class='ocrx_word' id='word_1_64' title='bbox 813 960 960 1000; x_wconf 90' lang='lat' dir='ltr'>expur-</span> 
     </span>
     <span class='ocr_line' id='line_1_17' title="bbox 130 1004 957 1056; baseline 0 -11"><span class='ocrx_word' id='word_1_65' title='bbox 130 1004 261 1055; x_wconf 86' lang='lat' dir='ltr'>gavit.</span> <span class='ocrx_word' id='word_1_66' title='bbox 293 1004 437 1046; x_wconf 87' lang='lat' dir='ltr'>Tanta</span> <span class='ocrx_word' id='word_1_67' title='bbox 453 1008 639 1056; x_wconf 91' lang='lat' dir='ltr'>propter</span> <span class='ocrx_word' id='word_1_68' title='bbox 658 1004 812 1045; x_wconf 88' lang='lat' dir='ltr'>merita</span> <span class='ocrx_word' id='word_1_69' title='bbox 831 1004 957 1045; x_wconf 91' lang='lat' dir='ltr'>Boni-</span> 
     </span>
     <span class='ocr_line' id='line_1_18' title="bbox 130 1059 959 1111; baseline 0 -10"><span class='ocrx_word' id='word_1_70' title='bbox 130 1060 268 1102; x_wconf 90' lang='lat' dir='ltr'>facius</span> <span class='ocrx_word' id='word_1_71' title='bbox 286 1073 319 1101; x_wconf 49' lang='lat' dir='ltr'>‘a</span> <span class='ocrx_word' id='word_1_72' title='bbox 342 1060 559 1111; x_wconf 87' lang='lat' dir='ltr'>Gregorio</span> <span class='ocrx_word' id='word_1_73' title='bbox 584 1059 715 1101; x_wconf 88' lang='lat' dir='ltr'>tertio</span> <span class='ocrx_word' id='word_1_74' title='bbox 743 1059 799 1101; x_wconf 92' lang='lat' dir='ltr'>ad</span> <span class='ocrx_word' id='word_1_75' title='bbox 824 1060 959 1111; x_wconf 91' lang='lat' dir='ltr'>digni-</span> 
     </span>
     <span class='ocr_line' id='line_1_19' title="bbox 130 1115 959 1168; baseline 0 -11"><span class='ocrx_word' id='word_1_76' title='bbox 130 1118 268 1157; x_wconf 90' lang='lat' dir='ltr'>tatem</span> <span class='ocrx_word' id='word_1_77' title='bbox 300 1115 723 1168; x_wconf 66' lang='lat' dir='ltr'>archiepiscopalem</span> <span class='ocrx_word' id='word_1_78' title='bbox 751 1116 959 1167; x_wconf 91' lang='lat' dir='ltr'>evehitur,</span> 
     </span>
     <span class='ocr_line' id='line_1_20' title="bbox 131 1171 959 1223; baseline 0 -10"><span class='ocrx_word' id='word_1_79' title='bbox 131 1176 174 1213; x_wconf 89' lang='lat' dir='ltr'>et</span> <span class='ocrx_word' id='word_1_80' title='bbox 193 1171 323 1213; x_wconf 90' lang='lat' dir='ltr'>tertio</span> <span class='ocrx_word' id='word_1_81' title='bbox 342 1172 532 1212; x_wconf 86' lang='lat' dir='ltr'>Romam</span> <span class='ocrx_word' id='word_1_82' title='bbox 549 1171 775 1223; x_wconf 89' lang='lat' dir='ltr'>profectus</span> <span class='ocrx_word' id='word_1_83' title='bbox 795 1184 821 1212; x_wconf 88' lang='lat' dir='ltr'>a</span> <span class='ocrx_word' id='word_1_84' title='bbox 839 1172 959 1213; x_wconf 92' lang='lat' dir='ltr'>Sum-</span> 
     </span>
     <span class='ocr_line' id='line_1_21' title="bbox 129 1226 959 1279; baseline 0.001 -11"><span class='ocrx_word' id='word_1_85' title='bbox 129 1240 202 1268; x_wconf 93' lang='lat' dir='ltr'>mo</span> <span class='ocrx_word' id='word_1_86' title='bbox 228 1227 443 1268; x_wconf 87' lang='lat' dir='ltr'>Pontifice</span> <span class='ocrx_word' id='word_1_87' title='bbox 467 1226 594 1268; x_wconf 93' lang='lat' dir='ltr'>Sedis</span> <span class='ocrx_word' id='word_1_88' title='bbox 619 1227 876 1279; x_wconf 78' lang='lat' dir='ltr'>apostelicae</span> <span class='ocrx_word' id='word_1_89' title='bbox 902 1228 959 1269; x_wconf 95' lang='lat' dir='ltr'>le-</span> 
     </span>
     <span class='ocr_line' id='line_1_22' title="bbox 131 1283 960 1334; baseline 0.001 -10"><span class='ocrx_word' id='word_1_90' title='bbox 131 1285 258 1334; x_wconf 89' lang='lat' dir='ltr'>gatus</span> <span class='ocrx_word' id='word_1_91' title='bbox 287 1283 583 1332; x_wconf 65' lang='lat' dir='ltr'>constituitur,</span> <span class='ocrx_word' id='word_1_92' title='bbox 616 1295 702 1334; x_wconf 91' lang='lat' dir='ltr'>qua</span> <span class='ocrx_word' id='word_1_93' title='bbox 729 1283 960 1334; x_wconf 87' lang='lat' dir='ltr'>insignitus</span> 
     </span>
     <span class='ocr_line' id='line_1_23' title="bbox 133 1339 960 1392; baseline 0.001 -12"><span class='ocrx_word' id='word_1_94' title='bbox 133 1339 396 1381; x_wconf 85' lang='lat' dir='ltr'>auctoritate</span> <span class='ocrx_word' id='word_1_95' title='bbox 443 1341 633 1391; x_wconf 87' lang='lat' dir='ltr'>quatuor</span> <span class='ocrx_word' id='word_1_96' title='bbox 679 1339 960 1392; x_wconf 66' lang='lat' dir='ltr'>episcopatus</span> 
     </span>
     <span class='ocr_line' id='line_1_24' title="bbox 132 1394 962 1447; baseline 0.002 -12"><span class='ocrx_word' id='word_1_97' title='bbox 132 1395 328 1444; x_wconf 79' lang='lat' dir='ltr'>instituit,</span> <span class='ocrx_word' id='word_1_98' title='bbox 348 1399 391 1436; x_wconf 94' lang='lat' dir='ltr'>et</span> <span class='ocrx_word' id='word_1_99' title='bbox 405 1395 549 1436; x_wconf 89' lang='lat' dir='ltr'>varias</span> <span class='ocrx_word' id='word_1_100' title='bbox 565 1394 761 1447; x_wconf 69' lang='lat' dir='ltr'>synodos</span> <span class='ocrx_word' id='word_1_101' title='bbox 777 1395 962 1437; x_wconf 89' lang='lat' dir='ltr'>celebra·</span> 
     </span>
     <span class='ocr_line' id='line_1_25' title="bbox 131 1451 959 1503; baseline 0 -11"><span class='ocrx_word' id='word_1_102' title='bbox 131 1451 204 1501; x_wconf 88' lang='lat' dir='ltr'>vit,</span> <span class='ocrx_word' id='word_1_103' title='bbox 223 1451 336 1493; x_wconf 88' lang='lat' dir='ltr'>inter</span> <span class='ocrx_word' id='word_1_104' title='bbox 355 1463 464 1503; x_wconf 88' lang='lat' dir='ltr'>quas</span> <span class='ocrx_word' id='word_1_105' title='bbox 480 1451 714 1492; x_wconf 89' lang='lat' dir='ltr'>concilium</span> <span class='ocrx_word' id='word_1_106' title='bbox 728 1451 959 1503; x_wconf 89' lang='lat' dir='ltr'>Leptinen-</span> 
     </span>
     <span class='ocr_line' id='line_1_26' title="bbox 133 1506 961 1559; baseline 0.001 -12"><span class='ocrx_word' id='word_1_107' title='bbox 133 1519 181 1548; x_wconf 91' lang='lat' dir='ltr'>se</span> <span class='ocrx_word' id='word_1_108' title='bbox 204 1506 489 1549; x_wconf 90' lang='lat' dir='ltr'>memorabile</span> <span class='ocrx_word' id='word_1_109' title='bbox 515 1511 582 1548; x_wconf 90' lang='lat' dir='ltr'>est</span> <span class='ocrx_word' id='word_1_110' title='bbox 601 1506 719 1559; x_wconf 91' lang='lat' dir='ltr'>apud</span> <span class='ocrx_word' id='word_1_111' title='bbox 738 1507 899 1558; x_wconf 85' lang='lat' dir='ltr'>Belgas</span> <span class='ocrx_word' id='word_1_112' title='bbox 918 1508 961 1548; x_wconf 91' lang='lat' dir='ltr'>in</span> 
     </span>
     <span class='ocr_line' id='line_1_27' title="bbox 132 1561 961 1614; baseline 0.001 -11"><span class='ocrx_word' id='word_1_113' title='bbox 132 1562 436 1604; x_wconf 90' lang='lat' dir='ltr'>Cameracensi</span> <span class='ocrx_word' id='word_1_114' title='bbox 468 1561 650 1604; x_wconf 89' lang='lat' dir='ltr'>dioecesi</span> <span class='ocrx_word' id='word_1_115' title='bbox 683 1563 961 1614; x_wconf 90' lang='lat' dir='ltr'>celebratum,</span> 
     </span>
     <span class='ocr_line' id='line_1_28' title="bbox 134 1617 961 1671; baseline 0 -11"><span class='ocrx_word' id='word_1_116' title='bbox 134 1631 222 1671; x_wconf 92' lang='lat' dir='ltr'>quo</span> <span class='ocrx_word' id='word_1_117' title='bbox 248 1617 427 1671; x_wconf 91' lang='lat' dir='ltr'>quidem</span> <span class='ocrx_word' id='word_1_118' title='bbox 451 1620 653 1671; x_wconf 87' lang='lat' dir='ltr'>tempore</span> <span class='ocrx_word' id='word_1_119' title='bbox 679 1618 736 1660; x_wconf 91' lang='lat' dir='ltr'>ad</span> <span class='ocrx_word' id='word_1_120' title='bbox 761 1618 895 1660; x_wconf 90' lang='lat' dir='ltr'>fidem</span> <span class='ocrx_word' id='word_1_121' title='bbox 918 1620 961 1660; x_wconf 91' lang='lat' dir='ltr'>in</span> 
     </span>
     <span class='ocr_line' id='line_1_29' title="bbox 133 1673 960 1726; baseline 0.002 -11"><span class='ocrx_word' id='word_1_122' title='bbox 133 1674 286 1725; x_wconf 87' lang='lat' dir='ltr'>Belgio</span> <span class='ocrx_word' id='word_1_123' title='bbox 319 1673 622 1725; x_wconf 90' lang='lat' dir='ltr'>adaugendam</span> <span class='ocrx_word' id='word_1_124' title='bbox 655 1675 829 1726; x_wconf 90' lang='lat' dir='ltr'>egregie</span> <span class='ocrx_word' id='word_1_125' title='bbox 861 1678 960 1717; x_wconf 83' lang='lat' dir='ltr'>con-</span> 
     </span>
     <span class='ocr_line' id='line_1_30' title="bbox 132 1729 961 1783; baseline 0.002 -12"><span class='ocrx_word' id='word_1_126' title='bbox 132 1730 241 1772; x_wconf 91' lang='lat' dir='ltr'>tulit.</span> <span class='ocrx_word' id='word_1_127' title='bbox 300 1731 342 1771; x_wconf 90' lang='lat' dir='ltr'><strong>A</strong></span> <span class='ocrx_word' id='word_1_128' title='bbox 378 1729 592 1771; x_wconf 84' lang='lat' dir='ltr'>Zacharia</span> <span class='ocrx_word' id='word_1_129' title='bbox 627 1730 750 1783; x_wconf 89' lang='lat' dir='ltr'>Papa</span> <span class='ocrx_word' id='word_1_130' title='bbox 788 1734 961 1773; x_wconf 88' lang='lat' dir='ltr'>creatus</span> 
     </span>
     <span class='ocr_line' id='line_1_31' title="bbox 133 1785 960 1840; baseline 0.004 -14"><span class='ocrx_word' id='word_1_131' title='bbox 133 1786 414 1836; x_wconf 85' lang='lat' dir='ltr'>Moguntinus</span> <span class='ocrx_word' id='word_1_132' title='bbox 447 1785 824 1839; x_wconf 85' lang='lat' dir='ltr'>archiepiscopus,</span> <span class='ocrx_word' id='word_1_133' title='bbox 861 1788 960 1840; x_wconf 91' lang='lat' dir='ltr'>ipso</span> 
     </span>
     <span class='ocr_line' id='line_1_32' title="bbox 132 1842 961 1896; baseline 0.002 -13"><span class='ocrx_word' id='word_1_134' title='bbox 132 1842 346 1884; x_wconf 90' lang='lat' dir='ltr'>Pontifice</span> <span class='ocrx_word' id='word_1_135' title='bbox 376 1842 552 1895; x_wconf 89' lang='lat' dir='ltr'>jubente</span> <span class='ocrx_word' id='word_1_136' title='bbox 583 1843 788 1896; x_wconf 89' lang='lat' dir='ltr'>Pipinum</span> <span class='ocrx_word' id='word_1_137' title='bbox 818 1844 862 1884; x_wconf 91' lang='lat' dir='ltr'>in</span> <span class='ocrx_word' id='word_1_138' title='bbox 899 1857 961 1885; x_wconf 89' lang='lat' dir='ltr'>re-</span> 
     </span>
     <span class='ocr_line' id='line_1_33' title="bbox 132 1899 962 1950; baseline 0.001 -11"><span class='ocrx_word' id='word_1_139' title='bbox 132 1911 233 1950; x_wconf 89' lang='lat' dir='ltr'>gem</span> <span class='ocrx_word' id='word_1_140' title='bbox 255 1899 525 1940; x_wconf 82' lang='lat' dir='ltr'>Francorum</span> <span class='ocrx_word' id='word_1_141' title='bbox 548 1900 684 1940; x_wconf 89' lang='lat' dir='ltr'>unxit.</span> <span class='ocrx_word' id='word_1_142' title='bbox 720 1900 828 1942; x_wconf 89' lang='lat' dir='ltr'>Post</span> <span class='ocrx_word' id='word_1_143' title='bbox 849 1913 962 1941; x_wconf 92' lang='lat' dir='ltr'>mor-</span> 
     </span>
     <span class='ocr_line' id='line_1_34' title="bbox 132 1955 963 2008; baseline 0.002 -12"><span class='ocrx_word' id='word_1_144' title='bbox 132 1960 223 1996; x_wconf 86' lang='lat' dir='ltr'>tem</span> <span class='ocrx_word' id='word_1_145' title='bbox 242 1955 382 1996; x_wconf 87' lang='lat' dir='ltr'>sancti</span> <span class='ocrx_word' id='word_1_146' title='bbox 396 1955 674 1997; x_wconf 85' lang='lat' dir='ltr'>Willibrordi</span> <span class='ocrx_word' id='word_1_147' title='bbox 688 1956 963 2008; x_wconf 84' lang='lat' dir='ltr'>Ultrajecten-</span> 
     </span>
     <span class='ocr_line' id='line_1_35' title="bbox 134 2011 961 2062; baseline 0.004 -11"><span class='ocrx_word' id='word_1_148' title='bbox 134 2023 227 2052; x_wconf 93' lang='lat' dir='ltr'>sem</span> <span class='ocrx_word' id='word_1_149' title='bbox 254 2011 485 2052; x_wconf 90' lang='lat' dir='ltr'>ecclesiam</span> <span class='ocrx_word' id='word_1_150' title='bbox 513 2011 843 2062; x_wconf 75' lang='lat' dir='ltr'>gubernandam</span> <span class='ocrx_word' id='word_1_151' title='bbox 872 2026 961 2054; x_wconf 91' lang='lat' dir='ltr'>sus-</span> 
     </span>
     <span class='ocr_line' id='line_1_36' title="bbox 135 2067 962 2120; baseline 0.004 -13"><span class='ocrx_word' id='word_1_152' title='bbox 135 2067 262 2119; x_wconf 88' lang='lat' dir='ltr'>cepit,</span> <span class='ocrx_word' id='word_1_153' title='bbox 281 2067 424 2120; x_wconf 90' lang='lat' dir='ltr'>primo</span> <span class='ocrx_word' id='word_1_154' title='bbox 443 2080 524 2120; x_wconf 92' lang='lat' dir='ltr'>per</span> <span class='ocrx_word' id='word_1_155' title='bbox 542 2067 783 2118; x_wconf 83' lang='lat' dir='ltr'>Eobanum‚</span> <span class='ocrx_word' id='word_1_156' title='bbox 804 2067 962 2110; x_wconf 83' lang='lat' dir='ltr'>deinde</span> 
     </span>
     <span class='ocr_line' id='line_1_37' title="bbox 134 2123 962 2175; baseline 0.004 -13"><span class='ocrx_word' id='word_1_157' title='bbox 134 2135 213 2174; x_wconf 93' lang='lat' dir='ltr'>per</span> <span class='ocrx_word' id='word_1_158' title='bbox 231 2125 436 2175; x_wconf 89' lang='lat' dir='ltr'>seipsum,</span> <span class='ocrx_word' id='word_1_159' title='bbox 456 2123 560 2165; x_wconf 93' lang='lat' dir='ltr'>dum</span> <span class='ocrx_word' id='word_1_160' title='bbox 578 2123 633 2165; x_wconf 85' lang='lat' dir='ltr'>ab</span> <span class='ocrx_word' id='word_1_161' title='bbox 652 2124 853 2166; x_wconf 84' lang='lat' dir='ltr'>Ecclesia</span> <span class='ocrx_word' id='word_1_162' title='bbox 871 2125 962 2165; x_wconf 93' lang='lat' dir='ltr'>Mo-</span> 
     </span>
     <span class='ocr_line' id='line_1_38' title="bbox 134 2179 962 2232; baseline 0.002 -13"><span class='ocrx_word' id='word_1_163' title='bbox 134 2180 315 2228; x_wconf 89' lang='lat' dir='ltr'>guntina</span> <span class='ocrx_word' id='word_1_164' title='bbox 345 2179 574 2221; x_wconf 80' lang='lat' dir='ltr'>absolutus</span> <span class='ocrx_word' id='word_1_165' title='bbox 599 2180 825 2232; x_wconf 89' lang='lat' dir='ltr'>Ultrajecti</span> <span class='ocrx_word' id='word_1_166' title='bbox 848 2182 962 2222; x_wconf 91' lang='lat' dir='ltr'>rese-</span> 
     </span>
     <span class='ocr_line' id='line_1_39' title="bbox 135 2233 961 2278; baseline 0.001 -2"><span class='ocrx_word' id='word_1_167' title='bbox 135 2233 210 2276; x_wconf 90' lang='lat' dir='ltr'>dit.</span> <span class='ocrx_word' id='word_1_168' title='bbox 237 2234 491 2276; x_wconf 85' lang='lat' dir='ltr'>Frisonibus</span> <span class='ocrx_word' id='word_1_169' title='bbox 511 2235 569 2277; x_wconf 90' lang='lat' dir='ltr'>ad</span> <span class='ocrx_word' id='word_1_170' title='bbox 586 2235 880 2278; x_wconf 86' lang='lat' dir='ltr'>idololatriam</span> <span class='ocrx_word' id='word_1_171' title='bbox 898 2249 961 2277; x_wconf 92' lang='lat' dir='ltr'>re-</span> 
     </span>
     <span class='ocr_line' id='line_1_40' title="bbox 134 2290 962 2344; baseline 0.004 -14"><span class='ocrx_word' id='word_1_172' title='bbox 134 2290 286 2342; x_wconf 89' lang='lat' dir='ltr'>lapsis,</span> <span class='ocrx_word' id='word_1_173' title='bbox 305 2291 592 2341; x_wconf 87' lang='lat' dir='ltr'>Evangelium</span> <span class='ocrx_word' id='word_1_174' title='bbox 610 2291 854 2344; x_wconf 78' lang='lat' dir='ltr'>praedicare</span> <span class='ocrx_word' id='word_1_175' title='bbox 873 2305 962 2333; x_wconf 90' lang='lat' dir='ltr'>rur-</span> 
     </span>
     <span class='ocr_line' id='line_1_41' title="bbox 135 2346 962 2400; baseline 0.002 -13"><span class='ocrx_word' id='word_1_176' title='bbox 135 2359 209 2387; x_wconf 95' lang='lat' dir='ltr'>sus</span> <span class='ocrx_word' id='word_1_177' title='bbox 229 2346 498 2397; x_wconf 79' lang='lat' dir='ltr'>aggreditur,</span> <span class='ocrx_word' id='word_1_178' title='bbox 516 2360 702 2400; x_wconf 90' lang='lat' dir='ltr'>cumque</span> <span class='ocrx_word' id='word_1_179' title='bbox 723 2348 868 2389; x_wconf 86' lang='lat' dir='ltr'>officio</span> <span class='ocrx_word' id='word_1_180' title='bbox 889 2361 962 2400; x_wconf 91' lang='lat' dir='ltr'>pa-</span> 
     </span>
     <span class='ocr_line' id='line_1_42' title="bbox 135 2402 964 2454; baseline 0.004 -12"><span class='ocrx_word' id='word_1_181' title='bbox 135 2402 288 2443; x_wconf 86' lang='lat' dir='ltr'>storali</span> <span class='ocrx_word' id='word_1_182' title='bbox 315 2404 621 2454; x_wconf 78' lang='lat' dir='ltr'>occuparetur,</span> <span class='ocrx_word' id='word_1_183' title='bbox 649 2416 675 2444; x_wconf 88' lang='lat' dir='ltr'>a</span> <span class='ocrx_word' id='word_1_184' title='bbox 696 2403 897 2444; x_wconf 88' lang='lat' dir='ltr'>barbaris</span> <span class='ocrx_word' id='word_1_185' title='bbox 921 2409 964 2446; x_wconf 92' lang='lat' dir='ltr'>et</span> 
     </span>
     <span class='ocr_line' id='line_1_43' title="bbox 134 2458 964 2510; baseline 0.002 -12"><span class='ocrx_word' id='word_1_186' title='bbox 134 2458 279 2510; x_wconf 88' lang='lat' dir='ltr'>impiis</span> <span class='ocrx_word' id='word_1_187' title='bbox 324 2458 575 2499; x_wconf 93' lang='lat' dir='ltr'>hominibus</span> <span class='ocrx_word' id='word_1_188' title='bbox 615 2460 733 2510; x_wconf 81' lang='lat' dir='ltr'>juxta</span> <span class='ocrx_word' id='word_1_189' title='bbox 769 2460 964 2500; x_wconf 86' lang='lat' dir='ltr'>Bornam</span> 
     </span>
     <span class='ocr_line' id='line_1_44' title="bbox 135 2513 963 2568; baseline 0.002 -14"><span class='ocrx_word' id='word_1_190' title='bbox 135 2513 316 2555; x_wconf 82' lang='lat' dir='ltr'>fluvium</span> <span class='ocrx_word' id='word_1_191' title='bbox 344 2526 444 2554; x_wconf 93' lang='lat' dir='ltr'>cum</span> <span class='ocrx_word' id='word_1_192' title='bbox 470 2514 655 2555; x_wconf 84' lang='lat' dir='ltr'>Eobano</span> <span class='ocrx_word' id='word_1_193' title='bbox 685 2517 963 2568; x_wconf 80' lang='lat' dir='ltr'>coepiscopo,</span> 
     </span>
     <span class='ocr_line' id='line_1_45' title="bbox 136 2569 963 2623; baseline 0.004 -13"><span class='ocrx_word' id='word_1_194' title='bbox 136 2569 372 2621; x_wconf 89' lang='lat' dir='ltr'>multisque</span> <span class='ocrx_word' id='word_1_195' title='bbox 397 2570 493 2610; x_wconf 92' lang='lat' dir='ltr'>aliis</span> <span class='ocrx_word' id='word_1_196' title='bbox 518 2572 697 2612; x_wconf 89' lang='lat' dir='ltr'>cruenta</span> <span class='ocrx_word' id='word_1_197' title='bbox 721 2571 844 2612; x_wconf 89' lang='lat' dir='ltr'>caede</span> <span class='ocrx_word' id='word_1_198' title='bbox 867 2584 963 2623; x_wconf 89' lang='lat' dir='ltr'>per-</span> 
     </span>
     <span class='ocr_line' id='line_1_46' title="bbox 137 2626 963 2678; baseline 0.001 -11"><span class='ocrx_word' id='word_1_199' title='bbox 137 2627 309 2678; x_wconf 89' lang='lat' dir='ltr'>emptus</span> <span class='ocrx_word' id='word_1_200' title='bbox 328 2626 521 2678; x_wconf 71' lang='lat' dir='ltr'>martyrii</span> <span class='ocrx_word' id='word_1_201' title='bbox 540 2626 686 2677; x_wconf 89' lang='lat' dir='ltr'>palma</span> <span class='ocrx_word' id='word_1_202' title='bbox 700 2627 963 2668; x_wconf 82' lang='lat' dir='ltr'>condecora-</span> 
     </span>
     <span class='ocr_line' id='line_1_47' title="bbox 135 2681 958 2734; baseline 0.002 -12"><span class='ocrx_word' id='word_1_203' title='bbox 135 2686 214 2723; x_wconf 92' lang='lat' dir='ltr'>tur.</span> <span class='ocrx_word' id='word_1_204' title='bbox 251 2681 423 2734; x_wconf 88' lang='lat' dir='ltr'>Corpus</span> <span class='ocrx_word' id='word_1_205' title='bbox 449 2682 585 2723; x_wconf 90' lang='lat' dir='ltr'>sancti</span> <span class='ocrx_word' id='word_1_206' title='bbox 614 2682 842 2731; x_wconf 89' lang='lat' dir='ltr'>Bonifacii,</span> <span class='ocrx_word' id='word_1_207' title='bbox 867 2683 958 2724; x_wconf 94' lang='lat' dir='ltr'>Mo-</span> 
     </span>
    </p>
   </div>
   <div class='ocr_carea' id='block_1_5' title="bbox 1010 273 1839 492">
    <p class='ocr_par' dir='ltr' id='par_1_7' title="bbox 1010 273 1839 492">
     <span class='ocr_line' id='line_1_48' title="bbox 1010 273 1839 328; baseline 0.001 -13"><span class='ocrx_word' id='word_1_208' title='bbox 1010 274 1205 324; x_wconf 81' lang='lat' dir='ltr'>guntiam</span> <span class='ocrx_word' id='word_1_209' title='bbox 1223 273 1498 324; x_wconf 86' lang='lat' dir='ltr'>translatum,</span> <span class='ocrx_word' id='word_1_210' title='bbox 1521 280 1579 324; x_wconf 91' lang='lat' dir='ltr'>et,</span> <span class='ocrx_word' id='word_1_211' title='bbox 1598 280 1646 316; x_wconf 92' lang='lat' dir='ltr'>ut</span> <span class='ocrx_word' id='word_1_212' title='bbox 1665 276 1761 328; x_wconf 91' lang='lat' dir='ltr'>ipse</span> <span class='ocrx_word' id='word_1_213' title='bbox 1780 276 1839 317; x_wconf 91' lang='lat' dir='ltr'>vi-</span> 
     </span>
     <span class='ocr_line' id='line_1_49' title="bbox 1010 330 1838 382; baseline 0.002 -11"><span class='ocrx_word' id='word_1_214' title='bbox 1010 342 1116 371; x_wconf 88' lang='lat' dir='ltr'>vens</span> <span class='ocrx_word' id='word_1_215' title='bbox 1144 331 1349 382; x_wconf 89' lang='lat' dir='ltr'>petierat,</span> <span class='ocrx_word' id='word_1_216' title='bbox 1383 330 1427 370; x_wconf 92' lang='lat' dir='ltr'>in</span> <span class='ocrx_word' id='word_1_217' title='bbox 1454 330 1662 372; x_wconf 87' lang='lat' dir='ltr'>Fuldensi</span> <span class='ocrx_word' id='word_1_218' title='bbox 1689 345 1838 373; x_wconf 92' lang='lat' dir='ltr'>mona-</span> 
     </span>
     <span class='ocr_line' id='line_1_50' title="bbox 1010 385 1839 438; baseline 0.004 -11"><span class='ocrx_word' id='word_1_219' title='bbox 1010 386 1163 436; x_wconf 88' lang='lat' dir='ltr'>sterio,</span> <span class='ocrx_word' id='word_1_220' title='bbox 1184 385 1304 438; x_wconf 92' lang='lat' dir='ltr'>quod</span> <span class='ocrx_word' id='word_1_221' title='bbox 1324 389 1616 437; x_wconf 83' lang='lat' dir='ltr'>exstruxerat,</span> <span class='ocrx_word' id='word_1_222' title='bbox 1642 388 1839 430; x_wconf 82' lang='lat' dir='ltr'>recondi-</span> 
     </span>
     <span class='ocr_line' id='line_1_51' title="bbox 1010 441 1839 492; baseline 0.004 -9"><span class='ocrx_word' id='word_1_223' title='bbox 1010 446 1103 483; x_wconf 86' lang='lat' dir='ltr'>tum</span> <span class='ocrx_word' id='word_1_224' title='bbox 1129 442 1223 492; x_wconf 89' lang='lat' dir='ltr'>fuit,</span> <span class='ocrx_word' id='word_1_225' title='bbox 1253 441 1328 483; x_wconf 93' lang='lat' dir='ltr'>ubi</span> <span class='ocrx_word' id='word_1_226' title='bbox 1355 442 1503 484; x_wconf 90' lang='lat' dir='ltr'>multis</span> <span class='ocrx_word' id='word_1_227' title='bbox 1530 444 1751 486; x_wconf 80' lang='lat' dir='ltr'>miraculis</span> <span class='ocrx_word' id='word_1_228' title='bbox 1779 445 1839 485; x_wconf 91' lang='lat' dir='ltr'>in-</span> 
     </span>
    </p>
   </div>
   <div class='ocr_carea' id='block_1_6' title="bbox 1011 496 1893 542">
    <p class='ocr_par' dir='ltr' id='par_1_8' title="bbox 1011 496 1893 542">
     <span class='ocr_line' id='line_1_52' title="bbox 1011 496 1893 542; baseline 0.002 -2"><span class='ocrx_word' id='word_1_229' title='bbox 1011 498 1176 540; x_wconf 89' lang='lat' dir='ltr'>claruit.</span> <span class='ocrx_word' id='word_1_230' title='bbox 1203 498 1308 539; x_wconf 90' lang='lat' dir='ltr'>Pius</span> <span class='ocrx_word' id='word_1_231' title='bbox 1323 502 1469 540; x_wconf 90' lang='lat' dir='ltr'>autem</span> <span class='ocrx_word' id='word_1_232' title='bbox 1484 512 1625 540; x_wconf 91' lang='lat' dir='ltr'>nonus</span> <span class='ocrx_word' id='word_1_233' title='bbox 1635 500 1839 542; x_wconf 74' lang='lat' dir='ltr'>Pentifex</span> <span class='ocrx_word' id='word_1_234' title='bbox 1892 496 1893 502; x_wconf 43' lang='lat'>¹</span> 
     </span>
    </p>
   </div>
   <div class='ocr_carea' id='block_1_7' title="bbox 1010 555 1839 723">
    <p class='ocr_par' dir='ltr' id='par_1_9' title="bbox 1010 555 1839 723">
     <span class='ocr_line' id='line_1_53' title="bbox 1010 555 1839 605; baseline 0.002 -9"><span class='ocrx_word' id='word_1_235' title='bbox 1010 555 1242 604; x_wconf 82' lang='lat' dir='ltr'>MaximuS,</span> <span class='ocrx_word' id='word_1_236' title='bbox 1262 555 1353 605; x_wconf 88' lang='lat' dir='ltr'>ejus</span> <span class='ocrx_word' id='word_1_237' title='bbox 1373 555 1576 596; x_wconf 87' lang='lat' dir='ltr'>Officium</span> <span class='ocrx_word' id='word_1_238' title='bbox 1599 561 1642 597; x_wconf 92' lang='lat' dir='ltr'>et</span> <span class='ocrx_word' id='word_1_239' title='bbox 1661 557 1839 598; x_wconf 88' lang='lat' dir='ltr'>Missam</span> 
     </span>
     <span class='ocr_line' id='line_1_54' title="bbox 1011 611 1839 655; baseline 0.001 -2"><span class='ocrx_word' id='word_1_240' title='bbox 1011 611 1068 654; x_wconf 87' lang='lat' dir='ltr'>ad</span> <span class='ocrx_word' id='word_1_241' title='bbox 1094 612 1343 653; x_wconf 90' lang='lat' dir='ltr'>universam</span> <span class='ocrx_word' id='word_1_242' title='bbox 1361 611 1606 652; x_wconf 89' lang='lat' dir='ltr'>Ecclesiam</span> <span class='ocrx_word' id='word_1_243' title='bbox 1635 613 1839 655; x_wconf 89' lang='lat' dir='ltr'>extendit.</span> 
     </span>
     <span class='ocr_line' id='line_1_55' title="bbox 1066 667 1688 723; baseline 0 -13"><span class='ocrx_word' id='word_1_244' title='bbox 1066 673 1115 723; x_wconf 66' lang='lat' dir='ltr'>R.</span> <span class='ocrx_word' id='word_1_245' title='bbox 1139 667 1261 709; x_wconf 89' lang='lat' dir='ltr'>Stola</span> <span class='ocrx_word' id='word_1_246' title='bbox 1289 667 1581 719; x_wconf 84' lang='lat' dir='ltr'>jucunditatis,</span> <span class='ocrx_word' id='word_1_247' title='bbox 1609 669 1688 721; x_wconf 84' lang='lat'>[27]</span> 
     </span>
    </p>
   </div>
   <div class='ocr_carea' id='block_1_8' title="bbox 1236 750 1617 792">
    <p class='ocr_par' dir='ltr' id='par_1_10' title="bbox 1236 750 1617 792">
     <span class='ocr_line' id='line_1_56' title="bbox 1236 750 1617 792; baseline 0.008 -4"><span class='ocrx_word' id='word_1_248' title='bbox 1236 750 1285 789; x_wconf 91' lang='lat' dir='ltr'>In</span> <span class='ocrx_word' id='word_1_249' title='bbox 1304 750 1375 789; x_wconf 90' lang='grc' dir='ltr'><strong>ΙΙΙ.</strong></span> <span class='ocrx_word' id='word_1_250' title='bbox 1395 750 1617 792; x_wconf 76' lang='lat' dir='ltr'>Nocturno.</span> 
     </span>
    </p>
   </div>
   <div class='ocr_carea' id='block_1_9' title="bbox 1010 814 1846 2735">
    <p class='ocr_par' dir='ltr' id='par_1_11' title="bbox 1020 814 1841 993">
     <span class='ocr_line' id='line_1_57' title="bbox 1020 814 1841 864; baseline -0.002 -7"><span class='ocrx_word' id='word_1_251' title='bbox 1020 815 1176 857; x_wconf 90' lang='lat' dir='ltr'>Lectio</span> <span class='ocrx_word' id='word_1_252' title='bbox 1192 814 1333 855; x_wconf 89' lang='lat' dir='ltr'>sancti</span> <span class='ocrx_word' id='word_1_253' title='bbox 1351 814 1579 864; x_wconf 87' lang='lat' dir='ltr'>Evangelii</span> <span class='ocrx_word' id='word_1_254' title='bbox 1598 814 1841 855; x_wconf 82' lang='lat' dir='ltr'>secundum</span> 
     </span>
     <span class='ocr_line' id='line_1_58' title="bbox 1294 870 1563 911; baseline -0.004 0"><span class='ocrx_word' id='word_1_255' title='bbox 1294 870 1563 911; x_wconf 70' lang='lat' dir='ltr'>Matthaeum.</span> 
     </span>
     <span class='ocr_line' id='line_1_59' title="bbox 1119 937 1739 993; baseline 0.005 -15"><span class='ocrx_word' id='word_1_256' title='bbox 1119 937 1271 979; x_wconf 89' lang='lat' dir='ltr'>Lectio</span> <span class='ocrx_word' id='word_1_257' title='bbox 1294 939 1359 978; x_wconf 77' lang='lat' dir='ltr'>vii.</span> <span class='ocrx_word' id='word_1_258' title='bbox 1585 942 1687 993; x_wconf 85' lang='lat' dir='ltr'>Cap.</span> <span class='ocrx_word' id='word_1_259' title='bbox 1702 943 1739 981; x_wconf 74' lang='lat'>5.</span> 
     </span>
    </p>

    <p class='ocr_par' dir='ltr' id='par_1_12' title="bbox 1058 995 1840 1049">
     <span class='ocr_line' id='line_1_60' title="bbox 1058 995 1840 1049; baseline -0.001 -12"><span class='ocrx_word' id='word_1_260' title='bbox 1058 1011 1086 1037; x_wconf 95' lang='lat' dir='ltr'>n</span> <span class='ocrx_word' id='word_1_261' title='bbox 1101 996 1176 1038; x_wconf 92' lang='lat' dir='ltr'>illo</span> <span class='ocrx_word' id='word_1_262' title='bbox 1191 998 1406 1049; x_wconf 86' lang='lat' dir='ltr'>tempore:</span> <span class='ocrx_word' id='word_1_263' title='bbox 1425 995 1593 1037; x_wconf 90' lang='lat' dir='ltr'>Videns</span> <span class='ocrx_word' id='word_1_264' title='bbox 1609 995 1633 1035; x_wconf 89' lang='lat' dir='ltr'><strong>J</strong></span> <span class='ocrx_word' id='word_1_265' title='bbox 1636 1008 1736 1036; x_wconf 91' lang='lat' dir='ltr'>esus</span> <span class='ocrx_word' id='word_1_266' title='bbox 1753 1001 1840 1037; x_wconf 88' lang='lat' dir='ltr'>tur-</span> 
     </span>
    </p>

    <p class='ocr_par' dir='ltr' id='par_1_13' title="bbox 1010 1051 1841 1217">
     <span class='ocr_line' id='line_1_61' title="bbox 1075 1051 1841 1102; baseline -0.004 -8"><span class='ocrx_word' id='word_1_267' title='bbox 1075 1053 1166 1102; x_wconf 92' lang='lat' dir='ltr'>bas,</span> <span class='ocrx_word' id='word_1_268' title='bbox 1186 1051 1383 1093; x_wconf 87' lang='lat' dir='ltr'>ascendit</span> <span class='ocrx_word' id='word_1_269' title='bbox 1402 1053 1445 1092; x_wconf 92' lang='lat' dir='ltr'>in</span> <span class='ocrx_word' id='word_1_270' title='bbox 1466 1056 1661 1093; x_wconf 87' lang='lat' dir='ltr'>montem</span> <span class='ocrx_word' id='word_1_271' title='bbox 1682 1056 1725 1092; x_wconf 93' lang='lat' dir='ltr'>et</span> <span class='ocrx_word' id='word_1_272' title='bbox 1742 1064 1841 1092; x_wconf 91' lang='lat' dir='ltr'>cum</span> 
     </span>
     <span class='ocr_line' id='line_1_62' title="bbox 1011 1107 1841 1158; baseline -0.002 -8"><span class='ocrx_word' id='word_1_273' title='bbox 1011 1108 1208 1158; x_wconf 89' lang='lat' dir='ltr'>sedisset,</span> <span class='ocrx_word' id='word_1_274' title='bbox 1229 1110 1509 1149; x_wconf 87' lang='lat' dir='ltr'>accesserunt</span> <span class='ocrx_word' id='word_1_275' title='bbox 1528 1107 1584 1148; x_wconf 90' lang='lat' dir='ltr'>ad</span> <span class='ocrx_word' id='word_1_276' title='bbox 1600 1120 1699 1149; x_wconf 92' lang='lat' dir='ltr'>eum</span> <span class='ocrx_word' id='word_1_277' title='bbox 1715 1107 1841 1148; x_wconf 87' lang='lat' dir='ltr'>disci-</span> 
     </span>
     <span class='ocr_line' id='line_1_63' title="bbox 1010 1163 1504 1217; baseline -0.004 -12"><span class='ocrx_word' id='word_1_278' title='bbox 1010 1164 1103 1217; x_wconf 93' lang='lat' dir='ltr'>puli</span> <span class='ocrx_word' id='word_1_279' title='bbox 1122 1165 1223 1216; x_wconf 92' lang='lat' dir='ltr'>ejus.</span> <span class='ocrx_word' id='word_1_280' title='bbox 1251 1164 1308 1204; x_wconf 90' lang='lat' dir='ltr'>Et</span> <span class='ocrx_word' id='word_1_281' title='bbox 1326 1163 1504 1215; x_wconf 90' lang='lat' dir='ltr'>reliqua.</span> 
     </span>
    </p>

    <p class='ocr_par' dir='ltr' id='par_1_14' title="bbox 1016 1228 1843 1435">
     <span class='ocr_line' id='line_1_64' title="bbox 1119 1228 1739 1278; baseline -0.005 -7"><span class='ocrx_word' id='word_1_282' title='bbox 1119 1228 1308 1271; x_wconf 91' lang='lat' dir='ltr'>Homilia</span> <span class='ocrx_word' id='word_1_283' title='bbox 1339 1229 1478 1269; x_wconf 90' lang='lat' dir='ltr'>sancti</span> <span class='ocrx_word' id='word_1_284' title='bbox 1505 1228 1739 1278; x_wconf 85' lang='lat' dir='ltr'>Augustini</span> 
     </span>
     <span class='ocr_line' id='line_1_65' title="bbox 1317 1285 1539 1337; baseline -0.005 -12"><span class='ocrx_word' id='word_1_285' title='bbox 1317 1285 1539 1337; x_wconf 90' lang='lat' dir='ltr'>Episcopi.</span> 
     </span>
     <span class='ocr_line' id='line_1_66' title="bbox 1016 1343 1843 1381; baseline 0.006 -5"><span class='ocrx_word' id='word_1_286' title='bbox 1016 1343 1097 1377; x_wconf 90' lang='lat' dir='ltr'>Lib.</span> <span class='ocrx_word' id='word_1_287' title='bbox 1124 1344 1151 1377; x_wconf 91' lang='grc'>1.</span> <span class='ocrx_word' id='word_1_288' title='bbox 1181 1343 1227 1377; x_wconf 81' lang='lat' dir='ltr'>de</span> <span class='ocrx_word' id='word_1_289' title='bbox 1259 1355 1434 1378; x_wconf 81' lang='lat' dir='ltr'>sermone</span> <span class='ocrx_word' id='word_1_290' title='bbox 1461 1345 1616 1379; x_wconf 83' lang='lat' dir='ltr'>Domini</span> <span class='ocrx_word' id='word_1_291' title='bbox 1648 1347 1685 1379; x_wconf 89' lang='lat' dir='ltr'>in</span> <span class='ocrx_word' id='word_1_292' title='bbox 1715 1353 1843 1381; x_wconf 81' lang='lat' dir='ltr'>monte</span> 
     </span>
     <span class='ocr_line' id='line_1_67' title="bbox 1304 1393 1555 1435; baseline 0 -9"><span class='ocrx_word' id='word_1_293' title='bbox 1304 1403 1385 1435; x_wconf 81' lang='lat' dir='ltr'>cap.</span> <span class='ocrx_word' id='word_1_294' title='bbox 1410 1393 1439 1426; x_wconf 77' lang='lat'>2.</span> <span class='ocrx_word' id='word_1_295' title='bbox 1466 1398 1502 1427; x_wconf 78' lang='lat' dir='ltr'>et</span> <span class='ocrx_word' id='word_1_296' title='bbox 1527 1394 1555 1426; x_wconf 72' lang='lat'>3.</span> 
     </span>
    </p>

    <p class='ocr_par' dir='ltr' id='par_1_15' title="bbox 1013 1443 1846 2497">
     <span class='ocr_line' id='line_1_68' title="bbox 1016 1443 1843 1495; baseline 0.001 -12"><span class='ocrx_word' id='word_1_297' title='bbox 1016 1445 1211 1487; x_wconf 25' lang='lat' dir='ltr'>ffxleati</span> <span class='ocrx_word' id='word_1_298' title='bbox 1246 1444 1411 1485; x_wconf 93' lang='lat' dir='ltr'>mundo</span> <span class='ocrx_word' id='word_1_299' title='bbox 1448 1443 1599 1485; x_wconf 89' lang='lat' dir='ltr'>corde:</span> <span class='ocrx_word' id='word_1_300' title='bbox 1637 1444 1843 1495; x_wconf 87' lang='lat' dir='ltr'>quoniam</span> 
     </span>
     <span class='ocr_line' id='line_1_69' title="bbox 1018 1510 1059 1552; baseline 0 0"><span class='ocrx_word' id='word_1_301' title='bbox 1018 1510 1033 1552; x_wconf 60' lang='grc' dir='ltr'>,ἴ</span> <span class='ocrx_word' id='word_1_302' title='bbox 1056 1546 1059 1547; x_wconf 22' lang='lat'><em>⁷</em></span> 
     </span>
     <span class='ocr_line' id='line_1_70' title="bbox 1017 1546 1843 1608; baseline -0.004 -9"><span class='ocrx_word' id='word_1_303' title='bbox 1017 1546 1121 1586; x_wconf 31' lang='grc' dir='ltr'>(ἐᾷ</span> <span class='ocrx_word' id='word_1_304' title='bbox 1143 1571 1247 1608; x_wconf 91' lang='lat' dir='ltr'>ergo</span> <span class='ocrx_word' id='word_1_305' title='bbox 1281 1557 1403 1598; x_wconf 88' lang='lat' dir='ltr'>stulti</span> <span class='ocrx_word' id='word_1_306' title='bbox 1435 1562 1553 1606; x_wconf 91' lang='lat' dir='ltr'>sunt,</span> <span class='ocrx_word' id='word_1_307' title='bbox 1593 1557 1667 1608; x_wconf 92' lang='lat' dir='ltr'>qui</span> <span class='ocrx_word' id='word_1_308' title='bbox 1700 1557 1843 1597; x_wconf 93' lang='lat' dir='ltr'>Deum</span> 
     </span>
     <span class='ocr_line' id='line_1_71' title="bbox 1013 1612 1844 1664; baseline -0.005 -8"><span class='ocrx_word' id='word_1_309' title='bbox 1013 1615 1109 1656; x_wconf 90' lang='lat' dir='ltr'>istis</span> <span class='ocrx_word' id='word_1_310' title='bbox 1141 1613 1432 1656; x_wconf 86' lang='lat' dir='ltr'>exterioribus</span> <span class='ocrx_word' id='word_1_311' title='bbox 1464 1612 1602 1654; x_wconf 84' lang='lat' dir='ltr'>oculis</span> <span class='ocrx_word' id='word_1_312' title='bbox 1632 1618 1844 1664; x_wconf 84' lang='lat' dir='ltr'>quaerunt,</span> 
     </span>
     <span class='ocr_line' id='line_1_72' title="bbox 1015 1668 1845 1718; baseline -0.004 -6"><span class='ocrx_word' id='word_1_313' title='bbox 1015 1684 1113 1712; x_wconf 89' lang='lat' dir='ltr'>cum</span> <span class='ocrx_word' id='word_1_314' title='bbox 1150 1670 1284 1712; x_wconf 90' lang='lat' dir='ltr'>corde</span> <span class='ocrx_word' id='word_1_315' title='bbox 1320 1669 1540 1718; x_wconf 86' lang='lat' dir='ltr'>videatur,</span> <span class='ocrx_word' id='word_1_316' title='bbox 1593 1669 1705 1710; x_wconf 87' lang='lat' dir='ltr'>sicut</span> <span class='ocrx_word' id='word_1_317' title='bbox 1742 1668 1845 1710; x_wconf 91' lang='lat' dir='ltr'>alibi</span> 
     </span>
     <span class='ocr_line' id='line_1_73' title="bbox 1015 1725 1845 1780; baseline -0.004 -12"><span class='ocrx_word' id='word_1_318' title='bbox 1015 1728 1227 1780; x_wconf 90' lang='lat' dir='ltr'>scriptum</span> <span class='ocrx_word' id='word_1_319' title='bbox 1265 1732 1345 1768; x_wconf 91' lang='lat' dir='ltr'>est:</span> <span class='ocrx_word' id='word_1_320' title='bbox 1390 1726 1447 1767; x_wconf 90' lang='lat' dir='ltr'>Et</span> <span class='ocrx_word' id='word_1_321' title='bbox 1483 1727 1525 1766; x_wconf 92' lang='lat' dir='ltr'>in</span> <span class='ocrx_word' id='word_1_322' title='bbox 1565 1725 1845 1777; x_wconf 78' lang='lat' dir='ltr'>simplicitate</span> 
     </span>
     <span class='ocr_line' id='line_1_74' title="bbox 1015 1782 1846 1835; baseline -0.002 -11"><span class='ocrx_word' id='word_1_323' title='bbox 1015 1783 1163 1824; x_wconf 88' lang='lat' dir='ltr'>cordis</span> <span class='ocrx_word' id='word_1_324' title='bbox 1211 1783 1392 1835; x_wconf 71' lang='lat' dir='ltr'>quaerite</span> <span class='ocrx_word' id='word_1_325' title='bbox 1433 1782 1565 1822; x_wconf 89' lang='lat' dir='ltr'>illum.</span> <span class='ocrx_word' id='word_1_326' title='bbox 1627 1783 1727 1823; x_wconf 92' lang='lat' dir='ltr'>Hoc</span> <span class='ocrx_word' id='word_1_327' title='bbox 1780 1787 1846 1822; x_wconf 88' lang='lat' dir='ltr'>est</span> 
     </span>
     <span class='ocr_line' id='line_1_75' title="bbox 1016 1838 1844 1890; baseline -0.002 -10"><span class='ocrx_word' id='word_1_328' title='bbox 1016 1840 1131 1881; x_wconf 89' lang='lat' dir='ltr'>enim</span> <span class='ocrx_word' id='word_1_329' title='bbox 1158 1838 1370 1880; x_wconf 93' lang='lat' dir='ltr'>mundum</span> <span class='ocrx_word' id='word_1_330' title='bbox 1398 1851 1488 1888; x_wconf 87' lang='lat' dir='ltr'>cor,</span> <span class='ocrx_word' id='word_1_331' title='bbox 1518 1838 1638 1890; x_wconf 90' lang='lat' dir='ltr'>quod</span> <span class='ocrx_word' id='word_1_332' title='bbox 1661 1843 1728 1879; x_wconf 92' lang='lat' dir='ltr'>est</span> <span class='ocrx_word' id='word_1_333' title='bbox 1746 1838 1844 1878; x_wconf 88' lang='lat' dir='ltr'>sim-</span> 
     </span>
     <span class='ocr_line' id='line_1_76' title="bbox 1015 1893 1843 1948; baseline -0.004 -11"><span class='ocrx_word' id='word_1_334' title='bbox 1015 1896 1119 1948; x_wconf 89' lang='lat' dir='ltr'>plex</span> <span class='ocrx_word' id='word_1_335' title='bbox 1151 1908 1239 1936; x_wconf 90' lang='lat' dir='ltr'>cor.</span> <span class='ocrx_word' id='word_1_336' title='bbox 1291 1895 1348 1936; x_wconf 91' lang='lat' dir='ltr'>Et</span> <span class='ocrx_word' id='word_1_337' title='bbox 1382 1893 1752 1946; x_wconf 88' lang='lat' dir='ltr'>quemadmodum</span> <span class='ocrx_word' id='word_1_338' title='bbox 1784 1894 1843 1934; x_wconf 95' lang='lat' dir='ltr'>lu-</span> 
     </span>
     <span class='ocr_line' id='line_1_77' title="bbox 1015 1950 1845 2002; baseline -0.002 -10"><span class='ocrx_word' id='word_1_339' title='bbox 1015 1965 1116 1992; x_wconf 90' lang='lat' dir='ltr'>men</span> <span class='ocrx_word' id='word_1_340' title='bbox 1149 1952 1235 1992; x_wconf 92' lang='lat' dir='ltr'>hoc</span> <span class='ocrx_word' id='word_1_341' title='bbox 1269 1950 1409 1992; x_wconf 91' lang='lat' dir='ltr'>videri</span> <span class='ocrx_word' id='word_1_342' title='bbox 1440 1963 1529 1991; x_wconf 93' lang='lat' dir='ltr'>non</span> <span class='ocrx_word' id='word_1_343' title='bbox 1561 1954 1725 2002; x_wconf 85' lang='lat' dir='ltr'>potest,</span> <span class='ocrx_word' id='word_1_344' title='bbox 1762 1951 1845 1990; x_wconf 91' lang='lat' dir='ltr'>nisi</span> 
     </span>
     <span class='ocr_line' id='line_1_78' title="bbox 1017 2006 1843 2049; baseline -0.002 0"><span class='ocrx_word' id='word_1_345' title='bbox 1017 2007 1155 2049; x_wconf 83' lang='lat' dir='ltr'>oculis</span> <span class='ocrx_word' id='word_1_346' title='bbox 1179 2007 1368 2048; x_wconf 93' lang='lat' dir='ltr'>mundis:</span> <span class='ocrx_word' id='word_1_347' title='bbox 1396 2007 1458 2048; x_wconf 90' lang='lat' dir='ltr'>ita</span> <span class='ocrx_word' id='word_1_348' title='bbox 1481 2020 1562 2048; x_wconf 92' lang='lat' dir='ltr'>nec</span> <span class='ocrx_word' id='word_1_349' title='bbox 1582 2007 1703 2047; x_wconf 91' lang='lat' dir='ltr'>Deus</span> <span class='ocrx_word' id='word_1_350' title='bbox 1727 2006 1843 2047; x_wconf 91' lang='lat' dir='ltr'>vide-</span> 
     </span>
     <span class='ocr_line' id='line_1_79' title="bbox 1016 2062 1844 2114; baseline -0.004 -9"><span class='ocrx_word' id='word_1_351' title='bbox 1016 2070 1101 2114; x_wconf 88' lang='lat' dir='ltr'>tur,</span> <span class='ocrx_word' id='word_1_352' title='bbox 1120 2064 1203 2104; x_wconf 90' lang='lat' dir='ltr'>nisi</span> <span class='ocrx_word' id='word_1_353' title='bbox 1221 2062 1433 2104; x_wconf 91' lang='lat' dir='ltr'>mundum</span> <span class='ocrx_word' id='word_1_354' title='bbox 1452 2063 1507 2104; x_wconf 91' lang='lat' dir='ltr'>sit</span> <span class='ocrx_word' id='word_1_355' title='bbox 1527 2062 1650 2111; x_wconf 90' lang='lat' dir='ltr'>illud,</span> <span class='ocrx_word' id='word_1_356' title='bbox 1678 2075 1765 2114; x_wconf 94' lang='lat' dir='ltr'>quo</span> <span class='ocrx_word' id='word_1_357' title='bbox 1786 2062 1844 2103; x_wconf 94' lang='lat' dir='ltr'>vi-</span> 
     </span>
     <span class='ocr_line' id='line_1_80' title="bbox 1017 2118 1844 2172; baseline -0.002 -11"><span class='ocrx_word' id='word_1_358' title='bbox 1017 2119 1111 2161; x_wconf 89' lang='lat' dir='ltr'>deri</span> <span class='ocrx_word' id='word_1_359' title='bbox 1144 2124 1304 2172; x_wconf 88' lang='lat' dir='ltr'>potest.</span> <span class='ocrx_word' id='word_1_360' title='bbox 1356 2119 1483 2160; x_wconf 91' lang='lat' dir='ltr'>Beati</span> <span class='ocrx_word' id='word_1_361' title='bbox 1514 2118 1703 2171; x_wconf 89' lang='lat' dir='ltr'>pacifici:</span> <span class='ocrx_word' id='word_1_362' title='bbox 1740 2121 1844 2170; x_wconf 83' lang='lat' dir='ltr'>quo-</span> 
     </span>
     <span class='ocr_line' id='line_1_81' title="bbox 1015 2174 1844 2228; baseline -0.002 -12"><span class='ocrx_word' id='word_1_363' title='bbox 1015 2176 1133 2216; x_wconf 89' lang='lat' dir='ltr'>niam</span> <span class='ocrx_word' id='word_1_364' title='bbox 1157 2175 1242 2228; x_wconf 91' lang='lat' dir='ltr'>ipsi</span> <span class='ocrx_word' id='word_1_365' title='bbox 1267 2175 1344 2215; x_wconf 92' lang='lat' dir='ltr'>filii</span> <span class='ocrx_word' id='word_1_366' title='bbox 1367 2175 1450 2216; x_wconf 93' lang='lat' dir='ltr'>Dei</span> <span class='ocrx_word' id='word_1_367' title='bbox 1473 2174 1759 2216; x_wconf 76' lang='lat' dir='ltr'>vocabantur.</span> <span class='ocrx_word' id='word_1_368' title='bbox 1795 2175 1844 2214; x_wconf 93' lang='lat' dir='ltr'>In</span> 
     </span>
     <span class='ocr_line' id='line_1_82' title="bbox 1015 2230 1843 2284; baseline -0.001 -12"><span class='ocrx_word' id='word_1_369' title='bbox 1015 2244 1125 2283; x_wconf 90' lang='lat' dir='ltr'>paee</span> <span class='ocrx_word' id='word_1_370' title='bbox 1144 2231 1358 2284; x_wconf 91' lang='lat' dir='ltr'>perfectio</span> <span class='ocrx_word' id='word_1_371' title='bbox 1383 2236 1467 2281; x_wconf 90' lang='lat' dir='ltr'>est,</span> <span class='ocrx_word' id='word_1_372' title='bbox 1492 2231 1567 2272; x_wconf 90' lang='lat' dir='ltr'>ubi</span> <span class='ocrx_word' id='word_1_373' title='bbox 1589 2230 1695 2271; x_wconf 92' lang='lat' dir='ltr'>nihil</span> <span class='ocrx_word' id='word_1_374' title='bbox 1719 2234 1843 2282; x_wconf 81' lang='lat' dir='ltr'>repu-</span> 
     </span>
     <span class='ocr_line' id='line_1_83' title="bbox 1015 2286 1843 2340; baseline -0.001 -12"><span class='ocrx_word' id='word_1_375' title='bbox 1015 2292 1130 2338; x_wconf 87' lang='lat' dir='ltr'>gnat,</span> <span class='ocrx_word' id='word_1_376' title='bbox 1150 2293 1194 2328; x_wconf 92' lang='lat' dir='ltr'>et</span> <span class='ocrx_word' id='word_1_377' title='bbox 1212 2286 1313 2329; x_wconf 89' lang='lat' dir='ltr'>ideo</span> <span class='ocrx_word' id='word_1_378' title='bbox 1332 2287 1410 2328; x_wconf 87' lang='lat' dir='ltr'>filii</span> <span class='ocrx_word' id='word_1_379' title='bbox 1428 2288 1513 2329; x_wconf 90' lang='lat' dir='ltr'>Dei</span> <span class='ocrx_word' id='word_1_380' title='bbox 1531 2287 1719 2340; x_wconf 85' lang='lat' dir='ltr'>pacifici,</span> <span class='ocrx_word' id='word_1_381' title='bbox 1740 2289 1843 2338; x_wconf 77' lang='lat' dir='ltr'>que-</span> 
     </span>
     <span class='ocr_line' id='line_1_84' title="bbox 1015 2338 1845 2392; baseline 0 -9"><span class='ocrx_word' id='word_1_382' title='bbox 1015 2344 1131 2384; x_wconf 92' lang='lat' dir='ltr'>niam</span> <span class='ocrx_word' id='word_1_383' title='bbox 1158 2338 1264 2384; x_wconf 88' lang='lat' dir='ltr'>nihil</span> <span class='ocrx_word' id='word_1_384' title='bbox 1292 2343 1335 2384; x_wconf 93' lang='lat' dir='ltr'>in</span> <span class='ocrx_word' id='word_1_385' title='bbox 1361 2343 1429 2384; x_wconf 89' lang='lat' dir='ltr'>his</span> <span class='ocrx_word' id='word_1_386' title='bbox 1458 2344 1621 2385; x_wconf 90' lang='lat' dir='ltr'>resistit</span> <span class='ocrx_word' id='word_1_387' title='bbox 1648 2343 1763 2392; x_wconf 85' lang='lat' dir='ltr'>Deo,</span> <span class='ocrx_word' id='word_1_388' title='bbox 1803 2348 1845 2383; x_wconf 92' lang='lat' dir='ltr'>et</span> 
     </span>
     <span class='ocr_line' id='line_1_85' title="bbox 1016 2398 1844 2452; baseline -0.001 -12"><span class='ocrx_word' id='word_1_389' title='bbox 1016 2399 1167 2451; x_wconf 81' lang='lat' dir='ltr'>utique</span> <span class='ocrx_word' id='word_1_390' title='bbox 1185 2399 1262 2440; x_wconf 89' lang='lat' dir='ltr'>filii</span> <span class='ocrx_word' id='word_1_391' title='bbox 1278 2399 1605 2442; x_wconf 83' lang='lat' dir='ltr'>similitudinem</span> <span class='ocrx_word' id='word_1_392' title='bbox 1620 2400 1758 2452; x_wconf 88' lang='lat' dir='ltr'>patris</span> <span class='ocrx_word' id='word_1_393' title='bbox 1773 2398 1844 2439; x_wconf 86' lang='lat' dir='ltr'>ha-</span> 
     </span>
     <span class='ocr_line' id='line_1_86' title="bbox 1014 2454 1635 2497; baseline -0.002 -1"><span class='ocrx_word' id='word_1_394' title='bbox 1014 2455 1119 2496; x_wconf 91' lang='lat' dir='ltr'>bere</span> <span class='ocrx_word' id='word_1_395' title='bbox 1140 2454 1312 2497; x_wconf 86' lang='lat' dir='ltr'>debent.</span> <span class='ocrx_word' id='word_1_396' title='bbox 1626 2473 1635 2481; x_wconf 65' lang='grc'><strong>’</strong></span> 
     </span>
    </p>

    <p class='ocr_par' dir='ltr' id='par_1_16' title="bbox 1015 2516 1844 2735">
     <span class='ocr_line' id='line_1_87' title="bbox 1068 2516 1844 2569; baseline -0.003 -13"><span class='ocrx_word' id='word_1_397' title='bbox 1068 2518 1118 2569; x_wconf 65' lang='lat' dir='ltr'>Rz.</span> <span class='ocrx_word' id='word_1_398' title='bbox 1165 2516 1339 2557; x_wconf 83' lang='lat' dir='ltr'>Corona</span> <span class='ocrx_word' id='word_1_399' title='bbox 1375 2518 1507 2556; x_wconf 81' lang='lat' dir='ltr'>aurea</span> <span class='ocrx_word' id='word_1_400' title='bbox 1544 2527 1676 2566; x_wconf 92' lang='lat' dir='ltr'>super</span> <span class='ocrx_word' id='word_1_401' title='bbox 1714 2519 1844 2566; x_wconf 86' lang='lat' dir='ltr'>caput</span> 
     </span>
     <span class='ocr_line' id='line_1_88' title="bbox 1016 2570 1843 2624; baseline -0.004 -11"><span class='ocrx_word' id='word_1_402' title='bbox 1016 2573 1117 2623; x_wconf 59' lang='lat' dir='ltr'>eius</span> <span class='ocrx_word' id='word_1_403' title='bbox 1142 2574 1164 2598; x_wconf 90' lang='lat'>*</span> <span class='ocrx_word' id='word_1_404' title='bbox 1191 2572 1415 2624; x_wconf 87' lang='lat' dir='ltr'>Expressa</span> <span class='ocrx_word' id='word_1_405' title='bbox 1438 2572 1562 2622; x_wconf 89' lang='lat' dir='ltr'>signo</span> <span class='ocrx_word' id='word_1_406' title='bbox 1588 2570 1843 2618; x_wconf 82' lang='lat' dir='ltr'>sanctitatiS,</span> 
     </span>
     <span class='ocr_line' id='line_1_89' title="bbox 1015 2625 1843 2680; baseline -0.005 -12"><span class='ocrx_word' id='word_1_407' title='bbox 1015 2628 1155 2679; x_wconf 83' lang='lat' dir='ltr'>gloria</span> <span class='ocrx_word' id='word_1_408' title='bbox 1170 2627 1362 2677; x_wconf 78' lang='lat' dir='ltr'>honeris,</span> <span class='ocrx_word' id='word_1_409' title='bbox 1379 2633 1422 2669; x_wconf 93' lang='lat' dir='ltr'>et</span> <span class='ocrx_word' id='word_1_410' title='bbox 1437 2640 1550 2680; x_wconf 92' lang='lat' dir='ltr'>opus</span> <span class='ocrx_word' id='word_1_411' title='bbox 1566 2625 1843 2668; x_wconf 81' lang='lat' dir='ltr'>fortitudinis.</span> 
     </span>
     <span class='ocr_line' id='line_1_90' title="bbox 1016 2679 1841 2735; baseline -0.005 -10"><span class='ocrx_word' id='word_1_412' title='bbox 1016 2679 1067 2731; x_wconf 67' lang='lat' dir='ltr'>V.</span> <span class='ocrx_word' id='word_1_413' title='bbox 1085 2684 1301 2734; x_wconf 78' lang='lat' dir='ltr'>Queniam</span> <span class='ocrx_word' id='word_1_414' title='bbox 1316 2683 1568 2735; x_wconf 77' lang='lat' dir='ltr'>praevenisti</span> <span class='ocrx_word' id='word_1_415' title='bbox 1588 2696 1687 2724; x_wconf 92' lang='lat' dir='ltr'>eum</span> <span class='ocrx_word' id='word_1_416' title='bbox 1706 2682 1747 2721; x_wconf 89' lang='lat' dir='ltr'>in</span> <span class='ocrx_word' id='word_1_417' title='bbox 1770 2681 1841 2722; x_wconf 93' lang='lat' dir='ltr'>be-</span> 
     </span>
    </p>
   </div>
   <div class='ocr_carea' id='block_1_10' title="bbox 1012 1447 1106 1585">
    <p class='ocr_par' dir='ltr' id='par_1_17' title="bbox 1012 1447 1106 1585">
     <span class='ocr_line' id='line_1_91' title="bbox 1012 1447 1106 1532; baseline 0 0"><span class='ocrx_word' id='word_1_418' title='bbox 1012 1447 1106 1532; x_wconf 95' lang='lat' dir='ltr'>   </span> 
     </span>
     <span class='ocr_line' id='line_1_92' title="bbox 1012 1532 1026 1585; baseline 0 1391"><span class='ocrx_word' id='word_1_419' title='bbox 1012 1532 1026 1585; x_wconf 95' lang='lat' dir='ltr'> </span> 
     </span>
    </p>
   </div>
   <div class='ocr_carea' id='block_1_11' title="bbox 1049 1491 1843 1554">
    <p class='ocr_par' dir='ltr' id='par_1_18' title="bbox 1049 1491 1843 1554">
     <span class='ocr_line' id='line_1_93' title="bbox 1049 1491 1843 1554; baseline 0 -13"><span class='ocrx_word' id='word_1_420' title='bbox 1049 1491 1120 1541; x_wconf 30' lang='lat' dir='ltr'>*l</span> <span class='ocrx_word' id='word_1_421' title='bbox 1139 1502 1225 1554; x_wconf 92' lang='lat' dir='ltr'>ipsi</span> <span class='ocrx_word' id='word_1_422' title='bbox 1258 1502 1401 1542; x_wconf 91' lang='lat' dir='ltr'>Deum</span> <span class='ocrx_word' id='word_1_423' title='bbox 1434 1499 1655 1542; x_wconf 89' lang='lat' dir='ltr'>videbunt.</span> <span class='ocrx_word' id='word_1_424' title='bbox 1704 1502 1843 1550; x_wconf 89' lang='lat' dir='ltr'>Quam</span> 
     </span>
    </p>
   </div>
  </div>
 </body>
</html>
