2040 2976
673 183 876 217 Dominica
900 182 949 216 X.
972 186 1062 225 post
1086 182 1349 217 Pentecosten.

212 275 283 316 Ad
301 276 475 326 Magnis.
499 277 597 316 Ant.
624 273 745 315 Fecit
763 273 868 314 Joas
883 274 907 299 *
922 286 986 314 re-

158 332 277 369 ctum
305 341 455 369 coram
481 329 671 370 Demino
705 329 874 370 cunctis
900 328 986 371 die-

157 382 263 480 bugd
277 384 435 435 quibus
459 383 609 426 docuit
629 398 728 426 eum
746 385 771 425 J
773 383 902 426 oiada
922 397 986 425 sa-

158 451 231 480 cer
265 451 327 480 os.

212 499 262 549 V.
299 499 564 552 Vespertina
602 500 744 541 oratio
777 499 988 541 ascendat

159 554 216 595 ad
241 560 286 596 te
315 555 515 597 Demine.
569 560 619 610 R.
659 556 716 596 Et
748 555 988 597 descendat

159 622 292 662 super
310 623 392 651 nos
411 611 715 652 misericerdia
732 616 819 652 tua.

419 692 733 718 —ffifflmmx

387 767 663 816 Dominica
692 768 756 817 X.

268 838 410 885 post
451 833 886 874 Pentecosten.

398 894 454 950 In?
474 911 504 950 I.
532 910 755 949 Nocturno.

288 975 356 1014 De
373 973 486 1015 libro
508 978 664 1025 quarto
683 974 866 1025 Regum.

213 1039 367 1080 Lectio
387 1040 411 1079 i.
602 1039 704 1090 Cap.
720 1039 757 1077 9.
774 1038 797 1077 f.
816 1043 857 1078 et
874 1039 937 1079 lo.

168 1116 220 1139 c
236 1113 292 1151 ''K-i
308 1115 395 1143 nno
439 1101 673 1143 undecimo
716 1102 740 1142 J
743 1114 866 1143 oram
910 1102 988 1142 filii

169 1154 179 1183 '·
199 1159 259 1213 χῖξι.
293 1178 295 1182 v
326 1157 496 1207 Achab,
535 1158 736 1208 regnavit
769 1157 987 1199 Ochozias

216 1208 269 1239 ἓ·
325 1225 458 1265 super
471 1213 496 1253 J
497 1212 640 1262 udam,
655 1216 862 1265 venitque
878 1214 903 1254 J
906 1213 991 1254 ehu

157 1269 202 1309 in
219 1269 243 1309 J
246 1268 430 1310 ezrahel.
456 1269 597 1310 Porro
612 1270 637 1309 J
640 1269 791 1311 ezabel
809 1269 990 1311 introitu

159 1325 250 1376 ejus
278 1324 446 1374 audito,
476 1323 675 1377 depinxit
703 1325 857 1367 oculos
886 1338 990 1366 suos

159 1380 310 1430 stibio,
344 1385 387 1422 et
413 1381 585 1422 ornavit
614 1387 747 1434 caput
771 1394 914 1431 suum,
948 1386 991 1422 et

158 1437 355 1489 respexit
379 1449 460 1489 per
483 1436 720 1478 fenestram
747 1436 990 1487 ingredien-

157 1497 248 1534 tem
263 1493 289 1533 J
291 1492 376 1534 ehu
394 1505 475 1544 per
493 1497 681 1545 portam,
701 1497 746 1534 et
764 1494 838 1533 ait:
856 1492 988 1533 Num-

160 1548 267 1600 quid
289 1561 379 1600 pax
401 1553 552 1600 potest
576 1561 673 1590 esse
693 1548 886 1598 Zambri,
917 1549 991 1600 qui

158 1604 377 1646 interfecit
410 1602 636 1646 deminum
664 1603 812 1645 suum?
854 1604 990 1645 Leva-

159 1662 308 1711 vitque
327 1660 352 1701 J
354 1659 439 1701 ehu
464 1660 622 1701 faciem
646 1673 770 1701 suam
794 1659 852 1701 ad
874 1660 988 1701 fene-

160 1720 312 1765 stram,
337 1720 381 1757 et
405 1715 478 1757 ait:
506 1716 616 1765 Quae
636 1721 703 1757 est
721 1714 828 1757 ista?
859 1721 902 1757 et
926 1716 987 1756 in-

160 1771 432 1813 clinaverunt
471 1784 519 1813 se
551 1771 608 1813 ad
641 1784 740 1813 eum
773 1771 879 1822 duo,
920 1771 991 1813 vel

161 1831 251 1868 tres
267 1826 464 1868 eunuchi.
488 1827 548 1869 At
566 1827 638 1868 ille
654 1827 764 1869 dixit
779 1828 856 1869 eis:
875 1827 990 1868 Prae-

161 1882 341 1936 cipitate
373 1895 470 1924 eam
498 1882 715 1924 deorsum.
755 1883 812 1924 Et
839 1883 991 1935 praeci-

160 1938 410 1991 pitaverunt
443 1951 556 1986 eam,
596 1942 892 1991 aspersusque
926 1943 992 1980 est

162 1995 371 2045 sanguine
402 1994 564 2047 paries,
596 1999 640 2036 et
672 1997 886 2046 equorum
917 1997 991 2034 un-

161 2049 276 2100 gulae
307 2050 675 2092 conculcaverunt
703 2063 811 2091 eam.
866 2050 992 2090 Cum—

164 2118 248 2157 que
266 2105 561 2157 introgressus
581 2111 709 2155 esset,
728 2111 776 2147 ut
792 2104 991 2147 comede-

163 2166 244 2211 ret,
268 2161 544 2214 biberetque,
568 2162 643 2204 ait:
670 2162 755 2211 Ite,
783 2166 827 2202 et
846 2161 992 2202 videte

162 2217 443 2258 maledictam
459 2218 589 2268 illam,
615 2222 660 2259 et
678 2217 862 2269 sepelite
882 2228 993 2257 eam:

165 2273 268 2324 quia
283 2273 374 2314 filia
393 2273 508 2324 regis
528 2278 605 2315 est.

215 2334 266 2385 R.
292 2333 548 2386 Praeparate
573 2333 708 2375 corda
733 2336 882 2374 vestra
903 2331 991 2371 Do-

164 2389 301 2438 mino,
328 2394 372 2430 et
390 2392 552 2430 servite
570 2389 632 2429 illi
651 2388 749 2430 soli:
772 2390 794 2414 *
815 2387 871 2427 Et
889 2386 993 2427 libe-

164 2443 279 2485 rabit
301 2457 380 2486 vos
409 2444 464 2486 de
491 2445 694 2485 manibus
721 2442 993 2483 inimicerum

165 2501 424 2540 vestr6rum.
486 2493 536 2544 W.
583 2497 897 2540 Convertimini
937 2496 994 2538 ad

166 2568 267 2596 eum
293 2555 337 2595 in
364 2560 461 2597 toto
491 2554 625 2596 corde
653 2559 818 2602 vestro,
851 2558 895 2593 et
922 2565 993 2593 au-

167 2610 278 2651 ferte
296 2610 404 2652 deos
424 2610 589 2651 alienos
612 2609 667 2651 de
685 2608 831 2650 medio
848 2609 994 2651 vestri.

169 2666 225 2707 Et
243 2665 457 2707 liberabit.

1804 181 1870 214 223

1352 278 1505 319 Lectio
1523 280 1561 319 ii.

1118 340 1280 379 umque
1298 328 1434 370 issent
1449 334 1496 371 ut
1511 331 1747 382 sepelirent
1763 345 1869 383 earn,

1126 396 1215 424 non
1239 384 1496 425 invenerunt
1518 386 1599 426 nisi
1623 387 1870 438 calvariam,

1039 445 1084 482 et
1107 438 1264 492 pedes,
1299 443 1343 479 et
1367 452 1557 481 summas
1582 455 1745 483 manus.
1786 445 1869 484 Re-

1038 498 1244 547 versique
1276 496 1585 537 nuntiaverunt
1618 498 1668 538 ei.
1720 499 1776 540 Et
1810 500 1870 540 ait

1038 552 1063 592 J
1066 551 1165 592 ehu:
1191 551 1343 591 Sermo
1364 551 1542 592 Domini
1562 558 1638 601 est,
1660 566 1790 604 quem
1809 555 1869 596 lo-

1039 611 1167 648 cutus
1191 612 1259 647 est
1282 619 1362 658 per
1387 620 1562 647 servum
1586 621 1711 649 suum
1730 610 1870 650 Eliam

1039 662 1296 710 Thesbiten,
1325 661 1488 703 dicens:
1522 664 1573 703 In
1597 677 1702 714 agro
1727 666 1751 705 J
1755 668 1868 707 ezra-

1038 718 1111 760 hel
1144 717 1377 759 eemedent
1409 731 1540 759 canes
1569 732 1720 760 carnes
1748 722 1867 762 Jeza-

1039 774 1128 823 bel,
1157 780 1200 815 et
1225 779 1352 815 erunt
1378 787 1532 815 earnes
1557 775 1581 814 J
1584 775 1735 816 ezabel
1761 777 1872 818 sicut

1040 836 1209 871 stercus
1229 842 1362 880 super
1382 829 1538 870 faeiem
1557 835 1687 871 terrae
1706 831 1750 870 in
1765 844 1870 882 agro

1040 886 1062 926 J
1068 885 1259 934 ezrahel,
1299 885 1359 925 ita
1386 890 1434 926 ut
1461 889 1781 937 praetereuntes
1811 886 1871 928 di-

1042 946 1156 983 cant:
1202 941 1411 982 Haeccine
1452 946 1519 981 est
1560 941 1634 981 illa
1670 942 1693 981 J
1697 942 1870 983 ezabel?

1040 997 1177 1037 Erant
1219 1002 1365 1037 autem
1401 996 1556 1037 Achab
1595 1000 1873 1048 septuaginta
1920 1019 1922 1022 >

1041 1051 1119 1092 filii
1137 1052 1181 1092 in
1198 1052 1408 1092 Samaria:
1435 1052 1611 1104 scripsit
1637 1064 1741 1102 ergo
1761 1053 1785 1093 J
1788 1052 1873 1093 ehu

1041 1107 1229 1157 litteras,
1258 1111 1302 1148 et
1329 1107 1447 1148 misit
1475 1107 1518 1147 in
1546 1107 1786 1148 Samariam
1818 1108 1875 1149 ad
1919 1120 1922 1124 “

1044 1163 1280 1215 optimates
1300 1163 1506 1212 civitatis,
1536 1168 1579 1204 et
1605 1162 1661 1204 ad
1687 1164 1873 1215 majores

1042 1224 1158 1268 natu,
1175 1223 1219 1260 et
1233 1218 1290 1259 ad
1304 1219 1510 1260 nutritios
1522 1218 1688 1268 Achab,
1710 1218 1873 1260 dicens:
1919 1238 1921 1240 ·

1043 1275 1201 1316 Statim
1228 1279 1277 1315 ut
1305 1275 1565 1326 acceperitis
1591 1275 1759 1315 litteras
1784 1275 1873 1324 has,

1045 1331 1119 1382 qui
1138 1329 1310 1371 habetis
1329 1330 1446 1371 filios
1466 1330 1632 1371 demini
1652 1331 1801 1380 vestri,
1831 1336 1874 1371 et

1046 1399 1218 1436 currus,
1246 1391 1290 1427 et
1318 1399 1473 1438 equOS,
1503 1391 1547 1427 et
1575 1386 1776 1427 civitates
1805 1387 1872 1426 fir-

1044 1455 1149 1492 mas,
1177 1447 1221 1483 et
1239 1455 1374 1491 arma,
1400 1442 1545 1492 eligite
1564 1442 1804 1491 melierem,
1831 1447 1874 1482 et

1045 1511 1144 1539 eum
1178 1498 1253 1549 qui
1287 1497 1414 1539 vobis
1446 1498 1662 1550 placuerit
1691 1498 1745 1539 de
1773 1498 1874 1538 filiis

1045 1553 1210 1595 domini
1224 1554 1371 1604 vestri,
1391 1559 1435 1595 et
1455 1566 1554 1595 eum
1572 1554 1722 1607 penite
1743 1566 1874 1606 super

1045 1610 1202 1651 solium
1226 1610 1366 1662 patris
1393 1610 1474 1659 sui,
1504 1615 1547 1651 et
1574 1612 1766 1662 pugnate
1792 1622 1873 1661 pro

1046 1665 1179 1707 domo
1200 1665 1365 1706 demini
1384 1666 1530 1706 vestri.

1096 1731 1146 1781 R.
1173 1727 1296 1767 Deus
1321 1726 1514 1766 omnium
1539 1725 1770 1766 exauditor
1794 1728 1874 1765 est:

1043 1782 1139 1833 ipse
1162 1782 1280 1822 misit
1299 1781 1517 1832 Angelum
1537 1794 1679 1830 suum,
1707 1785 1750 1821 et
1774 1779 1874 1821 tulit

1043 1849 1114 1878 me
1141 1836 1196 1878 de
1222 1837 1377 1878 evibus
1402 1837 1539 1888 patris
1563 1837 1663 1877 mei:
1680 1840 1703 1863 *
1725 1836 1780 1877 Et
1799 1848 1872 1875 un-

1045 1893 1108 1934 xit
1127 1906 1197 1934 me
1216 1893 1422 1934 unctione
1441 1891 1755 1933 misericordiae
1772 1903 1873 1932 suae.

1043 1948 1094 1997 V.
1112 1949 1339 1997 Deminus‚
1361 1948 1435 1999 qui
1454 1948 1613 2000 eripuit
1631 1960 1702 1988 me
1722 1946 1778 1988 de
1797 1958 1873 1987 ore

1044 2003 1197 2052 leenis,
1217 2009 1261 2045 et
1281 2004 1336 2045 de
1355 2015 1487 2044 manu
1502 2003 1657 2044 bestiae
1673 2002 1874 2044 liberavit

1044 2072 1125 2100 me.
1152 2059 1220 2100 Et.

1344 2109 1497 2150 Lectio
1516 2109 1570 2148 iii.

1045 2163 1342 2265 Timuerunt
1359 2165 1421 2205 illi
1439 2164 1729 2214 vehementer,
1750 2169 1793 2206 et
1813 2163 1872 2205 di-

1142 2223 1314 2262 xerunt:
1351 2221 1468 2262 Ecce
1509 2220 1597 2262 duo
1630 2220 1756 2270 reges
1786 2232 1873 2260 non

1045 2278 1284 2329 potuerunt
1303 2282 1420 2318 stare
1440 2289 1589 2317 coram
1608 2289 1679 2326 eo,
1706 2281 1749 2317 et
1769 2277 1872 2326 quo-

1045 2331 1182 2373 modo
1232 2344 1314 2373 nos
1358 2331 1602 2373 valebimus
1647 2328 1872 2372 resistere?

1045 2388 1260 2428 Miserunt
1293 2400 1398 2438 ergo
1435 2388 1664 2440 praepositi
1698 2386 1871 2434 domus,

1046 2448 1090 2484 et
1125 2443 1325 2495 praefecti
1358 2443 1563 2493 civitatis,
1605 2447 1649 2484 et
1685 2443 1871 2492 majores

1045 2504 1164 2548 natu,
1185 2503 1229 2539 et
1247 2498 1426 2547 nutritii,
1445 2498 1501 2539 ad
1521 2498 1547 2538 J
1549 2498 1643 2546 ehu,
1664 2496 1871 2538 dicentes:

1046 2555 1171 2595 Servi
1193 2554 1257 2595 tui
1282 2567 1445 2595 sumus:
1475 2556 1762 2604 quaecumque
1789 2552 1871 2602 jus-

1047 2610 1154 2650 seris
1186 2609 1412 2658 faeiemus,
1444 2621 1526 2650 nec
1558 2608 1871 2649 constituemus

1047 2665 1176 2705 nobis
1195 2677 1357 2714 regem:
1378 2667 1665 2715 quaecumque
1684 2661 1763 2703 tibi
1780 2659 1869 2712 pla-
