2040 2976
552 166 624 200 Die
650 167 698 201 13.
719 167 835 200 «Iunii.
883 167 917 201 S
942 168 1104 202 Antonii
1130 169 1177 202 de
1201 169 1334 204 Paduu
1360 172 1468 205 Conf.

150 262 305 311 innati,
337 262 480 303 securi
511 261 733 303 feriuntur.
787 262 984 312 Quorum

152 320 343 370 corpora
360 318 463 359 feris
490 318 680 370 objecta,
707 330 789 359 nec
814 317 869 358 ab
896 316 983 358 illis

150 372 340 424 13613,’3
366 374 623 416 Christianis
647 373 890 416 honorifice
917 386 981 415 se·

150 430 275 482 pulta
294 436 405 473 sunt.
487 433 548 472 Te
567 431 723 472 Deum.
750 431 809 472 13.

204 491 248 524 In
271 490 392 525 Laud.
416 493 457 527 fit
482 502 616 527 comm.
641 492 697 526 Ss.
723 492 831 526 Mart.

204 541 303 583 Ant.
328 542 471 586 Vestri
489 543 636 596 capilli
655 543 813 596 capitis
829 553 981 584 omnes

149 599 364 640 numerati
385 605 500 642 sunt:
524 600 661 642 nolite
679 600 848 642 timere.
872 598 980 639 mul-

148 655 204 695 tis
223 656 478 725 passeribus
496 656 701 698 meliores
721 656 827 698 estis
845 668 937 697 vos.

207 714 255 760 V.
279 712 575 755 Exsultabunt
599 714 740 755 5311611
762 713 805 754 111
828 712 980 778 gloria.

152 770 203 822 R.
217 767 537 811 Laetabuntur·
526 783 570 809 m
590 768 806 811 cubilibus
827 770 928 811 suis.

202 829 389 873 Vesperae
420 840 441 864 a
472 830 596 874 Capit.
630 831 676 864 de
707 841 813 874 sequ.
848 840 981 865 comm.

150 878 316 921 praeced.

412 956 496 998 Die
516 958 574 998 13.
594 957 619 998 J
620 956 720 998 unii.

225 1024 268 1065 S.
287 1024 496 1065 Antonii
515 1024 576 1065 de
595 1024 768 1065 Padua
790 1026 911 1066 Conf.

482 1087 646 1131 Duplex.

202 1142 339 1177 Omnia
359 1143 405 1177 de
424 1144 628 1178 Communi
647 1146 755 1180 Conf.
774 1158 850 1181 non
872 1147 980 1183 Pont.

146 1188 215 1232 [67]
238 1195 380 1234 praeter
397 1193 610 1235 sequentia.

486 1252 651 1294 Oratio.

227 1315 431 1357 eclesiam
450 1320 571 1356 tuam
589 1316 726 1366 DeuS,
751 1315 870 1358 beati
888 1316 975 1358 An-

237 1372 347 1414 tonii
377 1371 652 1413 Confessoris
683 1373 748 1414 tui
775 1372 975 1414 solemni-

143 1433 211 1469 tas
239 1430 389 1470 votiva
416 1427 630 1469 laetificet:
665 1433 713 1471 ut
741 1429 975 1481 spirituali-

142 1483 226 1525 bus
257 1496 431 1536 semper
462 1484 681 1525 muniatur
713 1484 896 1536 auxiliis,
932 1489 976 1526 et

142 1539 314 1591 gaudiis
341 1539 507 1592 perfrui
537 1542 759 1582 mereatur
788 1541 974 1582 aeternis.

141 1596 226 1638 Per
244 1596 492 1637 Dominum.

197 1654 347 1690 Deinde
372 1657 414 1691 fit
438 1667 635 1692 commem.
661 1658 827 1701 praeced.

196 1707 295 1748 Ant.
315 1707 398 1749 Hic
412 1708 478 1749 vir
495 1707 743 1761 despiciens
761 1710 974 1752 mundum

141 1767 184 1804 61
228 1765 418 1814 16116113,
464 1765 752 1818 triumphans,
799 1766 973 1808 divitias

141 1819 255 1860 coelo
276 1820 473 1863 condidit
491 1834 579 1872 ore,
598 1836 739 1864 manu.

194 1875 245 1925 V.
265 1876 290 1917 J
291 1881 439 1918 ustum
458 1877 643 1920 deduxit
660 1879 876 1921 Dominus
892 1893 973 1933 per

140 1932 233 1973 vias
256 1938 409 1975 rectas.
459 1934 510 1986 R.
529 1935 588 1977 Ε1
612 1935 806 1979 ostendit
826 1937 888 1978 illi
907 1950 971 1979 16-

139 2000 272 2038 gnum
291 1989 384 2031 Dei.

194 2046 357 2087 Oratio.
389 2047 521 2097 Deus,
541 2053 696 2090 auctor
714 2050 848 2101 pacis.
876 2050 970 2091 333.

192 2106 237 2140 In
267 2106 293 2140 Ι.
324 2106 524 2140 Νο61111110
558 2107 761 2143 Lectiones
795 2110 841 2143 de
874 2110 972 2144 Scri—

141 2158 254 2197 ptura
279 2159 512 2189 occurrente.

367 2223 416 2262 In
441 2223 494 2271 II.
522 2224 746 2264 Nocturno.

442 2282 595 2324 Lectio
616 2284 669 2324 iv.

150 2366 201 2429 s*
203 2354 275 2438 Χ
259 2345 968 2472 ἳὲῗὲῗῗςοᾞὲζῗᾷρέᾒῧέἶὲὲῗ·

259 2435 441 2508 tibus,
473 2463 517 2500 et
544 2458 600 2500 ab
628 2459 681 2500 iis
708 2458 781 2510 pie
810 2457 967 2500 educa-

136 2515 222 2562 tus,
246 2513 505 2556 adolescens
523 2514 774 2556 institutum
793 2515 968 2556 canoni-

137 2569 290 2610 corum
321 2570 589 2621 regularium
621 2571 826 2623 suscepit.
878 2571 967 2614 Sed

137 2629 236 2666 611111
277 2627 468 2678 corpora
503 2626 736 2668 beatorum
773 2627 966 2680 quinque

136 2680 379 2733 Martyrum
414 2682 599 2725 fratrum
633 2682 852 2725 Minorum
884 2684 965 2726 Co-

1032 259 1266 301 nimbriam
1279 261 1629 312 transferrentur,
1646 263 1720 314 qui
1732 263 1867 315 paulo

1033 321 1134 358 ante
1154 316 1274 368 apud
1290 316 1587 359 Marrochium
1604 332 1687 371 pro
1704 319 1868 361 Christi

1032 371 1121 413 fide
1139 373 1261 424 passi
1281 378 1415 422 erant,
1435 375 1632 427 martyrii
1647 375 1867 418 desiderio

1031 428 1236 470 incensus
1280 429 1338 470 311
1372 430 1714 472 Franciscanum
1752 432 1866 474 ordi-

1032 497 1132 526 nem
1150 486 1364 528 transivit.
1395 486 1502 528 Mox
1528 487 1687 529 eodem
1707 487 1868 531 ardore

1031 541 1263 606 impulsus,
1292 541 1349 583 ad
1368 542 1644 586 Saracenos
1633 558 1696 586 ire
1720 547 1866 598 perre-

1031 597 1112 639 xit:
1148 597 1229 640 sed
1263 598 1451 640 adversa
1478 600 1730 643 valetudine
1759 601 1865 643 affli-

1032 659 1146 705 ctuS,
1176 659 1220 696 et
1243 654 1388 697 redire
1415 658 1612 707 coactus,
1642 670 1742 699 cum
1765 659 1867 700 navi

1031 710 1088 752 ad
1107 711 1336 764 Hispaniae
1356 712 1507 754 littora
1524 713 1740 763 tenderet,
1765 727 1866 756 ven-

1031 769 1178 808 torum
1196 767 1239 808 vi
1257 768 1301 808 in
1320 768 1512 810 Siciliam
1532 768 1704 811 delatus
1725 775 1801 811 est.

1090 828 1143 879 R.
1165 824 1417 866 Honestum
1442 825 1545 867 fecit
1568 825 1691 866 illum
1717 827 1865 868 Domi-

1030 893 1127 930 nus,
1153 886 1197 923 61
1216 881 1455 923 custodivit
1475 894 1574 923 eum
1594 882 1649 924 ab
1670 882 1865 932 inimicis,
1920 919 1922 922 ,

1031 941 1075 978 61
1102 950 1127 977 3
1159 937 1468 980 seductoribus
1495 939 1654 980 tutavit
1681 938 1815 979 illum:
1848 947 1869 970 *

1029 994 1086 1035 Et
1121 992 1243 1035 dedit
1274 994 1336 1035 illi
1369 994 1615 1036 claritatem
1645 997 1865 1037 aeternam.

1038 1047 1089 1098 Ψ.
1112 1050 1286 1091 Justum
1322 1050 1507 1092 deduxit
1534 1051 1751 1092 Dominus
1784 1065 1863 1103 per

1029 1106 1123 1147 vias
1142 1112 1298 1156 rectas,
1322 1112 1366 1149 et
1386 1107 1582 1150 ostendit
1600 1107 1662 1148 illi
1681 1120 1864 1158 regnum

1029 1162 1123 1204 Dei.
1151 1163 1208 1204 Et
1229 1162 1363 1205 dedit.

1346 1225 1498 1266 Lectio
1520 1240 1556 1265 v.

1109 1275 1283 1316 5515111111
1312 1289 1335 1318 6
1363 1276 1510 1318 Sicilia
1538 1276 1595 1317 ad
1624 1276 1863 1329 capitulum

1145 1333 1351 1383 generale
1382 1333 1516 1375 venit:
1554 1332 1655 1374 inde
1691 1333 1735 1373 in
1773 1336 1862 1375 ere-

1027 1402 1148 1430 mum
1175 1390 1338 1431 montis
1365 1389 1490 1431 Pauli
1519 1390 1563 1431 in
1591 1390 1770 1430 AEmilia
1798 1403 1861 1432 56-

1028 1446 1176 1495 cessit,
1202 1446 1277 1487 ubi
1301 1446 1458 1488 divinis
1484 1446 1862 1498 contemplationi-

1027 1502 1126 1557 bus,
1153 1503 1321 1554 jejuniis
1341 1508 1384 1545 et
1403 1503 1563 1553 vigiliis
1584 1502 1659 1545 diu
1678 1503 1861 1544 vacavit.

1026 1559 1189 1601 Postea
1222 1560 1358 1601 sacris
1394 1559 1624 1602 ordinibus
1656 1559 1861 1609 initiatus,

1027 1620 1071 1658 et
1107 1616 1164 1657 ad
1200 1616 1536 1669 praedicandum
1572 1617 1861 1667 Evangelium

1025 1672 1204 1722 missus,
1232 1672 1407 1714 dicendi
1433 1674 1649 1726 sapientia
1669 1679 1712 1715 et
1731 1673 1861 1726 copia

1025 1733 1196 1770 tantum
1214 1730 1412 1781 profecit,
1431 1732 1689 1782 tantamque
1706 1730 1772 1770 sui
1788 1728 1860 1770 311-

1025 1785 1304 1827 mirationem
1315 1787 1565 1837 commovit,
1576 1791 1625 1827 ut
1637 1799 1737 1827 eum
1747 1786 1861 1826 Sum-

1023 1855 1121 1883 mus
1131 1843 1336 1884 Pontifex
1347 1842 1585 1895 aliquando
1600 1842 1859 1883 concionan-

1023 1902 1113 1939 tem
1134 1898 1328 1949 audiens,
1348 1912 1496 1940 arcam
1515 1898 1765 1940 testamenti
1785 1912 1858 1951 ap-

1023 1953 1210 2005 pellarit.
1263 1956 1314 1996 In
1346 1955 1498 2008 primis
1526 1967 1633 1996 vero
1665 1954 1858 1996 haereses

1024 2022 1193 2051 summa
1208 2011 1252 2052 vi
1268 2011 1532 2063 profligavit,
1551 2011 1742 2063 ideoque
1761 2025 1857 2064 per-

1022 2067 1182 2117 petuus
1218 2066 1531 2109 haereticorum
1566 2067 1752 2110 malleus
1790 2073 1857 2109 est

1021 2124 1218 2164 vocatus.

1081 2180 1131 2231 R.
1152 2179 1332 2223 Amavit
1352 2191 1452 2221 eum
1471 2179 1704 2229 Dominus,
1723 2185 1768 2222 et
1788 2193 1854 2221 or-

1020 2235 1142 2278 navit
1179 2247 1292 2278 eum:
1334 2236 1493 2278 stolam
1533 2236 1686 2288 gloriae
1714 2236 1855 2277 induit

1021 2303 1139 2341 eum,
1171 2292 1194 2316 *
1214 2292 1271 2333 Et
1298 2291 1356 2334 ad
1415 2298 1535 2335 ortas
1562 2292 1757 2345 paradisi
1786 2305 1854 2334 co-

1020 2348 1196 2389 ronavit
1217 2361 1328 2389 eum.
1404 2349 1572 2392 .Indujt
1589 2362 1690 2390 eum
1703 2349 1852 2390 Domi-

1019 2416 1102 2445 nus
1125 2404 1310 2446 loricam
1333 2405 1456 2456 fidei,
1482 2410 1527 2448 et
1549 2405 1722 2447 ornavit
1742 2418 1852 2447 eum.

1018 2459 1077 2503 Et
1099 2459 1157 2503 ad
1180 2462 1346 2513 portas.

1328 2517 1481 2557 Lectio
1504 2518 1554 2556 vi

1025 2566 1242 2673 Primus
1261 2587 1316 2616 ex
1335 2587 1416 2617 suo
1433 2573 1597 2624 ordine,
1617 2574 1674 2615 ob
1690 2572 1848 2615 doctri-

1120 2643 1190 2671 nae
1214 2631 1534 2683 praestantiam,
1565 2631 1778 2672 Bononiae
1806 2635 1849 2673 et

1018 2685 1123 2728 alibi
1148 2698 1295 2728 sacras
1319 2686 1488 2729 litteras
1507 2691 1575 2729 est
1591 2687 1846 2738 interpreta-
