2040 2976
483 193 583 226 Infra
611 193 903 227 Hebdomadam
930 194 977 227 xi.
1004 199 1091 236 post
1117 195 1195 227 Oct.
1220 195 1475 229 Pentecoste-S.

1766 197 1832 233 233

125 296 192 333 est
215 291 256 333 ei
274 291 300 332 J
302 291 450 333 oakim
475 304 628 334 servus
651 291 792 334 tribus
814 291 951 332 annis:

125 353 168 390 et
186 360 360 389 rursum
379 348 610 390 rebellavit
629 353 783 390 contra
802 361 912 390 eum.

175 406 228 458 R.
251 404 518 457 Praeparzite.
536 406 629 446 223.

432 463 582 503 Lectio
603 464 642 503 ii.

167 519 418 571 mmisitque
442 519 482 560 ei
498 519 713 560 Dominus
732 518 950 559 latruncu-

188 575 256 617 los
277 575 600 625 Chaldaeorum,
621 580 664 617 et
682 574 951 616 latrunculos

122 632 274 685 Syriae,
301 637 344 674 et
368 632 639 674 latrunculos
657 631 805 682 Moab,
830 636 874 672 et
891 630 949 672 la-

122 689 348 731 trunculos
373 688 563 730 filiorum
582 690 787 733 Ammon:
813 693 857 730 et
875 688 950 728 im-

122 745 242 787 misit
269 758 348 788 eos
373 745 418 786 in
443 745 619 796 Judam,
652 751 700 787 ut
726 743 949 797 disperde-

122 807 219 844 rent
250 815 364 853 eum,
395 803 516 855 juxta
547 801 731 845 verbum
761 801 950 851 Domini,

123 858 244 911 quod
283 859 457 901 locutus
498 859 639 901 fuerat
678 871 759 912 per
797 870 950 900 servos

122 928 226 957 suos
258 915 511 969 prophetas.
563 916 747 957 Factum
780 920 847 957 est
878 927 949 956 au-

121 977 212 1014 tem
236 972 322 1014 hoc
344 985 424 1026 per
445 972 631 1015 verbum
649 972 827 1013 Domini
850 984 949 1013 con-

121 1034 190 1070 tra
207 1029 232 1070 J
233 1029 381 1080 udam,
406 1034 456 1071 ut
473 1030 662 1071 auferret
683 1042 782 1071 eum
802 1041 950 1070 coram

121 1098 189 1136 se,
215 1090 398 1139 propter
422 1088 605 1139 peccota
630 1086 833 1127 Manasse
859 1085 950 1125 uni-

121 1143 249 1184 versa
267 1155 366 1195 quae
381 1142 495 1194 fecit,
515 1147 559 1185 et
578 1148 762 1196 propter
781 1142 949 1194 sangui-

120 1211 221 1240 nem
251 1199 491 1250 innoxium,
531 1212 660 1252 quem
698 1198 868 1249 effudit,
907 1203 951 1240 et

121 1255 318 1309 implevit
354 1256 599 1298 Jerusalem
636 1258 792 1298 cruore
829 1256 949 1296 inno-

122 1313 327 1354 centium:
367 1318 412 1354 et
450 1313 508 1354 ob
541 1313 654 1354 hanc
686 1325 778 1354 rem
810 1311 950 1353 noluit

121 1368 337 1410 Dominus
355 1369 597 1421 propitiari.

174 1426 225 1477 R.
250 1425 372 1467 Deus
393 1426 594 1467 omnium.
612 1426 704 1467 223.

422 1484 605 1525 Lectio
595 1484 650 1524 1ii.

205 1538 350 1590 eliqua
384 1543 532 1580 autem
568 1540 818 1580 sermonum
850 1538 899 1579 J
878 1551 948 1580 oa

232 1594 340 1645 kim,
382 1600 426 1637 et
461 1595 666 1636 universa
703 1608 803 1660 quae
834 1595 948 1645 fecit,

119 1664 264 1694 nonne
297 1651 394 1693 haec
427 1652 593 1705 scripta
625 1657 727 1694 sunt
758 1652 803 1693 in
834 1651 947 1694 libro

120 1710 371 1750 sermonum
410 1708 580 1750 dierum
620 1721 773 1764 regum
812 1707 947 1750 Juda?

120 1764 177 1806 Et
200 1763 407 1807 dormivit
425 1765 450 1806 J
453 1764 601 1806 oakim
625 1778 724 1807 cum
747 1765 947 1818 patribus

121 1821 225 1862 suis:
244 1826 288 1863 et
306 1821 505 1873 regnavit
519 1822 544 1863 J
546 1821 703 1864 oachin
721 1821 836 1863 filius
856 1823 946 1874 ejus

119 1890 201 1930 pro
228 1890 293 1920 eo.
333 1878 391 1920 Et
417 1878 533 1920 ultra
557 1891 646 1920 non
673 1877 844 1920 addidit
869 1891 947 1920 rex

118 1934 312 1987 AEgypti‚
347 1940 396 1976 ut
427 1935 710 1987 egrederetur
742 1935 797 1977 de
829 1940 947 1977 terra

120 2003 213 2032 sua:
239 1991 400 2033 tulerat
424 1991 538 2033 enim
561 2005 639 2034 rex
658 1991 897 2045 Babylonis
921 2004 947 2032 a

118 2047 214 2089 rivo
230 2048 409 2101 AEgy‘pti
430 2061 570 2101 usque
590 2048 646 2090 ad
666 2049 846 2090 fluvium
863 2049 945 2089 Eu-

118 2103 320 2156 phraten,
347 2105 492 2147 omnia
517 2118 616 2158 quae
639 2105 812 2147 fuerant
830 2105 946 2156 regis

117 2161 311 2214 AEgypti.

172 2220 222 2272 R.
246 2218 472 2260 Dominus.
491 2220 585 2260 224.

337 2327 371 2363 F
386 2338 408 2363 e
422 2327 468 2363 ri
482 2339 507 2363 a
537 2327 565 2363 S
581 2339 604 2364 e
619 2339 645 2364 x
657 2331 674 2363 t
688 2339 723 2364 a.

234 2382 301 2421 De
323 2379 437 2422 libro
465 2385 621 2432 quarto
645 2381 828 2431 Regum.

198 2441 348 2483 Lectio
370 2444 392 2482 i.
627 2445 729 2495 Cap.
744 2445 809 2483 24.
828 2443 865 2483 b.

150 2509 198 2531 N
214 2514 335 2543 ecem
375 2507 419 2544 et
455 2507 557 2544 octo
600 2504 813 2543 annorum
850 2505 943 2543 erat

148 2559 155 2574 ²
237 2558 421 2600 Joachin
449 2571 548 2600 cum
575 2561 759 2609 regnare
787 2559 942 2609 coepis-

118 2618 201 2664 set,
221 2619 264 2656 et
281 2613 422 2656 tribus
442 2613 664 2656 mensibus
682 2613 881 2665 regnavit
898 2613 943 2654 in

117 2669 373 2712 Jerusalem:
397 2683 557 2712 nomen
574 2670 727 2711 matris
746 2671 836 2721 ejus
854 2669 943 2711 No·
960 2689 964 2692 -

117 2724 244 2768 hesta
265 2726 356 2768 filia
372 2726 590 2769 Elnathan
614 2725 669 2768 de
689 2726 943 2768 Jerusalem.

269 2868 334 2893 Pars
349 2868 458 2894 AEetivn.

1002 290 1060 332 Et
1098 291 1200 332 fecit
1241 290 1404 332 malum
1445 304 1592 333 coram
1628 292 1831 342 Domino,

1003 348 1124 399 juxta
1169 347 1313 388 omnia
1359 360 1457 399 quae
1503 348 1667 390 fecerat
1706 354 1833 402 pater

1004 405 1107 456 ejus.
1143 404 1195 444 In
1217 406 1417 457 tempore
1441 404 1516 446 illo
1541 405 1832 448 ascenderunt

1004 460 1119 502 servi
1151 460 1567 503 Nabuchodonosor
1603 462 1717 513 regis
1749 463 1831 504 Ba-

1004 517 1179 569 bylonis
1206 518 1249 558 in
1277 518 1537 568 Jerusalem,
1576 524 1619 560 et
1652 519 1830 561 circum-

1005 573 1108 616 data
1127 579 1195 615 est
1214 574 1319 616 urbs
1338 575 1661 617 munitionibus.
1682 576 1831 618 Venit-

1006 643 1090 682 que
1109 630 1522 672 Nabuchodonosor
1546 644 1623 673 rex
1645 632 1831 685 Babylo-

1003 687 1070 728 nis
1090 686 1147 728 ad
1166 688 1387 730 civitatem
1408 701 1507 729 cum
1527 689 1664 730 servis
1682 689 1770 730 suis
1785 694 1833 730 ut

1005 746 1312 797 oppugnarent
1332 757 1439 786 eam.

1059 802 1110 853 Rz.
1132 802 1357 843 Percussit
1375 802 1489 844 Saul.
1508 802 1601 842 224.

1315 859 1467 900 Lectio
1488 859 1527 898 ii.

1085 918 1350 968 gressusque
1374 919 1442 956 est
1461 914 1644 956 Joachin
1667 928 1745 957 rex
1761 916 1786 956 J
1788 929 1831 956 u-

1099 972 1155 1013 da
1175 971 1231 1014 ad
1247 985 1395 1023 regem
1410 972 1661 1024 Babylonis,
1675 972 1771 1025 ipse
1791 978 1834 1014 et

1003 1034 1143 1070 mater
1164 1030 1269 1081 ejus,
1290 1034 1333 1070 et
1353 1029 1468 1070 servi
1487 1030 1594 1081 ejuS,
1615 1034 1658 1070 et
1676 1030 1832 1081 princi-

1003 1098 1084 1138 pes
1113 1086 1222 1138 ejus,
1252 1090 1295 1127 et
1323 1086 1510 1127 eunuchi
1538 1087 1643 1137 ejus:
1672 1091 1715 1128 et
1743 1099 1833 1127 sus-

1004 1142 1120 1195 cepit
1166 1155 1265 1184 eum
1309 1156 1387 1184 rex
1431 1142 1674 1195 Babylonis
1719 1156 1831 1184 anno

1005 1201 1162 1240 octavo
1188 1200 1310 1250 regni
1337 1199 1413 1240 sui.
1447 1200 1502 1241 Et
1526 1199 1709 1252 protulit
1731 1199 1832 1241 inde

1004 1268 1155 1298 omnes
1187 1256 1421 1297 thesauros
1454 1255 1611 1297 domus
1644 1256 1832 1306 Domini,

1003 1317 1047 1353 et
1065 1312 1297 1354 thesauros
1318 1312 1475 1354 domus
1495 1313 1644 1363 regiae:
1667 1318 1711 1354 et
1731 1325 1831 1354 con-

1003 1368 1110 1411 cidit
1128 1369 1330 1411 universa
1349 1382 1454 1410 vasa
1478 1372 1626 1418 aurea,
1656 1382 1755 1421 quae
1774 1369 1831 1410 fe-

1003 1430 1122 1467 cerat
1148 1425 1357 1467 Salomon
1384 1439 1462 1467 rex
1489 1425 1626 1466 Israel
1654 1426 1698 1466 in
1725 1431 1831 1467 tem-

1001 1482 1076 1534 plo
1096 1482 1274 1524 Domini
1298 1484 1416 1534 juxta
1442 1482 1624 1524 verbum
1642 1483 1831 1523 Domini.

1001 1538 1058 1580 Et
1075 1539 1298 1581 transtulit
1318 1552 1492 1580 omnem
1510 1539 1767 1587 Jerusalem,
1788 1544 1832 1581 et

1001 1595 1230 1637 universos
1251 1596 1487 1649 principes,
1513 1601 1557 1637 et
1576 1608 1728 1637 omnes
1747 1596 1830 1637 for-

1001 1656 1068 1693 tes
1089 1653 1324 1702 exercituS‚
1350 1652 1503 1694 decem
1522 1652 1672 1701 millia,
1695 1652 1739 1693 in
1763 1665 1829 1693 ca-

1001 1708 1264 1760 ptivitatem:
1290 1714 1333 1750 et
1356 1722 1530 1750 omnem
1554 1709 1767 1751 artificem
1788 1714 1831 1750 et

1002 1764 1235 1807 clusorem:
1278 1765 1472 1817 nihilque
1508 1765 1708 1807 relictum
1744 1770 1825 1814 est,

1001 1822 1197 1874 exceptis
1220 1821 1487 1875 pauperibus
1511 1822 1665 1874 populi
1685 1827 1827 1864 terrae.

1054 1876 1104 1927 Ει.
1130 1879 1304 1921 Montes
1324 1878 1506 1921 Gelboe.
1524 1879 1618 1920 224.

1302 1931 1453 1973 Lectio
1472 1932 1528 1972 iii.

1080 1993 1283 2035 ranstulit
1333 2004 1510 2045 quoque
1554 1991 1738 2033 Joachin
1786 1992 1829 2033 in

1090 2050 1381 2114 Babylonem,
1414 2054 1458 2090 et
1484 2053 1669 2090 matrem
1695 2049 1826 2099 regis,

999 2111 1043 2148 et
1062 2108 1223 2148 uxores
1247 2106 1379 2157 regis,
1405 2109 1449 2146 et
1473 2104 1698 2147 eunuchos
1723 2106 1828 2157 ejus:

999 2168 1043 2204 et
1061 2163 1226 2215 judices
1245 2167 1375 2204 terrae
1396 2160 1549 2203 duxit
1537 2175 1581 2202 1n
1601 2162 1826 2219 captivita-

997 2224 1087 2261 tem
1120 2219 1176 2261 de
1202 2218 1446 2261 Jerusalem
1472 2218 1516 2258 in
1543 2211 1827 2270 Babylonem.

997 2276 1054 2318 Et
1080 2288 1231 2317 omnes
1254 2276 1374 2317 viros
1398 2274 1627 2324 robustos,
1655 2279 1826 2327 septem

997 2332 1142 2383 millia⁷
1158 2337 1201 2374 et
1216 2332 1416 2381 artifices,
1432 2336 1476 2373 et
1491 2330 1686 2373 clusores
1698 2330 1825 2380 mille,

997 2402 1149 2431 omnes
1180 2389 1300 2430 viros
1332 2389 1470 2430 fortes
1502 2392 1546 2429 et
1573 2387 1826 2428 bellatores:

997 2445 1209 2499 duxitque
1233 2458 1311 2487 eos
1335 2458 1414 2487 rex
1431 2443 1672 2496 Babylonis
1692 2445 1825 2496 capti-

996 2514 1077 2543 vos
1109 2503 1154 2543 in
1185 2501 1470 2554 Babylonem.
1510 2501 1567 2542 Et
1600 2499 1825 2541 constituit

996 2558 1282 2600 Matthaniam
1307 2560 1512 2610 patruum
1539 2557 1630 2607 ejus
1653 2568 1735 2608 pro
1755 2567 1824 2596 eo:

995 2615 1291 2668 imposuitque
1309 2626 1469 2655 nomen
1487 2613 1527 2654 ei
1545 2610 1786 2654 Sedeciam.

1051 2672 1100 2723 R.
1125 2672 1221 2722 Ego
1241 2676 1286 2712 te
1305 2669 1396 2712 tuli.
1414 2670 1508 2710 225.

1574 2855 1614 2886 16
