2040 2976
478 190 581 223 Infra
608 190 904 224 llebdomadam
924 190 1004 224 viii.
1029 194 1120 233 post
1145 190 1224 224 Octv
1249 191 1508 227 I'cntccostcs.

141 294 231 331 mo,
260 282 382 335 quod
406 283 618 337 imposuit
642 285 785 335 nobis,
816 290 859 327 et
883 297 970 326 ser-

141 337 308 380 viemus
326 339 417 381 tibi.
456 341 540 392 Qui
559 342 619 383 ait
643 342 718 383 eis:
743 343 811 383 Ite
829 354 971 393 usque

139 392 197 490 331
214 395 408 491 ntlegtium
446 397 578 448 diem,
625 403 668 440 et
704 397 972 439 revertimini

192 514 243 565 Rv.
267 511 533 565 Praeparate.
552 517 632 556 211.

450 578 602 620 Lectio
622 580 661 619 ii.

140 633 378 740 Cumque
414 640 596 682 abiisset
626 641 835 693 populus,
875 642 970 682 iniit

233 696 466 738 consilium
509 709 587 738 rex
624 696 829 739 Roboam
871 711 970 740 cum

137 751 400 802 senioribus,
430 753 504 805 qui
527 753 794 796 assistebant
820 768 969 796 coram

136 806 370 849 Salomone
396 814 523 862 patre
551 810 660 861 ejuS‚
696 823 796 851 cum
823 811 969 853 adhuc

136 865 304 905 viveret
321 869 365 905 et
379 865 452 906 ait:
473 866 603 916 Quod
618 866 732 907 datis
747 867 853 908 mihi
868 881 968 909 con-

136 918 290 967 silium,
301 925 349 961 ut
359 921 655 974 respondeam
664 923 833 976 populo
844 923 968 966 huic?

136 975 219 1024 Qui
239 974 443 1019 dixerunt
462 978 516 1019 ei:
535 978 579 1019 Si
599 978 731 1020 hodie
748 979 968 1022 obedieris

134 1032 303 1084 pupulo
322 1032 440 1084 huic,
470 1040 514 1076 et
539 1036 760 1086 servieriS‚
792 1042 835 1078 et
859 1038 968 1089 peti-

123 1087 245 1137 ⁴tioni
277 1091 430 1131 eorum
464 1092 665 1142 cesseris,
704 1091 968 1145 locutusque

135 1142 270 1185 fueris
303 1145 360 1187 ad
394 1159 471 1188 eos
503 1147 639 1189 verba
671 1148 801 1199 lenia,
841 1156 968 1192 erunt

135 1199 216 1241 tibi
241 1201 356 1243 servi
381 1203 548 1244 cunctis
574 1203 740 1245 diebus.
782 1205 866 1255 Qui
895 1205 966 1247 de-

135 1256 312 1308 reliquit
356 1259 587 1300 consilium
632 1273 799 1310 senum,
847 1261 967 1313 quod

136 1311 349 1355 dederant
364 1315 414 1363 ei,
434 1320 478 1356 et
496 1315 696 1358 adhibuit
715 1317 967 1359 adolescen-

134 1373 217 1417 tes,
245 1369 319 1421 qui
342 1371 495 1412 nutriti
513 1371 686 1414 fuerant
706 1386 806 1414 cum
825 1386 896 1423 e0‚
923 1379 967 1415 et

135 1425 399 1467 assistebant
417 1426 491 1468 illi.

186 1486 237 1539 R.
262 1486 385 1528 Deus
405 1489 608 1530 omnium.
626 1490 706 1530 211.

435 1554 588 1596 Lectio
608 1556 665 1596 iii.

219 1615 512 1668 esponditque
539 1630 618 1659 rex
642 1618 811 1671 populo
841 1618 966 1670 dura,

90 1721 93 1723 ¹
238 1671 450 1714 derelicto
496 1673 679 1716 consilio
727 1675 965 1726 seniorum,

134 1727 255 1779 quod
284 1728 324 1769 ei
352 1727 584 1780 dederant,
617 1735 660 1772 et
692 1730 868 1773 locutus
898 1738 966 1774 est

133 1783 196 1824 eis
221 1783 464 1826 secundum
492 1785 724 1827 consilium
749 1788 965 1838 juvenum,

132 1838 298 1881 dicens:
321 1839 454 1882 Pater
479 1854 602 1882 meus
626 1843 883 1893 aggravavit
905 1845 964 1895 ju-

130 1907 234 1945 gum
264 1901 476 1946 vestrum,
509 1910 592 1948 ego
625 1903 772 1940 autem
804 1899 966 1941 addam

130 1951 231 2002 jugo
268 1957 434 1994 vestro:
475 1958 602 2005 pater
642 1968 766 1996 meus
804 1955 964 1998 cecidit

130 2019 211 2048 vos
243 2008 446 2059 flagellis,
488 2022 570 2060 ego
607 2016 755 2052 autem
794 2011 964 2053 caedam

129 2075 211 2104 vos
226 2064 545 2117 scorpionibus.
570 2066 627 2108 Et
641 2080 729 2108 non
745 2068 965 2119 acquievit

130 2131 208 2160 rex
226 2120 408 2173 pupulo:
429 2122 636 2173 quoniam
653 2126 882 2166 aversatus
900 2124 962 2165 fu-

130 2181 225 2217 erat
261 2189 361 2218 eum
385 2178 617 2230 Duminus‚
650 2185 698 2221 ut
732 2180 964 2221 suscitaret

131 2232 313 2275 verbum
332 2246 469 2284 suum,
490 2234 610 2287 quod
628 2235 803 2277 locutus
822 2236 964 2277 fuerat

130 2288 174 2328 in
200 2302 332 2330 manu
360 2289 488 2331 Ahiae
517 2290 734 2347 Silonitae2
758 2291 815 2333 ad
842 2292 868 2332 J
870 2294 962 2333 ero-

130 2343 262 2385 boam
279 2345 416 2386 filium
435 2346 593 2388 Nabat.
625 2347 794 2389 Videns
813 2349 963 2399 itaque

129 2401 322 2453 pupulus
342 2402 463 2454 quod
480 2402 693 2444 noluisset
713 2416 790 2444 eos
811 2402 962 2444 audire

131 2468 225 2506 rex,
250 2458 482 2510 respundit
506 2459 545 2499 ei
565 2457 729 2499 dicens:
758 2460 866 2508 Quae
885 2472 960 2500 no-

130 2511 199 2553 bis
221 2526 324 2565 pars
347 2514 392 2554 in
410 2512 577 2555 David?
606 2514 677 2555 vel
703 2527 802 2566 quae
824 2513 960 2555 haere-

132 2567 245 2609 ditas
263 2570 307 2610 in
327 2569 419 2611 filio
439 2568 549 2611 Isai?

183 2631 234 2681 Rz.
259 2630 486 2671 D6minus.
511 2630 592 2670 211.

1255 286 1289 321 F
1302 297 1325 322 e
1337 288 1379 323 ri
1393 298 1418 322 a
1450 288 1477 324 S
1490 300 1513 325 e
1526 301 1551 324 x
1563 293 1579 324 t
1591 300 1627 326 a.

1160 346 1228 385 De
1250 342 1364 384 libro
1388 345 1519 385 tertio
1544 345 1727 396 Regum.

1102 409 1254 451 Lectio
1275 411 1299 450 i.
1545 414 1647 465 Cap.
1665 416 1722 453 14.
1737 415 1777 455 b.

1035 472 1858 582 w>”figczusszssssszffgsssszssdiffgsgffif

1023 589 1095 626 tur
1122 590 1171 626 ut
1199 584 1400 626 consulat
1426 590 1471 627 te
1499 599 1631 639 super
1656 587 1748 629 filio
1775 602 1855 630 suo

1025 641 1100 693 qui
1125 643 1325 692 aegrotat:
1352 641 1449 683 haec
1475 647 1518 683 et
1543 643 1639 685 haec
1661 644 1855 696 loqueris

1024 698 1075 739 ei.
1105 699 1215 739 Cum
1237 711 1343 749 ergo
1363 698 1438 739 illa
1456 698 1649 749 intraret,
1670 706 1714 741 et
1733 700 1854 742 dissi-

1022 755 1212 796 mularet
1235 767 1281 795 se
1308 767 1404 795 esse
1431 768 1530 807 quae
1551 762 1661 805 erat,
1690 757 1856 800 audivit

1024 810 1162 852 Ahias
1190 811 1380 852 sonitum
1408 810 1574 864 pedum
1606 813 1696 864 ejus
1724 813 1855 855 intro-

1024 868 1167 909 euntis
1181 880 1262 920 per
1278 867 1449 917 ostium,
1466 874 1511 909 et
1527 868 1599 909 ait:
1619 869 1855 919 Ingredere

1023 936 1135 964 uxor
1170 923 1424 964 Jer6boam:
1472 937 1608 976 quare
1646 925 1775 965 aliam
1811 932 1855 967 te

1023 992 1121 1021 esse
1153 978 1355 1021 simulas?
1399 993 1481 1031 ego
1516 986 1663 1022 autem
1695 982 1854 1022 missus

1023 1049 1120 1076 sum
1139 1036 1197 1077 ad
1214 1042 1259 1078 te
1279 1036 1413 1077 durus
1432 1038 1621 1078 nuntius.

1075 1098 1126 1149 R.
1152 1097 1376 1138 Percussit
1396 1097 1508 1138 Saul.
1529 1099 1608 1138 211.

1334 1163 1486 1203 Lectio
1508 1163 1546 1203 ii.

1023 1219 1211 1325 Vade,
1231 1229 1274 1265 et
1294 1224 1365 1265 dic
1383 1224 1408 1265 J
1411 1224 1637 1266 eroboam:
1662 1225 1773 1266 Haec
1794 1225 1854 1266 di-

1104 1295 1108 1298 ·
1126 1280 1184 1321 cit
1203 1280 1419 1321 Duminus
1433 1281 1555 1321 Deus
1572 1281 1724 1321 Israel:
1743 1282 1855 1331 Quia

1022 1335 1212 1376 exaltavi
1250 1341 1294 1377 te
1328 1335 1384 1377 de
1416 1336 1563 1377 medio
1596 1336 1768 1388 pupuli,
1811 1342 1854 1378 et

1021 1391 1125 1433 dedi
1143 1396 1188 1433 te
1208 1392 1365 1433 ducem
1384 1405 1516 1444 super
1535 1392 1750 1445 pupulum
1767 1405 1853 1434 me-

1020 1461 1094 1488 um
1113 1448 1265 1489 Israel:
1292 1454 1336 1489 et
1360 1448 1470 1490 scidi
1494 1461 1676 1499 regnum
1696 1448 1853 1490 domus

1020 1504 1182 1554 David,
1216 1510 1259 1546 et
1292 1505 1395 1546 dedi
1428 1504 1536 1546 illud
1569 1505 1663 1554 tibi,
1696 1510 1739 1546 et
1766 1518 1854 1546 non

1019 1561 1139 1603 fuisti
1162 1561 1274 1602 sicut
1293 1574 1448 1602 servus
1463 1574 1588 1602 meus
1603 1561 1759 1610 David,
1780 1562 1854 1612 qui

1020 1617 1260 1659 custodivit
1284 1617 1493 1663 mandata
1516 1630 1631 1667 mea,
1660 1622 1703 1658 et
1732 1621 1852 1658 secu-

1018 1678 1090 1714 tus
1117 1679 1184 1715 est
1209 1687 1280 1715 me
1304 1674 1349 1714 in
1374 1678 1470 1715 toto
1496 1673 1632 1715 corde
1659 1686 1756 1723 suo,
1792 1674 1851 1714 fa-

1020 1730 1139 1771 ciens
1166 1730 1286 1782 quod
1310 1730 1523 1782 placitum
1548 1736 1664 1771 esset
1687 1730 1730 1770 in
1751 1743 1851 1770 con-

1019 1787 1176 1837 spectu
1195 1799 1311 1828 meo:
1335 1785 1415 1827 sed
1436 1788 1646 1838 operatus
1671 1798 1718 1826 es
1737 1785 1853 1826 mala

1019 1854 1152 1895 super
1179 1855 1347 1891 omnes,
1377 1842 1452 1894 qui
1475 1842 1648 1883 fuerunt
1672 1846 1772 1882 ante
1795 1847 1851 1890 te,

1019 1903 1063 1940 et
1086 1899 1229 1940 fecisti
1252 1898 1332 1940 tibi
1358 1898 1466 1939 deos
1491 1898 1660 1939 alie'nos
1684 1903 1728 1940 et
1751 1910 1849 1939 con-

1019 1955 1194 2005 flatiles,
1222 1960 1270 1996 ut
1294 1967 1364 1995 me
1385 1954 1442 1995 ad
1460 1952 1732 1995 iracundiam
1751 1966 1849 2006 pro-

1018 2013 1220 2061 vocares,
1244 2023 1314 2052 me
1339 2015 1486 2052 autem
1503 2010 1729 2062 projecisti
1746 2015 1850 2062 post

1017 2079 1181 2119 corpus
1200 2072 1335 2108 tuum.
1521 2082 1530 2087 ·

1047 2173 1050 2179 Ι
1070 2125 1123 2176 Ει.
1147 2123 1322 2164 Montes
1343 2121 1524 2163 Gelboe.
1542 2122 1629 2163 212.

1317 2189 1471 2230 Lectio
1491 2190 1548 2230 iii.

1064 2253 1214 2295 dcirco
1246 2265 1350 2294 ecce
1384 2266 1467 2304 ego
1499 2252 1705 2295 inducam
1733 2251 1847 2293 mala

1072 2321 1204 2361 super
1223 2307 1404 2350 domum
1418 2309 1444 2350 J
1446 2309 1668 2357 eruboam,
1689 2313 1733 2349 et
1751 2320 1847 2360 per-

1015 2365 1178 2406 cutiam
1214 2364 1269 2406 de
1306 2364 1331 2405 J
1334 2364 1546 2406 ero'boam
1581 2364 1846 2414 mingentem

1014 2421 1071 2461 ad
1089 2423 1314 2473 parietem,
1340 2425 1383 2462 et
1402 2420 1609 2468 clausum,
1637 2425 1680 2461 et
1703 2421 1844 2460 novis-

1014 2476 1171 2517 simum
1194 2476 1238 2516 in
1257 2476 1409 2516 Israel:
1436 2481 1480 2517 et
1503 2475 1725 2516 mundAbo
1749 2474 1844 2515 reli-

1015 2532 1139 2584 quias
1156 2531 1313 2573 domus
1329 2531 1353 2572 J
1356 2531 1579 2580 eruboam,
1599 2531 1711 2571 sicut
1724 2542 1843 2570 mun-

1013 2587 1110 2629 dari
1135 2587 1249 2628 solet
1274 2587 1403 2628 fimus
1426 2599 1566 2639 usque
1593 2586 1649 2627 ad
1674 2597 1843 2638 purum.

1013 2643 1098 2693 Qui
1115 2643 1277 2684 mortui
1294 2643 1455 2684 fuerint
1474 2642 1530 2684 de
1544 2643 1569 2682 J
1571 2641 1780 2683 eroboam
1798 2639 1842 2702 in

1013 2699 1206 2748 civitate,
1236 2698 1471 2740 comedent
1494 2710 1572 2738 eos
1595 2708 1739 2738 canes:
1766 2707 1842 2747 qui
