2040 2976
574 207 645 241 Die
675 207 722 241 13.
748 207 853 241 Julii.
901 208 935 240 S.
962 207 1139 241 Anaclcti
1163 206 1282 249 I'apae
1307 210 1343 240 et
1367 206 1475 240 Mart.

164 307 416 347 sanctorum
436 305 602 346 viribus
623 306 902 355 aestimantes,
917 319 993 358 pu-

162 367 257 404 tant
277 374 374 403 esse
390 361 691 414 impossibilia,
712 375 810 414 quae
830 364 993 415 praece-

163 424 239 471 pta
254 424 364 467 sunt,
385 424 429 460 et
444 418 595 460 dicunt
610 418 812 460 sufficere
826 419 993 460 virtuti-

164 475 260 525 bus,
285 487 371 516 non
393 474 541 517 odisse
565 475 777 517 inimicos:
801 477 995 517 ceterum

163 532 356 584 diligere,
372 532 471 585 plus
487 533 681 585 praecipi,
700 546 831 584 quam
844 531 993 573 huma-

163 601 218 629 na
243 592 399 630 natura
426 589 631 642 patiatur.
667 589 902 631 Sciendum
929 594 996 630 est

165 658 287 696 ergo,
325 645 546 687 Christum
580 658 667 687 non
704 645 995 698 impossibilia

163 705 415 755 praecipere,
437 702 517 744 sed
531 703 739 755 perfecta.
769 703 878 752 Quae
894 702 997 743 fecit

164 759 309 800 David
327 760 370 799 in
389 759 504 808 Saul,
529 764 572 801 et
589 759 634 800 in
654 759 881 801 Absalom:
905 759 995 800 Ste-

164 815 335 868 phanus
358 828 536 868 quoque
561 815 728 868 Martyr
753 827 834 868 pro
860 815 996 856 inimi-

165 872 228 913 cis
248 872 547 925 lapidantibus
566 871 832 925 deprecatus
853 878 935 913 est:
954 878 997 914 et

164 929 326 970 Paulus
359 929 590 971 anathema
622 929 743 981 cupit
781 941 878 970 esse
914 941 996 981 pro

164 985 527 1038 persecutoribus
564 986 673 1027 suis:
717 985 814 1026 haec
850 991 998 1026 autem

165 1042 293 1084 Jesus
327 1049 370 1084 et
399 1042 567 1091 decuit,
601 1048 645 1084 et
676 1043 796 1092 fecit,
831 1041 998 1083 dicens:

165 1099 307 1149 Pater,
330 1100 510 1151 ignesce
535 1099 635 1140 illis:
660 1098 781 1151 quod
803 1099 920 1141 enim
939 1099 997 1139 fa-

168 1156 296 1206 ciunt,
315 1157 526 1197 nesciunt.

221 1214 270 1265 R.
295 1213 386 1254 Iste
415 1218 483 1254 est
513 1212 587 1264 qui
615 1217 716 1253 ante
739 1213 884 1254 Deum
911 1225 998 1253 ma-

167 1283 274 1321 gnas
302 1270 487 1311 virtutes
517 1271 727 1322 operatus
755 1274 837 1319 est,
871 1274 915 1311 et
944 1269 999 1311 de

167 1327 283 1367 omni
301 1326 436 1368 corde
448 1339 528 1368 suo
541 1325 738 1367 laudavit
747 1326 1000 1368 Dominum:

169 1385 190 1407 *
217 1384 320 1436 Ipse
349 1382 595 1424 intercedat
622 1396 704 1436 pro
731 1383 929 1435 peccatis
956 1385 999 1424 ό-

165 1441 330 1480 mnium
350 1440 627 1493 populorum.
659 1434 709 1485 Υ.
727 1440 845 1481 Ecce
864 1439 999 1481 homo

166 1497 259 1537 sine
277 1497 464 1548 querela,
484 1510 614 1538 verus
629 1497 715 1538 Dei
730 1497 883 1546 cultor,
903 1495 999 1537 abs-

166 1554 307 1594 tinens
334 1566 381 1594 se
407 1554 462 1595 ab
490 1554 608 1595 omni
634 1556 769 1606 opere
796 1553 931 1602 malo,
957 1558 1001 1594 et

166 1612 428 1662 permanens
444 1610 488 1651 in
503 1610 753 1652 innocentia
772 1623 861 1651 sua.
885 1610 1000 1662 Ipse.

455 1665 608 1706 Lectio
629 1665 714 1705 viii.

218 1738 245 1764 n
273 1725 454 1776 reliquis
481 1724 690 1777 operibus
716 1723 846 1765 bonis
870 1723 1000 1764 inter-

238 1780 342 1822 dum
361 1786 512 1834 potest
531 1780 689 1832 aliquis
707 1780 1000 1832 qualemcum-

169 1850 253 1890 que
274 1838 603 1880 excusationem
622 1835 919 1890 praetendere:
944 1835 1001 1877 ad

166 1894 415 1936 habendam
430 1907 537 1936 vero
558 1894 840 1935 dilectienem
856 1892 1001 1934 nullus

168 1963 216 1991 se
244 1952 408 2003 poterit
437 1953 660 1992 excusare.
714 1951 869 1991 Potest
896 1949 1002 1990 mihi

169 2007 326 2060 aliquis
358 2007 522 2056 dicere,
558 2021 646 2050 non
682 2020 866 2060 possum
902 2007 1000 2058 jeju-

167 2066 290 2105 nare:
314 2063 529 2116 numquid
553 2070 704 2117 potest
728 2064 887 2112 dicere,
913 2075 1001 2104 non

168 2133 351 2173 possum
372 2122 542 2163 amare?
578 2122 733 2163 Potest
756 2120 916 2172 aliquis
940 2118 1001 2161 di-

169 2189 281 2227 cere,
300 2177 595 2229 virginitatem
613 2190 702 2219 non
717 2189 899 2230 possum
915 2188 1001 2217 ser-

169 2235 291 2283 vare,
323 2245 411 2275 non
443 2247 627 2286 possum
658 2246 729 2275 res
757 2238 875 2275 totas
902 2234 1001 2274 ven-

170 2289 286 2339 dere,
306 2294 350 2331 et
368 2290 637 2343 pauperibus
657 2292 858 2341 erogare:
881 2302 1001 2330 num-

171 2345 278 2399 quid
311 2352 459 2399 potest
496 2346 660 2396 dicere,
697 2359 785 2387 non
819 2358 1003 2398 possum

171 2403 354 2454 diligere
382 2401 607 2444 inimicos?

226 2459 276 2510 R.
305 2459 400 2501 Sint
431 2459 569 2500 lumbi
596 2459 733 2500 vestri
763 2458 1002 2511 praecincti,

171 2522 216 2558 et
252 2516 444 2558 lucernae
480 2515 686 2557 ardentes
722 2515 767 2555 in
802 2514 1003 2555 manibus

170 2573 343 2615 vestris:
362 2572 384 2595 *
396 2573 453 2614 Et
471 2585 552 2614 vos
571 2571 736 2613 similes
755 2570 1003 2612 hominibus

171 2629 530 2683 exspectantibus
588 2628 815 2669 dominum
863 2640 1003 2675 suum,

172 2686 349 2739 quando
364 2687 610 2727 revertatur
625 2698 651 2725 a
665 2684 840 2737 nuptiis.
866 2676 917 2728 ΥΤ.
927 2683 1002 2724 Vi-

171 2744 304 2795 gilate
325 2755 442 2794 ergo,
468 2742 569 2794 quia
590 2741 768 2783 nescitis
790 2753 876 2792 qua
894 2739 1004 2780 hora

1047 305 1264 346 Deminus
1292 309 1439 346 vester
1467 308 1678 347 venturus
1706 306 1774 346 sit.
1812 305 1878 346 Et.

1053 360 1201 402 Gieria
1221 362 1351 403 Patri.
1379 361 1445 403 Et.

1354 419 1506 460 Lectio
1526 418 1580 458 ix.

1052 470 1201 576 Non
1219 479 1334 520 enim
1351 478 1413 520 ibi
1433 484 1507 520 aut
1523 478 1662 531 pedes
1676 478 1879 520 laberant

1166 535 1394 584 currendo,
1412 548 1539 576 aures
1554 535 1784 585 audiendo,
1805 540 1880 577 aut

1048 605 1202 634 manus
1228 591 1456 644 operando
1484 591 1702 641 laxantur,
1726 596 1775 634 ut
1798 604 1879 633 nos

1048 662 1127 702 per
1160 650 1301 702 ipsam
1335 649 1663 690 excusatienem
1693 647 1880 689 liberare

1049 708 1268 747 conemur.
1322 705 1422 746 Non
1450 704 1578 746 nobis
1607 704 1782 746 dicitur:
1813 705 1881 746 Ite

1050 762 1106 804 ad
1122 763 1358 812 Orientem,
1379 767 1423 804 et
1441 762 1625 815 quaerite
1640 761 1881 811 caritatem3

1050 820 1254 871 navigate
1281 819 1337 861 ad
1364 819 1666 868 Occidentem,
1696 823 1739 860 et
1765 819 1881 860 inve-

1050 877 1178 918 nietis
1199 876 1491 918 dilectionem.
1522 876 1646 916 Intus
1664 875 1709 916 in
1726 880 1881 917 nostro

1051 933 1186 976 corde
1211 939 1293 983 est,
1317 933 1392 974 ubi
1416 932 1561 975 redire
1585 931 1798 983 jubemur,
1821 931 1882 973 di-

1051 992 1177 1032 cente
1193 990 1426 1044 propheta:
1446 990 1606 1032 Redite
1623 990 1882 1042 praevarica-

1051 1049 1172 1089 teres
1191 1047 1247 1089 ad
1268 1060 1355 1089 cor.
1391 1047 1494 1088 Non
1519 1048 1634 1088 enim
1654 1046 1698 1086 in
1717 1045 1883 1096 longin-

1052 1105 1150 1156 quis
1182 1103 1434 1155 regienibus
1461 1104 1679 1145 invenitur
1708 1101 1829 1154 quod
1859 1113 1884 1142 a

1051 1161 1178 1202 nobis
1198 1160 1372 1214 petitur.
1427 1159 1491 1201 Te
1510 1161 1664 1201 Deum.
1684 1159 1742 1200 13.

1106 1219 1149 1253 In
1166 1219 1367 1253 Laudibus
1384 1220 1426 1254 fit
1444 1230 1640 1254 commem.
1659 1219 1716 1254 Ss.
1734 1218 1820 1252 Mm.

1108 1274 1208 1313 Ant.
1234 1272 1377 1315 Vestri
1396 1272 1544 1325 capilli
1559 1272 1716 1324 capitis
1732 1284 1884 1313 omnes

1053 1330 1271 1372 numerati
1290 1335 1406 1371 sunt:
1429 1329 1565 1370 nolite
1584 1329 1755 1370 timere:
1777 1327 1885 1369 mul-

1053 1387 1109 1428 tis
1128 1386 1384 1439 passeribus
1402 1386 1607 1427 meliores
1627 1385 1733 1427 estis
1751 1397 1845 1426 vos.

1109 1442 1159 1493 ΥῘ.
1181 1447 1476 1489 Exsultabunt
1499 1446 1641 1488 sancti
1666 1446 1710 1486 in
1735 1445 1885 1497 gloria.

1057 1505 1107 1556 R.
1123 1505 1412 1546 Laetabuntur
1431 1504 1475 1544 in
1494 1502 1712 1545 cubilibus
1733 1503 1833 1544 suis.

1100 1565 1142 1598 In
1159 1564 1204 1598 ΙΙ.
1222 1564 1339 1607 Vesp.
1358 1564 1400 1598 fit
1416 1573 1614 1598 commem.
1634 1571 1739 1606 sequ.

1322 1651 1406 1692 Die
1425 1651 1484 1692 13.
1504 1650 1529 1691 J
1530 1649 1617 1691 uhi

1142 1721 1185 1762 S.
1205 1719 1437 1762 Anacleti
1457 1720 1593 1771 Papae
1614 1723 1658 1760 et
1676 1718 1802 1758 Mart.

1342 1782 1605 1825 Semiduplex.

1111 1842 1249 1876 Omnia
1272 1842 1318 1876 de
1339 1838 1544 1876 Communi
1559 1837 1675 1872 unius
1692 1836 1802 1871 Mart.
1817 1836 1886 1880 [21]

1058 1896 1199 1934 praeter
1223 1890 1435 1934 sequentia.

1109 1940 1209 1981 Ant.
1241 1940 1328 1981 Iste
1357 1943 1534 1981 sanctus
1561 1950 1645 1991 pro
1676 1937 1775 1989 lege
1801 1937 1886 1979 Dei

1054 1997 1121 2038 sui
1148 1996 1332 2038 certavit
1357 2008 1498 2048 usque
1526 1994 1583 2037 ad
1609 1999 1813 2044 mortem,
1842 2000 1886 2036 et

1054 2067 1080 2095 a
1124 2053 1272 2096 verbis
1319 2053 1554 2106 impierum
1600 2065 1689 2094 non
1727 2052 1886 2094 timuit:

1054 2110 1261 2152 fundatus
1287 2110 1402 2152 enim
1430 2115 1524 2151 erat
1552 2122 1687 2162 supra
1714 2109 1886 2150 firmam

1054 2172 1237 2220 petram.

1111 2223 1162 2272 V.
1194 2223 1348 2265 Gleria
1382 2229 1425 2265 et
1460 2223 1630 2265 honore
1662 2222 1886 2264 coronasti

1055 2293 1156 2322 eum
1192 2280 1391 2322 Domine.
1440 2281 1491 2332 R.
1527 2280 1584 2321 Et
1621 2277 1887 2321 constituisti

1056 2350 1155 2378 eum
1175 2349 1307 2389 super
1328 2339 1464 2389 (Spera
1478 2338 1687 2377 manuum
1700 2337 1886 2377 tuarum.

1389 2398 1554 2439 Oratio.

1147 2467 1235 2505 eus,
1253 2454 1327 2506 qui
1340 2466 1422 2495 nos
1434 2453 1551 2494 beati
1562 2451 1764 2493 Anacleti
1774 2450 1886 2492 Mar-

1172 2511 1282 2564 tyris
1309 2511 1374 2552 tui
1402 2515 1534 2562 atque
1560 2507 1786 2550 Pontificis
1814 2508 1885 2547 an-

1055 2582 1142 2610 nua
1161 2567 1439 2610 solemnitate
1458 2566 1671 2607 laetificas:
1691 2562 1885 2605 concede

1055 2625 1291 2678 propitius3
1324 2629 1373 2665 ut
1405 2623 1526 2674 cujus
1557 2620 1754 2663 natalitia
1783 2618 1884 2660 coli-

1056 2695 1165 2731 mus,
1180 2681 1235 2722 de
1251 2679 1447 2732 ejusdem
1461 2679 1595 2720 etiam
1609 2676 1886 2730 protectione

1056 2738 1337 2789 gaudeamus.
1374 2737 1459 2777 Per
1477 2733 1726 2776 Deminum.
