2040 2976
214 231 282 266 170

213 342 314 371 suos
339 330 583 369 convocans
607 340 706 369 cum
730 327 902 369 excelsa
920 339 1030 379 prae-

213 384 427 426 dicatiene
446 383 503 425 ad
522 386 744 433 craterem,
763 383 928 424 dicens:
948 383 1031 433 Qui

212 446 277 482 est
303 440 526 493 insipiens,
555 440 742 482 declinet
770 439 827 481 ad
852 452 933 481 me.
974 439 1031 480 Et

212 496 436 547 egentibus
447 509 577 538 sensu
588 496 710 538 dixit:
727 497 897 546 Venite,
913 494 1030 537 edite

211 551 265 594 de
291 552 398 594 meis
423 552 625 605 panibus,
654 558 697 594 et
721 552 858 594 bibite
884 552 1030 593 vinum

211 609 330 661 quod
347 609 501 650 miscui
520 609 658 651 vobis.

262 668 311 719 R.
337 665 432 716 Ego
452 678 559 707 sum.
578 666 662 706 152.

431 740 479 779 In
497 740 567 778 III.
587 739 806 779 Nocturno.

211 799 363 841 Lectio
387 800 525 841 sancti
545 799 768 851 Evangelii
791 798 1028 840 secundum

344 874 346 877 ·
509 857 533 897 J
535 859 728 898 oannem.

312 913 462 953 Lectio
482 913 550 953 vii.
724 913 823 964 Cap.
845 914 880 952 6.
902 913 924 952 f.

256 985 284 1012 n
305 972 379 1013 illo
405 974 617 1025 tempore:
644 972 766 1014 Dixit
789 972 813 1013 J
816 985 915 1014 esus
942 977 1028 1014 tur-

273 1028 339 1070 bis
358 1029 383 1069 J
384 1028 624 1070 udaeorum:
653 1029 766 1070 Caro
785 1042 898 1079 mea,
926 1041 1029 1070 vere

209 1089 275 1125 est
294 1084 429 1126 cibus:
449 1090 492 1127 et
507 1085 680 1136 sanguis
694 1097 827 1135 meus,
846 1098 948 1126 vere
963 1090 1030 1126 est

208 1145 348 1192 potus.
375 1141 431 1182 Et
450 1141 626 1194 reliqua.

279 1218 343 1259 De
362 1218 553 1260 Homilia
572 1219 711 1261 sancti
728 1219 963 1270 Augustini

508 1275 726 1328 Episcopi.

227 1333 426 1370 Tractatus
443 1335 493 1369 26.
512 1335 549 1368 in
567 1335 688 1377 λοιπῇ.7
707 1335 807 1369 eirea
823 1334 1000 1369 medium.

213 1400 391 1440 ,·„.312‹t,.30n
418 1387 530 1429 sicut
554 1387 926 1430 manducaverunt
953 1401 1026 1441 pa-

214 1453 216 1455 ’
235 1439 324 1499 (3)(ῑὲ
350 1448 439 1485 tres
458 1444 592 1485 vestri
611 1457 783 1494 manna,
805 1449 848 1486 et
866 1445 1028 1486 mortui

215 1519 327 1522 ἡ·
351 1504 459 1541 sunt.
488 1501 631 1550 Quare
645 1500 1026 1552 manducaverunt,

207 1560 249 1596 et
275 1556 436 1596 mertui
464 1556 585 1597 sunt?
622 1557 733 1607 Quia
762 1556 882 1610 quod
910 1558 1026 1600 vide-

204 1610 326 1661 bant,
361 1610 613 1654 credebant:
647 1613 767 1665 quod
794 1627 882 1655 non
908 1613 1025 1656 vide-

204 1666 325 1717 bant,
352 1680 439 1709 non
467 1668 772 1720 intelligebant.
813 1670 922 1712 Ideo
950 1684 1023 1724 pa-

205 1728 295 1764 tres
314 1724 464 1773 vestri,
494 1725 595 1777 quia
618 1726 779 1768 similes
805 1728 909 1769 estis
933 1728 1024 1769 illo-

205 1792 311 1821 rum.
343 1780 455 1822 Nam
479 1787 687 1833 quantum
713 1784 918 1836 pertinet,
944 1785 1024 1826 fra-

205 1840 294 1876 tres
317 1837 419 1886 mei,
447 1836 504 1879 ad
527 1844 714 1880 mortem
736 1840 863 1882 istam
882 1841 1023 1883 visibi-

205 1891 290 1932 lem
317 1898 359 1933 et
387 1894 676 1946 corporalem,
706 1897 916 1948 numquid
944 1911 1025 1940 nos

205 1960 291 1989 non
331 1950 552 2000 merimur,
598 1952 671 2004 qui
712 1952 1023 1996 manducamus

204 2016 362 2055 panem
406 2004 460 2046 de
506 2006 619 2048 coelo
663 2007 1022 2052 descendentem?

205 2059 274 2100 Sic
293 2065 392 2101 sunt
410 2062 569 2103 mertui
589 2068 632 2105 et
649 2064 720 2114 illi,
744 2066 1022 2117 quemadmo-

205 2114 308 2156 dum
328 2121 371 2157 et
388 2129 469 2157 nos
489 2131 637 2160 sumus
656 2121 871 2162 morituri:
892 2135 1022 2174 quan-

204 2175 295 2212 tum
329 2172 496 2222 attinet,
529 2179 576 2215 ut
609 2175 713 2225 dixi,
749 2176 806 2218 ad
837 2185 1023 2220 mortem

204 2226 328 2278 hujus
347 2229 544 2280 cerporis
560 2231 772 2274 visibilem
787 2238 918 2286 atque
934 2248 1022 2277 car-

204 2282 358 2324 nalem.

256 2341 305 2391 R·.
332 2339 415 2388 Qui
432 2340 674 2384 manducat.
694 2345 781 2385 154.

484 2403 633 2445 Lectio
654 2405 737 2445 viii.

205 2443 463 2567 Quantum
495 2471 639 2508 autem
671 2468 860 2520 pertinet
893 2468 948 2510 ad
975 2469 1020 2509 il-

298 2519 383 2560 lam
401 2527 596 2571 mortem,
617 2522 670 2563 de
688 2536 772 2575 qua
786 2530 921 2569 terret
935 2525 1021 2566 Do-

202 2576 360 2625 minus,
405 2589 489 2628 qua
534 2579 692 2619 mertui
738 2585 837 2621 sunt
874 2586 1021 2632 patres

202 2631 398 2673 istorum:
450 2633 727 2675 manducavit
776 2648 932 2676 manna
978 2643 1021 2678 et
1076 2634 1170 2667 4²25:

202 2687 394 2740 Meyses,
444 2689 722 2732 manducavit
772 2704 928 2731 manna
978 2698 1021 2733 et

203 2743 365 2794 Aaron,
390 2744 668 2788 manducavit
686 2759 841 2788 manna
861 2753 905 2788 et
923 2748 1019 2788 Phi-

709 232 806 265 Infra
833 232 1015 265 Octavam
1042 230 1226 273 Corporis
1248 230 1401 264 Christi.

1082 338 1197 376 nees,
1216 324 1591 368 manducaverunt
1606 326 1666 368 ibi
1679 327 1815 378 multi,
1835 329 1909 381 qui

1082 381 1271 423 Demino
1290 381 1558 434 placuerunt,
1578 387 1622 424 et
1640 385 1800 426 mertui
1820 398 1909 427 non

1083 443 1192 479 sunt.
1244 437 1410 488 Quare?
1462 438 1574 488 Quia
1606 439 1820 482 visibilem
1853 442 1908 484 ci-

1081 494 1186 535 bum
1206 494 1461 546 spiritaliter
1479 494 1798 548 intellexerunt,
1822 499 1908 551 spi-

1081 550 1264 592 ritaliter
1285 551 1542 601 esurierunt,
1562 553 1816 605 spiritaliter
1833 567 1907 606 gu-

1082 609 1323 657 staverunt,
1347 612 1396 649 ut
1421 608 1676 661 spiritaliter
1703 611 1907 653 satiaren-

1081 668 1162 705 tur.
1197 663 1312 705 Nam
1337 669 1381 706 et
1405 677 1486 706 nos
1510 665 1643 708 hodie
1669 668 1907 721 accipimus

1082 719 1300 762 visibilem
1319 720 1479 763 cibum:
1505 722 1584 764 sed
1609 722 1728 765 aliud
1753 729 1820 766 est
1843 737 1907 766 sa—

1083 778 1369 828 cramentum,
1419 778 1538 820 aliud
1581 780 1719 822 virtus
1767 793 1907 823 sacra-

1082 833 1227 875 menti.

1128 889 1183 940 R.
1210 889 1330 932 Misit
1347 903 1428 932 me.
1448 891 1536 932 154.

1382 962 1534 1002 Lectio
1554 962 1609 1002 ix.

1083 1004 1267 1129 Quam
1291 1025 1417 1067 multi
1444 1024 1499 1067 de
1525 1026 1652 1068 altari
1676 1027 1907 1081 accipiunt,

1188 1086 1232 1123 et
1267 1082 1529 1132 moriuntur,
1567 1087 1611 1125 et
1648 1084 1906 1137 accipiendo

1081 1137 1340 1180 moriuntur!
1366 1138 1493 1180 Unde
1518 1137 1624 1181 dicit
1647 1140 1907 1193 Apostolus:

1080 1193 1105 1234 J
1107 1193 1298 1235 udicium
1330 1195 1413 1237 sibi
1444 1195 1683 1238 manducat
1715 1202 1759 1239 et
1785 1197 1906 1240 bibit.

1079 1250 1237 1292 Nonne
1273 1251 1471 1293 buccella
1507 1252 1738 1295 Dominica
1779 1256 1905 1296 vene-

1079 1320 1183 1348 num
1201 1307 1282 1349 fuit
1300 1307 1449 1350 Judae?
1474 1309 1533 1350 Et
1555 1313 1703 1351 tamen
1726 1311 1907 1363 accepit.

1078 1363 1135 1404 Et
1162 1377 1260 1405 cum
1287 1365 1475 1418 accepit,
1510 1365 1554 1406 in
1581 1377 1681 1407 eum
1706 1367 1906 1409 inimicus

1078 1420 1270 1462 intravit:
1298 1434 1386 1463 non
1413 1422 1513 1474 quia
1536 1424 1699 1466 malum
1725 1424 1906 1477 accepit,

1079 1476 1158 1519 sed
1185 1478 1287 1530 quia
1310 1477 1475 1520 bonum
1494 1479 1607 1522 male
1626 1480 1766 1522 malus
1785 1482 1906 1523 acce-

1077 1533 1152 1586 pit.
1207 1533 1369 1576 Videte
1403 1548 1507 1587 ergo
1541 1536 1715 1587 fratres,
1746 1549 1906 1591 panem

1078 1589 1303 1632 coelestem
1344 1592 1598 1644 spiritaliter
1632 1592 1906 1645 manducate,

1076 1646 1368 1689 innocentiam
1402 1647 1459 1690 ad
1491 1649 1629 1691 altare
1661 1652 1905 1703 apportate.

1075 1703 1280 1754 Peccata,
1309 1704 1392 1746 etsi
1411 1710 1512 1747 sunt
1536 1706 1808 1758 quotidiana,
1834 1707 1905 1749 vel

1075 1773 1163 1801 non
1191 1760 1278 1802 sint
1305 1761 1543 1813 mortifera;
1581 1764 1816 1815 antequam
1847 1762 1904 1806 ad

1075 1816 1212 1858 altare
1250 1816 1487 1868 accedatis,
1533 1819 1746 1862 attendite
1784 1818 1904 1873 quod

1076 1871 1247 1915 dicatis:
1279 1873 1462 1916 Dimitte
1493 1874 1619 1917 nobis
1653 1875 1802 1918 debita
1827 1889 1902 1918 no-

1074 1934 1181 1979 stra,
1207 1930 1320 1971 sicut
1343 1935 1388 1972 et
1406 1943 1488 1972 nos
1506 1931 1764 1974 dimittimus
1784 1931 1902 1975 debi-

1073 1985 1243 2027 toribus
1261 1987 1435 2028 nostris.
1470 1987 1517 2028 Si
1536 1986 1734 2039 dimittis,
1760 1987 1901 2030 dimit—

1073 2043 1189 2084 tetur
1219 2042 1316 2085 tibi:
1348 2046 1528 2085 securus
1563 2043 1742 2094 accede,
1773 2045 1900 2097 panis

1074 2103 1152 2149 est,
1171 2112 1259 2140 non
1279 2101 1506 2141 venenum.

1126 2159 1187 2202 Te
1207 2161 1350 2202 Deum
1368 2160 1608 2202 laudamus.
1627 2163 1685 2203 13.

1271 2278 1437 2315 Feria
1471 2279 1701 2326 Quarta.

1306 2340 1357 2380 In
1382 2339 1413 2379 1.
1439 2339 1662 2380 Nocturno.

1207 2398 1273 2440 De
1291 2399 1404 2441 libro
1424 2401 1566 2452 primo
1587 2402 1769 2453 Regum.

1125 2460 1277 2502 Lectio
1300 2462 1323 2501 i.
1521 2464 1623 2515 Cap.
1642 2465 1679 2504 6.
1695 2462 1735 2504 d.
1751 2468 1793 2504 et
1807 2462 1844 2502 7.

1395 2536 1540 2572 autem
1564 2531 1619 2573 de
1642 2531 1745 2573 viris
1765 2532 1894 2574 Beth-

1201 2587 1444 2637 samitibuS,
1471 2600 1523 2628 eo
1545 2587 1665 2639 quod
1683 2588 1895 2630 vidissent

1202 2655 1347 2683 arcam
1378 2643 1570 2684 Domini:
1602 2649 1646 2686 et
1676 2645 1895 2697 percussit

1072 2695 1126 2736 de
1163 2699 1330 2751 populo
1366 2702 1642 2752 septuaginta
1674 2701 1811 2751 viros,
1850 2706 1894 2742 et

1071 2751 1382 2805 quinquaginta
1403 2755 1537 2797 millia
1559 2755 1712 2808 plebis.
1744 2757 1892 2798 Luxit-
