2040 2976
431 216 503 251 Die
530 217 578 251 13.
604 216 781 259 Augusti.

150 310 243 351 1310
271 310 424 362 coepit:
453 310 551 359 Quo
579 307 861 362 progrederis
890 307 983 350 sine

151 366 242 409 filio
277 364 429 419 pater?
465 378 553 418 quo
589 365 798 407 sacerdos
832 368 983 405 sancte

151 423 243 465 sine
260 423 448 464 diacono
464 420 702 475 preperas?
730 421 984 474 Numquam

150 479 416 521 sacrificium
453 479 545 520 sine
586 479 784 520 ministro
825 477 984 519 offerre

151 538 457 578 consueveras.
486 534 604 585 Quid
621 535 666 576 in
683 547 754 576 me
775 546 879 586 ergo
900 533 983 575 dis-

150 592 304 645 plicuit
319 591 469 646 pater?
497 592 615 634 Num
631 591 895 643 degenerem
913 603 983 632 me

144 648 379 702 probasti?
433 650 648 703 Experire
684 653 804 691 certe
836 652 984 689 utrum

149 706 359 748 ideneum
386 706 633 748 ministrum
662 704 857 757 elegeris.
904 704 984 746 Cui

151 763 407 805 commisisti
419 762 640 805 Dominici
657 761 880 813 sanguinis
899 760 983 802 dis-

150 820 466 872 pensationem,
493 819 562 862 cui
582 817 984 861 consumandorum

152 876 422 918 consortium
455 877 846 924 sacramentorum,
883 875 984 916 huic

153 934 423 975 consortium
449 933 514 975 tui
542 932 767 984 531131111115
794 931 952 983 negas?

204 996 255 1048 R.
274 994 371 1045 Quo
390 993 685 1047 progrederis.
704 994 800 1035 493.

460 1068 613 1110 Lectio
634 1083 670 1110 v.

252 1129 335 1164 Lib.
352 1129 393 1173 2.,
411 1140 493 1174 cap.
508 1130 575 1173 28„
592 1134 682 1174 post
698 1130 877 1164 medium.

264 1198 352 1238 quo
373 1198 472 1227 cum
493 1186 795 1238 quaererentur
810 1184 983 1226 thesau-

279 1242 317 1282 ri
343 1241 574 1291 Ecclesiae,
602 1242 806 1295 promisit
835 1254 882 1283 se
911 1241 982 1283 de-

150 1301 507 1340 monstraturum.
544 1298 755 1350 Sequenti
782 1297 852 1339 die
877 1301 983 1351 pau-

149 1367 280 1407 peres
309 1354 444 1396 duxit.
485 1355 788 1406 Interrogatus
816 1354 892 1396 ubi
920 1368 983 1397 es-

151 1417 249 1454 sent
267 1411 465 1454 thesauri
486 1425 597 1464 quos
616 1414 893 1465 promiserat,
916 1425 982 1453 os-

149 1467 292 1511 tendit
317 1471 556 1522 paupereS,
592 1467 760 1511 dicens·
791 1468 851 1509 Hi
883 1473 984 1511 sunt

148 1523 344 1567 thesauri
378 1525 605 1567 Ecclesiae.
658 1525 715 1567 Et
751 1538 855 1567 vere
890 1524 983 1567 the-

150 1582 283 1631 sauri,
316 1581 361 1622 in
396 1581 555 1634 quibus
589 1581 789 1623 Christus
823 1586 906 1632 est,
940 1582 984 1623 in

151 1638 311 1691 quibus
337 1638 500 1681 Christi
523 1637 636 1681 fides
663 1643 742 1680 est.
782 1639 983 1691 Denique

148 1695 394 1748 Apostolus
432 1696 510 1738 ait:
545 1695 772 1738 Habemus
809 1695 982 1737 thesau-

149 1765 247 1793 rum
273 1752 317 1793 in
341 1753 459 1794 vasis
487 1752 708 1795 fictilibus.
746 1753 868 1802 Quos
895 1765 982 1794 me-

148 1809 282 1851 116105
322 1809 557 1851 thesauros
597 1809 732 1852 habet
770 1808 982 1860 Christus,

151 1878 283 1918 quam
309 1878 386 1907 eos
409 1866 453 1907 in
480 1865 639 1919 quibus
663 1879 712 1907 se
731 1878 829 1907 esse
849 1864 981 1908 dixit?

149 1922 221 1964 Sic
245 1922 361 1964 enim
383 1923 598 1976 scriptum
622 1927 705 1964 est:
727 1922 914 1972 Esurivi‚
938 1927 982 1965 et

151 1977 334 2020 dedistis
354 1979 460 2020 mihi
480 1978 764 2020 manducare:
788 1979 915 2029 sitivi,
938 1984 982 2021 et

150 2034 334 2076 dedistis
353 2035 460 2076 mihi
477 2034 646 2078 bibere:
666 2034 831 2088 hospes
852 2048 982 2086 eram,

151 2096 195 2133 et
222 2091 460 2143 collegistis
488 2105 570 2134 me.
614 2091 672 2133 Et
699 2091 825 2133 infra:
854 2092 983 2142 Quod
1039 2083 1074 2141 ᾖξ’
1088 2082 1137 2131 ‘¹2ss

151 2147 266 2189 enim
291 2148 367 2189 uni
393 2147 551 2190 horum
578 2148 759 2198 fecistis,
791 2148 898 2190 mihi
924 2149 982 2190 fe-

152 2204 283 2246 cistis.
326 2205 423 2246 Hos
451 2205 682 2247 thesauros
711 2204 981 2247 demonstra-

150 2261 213 2302 vit
236 2261 509 2312 Laurentius,
538 2266 583 2304 et
610 2261 726 2312 vicit,
756 2261 877 2313 quod
905 2274 983 2303 eos

150 2329 232 2359 nec
250 2320 510 2370 persecutor
530 2318 676 2370 potuit
695 2318 879 2360 auferre.

201 2377 252 2429 R.
272 2377 376 2419 Noli
394 2390 465 2419 me
485 2377 802 2431 derelinquere.
820 2380 917 2420 494.

448 2451 600 2494 Lectio
620 2453 673 2494 vi.

148 2510 430 2617 Numquid
444 2516 611 2559 dictum
626 2522 692 2559 est
708 2522 861 2559 sancto
871 2517 981 2559 Lau-

271 2573 428 2615 rentio:
457 2573 560 2615 Non
584 2572 774 2615 debuisti
799 2576 982 2625 erogare

150 2629 382 2671 thesauros
390 2630 612 2679 Ecclesiae,
622 2643 729 2671 vasa
739 2643 982 2672 sacramen-

150 2687 298 2728 terum
316 2686 531 2728 vendere?
569 2687 693 2739 Opus
717 2691 794 2736 est,
818 2692 866 2729 ut
885 2687 982 2739 quis

151 2742 239 2785 fide
271 2743 442 2785 sincera
479 2748 523 2785 et
556 2743 805 2797 perspicaci
836 2744 980 2797 provi-

829 215 973 256 Quarta
996 215 1058 248 die
1084 214 1182 248 infra
1210 213 1290 248 Oct.
1316 213 1351 248 S.
1375 214 1583 247 Laurentii.

1798 211 1872 246 503

1037 306 1186 349 dentia
1203 320 1360 348 munus
1379 306 1466 348 hoc
1485 307 1677 359 impleat.
1705 307 1819 348 Sane
1835 306 1872 348 si

1036 364 1080 404 in
1113 377 1192 406 sua
1228 364 1324 416 quis
1362 362 1533 405 derivat
1568 363 1873 413 emolumenta,

1037 420 1203 462 crimen
1239 426 1322 462 est:
1359 420 1426 461 sin
1460 432 1568 461 vero
1603 419 1874 473 pauperibus

1037 479 1207 528 erogat,
1235 479 1460 530 captivum
1487 475 1680 526 redimit,
1708 477 1873 519 miseri-

1037 533 1190 576 cerdia
1215 540 1293 576 est.
1325 534 1470 575 Nemo
1498 534 1613 575 enim
1637 539 1787 586 potest
1813 533 1872 576 di-

1038 604 1152 633 cere:
1170 591 1257 632 Cur
1271 603 1441 644 pauper
1456 589 1587 632 vivit?
1616 591 1760 632 Nemo
1776 596 1872 644 pot·

1038 654 1104 690 est
1140 648 1282 700 queri,
1322 648 1423 700 quia
1457 648 1621 700 captivi
1655 646 1874 700 redempti

1038 710 1148 747 sunt.
1180 705 1325 747 Nemo
1349 709 1500 758 potest
1524 706 1744 754 accusare,
1772 705 1874 757 quia

1036 761 1251 815 templum
1275 762 1360 803 Dei
1384 760 1654 803 aedificatum
1678 766 1755 803 est.
1787 762 1830 803 N
1833 775 1872 803 e-

1036 831 1109 860 mo
1136 823 1287 872 potest
1310 817 1539 870 indignari,
1566 818 1668 870 quia
1693 818 1871 860 human-

1038 875 1106 917 dis
1124 875 1321 917 fidelium
1344 875 1541 928 reliquiis
1565 875 1709 927 spatia
1726 875 1874 917 laxata

1038 937 1154 974 sunt:
1179 945 1310 975 nemo
1334 938 1484 986 potest
1511 931 1675 982 dolere,
1703 933 1805 985 quia
1829 933 1873 973 in

1037 989 1275 1042 sepulturis
1311 989 1663 1031 Christianerum
1698 989 1873 1042 requies

1038 1046 1345 1089 defuncturum
1365 1051 1443 1089 est.
1474 1046 1526 1087 In
1548 1046 1616 1087 his
1640 1045 1782 1088 tribus
1802 1059 1872 1098 ge-

1037 1102 1217 1145 neribus
1241 1116 1348 1145 vasa
1370 1102 1584 1144 Ecclesiae
1608 1103 1741 1144 etiam
1763 1103 1873 1144 initi-

1038 1161 1111 1201 313
1136 1160 1423 1212 confringere,
1450 1159 1654 1209 conflare,
1681 1159 1874 1202 vendere
1918 1166 1919 1169 ’

1037 1216 1150 1259 licet.

1088 1274 1137 1325 R'·
1157 1274 1323 1315 Beatus
1343 1273 1616 1315 Laurentius.
1636 1274 1733 1314 494.

1251 1349 1300 1388 In
1328 1349 1399 1388 III.
1428 1349 1652 1388 Nocturno.

1040 1408 1193 1451 Lectio
1219 1410 1360 1451 5311011
1379 1409 1608 1460 Evangelii
1631 1409 1873 1451 secundum

1342 1467 1366 1507 J
1369 1468 1567 1508 oannem.

1101 1527 1253 1567 Lectio
1274 1527 1343 1566 vii.
1565 1527 1667 1577 Cap.
1684 1528 1740 1566 12.
1757 1526 1796 1566 d.

1035 1583 1111 1690 In
1130 1587 1206 1629 illo
1223 1589 1440 1640 tempore:
1460 1589 1583 1630 Dixit
1597 1589 1622 1629 J
1625 1601 1726 1630 esus
1742 1588 1869 1630 disci—

1101 1644 1216 1697 pulis
1237 1645 1341 1686 suis:
1361 1645 1515 1695 Amen,
1534 1658 1662 1687 amen
1677 1644 1778 1687 dico
1798 1658 1871 1687 vo·
1915 1678 1917 1680 -

1036 1701 1122 1751 bis,
1149 1701 1232 1742 nisi
1260 1714 1445 1753 granum
1472 1702 1680 1744 frumenti
1709 1702 1872 1744 cadens

1034 1758 1079 1798 in
1103 1765 1277 1808 terram,
1304 1760 1527 1800 mortuum
1553 1759 1698 1809 fuerit3
1726 1760 1872 1812 ipsum

1036 1814 1180 1856 solum
1198 1820 1356 1857 manet.
1384 1816 1443 1864 Et
1461 1815 1639 1868 reliqua.

1100 1890 1169 1930 De
1191 1889 1386 1930 Homilia
1410 1890 1550 1931 sancti
1573 1890 1811 1941 Augustini

1341 1946 1567 1999 Episcopi.

1033 2010 1091 2044 Ex
1105 2010 1231 2044 Tract.
1248 2010 1299 2044 51.
1319 2010 1357 2043 in
1374 2010 1575 2051 Joannem
1598 2020 1720 2053 prope
1740 2009 1863 2043 finem.
1913 2043 1915 2046 ,

1126 2067 1347 2111 Τ11115101·
1372 2072 1440 2109 est
1460 2068 1622 2110 Christi
1646 2082 1787 2122 usque
1813 2069 1871 2112 ad

1042 2139 1093 2184 (ι
1106 2108 1157 2176 *x
1178 2117 1188 2166 {³
1210 2123 1319 2165 illud
1338 2137 1451 2177 opus
1472 2138 1644 2190 magnae
1665 2126 1870 2177 caritatis,

1187 2188 1189 2195 ’
1212 2179 1333 2233 quod
1352 2186 1420 2223 est
1439 2183 1629 2224 animam
1644 2196 1769 2224 suam
1787 2196 1870 2236 pro

1035 2235 1244 2278 fratribus
1271 2239 1456 2289 penere.
1483 2238 1570 2281 hoc
1594 2244 1662 2282 est
1687 2240 1803 2282 enim
1827 2246 1871 2283 01
1914 2259 1915 2262 ’

1035 2305 1118 2345 pro
1148 2292 1323 2335 Christo
1350 2297 1535 2348 penere,
1572 2297 1675 2349 quia
1706 2302 1750 2338 et
1784 2297 1870 2339 hoc

1034 2354 1218 2402 propter
1242 2363 1320 2392 sua
1343 2352 1541 2394 membra
1565 2352 1762 2395 dicturus
1787 2358 1870 2395 est:
1912 2398 1914 2400 ,

1036 2405 1147 2447 Cum
1164 2419 1247 2459 pro
1267 2407 1362 2449 istis
1381 2409 1557 2460 fecistis,
1578 2423 1661 2478 pro
1678 2423 1749 2452 me
1769 2410 1868 2452 feci-

1035 2462 1126 2504 stis.
1170 2463 1239 2505 De
1272 2464 1350 2506 tali
1377 2466 1543 2519 quippe
1571 2468 1708 2520 opere
1737 2467 1869 2508 etiam

1035 2531 1083 2560 se
1110 2519 1357 2562 ministrum
1389 2522 1535 2564 fecere
1568 2528 1612 2564 et
1641 2522 1868 2576 appellare

1035 2574 1238 2626 dignatus
1267 2583 1349 2628 est,
1377 2578 1452 2621 ubi
1480 2579 1556 2621 ait:
1584 2579 1706 2621 Sicut
1732 2579 1868 2620 Filius

1034 2631 1223 2674 heminis
1251 2647 1339 2675 non
1363 2635 1483 2677 venit
1511 2635 1759 2684 ministrari,
1788 2634 1868 2676 sed

1034 2689 1300 2741 ministrare,
1334 2696 1378 2733 01
1410 2692 1603 2733 31111113111
1634 2704 1758 2732 5113111
1789 2693 1866 2743 po-

1034 2758 1138 2787 nere
1171 2759 1254 2799 pro
1289 2747 1450 2790 multis.
1502 2749 1619 2789 Hinc
1657 2752 1724 2789 est
1760 2759 1866 2798 ergo
