2040 2976
763 230 939 265 Officium
962 230 1247 265 Defunctorum.

215 333 478 374 Convertere
522 331 724 379 Βο1111116,
774 334 818 371 61
861 329 981 382 eripe

163 389 349 430 unimam
380 401 537 430 meam:
564 388 587 412 *
616 386 783 428 salvum
813 398 882 427 me
914 385 982 426 fac

162 450 343 498 propter
361 442 702 486 misericordiam
720 447 849 491 tuam,

218 501 434 551 Queniam
461 513 547 541 non
577 504 642 541 est
668 499 712 539 in
739 503 880 539 morte
909 498 982 550 qui

124 589 138 599 .
162 570 329 599 memor
354 557 409 598 sit
433 557 509 598 tui:
532 556 555 582 *
578 556 622 596 in
644 555 812 596 inferno
837 559 982 595 autem

165 614 260 666 quis
281 612 558 666 confitebitur
575 611 675 653 tibi?

214 669 433 711 Laboravi
450 669 494 710 in
512 668 674 719 gemitu
692 679 802 717 meo,
823 665 980 708 lavabo

162 739 242 779 per
263 725 452 776 singulas
475 729 626 766 noctes
645 723 806 764 lectum
823 735 981 764 meum:

164 782 392 823 *lacrimis
418 781 526 823 meis
553 785 736 822 stratum
759 791 904 820 meum
928 779 980 819 ri-

162 838 288 890 gabo.

215 894 436 936 Turbatus
482 898 548 934 est
588 905 614 933 a
649 892 794 933 furore
831 891 983 933 oculus

163 964 300 994 meus:
314 952 337 976 *
356 949 594 992 inveteravi
612 948 722 990 inter
740 960 890 989 omnes
908 947 982 988 ini-

163 1010 301 1050 micos
318 1019 453 1048 meos.

215 1062 439 1105 Discedite
459 1075 484 1103 a
501 1074 571 1103 me
591 1074 758 1111 01111165,
785 1060 858 1112 qui
882 1072 983 1112 ope-

164 1120 320 1161 ramini
337 1119 624 1171 iniquitatem:
642 1119 666 1143 *
687 1117 891 1169 quoniam
915 1129 983 1157 ex-

164 1176 329 1218 audivit
342 1175 557 1217 D6minus
571 1186 724 1215 vocem
743 1173 871 1214 fietus
888 1173 984 1213 mei.

216 1232 450 1274 Exaudivit
476 1231 689 1272 Deminus
717 1230 983 1282 deprecatio-

165 1302 263 1331 nem
286 1301 443 1338 meam,
462 1290 485 1314 *
505 1287 719 1328 Deminus
743 1286 984 1327 013110116111

164 1358 306 1386 11163111
325 1344 528 1396 suscepit.

215 1401 498 1450 Erubescant,
521 1404 564 1442 et
585 1398 897 1441 conturbentur
915 1412 984 1440 ve-

164 1458 389 1500 hementer
433 1469 584 1498 omnes
630 1455 791 1496 inimici
835 1456 934 1497 mei:
962 1458 985 1482 *

165 1516 472 1556 convertantur
501 1518 544 1554 et
575 1511 833 1554 erubescant
858 1511 985 1553 valde

164 1571 383 1613 velociter.

215 1627 429 1680 Requiem
448 1630 666 1670 aetemam.

218 1685 316 1726 Ant.
340 1685 608 1726 Convertere
626 1681 823 1732 Domine,
843 1686 886 1723 61
906 1681 983 1722 611-

165 1753 222 1793 pe
254 1740 441 1782 animam
470 1753 627 1782 meam:
663 1738 867 1792 quoniam
897 1750 985 1779 non

166 1801 232 1838 est
249 1797 292 1838 in
309 1802 461 1847 morte,
480 1797 554 1849 qui
571 1808 738 1838 memor
757 1795 814 1836 sit
831 1794 904 1836 tui.

221 1854 320 1896 Ant.
352 1852 595 1905 Nequando
626 1853 766 1905 rapiat
789 1853 812 1879 *
837 1856 885 1892 ut
913 1850 983 1893 leo

166 1910 353 1951 animam
377 1922 537 1959 meam,
574 1908 678 1950 dum
707 1920 795 1949 non
820 1911 887 1949 est
912 1907 985 1959 qui

166 1965 365 2015 redimat,
390 1978 533 2018 neque
559 1965 632 2017 qui
655 1964 822 2006 salvum
844 1963 984 2004 faciat.

454 2030 649 2072 Psalmus
668 2031 703 2071 7.

253 2079 396 2120 01111116
409 2079 529 2120 Deus
545 2091 668 2120 meus
681 2078 725 2119 in
738 2082 782 2118 te
798 2076 984 2129 speravi:

266 2137 290 2163 *
316 2135 484 2177 salvum
509 2148 579 2176 me
607 2135 675 2176 130
702 2146 756 2175 ex
782 2132 982 2174 omnibus

166 2191 528 2245 persequentibus
545 2204 626 2240 me,
646 2195 689 2232 et
707 2189 844 2231 libera
861 2201 941 2230 1116.

216 2246 463 2300 Nequando
482 2248 625 2300 rapiat
643 2251 691 2288 ut
708 2246 778 2287 160
799 2245 984 2286 animam

166 2317 324 2354 meam,
342 2306 366 2330 *
386 2303 489 2345 dum
506 2316 594 2345 non
613 2308 679 2344 est
697 2302 771 2355 qui
789 2301 983 2351 redimat,

167 2373 309 2412 neque
329 2361 402 2412 qui
420 2360 586 2401 salvum
605 2360 746 2400 130131.

217 2417 404 2458 1)01111116
419 2417 539 2458 Ι)6ι15
553 2429 686 2465 meus,
706 2415 742 2456 si
760 2415 843 2456 feci
857 2413 984 2463 istud,

167 2473 191 2498 *
210 2473 246 2513 si
270 2478 335 2514 est
359 2472 563 2524 iniquitas
582 2472 626 2512 in
643 2471 842 2513 manibus
861 2471 983 2512 meis:

219 2529 263 2569 Si
304 2527 474 2570 reddidi
509 2527 846 2570 retribuentibus
880 2527 985 2568 mihi

167 2585 295 2635 mala,
314 2587 337 2612 *
358 2584 556 2626 deeidam
582 2585 737 2626 merito
766 2584 820 2626 ab
850 2583 983 2625 inimi-

168 2642 230 2683 cis
249 2641 357 2682 meis
376 2641 525 2682 inanis.

218 2698 512 2749 Persequatur
558 2697 755 2738 inimicus
799 2697 985 2738 animam

167 2766 318 2804 11163111,
331 2758 374 2795 61
388 2751 741 2806 comprehendat,
755 2758 798 2795 et
813 2753 982 2795 concul-

1034 333 1103 369 cet
1121 328 1165 368 in
1183 332 1300 369 terra
1320 328 1453 369 vitam
1473 340 1629 377 meam,
1652 331 1675 354 *
1700 332 1743 368 61
1765 326 1853 378 glo-

1033 384 1140 425 riam
1165 396 1306 425 meam
1331 384 1375 424 in
1402 383 1629 436 pulverem
1655 382 1854 424 deducat.

1085 441 1282 491 Exsurge
1303 440 1488 481 Demine
1511 440 1556 480 in
1576 440 1639 480 ira
1660 445 1749 481 tua:
1768 442 1791 466 *
1813 444 1856 480 61

1035 496 1227 538 exaltare
1245 497 1289 537 in
1307 497 1465 538 finibus
1483 496 1756 537 inimicerum
1768 507 1854 537 me-

1035 555 1170 594 erum.

1086 610 1142 651 Et
1174 612 1359 660 exsurge
1386 610 1483 650 Dfie
1510 609 1629 650 Deus
1660 621 1782 649 meus
1813 608 1855 649 in

1034 667 1258 719 praecepto
1284 665 1402 717 quod
1421 665 1649 706 mandasti:
1664 667 1687 691 *
1699 670 1742 706 et
1762 678 1856 716 syn-

1036 725 1175 774 agoga
1193 722 1457 775 populerum
1476 721 1762 763 circumdabit
1779 726 1834 762 16.

1086 779 1143 820 Ε1
1167 784 1350 832 propter
1368 777 1480 819 hanc
1499 778 1542 818 in
1562 778 1696 819 altum
1715 779 1856 828 regre-

1037 835 1155 877 dere:
1173 838 1196 862 *
1216 835 1429 876 Deminus
1447 834 1610 886 judicat
1627 834 1828 886 populos.

1089 892 1113 933 J
1115 891 1243 933 udica
1282 904 1352 932 me
1391 891 1577 932 Domine
1620 890 1858 931 secundum

1037 949 1242 1000 justitiam
1276 960 1436 997 meam,
1472 948 1495 972 *
1533 952 1576 989 et
1618 946 1859 988 secundum

1036 1005 1328 1046 innocentiam
1346 1017 1488 1045 meam
1508 1016 1639 1056 super
1659 1015 1739 1044 me.

1091 1062 1379 1103 Consumetur
1421 1060 1617 1112 nequitia
1656 1061 1856 1112 peccato-

1036 1131 1149 1168 rum,
1175 1123 1218 1159 et
1242 1116 1402 1168 diriges
1422 1118 1596 1168 justum,
1616 1118 1639 1142 *
1659 1120 1858 1157 scrutans

1038 1174 1173 1216 corda
1192 1179 1236 1215 et
1255 1186 1380 1215 renes
1400 1173 1531 1214 Deus.

1087 1231 1112 1271 J
1113 1236 1257 1272 ustum
1276 1230 1536 1282 adjutorium
1550 1241 1694 1270 meum
1709 1241 1734 1269 a
1748 1229 1858 1277 Duo,

1037 1290 1060 1314 *
1082 1288 1155 1339 qui
1173 1287 1317 1328 salvos
1336 1286 1439 1327 facit
1456 1291 1601 1327 rectos
1622 1284 1765 1326 corde.

1089 1344 1209 1385 Deus
1229 1343 1358 1395 judex
1376 1344 1529 1395 justus,
1555 1342 1698 1391 fortis,
1723 1346 1765 1383 et
1784 1343 1857 1393 pa-

1037 1401 1163 1442 tiens:
1182 1401 1204 1426 *
1223 1399 1435 1452 numquid
1459 1399 1659 1440 irascitur
1677 1411 1756 1451 per
1776 1399 1857 1438 sin-

1036 1457 1163 1509 gulos
1183 1455 1299 1498 dies?

1088 1514 1185 1555 Nisi
1217 1512 1416 1554 conversi
1447 1511 1630 1560 fueritis,
1667 1510 1858 1562 gladium

1037 1584 1163 1611 suum
1193 1568 1397 1611 vibrabit:
1420 1569 1444 1594 *
1469 1581 1617 1610 arcum
1645 1580 1770 1608 suum
1796 1571 1856 1607 te-

1036 1625 1187 1676 tendit,
1207 1630 1250 1667 et
1269 1625 1441 1678 paravit
1459 1624 1589 1665 illum.

1087 1683 1144 1724 Et
1168 1683 1213 1723 in
1240 1695 1292 1724 eo
1316 1682 1486 1734 paravit
1512 1693 1616 1722 vasa
1639 1679 1810 1728 mortis,
1834 1681 1857 1705 *

1037 1741 1216 1790 sagittas
1235 1751 1335 1780 suas
1355 1737 1608 1779 ardentibus
1627 1735 1781 1777 effecit.

1087 1797 1202 1837 Ecce
1222 1795 1425 1848 parturiit
1438 1793 1705 1846 injustitiam:
1719 1793 1742 1819 *
1758 1804 1857 1833 con-

1037 1853 1155 1905 cepit
1186 1851 1400 1901 dolorem,
1433 1855 1477 1892 et
1507 1849 1679 1902 peperit
1707 1848 1857 1901 iniqui-

1037 1911 1183 1950 tutem.

1088 1964 1251 2006 Lacum
1270 1963 1450 2016 aperuit,
1470 1968 1513 2004 et
1532 1961 1683 2004 effodit
1704 1975 1816 2003 eum:
1834 1961 1858 1987 *

1038 2026 1082 2063 et
1099 2020 1250 2062 incidit
1268 2020 1311 2061 in
1329 2020 1512 2069 foveam,
1534 2031 1664 2071 quam
1682 2018 1795 2060 fecit.

1092 2077 1379 2119 Convertetur
1405 2075 1532 2117 dolor
1555 2075 1645 2126 ejus
1664 2075 1707 2115 in
1726 2080 1858 2127 caput

1038 2134 1142 2186 ejus:
1160 2135 1183 2161 *
1203 2138 1246 2175 et
1264 2133 1307 2173 in
1325 2132 1533 2174 verticem
1550 2132 1686 2184 ipsius
1705 2131 1857 2184 iniqui-

1037 2195 1104 2232 tas
1124 2190 1214 2241 ejus
1233 2188 1480 2231 descendet.

1090 2245 1342 2288 Confitebor
1383 2245 1571 2286 Domino
1618 2243 1857 2286 secundum

1036 2303 1241 2354 justitiam
1261 2303 1366 2354 ejus:
1386 2303 1409 2328 *
1429 2306 1472 2344 et
1490 2301 1675 2354 psallam
1693 2300 1857 2341 1101111111

1036 2359 1213 2399 1)01111111
1232 2358 1441 2400 altissimi.
1641 2354 1650 2362 '

1088 2415 1303 2468 Requiem
1321 2416 1536 2456 aeternam.

1092 2471 1190 2512 Ant.
1208 2470 1448 2524 Nequando
1468 2470 1610 2523 rapiat
1624 2475 1671 2511 ut
1685 2469 1754 2511 leo
1770 2469 1855 2509 3111-

1036 2540 1151 2568 mam
1169 2540 1324 2578 meam‚
1351 2527 1454 2570 dum
1478 2540 1566 2568 non
1585 2531 1651 2568 est
1671 2525 1744 2577 qui
1762 2523 1855 2566 red-

1036 2584 1151 2634 imat,
1170 2597 1311 2636 neque
1332 2584 1406 2637 qui
1424 2584 1591 2626 salvum
1608 2582 1747 2623 faciat.

1091 2637 1140 2688 V.
1165 2642 1205 2682 A
1228 2646 1358 2693 porta
1382 2640 1517 2682 inferi.
1561 2640 1609 2689 Η.
1633 2638 1748 2679 Erue
1767 2637 1853 2677 De-

1036 2697 1150 2739 mine
1170 2698 1334 2738 animas
1354 2699 1515 2739 eorum.

1091 2754 1216 2795 Pater
1234 2758 1394 2795 noster.
1416 2756 1553 2792 totum
1575 2754 1754 2789 5601610.
