2040 2976
183 189 259 224 380

499 290 706 340 Hymnus.

186 351 418 458 Festivis
446 352 653 393 resonent
681 351 874 403 compita
901 350 1015 391 voci-

239 465 367 507 Cives
400 408 599 507 laefiggsfl
632 463 848 506 frontibus
883 462 1016 516 expli-

238 578 388 619 Taedis
413 526 682 619 flanffrffiissris
710 577 863 618 ordine
886 574 1016 628 prod-

239 691 448 732 Instriicti
466 639 600 742 ρῗὶῖἳίῒ
613 695 657 732 et
676 702 815 731 senes.

190 769 328 817 Quem
365 764 475 806 dura
511 764 704 805 moriens
738 763 938 804 Christus
976 761 1018 801 in

499 820 657 862 arbore

239 877 371 920 Fudit
398 877 627 930 multiplici
646 877 827 918 vnlnere
847 875 1018 926 sangui-

499 946 609 983 nem,

242 991 337 1032 Nos
353 990 457 1032 faeti
470 992 687 1031 memores
705 989 809 1032 dum
826 989 1020 1038 colimus,

501 1046 630 1088 decet
734 1097 738 1101 ⁸

241 1103 405 1145 Saltem
424 1102 607 1144 fiindere
625 1102 840 1144 lacrimas.

193 1176 394 1217 Humano
414 1174 565 1226 generi
583 1174 801 1227 pernicies
820 1174 966 1225 gravis

244 1230 405 1273 Adami
429 1231 591 1272 veteris
619 1231 798 1272 crimine
823 1231 1022 1282 cOntigit:

243 1287 405 1329 Adami
424 1287 649 1339 integritas
668 1292 712 1328 et
729 1289 873 1340 pietas
892 1287 993 1329 novi

242 1344 392 1386 Vitam
411 1343 604 1386 reddidit
624 1344 837 1385 omnibus.

196 1417 441 1459 Clamorem
459 1417 654 1515 vallildum
677 1430 872 1459 summus
892 1417 948 1459 ab
968 1419 1022 1458 ae-

244 1479 688 1629 Languentis‘idiCiilessiiti
721 1532 758 1572 si
788 1531 920 1573 Pater
951 1534 1023 1572 a1'1-

246 1643 417 1685 Placari
437 1593 593 1697 ponus,
606 1644 816 1695 sanguine
837 1643 998 1693 debuit,

246 1701 303 1743 Et
321 1700 449 1742 nobis
468 1701 640 1742 veniam
660 1700 776 1743 dare.

197 1775 293 1816 Hoc
323 1775 588 1828 quiei'lmque
621 1774 781 1816 stolam
813 1774 1023 1826 sanguine

504 1832 679 1884 proluit,

247 1887 476 1939 Abstergit
498 1888 723 1987 dmaculas3
767 1893 811 1930 et
848 1890 1025 1930 roseum

248 2001 345 2051 Quo
372 2001 449 2043 fiat
474 1958 855 2099 silgillilss'protinus
883 2001 1025 2052 Ange-

521 2071 569 2108 1s,

247 2115 304 2156 Et
323 2115 415 2165 regi
435 2114 620 2167 placeat,
640 2115 769 2168 capit.

201 2192 237 2230 A
261 2193 383 2230 recto
402 2188 618 2230 instabilis
637 2188 813 2230 tramite
832 2190 1027 2241 postmo-

250 2301 306 2343 Se
330 2300 473 2342 nullus
496 2244 704 2365 rcssltlilahan
730 2306 846 2343 meta
868 2300 948 2343 sed
967 2301 1028 2342 iil-

251 2414 492 2466 Tangatur3
510 2362 698 2479 tltssliguet
734 2413 883 2456 nobile
919 2415 1027 2466 pra‘e-

251 2529 335 2579 Qui
356 2483 553 2570 cursunlin
551 2483 672 2570 113λέιέ
693 2527 879 2578 adjuvat.

211 2602 345 2645 Nobis
377 2602 596 2656 propitius
629 2602 705 2651 sis,
737 2602 922 2644 Genitor
953 2614 1029 2654 po—

254 2720 312 2763 Ut
339 2730 451 2774 quos
475 2663 677 2768 uffigghae
701 2715 911 2766 sanguine
933 2715 1029 2755 Filii

654 191 932 226 pretiosissimi
958 190 1166 232 Sanguinis
1191 189 1234 223 D.
1260 189 1304 222 N.
1329 188 1362 221 J.
1389 188 1428 222 C.

1122 283 1294 332 Emisti‚
1326 287 1370 324 et
1401 280 1579 334 placido
1607 281 1804 323 Flamine
1835 282 1898 321 re-

1383 351 1519 388 creas,

1125 396 1237 438 Coeli
1257 394 1312 438 ad
1333 395 1521 437 enlmina
1540 395 1790 438 transferas.

1383 451 1537 493 Amen.

1124 508 1173 559 Y.
1228 508 1477 551 Redemisti
1514 521 1596 550 nos
1632 509 1821 550 Domine
1857 509 1899 549 in

1072 566 1283 617 sanguine
1315 570 1405 607 tuo.
1465 569 1517 621 R.
1555 565 1614 606 Et
1644 564 1788 607 fecisti
1818 577 1900 607 nos

1072 623 1169 664 Deo
1189 628 1343 665 nostro
1363 634 1556 673 regnum.

1126 683 1196 724 Ad
1215 683 1390 734 Magnis.
1426 683 1524 723 Ant.
1558 676 1821 722 Accessistis
1844 677 1901 719 ad

1072 736 1177 778 Sion
1197 740 1405 784 montem,
1431 739 1475 777 et
1500 735 1722 777 civitatem
1741 734 1825 776 Dei
1843 734 1902 775 vi-

1073 793 1230 843 ventis,
1249 793 1275 834 J
1277 791 1496 834 ernsalem
1515 791 1757 841 coelestem,
1781 794 1824 832 et
1841 794 1902 832 te-

1073 850 1277 892 stamenti
1301 849 1405 891 novi
1431 845 1721 890 mediatorem
1743 847 1904 897 Jesum⁷
1941 886 1943 888 ,

1074 912 1118 948 et
1154 906 1376 958 sanguinis
1413 905 1715 958 aspersi6nem
1748 902 1904 945 melius

1073 963 1328 1015 loquentem
1347 974 1479 1014 quam
1498 960 1624 1003 Abel.

1411 1028 1575 1069 Oratio.

1161 1085 1411 1135 mnipotens
1457 1081 1723 1134 sempiterne
1767 1081 1905 1129 Deus,

1179 1139 1255 1191 qui
1285 1138 1557 1190 unigenitum
1587 1137 1746 1179 Filium
1781 1142 1904 1179 tuum

1075 1194 1226 1237 mundi
1250 1195 1602 1247 Redemptdrem
1627 1193 1905 1242 constituisti,

1076 1265 1128 1293 ac
1159 1253 1250 1305 ejus
1279 1250 1490 1302 sanguine
1516 1249 1685 1304 placari
1711 1249 1906 1292 voluisti:

1078 1308 1288 1358 concede,
1328 1309 1597 1360 quaesumus,
1641 1305 1795 1348 saliitis
1830 1318 1905 1347 no-

1077 1370 1181 1406 strae
1201 1365 1392 1418 pretium
1416 1363 1601 1406 solemni
1619 1362 1740 1404 cultu
1757 1363 1818 1405 ita
1836 1375 1906 1404 ve-

1076 1423 1231 1472 nerari,
1251 1427 1384 1474 atque
1403 1434 1429 1463 a
1447 1421 1680 1474 praesentis
1697 1420 1800 1462 vitae
1818 1433 1907 1462 ma-

1077 1479 1131 1520 lis
1150 1480 1242 1530 ejus
1259 1479 1421 1520 virtiite
1441 1476 1618 1520 defendi
1635 1477 1680 1518 in
1698 1477 1842 1527 terris3
1859 1482 1907 1519 ut

1077 1535 1222 1577 fructu
1244 1536 1462 1588 perpetuo
1486 1534 1687 1576 laetemur
1709 1533 1753 1574 in
1771 1533 1907 1576 coelis,

1076 1592 1160 1633 Per
1179 1590 1383 1633 eamdem
1403 1590 1651 1632 Dominum.
1933 1587 1935 1590 ⁴

1131 1654 1178 1688 Et
1202 1654 1242 1688 fit
1266 1661 1463 1687 commem.
1487 1649 1714 1685 Dominieae.

1149 1770 1152 1774 ,
1240 1724 1327 1766 Ad
1353 1724 1746 1766 Matutinum.

1132 1785 1256 1826 Invit.
1286 1783 1507 1825 Christum
1530 1783 1614 1826 Dei
1636 1782 1809 1833 Filium,
1833 1783 1907 1836 qui

1077 1853 1158 1882 suo
1186 1853 1268 1882 nos
1301 1840 1487 1882 redemit
1515 1840 1742 1892 sanguine,
1775 1837 1798 1863 *
1821 1839 1907 1882 Ve-

1077 1900 1166 1940 nite
1187 1896 1432 1940 adoremus.

1134 1956 1201 1995 Ps.
1227 1954 1391 2004 Venite,
1410 1953 1689 1996 exsultemus.
1707 1953 1744 1994 2.

1392 2017 1605 2068 Hymnus.

1179 2095 1229 2123 ra
1246 2082 1359 2134 justa
1380 2079 1644 2131 Conditdris,

1195 2138 1342 2180 Imbre
1362 2139 1576 2190 aquarum
1595 2137 1780 2187 vindice,

1184 2195 1476 2237 Criminosum
1494 2194 1647 2236 mersit
1667 2194 1820 2236 orbem

1183 2253 1282 2294 Noe
1300 2252 1345 2293 in
1363 2263 1465 2292 arca
1485 2251 1669 2304 sospite:
1770 2299 1772 2302 .

1183 2309 1294 2350 Mira
1311 2307 1492 2351 tandem
1509 2307 1576 2350 vis
1595 2307 1757 2348 amoris

1183 2366 1312 2408 Lavit
1332 2365 1485 2407 orbem
1504 2364 1730 2415 sanguine.

1138 2431 1246 2474 Tam
1265 2430 1432 2473 salilbri
1450 2435 1569 2472 terra
1588 2428 1692 2471 felix

1185 2488 1372 2539 Irrigata
1390 2486 1551 2539 phivia,

1186 2546 1302 2587 Ante
1322 2543 1459 2596 spinis
1480 2555 1579 2595 quae
1599 2539 1807 2590 scatebat,

1187 2600 1462 2643 Germinavit
1481 2597 1704 2640 flosculos:

1186 2659 1326 2710 Inque
1345 2657 1534 2699 nectaris
1554 2656 1759 2707 saporem

1186 2714 1419 2756 Transiere
1439 2710 1681 2765 absynthia.
