2040 2976
182 221 252 256 228

546 219 647 252 Infra
672 219 967 252 Hebdomadam
991 230 1025 252 x.
1052 223 1140 260 post
1166 218 1245 251 Oct.
1271 216 1530 250 pentecostes.

182 316 358 355 tuerunt
397 312 480 353 sibi
518 325 666 362 regem
697 312 936 353 Jeroboam
968 313 1014 353 fi-

183 369 288 410 lium
311 368 467 409 Nabat.

240 426 291 475 R.
310 424 538 465 Dominus.
559 425 651 465 224.

389 531 422 566 F
441 542 464 567 e
483 541 503 566 r
518 531 531 566 i
549 542 574 566 a
610 531 637 566 S
656 542 679 566 e
697 542 723 566 x
740 534 757 565 t
773 541 810 566 a.

302 584 371 624 De
394 583 507 624 libro
533 589 690 635 quarto
714 583 897 633 Regum.

264 644 419 685 Lectio
448 645 472 684 i.
697 645 801 696 Cap.
821 646 878 685 17.
900 645 939 685 d.

187 707 247 753 ἲ
261 699 459 751 eparavit
474 699 498 739 J
501 699 713 740 eroboam
728 698 866 740 Israel
885 711 910 739 a
925 699 1013 739 Do-

192 773 221 802 <ss
239 754 253 786 Ἴ
277 756 407 804 mino,
429 760 472 796 et
490 757 678 807 peccare
699 767 775 795 eos
794 755 897 795 fecit
915 767 1014 806 pec-

183 815 329 853 catum
348 824 564 861 magnum.
599 811 657 852 Et
682 810 1015 851 ambulaverunt

182 868 260 908 filii
279 867 417 908 Israel
435 867 478 907 in
498 867 714 907 universis
733 866 926 918 peccatis
945 866 970 906 J
973 878 1013 906 e-

181 923 367 965 roboam
387 935 486 974 quae
502 923 682 963 fecerat:
702 928 745 963 et
765 935 854 963 non
872 934 1012 962 reces-

182 981 332 1020 serunt
356 978 411 1020 ab
436 978 515 1027 eis,
540 981 772 1029 usquequo
797 978 1013 1019 Dominus

182 1035 373 1076 auferret
400 1034 539 1074 Israel
570 1046 596 1074 a
627 1034 739 1074 facie
772 1046 868 1083 sua,
902 1034 1014 1074 sicut

182 1090 356 1132 locutus
394 1090 537 1130 fuerat
573 1090 617 1129 in
652 1102 783 1130 manu
821 1090 1015 1130 omnium

182 1148 411 1187 servorum
454 1147 633 1186 suorum
673 1144 1013 1197 Prophetarum:

182 1201 509 1252 translatusque
543 1206 610 1241 est
637 1200 777 1241 Israel
810 1200 865 1242 de
896 1206 1013 1242 terra

182 1270 261 1298 sua
297 1257 341 1296 in
372 1256 595 1308 Assyrios,
636 1269 777 1308 usque
812 1257 856 1296 in
896 1256 1012 1297 diem

182 1314 306 1355 hanc.

240 1371 292 1421 R.
310 1367 534 1409 Percussit
553 1366 667 1407 Saul.
685 1368 779 1407 224.

498 1427 649 1468 Lectio
671 1427 710 1467 ii.

259 1479 415 1522 dduxit
444 1484 590 1520 autem
622 1492 700 1520 rex
728 1479 1014 1531 Assyriorum

294 1535 349 1576 de
369 1535 614 1586 Babylone,
641 1540 684 1576 et
710 1534 765 1576 de
786 1535 944 1584 Cutha,
971 1542 1014 1577 et

185 1593 239 1633 de
259 1591 402 1640 Avah,
434 1596 478 1632 et
505 1590 559 1631 de
585 1590 759 1640 Emath,
794 1597 838 1633 et
859 1591 914 1633 de
936 1567 1013 1633 ’Se-

182 1648 428 1700 pharvaim:
457 1652 500 1688 et
526 1646 763 1688 collocavit
788 1660 866 1688 eos
889 1648 932 1688 in
958 1649 1013 1689 ci-

181 1703 390 1744 vitatibus
410 1703 618 1744 Samariae
638 1715 720 1754 pro
743 1703 845 1744 filiis
861 1704 1013 1745 Israel:

183 1760 257 1811 qui
276 1758 570 1811 possederunt
589 1759 847 1809 Samariam,
877 1766 920 1802 et
940 1760 1013 1801 ha-

182 1815 431 1856 bitaverunt
458 1815 502 1854 in
530 1814 711 1855 urbibus
741 1816 844 1866 eius.
887 1816 1013 1857 Cum-

182 1884 267 1922 que
286 1871 346 1912 ibi
366 1871 565 1912 habitare
586 1874 836 1923 coepissent,
856 1885 944 1914 non
963 1874 1014 1914 ti-

182 1927 359 1968 mebant
391 1927 643 1968 Dominum:
684 1933 727 1969 et
758 1929 938 1970 immisit
970 1930 1013 1969 in

182 1995 259 2024 eos
293 1982 510 2023 Dominus
543 1983 712 2032 leones,
747 1984 822 2034 qui
852 1985 1013 2026 interfi-

183 2038 356 2079 ciebant
377 2050 464 2078 eos.

243 2094 295 2145 R.
312 2094 486 2135 Montes
506 2094 687 2135 Gelbo'e.
706 2095 800 2135 224.

493 2150 644 2192 Lectio
664 2152 719 2192 iii.

191 2199 583 2304 Nuntiatumque
608 2211 676 2248 est
699 2207 791 2257 regi
810 2207 1011 2260 Assyrio-

292 2274 399 2310 rum,
427 2266 471 2302 et
491 2261 671 2302 dictum:
698 2263 876 2312 Gentes,
903 2278 1012 2316 quas

182 2317 459 2366 transtulisti,
496 2323 539 2358 et
574 2317 772 2360 habitare
801 2320 943 2361 fecisti
970 2321 1013 2360 in

183 2371 436 2413 civitatibus
464 2373 691 2423 Samariae,
726 2375 930 2425 ignorant
956 2376 1014 2417 le-

181 2427 333 2477 gitima
347 2427 431 2468 Dei
451 2433 596 2468 terrae:
615 2434 658 2469 et
678 2430 855 2471 immisit
874 2431 918 2471 in
937 2444 1014 2472 eos

181 2482 397 2523 Dominus
430 2483 597 2533 leones,
640 2490 684 2525 et
716 2497 820 2526 ecce
852 2486 1014 2527 interfi-

182 2538 302 2578 ciunt
323 2551 417 2587 eOS,
445 2551 500 2579 eo
522 2538 643 2590 quod
661 2540 864 2590 ignorent
883 2542 1015 2583 ritum

181 2594 265 2634 Dei
297 2599 440 2635 terrae.
503 2595 723 2647 Praecepit
755 2603 903 2637 autem
937 2611 1014 2638 rex

184 2649 482 2700 Assyriorum,
516 2649 681 2691 dicens:
719 2652 878 2693 Ducite
911 2653 1014 2694 illuc

182 2718 316 2745 unum
341 2704 396 2746 de
423 2705 743 2756 sacerdotibus,
775 2720 887 2758 quos
912 2708 1014 2750 inde

1068 314 1268 363 captivos
1301 310 1563 359 adduxistis,
1594 315 1639 351 et
1670 309 1820 358 vadat,
1853 313 1897 350 et

1067 366 1236 408 habitet
1261 379 1360 408 cum
1381 367 1458 408 eis:
1485 371 1529 408 et
1553 365 1712 407 doceat
1738 377 1816 406 eos
1839 363 1898 406 le-

1066 422 1217 472 gitima
1236 422 1320 463 Dei
1338 427 1483 463 terrae.

1124 481 1175 532 R.
1196 477 1292 528 Ego
1313 483 1357 519 te
1376 477 1466 519 tuli.
1485 478 1578 519 225.

1316 585 1344 621 S
1370 596 1396 621 a
1418 586 1444 621 b
1469 585 1495 621 b
1522 596 1548 621 a
1570 589 1588 620 t
1611 596 1649 622 0.

1202 640 1270 679 De
1288 638 1401 679 libro
1422 638 1565 690 primo
1586 637 1769 689 Regum.

1151 700 1305 740 Lectio
1325 699 1349 739 i.

1075 761 1164 840 xx

1647 698 1752 750 Cap.
1767 698 1825 738 18.

1178 767 1263 795 nno
1288 754 1418 795 tertio
1445 754 1560 795 Osee
1582 754 1662 795 filii
1678 753 1759 794 Ela
1783 753 1900 805 regis

1199 810 1351 859 Israel,
1383 811 1584 860 regnavit
1611 809 1826 851 Ezechias
1853 809 1901 850 fi-

1068 866 1150 912 lius
1164 865 1315 906 Achaz
1334 866 1450 916 regis
1464 867 1489 907 J
1491 866 1589 907 uda.
1608 865 1900 918 vigintiquin-

1069 934 1154 973 que
1186 923 1399 962 annorum
1431 927 1542 972 erat,
1584 935 1684 963 cum
1715 923 1901 973 regnare

1068 979 1292 1029 coepisset:
1339 984 1383 1019 et
1423 978 1739 1028 vigintinovem
1776 977 1900 1019 annis

1068 1033 1267 1083 regnavit
1285 1034 1329 1073 in
1347 1034 1607 1075 Jerusalem:
1635 1045 1796 1074 nomen
1812 1045 1901 1074 ma-

1067 1089 1146 1129 tris
1167 1090 1258 1140 ejus
1278 1089 1366 1130 Abi
1384 1089 1474 1130 filia
1493 1089 1733 1130 Zachariae.
1761 1089 1900 1130 Fecit-

1071 1157 1155 1196 que
1182 1145 1303 1195 quod
1332 1150 1425 1186 erat
1450 1145 1616 1186 bonum
1641 1157 1791 1186 coram
1813 1145 1901 1186 Do-

1068 1201 1202 1251 mino,
1247 1202 1366 1253 juxta
1411 1202 1558 1243 omnia
1597 1214 1696 1254 quae
1736 1202 1902 1243 fecerat

1069 1257 1215 1298 David
1238 1262 1365 1309 pater
1392 1258 1493 1309 ejus.
1538 1258 1642 1309 Ipse
1668 1256 1902 1310 dissipavit

1070 1313 1259 1363 excelsa,
1305 1318 1349 1354 et
1385 1314 1593 1355 contrivit
1628 1316 1812 1364 statuas,
1858 1317 1902 1354 et

1069 1369 1255 1410 succidit
1291 1368 1434 1419 IUCOS,
1472 1369 1778 1422 confregitque
1814 1381 1901 1410 ser-

1067 1427 1246 1477 pentem
1266 1427 1450 1475 aeneum‚
1477 1438 1608 1476 quem
1626 1425 1791 1466 fecerat
1810 1425 1901 1466 Mo-

1067 1493 1182 1532 yses:
1203 1481 1421 1533 siquidem
1438 1494 1579 1533 usque
1599 1480 1656 1523 ad
1673 1480 1782 1522 illud
1795 1486 1902 1522 tem-

1067 1550 1150 1588 pus
1175 1536 1252 1577 filii
1271 1537 1410 1578 Israel
1435 1537 1673 1580 adolebant
1696 1537 1736 1578 ei
1757 1537 1900 1578 incen-

1068 1606 1177 1634 sum:
1209 1595 1473 1645 vocavitque
1505 1605 1666 1634 nomen
1694 1593 1786 1645 ejus
1813 1592 1901 1634 No-

1067 1648 1233 1690 hestan.
1260 1649 1311 1688 In
1325 1649 1517 1690 Domino
1533 1650 1630 1691 Deo
1646 1649 1785 1689 Israel
1803 1661 1900 1701 spe.-

1067 1705 1190 1746 ravit.

1128 1762 1180 1814 R.
1196 1761 1393 1803 Peccavi.
1412 1762 1499 1802 179.

1387 1816 1540 1858 Lectio
1559 1817 1600 1857 ii.

1114 1878 1249 1925 taque
1275 1879 1380 1926 post
1408 1886 1507 1916 eum
1530 1886 1620 1915 non
1644 1873 1726 1915 fuit
1749 1873 1901 1914 similis

1139 1930 1180 1970 ei
1204 1928 1258 1970 de
1284 1930 1452 1971 cunctis
1474 1929 1651 1980 regibus
1670 1929 1795 1978 Juda‚
1821 1928 1901 1971 sed

1067 1997 1211 2036 neque
1227 1985 1271 2025 in
1286 1985 1365 2035 his,
1386 1986 1460 2037 qui
1479 1991 1580 2027 ante
1598 1999 1699 2027 eum
1712 1985 1901 2026 fuerunt:

1068 2046 1112 2082 et
1137 2040 1324 2083 adhaesit
1343 2042 1550 2091 Domino,
1580 2047 1623 2083 et
1646 2054 1735 2082 non
1760 2043 1900 2082 reces-

1068 2097 1124 2138 sit
1152 2110 1178 2137 a
1205 2097 1401 2147 vestigiis
1430 2098 1538 2148 ejus,
1572 2097 1765 2149 fecitque
1783 2110 1900 2138 man-

1069 2152 1171 2194 data
1195 2154 1303 2205 ejus,
1334 2165 1432 2204 quae
1456 2155 1733 2205 praeceperat
1751 2153 1901 2193 Domi-

1068 2222 1148 2249 nus
1167 2209 1322 2261 Moysi.
1359 2208 1487 2250 Unde
1507 2214 1551 2250 et
1572 2214 1665 2250 erat
1685 2209 1901 2250 Dominus

1069 2278 1168 2305 cum
1188 2277 1252 2314 eo,
1274 2270 1318 2306 et
1336 2265 1380 2304 in
1400 2265 1580 2314 cunctiS,
1605 2265 1662 2306 ad
1683 2277 1781 2317 quae
1800 2276 1900 2317 pro-

1069 2321 1273 2370 cedebat,
1299 2321 1523 2372 sapienter
1543 2334 1590 2362 se
1610 2321 1780 2372 agebat.
1817 2320 1904 2369 Re-.‚

1069 2376 1249 2418 bellavit
1277 2388 1454 2428 quoque
1478 2382 1632 2418 contra
1650 2389 1800 2427 regem
1819 2377 1899 2416 As-

1069 2433 1302 2483 syriorum,
1331 2437 1375 2473 et
1399 2445 1488 2473 non
1513 2432 1692 2474 servivit
1711 2432 1761 2473 ei.
1797 2432 1901 2484 Ipse

1069 2488 1286 2539 percussit
1332 2487 1611 2530 Philisthaeos
1659 2500 1805 2539 usque
1844 2487 1901 2528 ad

1071 2543 1248 2592 Gazam,
1272 2548 1315 2585 et
1335 2556 1487 2584 omnes
1507 2544 1717 2585 terminos
1737 2545 1900 2591 eorum,

1070 2612 1094 2639 a
1119 2600 1260 2640 Turre
1286 2599 1522 2641 custodum
1551 2612 1691 2650 usque
1717 2599 1774 2640 ad
1799 2599 1899 2640 civi-

1070 2657 1207 2696 tatem
1224 2658 1447 2696 munitam.

1127 2712 1177 2762 R.
1199 2710 1431 2752 Exaudisti
1449 2711 1648 2752 Domine.
1668 2712 1761 2751 180.
1799 2745 1802 2750 .
