2040 2976
690 210 897 241 Commune
926 208 1025 239 (lons

190 318 311 346 mnes
335 305 405 345 isti
429 304 471 344 in
496 302 849 354 generatienibus
874 303 1016 354 gentis

191 375 280 403 suae
299 361 483 412 gloriam
502 360 651 413 adepti
671 364 782 409 sunt,
805 365 848 401 et
866 360 909 400 in
929 359 1015 400 die-

189 418 270 460 bus
291 417 380 458 suis
398 416 613 458 habentur
632 417 675 457 in
693 415 907 457 laudibus.
933 416 1016 465 Qui

190 474 244 516 de
270 473 354 514 illis
381 473 470 515 nati
496 478 611 522 sunt,
647 472 915 524 reliquerunt
942 484 1016 513 no-

189 543 290 572 men
325 529 533 571 narrandi
571 528 724 570 laudes
765 530 933 570 ebrum:
974 533 1017 569 et

191 592 290 628 sunt
334 599 520 638 quorum
556 598 644 627 non
686 590 753 626 est
789 584 1017 626 memoria:

190 643 412 695 perierunt
448 642 572 694 quasi
609 642 683 694 qui
718 654 805 682 non
842 641 1017 682 fuerint:

191 706 235 741 et
258 699 347 740 nati
367 703 476 747 sunt,
506 698 629 750 quasi
647 710 735 739 non
754 697 854 747 nati,
879 702 922 738 et
941 695 1017 737 fssii

191 757 386 809 ipsorum
415 767 513 796 cum
540 754 658 807 ipsis.

247 818 295 855 R».
330 813 444 853 Ecce
473 810 681 852 sacerdos
708 821 908 861 magnus,
943 808 1017 860 qui

191 870 232 910 in
262 861 416 910 diebus
444 869 532 909 suis
551 867 716 920 placuit
733 867 846 907 Deo:
869 872 890 892 *
908 864 1016 906 Ideo

191 924 467 978 jurejurando
505 924 607 965 fecit
645 923 766 964 illum
799 922 1017 971 Dominus

191 984 388 1023 crescere
406 981 449 1021 in
468 980 644 1033 plebem
663 992 797 1020 suam.
824 976 867 1025 X'.
888 979 1019 1019 Bene-

191 1038 427 1080 dictienem
456 1037 649 1078 emnium
675 1036 869 1087 gentium
895 1034 1017 1076 dedit

190 1095 269 1145 illi,
300 1099 343 1136 et
370 1095 679 1135 testamentum
705 1097 834 1133 'suum
863 1091 1017 1132 confir-

191 1151 326 1192 mavit
354 1163 486 1202 super
514 1154 646 1202 caput
674 1149 775 1201 ejus.
811 1147 932 1189 Ideo.

496 1214 645 1253 Lectio
666 1214 718 1251 iii.

198 1267 319 1373 Sed
352 1268 413 1308 illi
447 1267 529 1309 viri
560 1265 874 1308 misericerdiae
909 1269 1018 1314 sunt,

290 1337 475 1377 quorum
515 1324 703 1377 pietates
745 1335 833 1364 non
875 1321 1019 1363 defue-

192 1386 309 1422 runt:
350 1394 449 1422 cum
478 1381 642 1422 semine
672 1381 824 1421 eerum
851 1380 1019 1431 perma-

192 1442 296 1479 nent
329 1437 461 1487 bona,
497 1436 732 1478 haereditas
767 1439 918 1476 sancta
949 1447 1020 1476 ne-

192 1496 320 1546 petes
371 1496 523 1535 eerum
573 1498 616 1535 et
658 1492 702 1533 in
747 1490 1019 1533 testamentis

195 1551 316 1592 stetit
335 1563 484 1591 semen
504 1551 673 1591 eerum:
702 1553 745 1590 et
768 1547 847 1589 filii
868 1549 1020 1589 eerum

193 1611 377 1659 propter
413 1606 512 1647 illos
548 1618 688 1658 usque
726 1605 770 1645 in
808 1605 1020 1645 aeternum

195 1667 389 1704 manent:
438 1674 587 1703 semen
619 1663 771 1703 e6rum
805 1665 848 1702 et
880 1659 1021 1710 gloria

196 1721 347 1760 earum
387 1732 475 1760 non
516 1718 855 1770 derelinquetur.
918 1716 1020 1757 Cer-

195 1787 305 1827 pora
325 1775 521 1828 ipserum
535 1775 579 1815 in
593 1787 703 1827 pace
719 1773 891 1826 sepulta
910 1776 1021 1822 sunt,

196 1837 239 1873 et
267 1844 426 1873 nomen
458 1833 610 1873 eerum
637 1830 746 1871 vivit
773 1830 817 1870 in
845 1841 1021 1881 genera-

195 1888 359 1929 tienem
392 1893 435 1929 et
468 1887 806 1940 generatienem.
847 1886 1022 1938 Sapien-

197 1945 302 1985 tiam
330 1945 527 1997 ipserum
558 1948 736 1985 narrent
768 1942 939 1996 pepuli,
981 1946 1023 1983 et

198 2000 372 2042 laudem
401 2003 553 2042 earum
579 2000 752 2041 nuntiet
778 1998 987 2040 Ecclesia.

254 2060 302 2110 R.
326 2057 492 2098 Juravit
511 2056 738 2098 Deminus.
767 2055 849 2108 [52]

561 2127 652 2150 “OQ

353 2189 414 2229 11.
450 2189 578 2231 Aliae
604 2189 868 2231 Lectiones

203 2255 282 2294 pro
306 2242 588 2282 Pontificibus
617 2246 658 2281 et
679 2239 1025 2282 Confessoribus.

435 2315 483 2352 In
502 2315 552 2353 II.
572 2315 793 2353 Nocturno.

223 2382 374 2422 Sermo
403 2380 544 2421 sancti
571 2381 751 2422 Maximi
778 2381 1001 2434 Episcopi.

288 2445 346 2479 Ex
364 2443 504 2478 Homil.
522 2444 586 2480 59..
612 2444 658 2477 dc
677 2443 711 2478 S.
732 2444 901 2478 Eusebio
917 2443 946 2476 2.

503 2500 652 2540 Lectis)
672 2501 723 2539 iv.

306 2557 403 2598 eati
430 2556 574 2598 Patris
613 2558 662 2597 N.
686 2558 839 2599 merita
870 2559 954 2610 jam
984 2559 1026 2599 in

299 2617 307 2640 ³⁴
339 2618 435 2654 tuto
472 2613 618 2665 pesita
655 2614 798 2654 securi
833 2614 1026 2665 magnifi-

243 2667 271 2676 “’
303 2668 308 2693 -’
341 2671 508 2711 cemus:
562 2669 636 2721 qui
685 2669 1027 2720 gubernaculum

204 2727 307 2768 fidei
348 2726 530 2767 viriliter
571 2731 744 2775 tenens,
791 2727 1027 2768 anchoram

1050 207 1169 239 smmis
1197 205 1399 238 vomuit-is.

1068 302 1163 354 spei
1202 300 1437 353 tranquilla
1483 301 1566 352 jam
1611 300 1656 340 in
1703 299 1894 341 statiene

1069 357 1330 410 compesuit,
1365 362 1409 398 et
1434 355 1611 409 plenam
1638 354 1894 397 coelestibus

1069 414 1234 456 divitiis
1271 418 1314 454 et
1350 413 1526 454 aeternis
1562 412 1780 453 mercibus
1821 424 1893 452 na-

1069 483 1167 512 vem
1200 472 1356 523 optato
1390 469 1434 510 in
1466 469 1614 510 littore
1642 468 1895 510 collocavit:

1070 527 1144 579 qui
1163 531 1318 568 contra
1338 538 1491 567 omnes
1511 525 1790 567 adversarios
1809 537 1896 566 scu-

1069 589 1162 624 tum
1190 582 1362 624 timeris
1389 582 1473 623 Dei
1500 581 1669 623 tamdiu
1699 580 1895 632 infatiga-

1070 639 1215 681 bssiter
1241 639 1390 687 tenuit,
1419 638 1561 680 donec
1584 637 1642 679 ad
1666 637 1895 679 victoriam

1070 698 1330 749 perveniret.
1378 694 1495 745 Quid
1524 695 1638 736 enim
1666 694 1748 735 fuit
1773 698 1896 735 totus

1070 753 1174 794 vitae
1200 752 1315 793 illius
1343 764 1513 802 cursus,
1546 751 1630 792 nisi
1657 763 1769 792 unus
1797 762 1897 791 cum

1071 809 1191 860 vigili
1219 808 1349 850 hoste
1381 807 1638 850 conflictus?

1128 868 1177 918 Rs.
1200 865 1352 906 Inveni
1370 864 1517 906 David
1540 877 1715 906 servum
1741 875 1897 912 meum,

1071 922 1171 964 eleo
1218 927 1371 963 sancto
1416 934 1515 963 meo
1561 921 1666 961 unxi
1710 933 1828 962 eum:
1878 920 1900 942 *

1070 978 1225 1019 Manus
1258 979 1373 1019 enim
1404 990 1504 1020 mea
1536 976 1819 1018 auxiliabitur
1847 976 1898 1018 ei.

1076 1030 1124 1081 V.
1147 1034 1268 1076 Nihil
1295 1035 1500 1088 proficiet
1527 1034 1729 1075 inimicus
1761 1033 1805 1074 in
1834 1045 1897 1082 eo,

1071 1095 1115 1132 et
1142 1091 1258 1132 filius
1282 1091 1526 1144 iniquitatis
1543 1102 1632 1131 non
1649 1089 1829 1131 nocebit
1848 1089 1898 1131 ei.

1070 1147 1237 1189 Manus.

1384 1198 1536 1238 Lectio
1557 1212 1593 1237 V.

1079 1242 1303 1363 Quantis
1327 1257 1399 1298 hic
1419 1257 1547 1298 caecis
1567 1269 1593 1298 a
1611 1256 1683 1297 via
1701 1255 1899 1298 veritatis

1181 1313 1440 1363 errantibus,
1469 1318 1513 1355 et
1539 1312 1594 1354 de
1621 1325 1791 1354 summa
1815 1313 1900 1364 jam

1071 1371 1115 1412 in
1154 1370 1423 1423 profundum
1458 1382 1569 1422 rupe
1604 1368 1899 1422 pendentibus

1067 1430 1280 1469 ⁴amissum
1308 1426 1502 1468 reddidit
1524 1427 1677 1475 visum,
1706 1430 1750 1467 et
1766 1425 1899 1475 illum,

1074 1497 1161 1536 quo
1182 1483 1382 1525 Christus
1402 1483 1642 1533 videretur,
1678 1481 1900 1535 reparavit

1072 1539 1298 1582 intuitum?
1324 1540 1599 1590 Quanterum
1613 1538 1793 1580 auribus
1809 1550 1900 1579 sur-

1074 1597 1161 1647 dis,
1210 1602 1254 1639 et
1298 1596 1571 1638 infidelitatis
1618 1594 1900 1645 obturatione

1074 1654 1303 1703 damnatis,
1321 1653 1378 1694 ad
1395 1652 1726 1706 percipiendam
1744 1663 1901 1693 vocem

1074 1710 1320 1752 coelestium
1364 1709 1694 1759 mandaterum,
1738 1708 1900 1761 pretie-

1074 1780 1170 1808 sum
1199 1766 1357 1807 infudit
1386 1765 1603 1815 auditum,
1643 1770 1692 1806 ut
1725 1764 1902 1806 vocanti

1074 1824 1172 1865 Deo
1206 1822 1263 1864 ad
1290 1821 1638 1863 misericerdiam
1664 1820 1901 1874 responde-

1075 1885 1173 1922 rent
1213 1892 1293 1932 per
1329 1876 1651 1920 obedientiam?
1703 1878 1902 1928 Quantos

1075 1937 1336 1977 intrinsecus
1388 1934 1659 1984 vulneratos,
1718 1933 1903 1986 angelici

1077 1993 1166 2034 oris
1195 1997 1289 2034 arte
1318 1996 1362 2033 et
1390 1991 1658 2040 orationum,
1698 1990 1754 2032 ab
1788 1989 1902 2030 infir-

1076 2050 1230 2091 mitate
1259 2047 1454 2090 curavit?

1131 2105 1182 2156 Η.
1212 2105 1346 2146 Pesui
1375 2104 1641 2157 adjuterium
1669 2116 1800 2157 super
1826 2115 1903 2155 po-

1078 2164 1262 2211 tentem,
1306 2166 1349 2203 et
1391 2160 1583 2203 exaltavi
1623 2160 1812 2202 electum
1849 2159 1905 2202 de

1078 2218 1208 2271 plebe
1248 2231 1364 2260 mea:
1404 2217 1426 2239 *
1465 2218 1621 2258 Manus
1658 2217 1772 2258 enim
1807 2229 1906 2258 mea

1079 2274 1360 2316 auxiliabitur
1392 2274 1443 2316 ei.
1488 2265 1538 2316 V·
1575 2273 1727 2314 Inveni
1758 2271 1905 2314 David

1079 2344 1255 2373 servum
1287 2343 1452 2380 meum,
1494 2330 1593 2372 eleo
1623 2334 1776 2371 sancto
1803 2341 1903 2371 meo

1079 2387 1183 2430 unxi
1211 2400 1322 2429 eum.
1366 2387 1533 2428 Manus.

1383 2446 1534 2486 Lectio
1555 2445 1606 2484 vi.

1166 2507 1323 2544 uantos
1356 2515 1435 2555 per
1476 2502 1654 2552 longam
1693 2499 1906 2541 incuriam

1182 2559 1354 2612 peccati
1374 2558 1473 2600 labe
1491 2557 1724 2606 resolutos,
1740 2561 1784 2598 et
1803 2567 1904 2608 qua-

1081 2616 1182 2657 dam
1218 2616 1354 2669 leprae
1391 2615 1656 2666 contagiene
1691 2612 1905 2666 perfusos,

1081 2671 1449 2724 castigationibus
1462 2677 1507 2713 et
1527 2667 1905 2712 exhortatienibus

1081 2728 1320 2780 expiando,
1366 2729 1463 2770 Deo
1508 2727 1551 2768 in
1593 2739 1641 2768 se
1682 2726 1905 2778 operante,
