2040 2976
159 185 233 221 460

403 186 475 233 Die
498 185 528 219 2.
554 185 653 227 Aug.
701 184 735 219 S.
762 185 958 229 Alphonsi
984 186 1031 220 de
1056 186 1217 229 Ligorio
1242 186 1311 230 Ep.
1337 186 1447 221 Conf.
1472 191 1509 222 et
1532 187 1642 222 Doet.

161 280 362 329 coIimus‚
398 280 489 331 ejus
523 279 644 332 apud
676 285 720 321 te
751 279 996 332 patrocinia

162 336 414 378 sentiamus.

208 400 359 435 Deinde
380 400 438 435 Ss.
456 401 781 436 Machabaeorum.

209 455 310 495 Ant.
340 452 488 494 Vestri
503 452 651 505 capilli
669 453 827 505 capitis
843 465 996 494 omnes

159 509 376 551 numerati
403 514 519 551 sunt:
544 508 680 551 nolite
699 509 869 551 timere:
889 509 995 550 mul-

160 566 216 607 tis
235 565 491 618 passeribus
510 565 718 607 meliores
739 566 846 607 estis
864 578 957 607 vos.

211 622 259 674 Υ.
291 625 587 668 Exsultabunt
614 626 753 668 sancti
778 626 822 666 in
846 626 996 677 gloria.

157 685 207 735 R.
238 682 528 726 Laetabuntur
547 683 590 723 in
611 682 830 724 cubilibus
850 683 951 724 suis.

211 745 376 787 Oratio.
403 744 615 785 Fraterna
632 755 725 784 nos.
744 744 840 784 455.

429 808 498 844 Ad
521 807 725 844 Tertiam.

213 862 314 902 Ant.
335 862 494 904 Petrus
515 860 704 912 quidem.

212 918 351 970 Capit.
371 917 492 959 Misit
509 916 726 959 Herodes.
745 918 842 958 459.

210 980 261 1031 K.
277 979 339 1020 br.
365 979 417 1019 In
433 990 610 1019 omnem
628 982 827 1019 terram*
848 977 998 1019 Exivit

160 1047 295 1077 sonus
325 1036 489 1076 eorum.
529 1034 592 1074 In.
635 1033 684 1084 V.
719 1034 777 1075 Et
809 1033 854 1074 in
887 1033 997 1075 fines

161 1091 281 1133 orbis
313 1095 444 1132 terrae
472 1089 609 1132 verba
637 1092 802 1132 eorum.
839 1089 997 1131 Exivit.

159 1147 315 1191 Gloria
333 1147 465 1189 Patri.
491 1147 554 1187 In.

211 1204 261 1254 V.
290 1204 546 1244 Constitues
571 1215 649 1245 eos
676 1203 900 1255 principes
929 1215 996 1243 su-

160 1273 241 1314 per
274 1272 450 1301 omnem
481 1264 655 1301 terram.
694 1265 745 1323 R&
777 1259 998 1300 Memores

162 1322 290 1359 erunt
309 1315 500 1358 nominis
519 1315 583 1357 tui
601 1315 802 1357 Domine.

437 1386 505 1422 Ad
528 1385 717 1422 Sextam.

213 1445 312 1484 Ant.
332 1438 457 1483 Dixit
475 1438 685 1490 Angelus.

239 1501 501 1553 Capitulum.
740 1501 837 1542 Act.
858 1502 915 1541 12.

161 1550 365 1657 Petrus
381 1555 561 1607 quidem
576 1556 837 1598 servabatur
847 1556 891 1597 in
907 1558 997 1598 car-

262 1624 374 1653 cere.
407 1612 563 1654 Oratio
583 1618 731 1654 autem
750 1612 886 1655 fiebat
905 1614 998 1655 sine

160 1668 485 1710 intermissione
501 1668 556 1711 ab
567 1669 767 1711 Ecclesia
782 1669 839 1711 ad
853 1670 997 1712 Deum

160 1737 243 1777 pro
264 1737 330 1767 eo.

214 1785 265 1836 R.
282 1783 343 1824 br.
363 1780 617 1822 Constitues
636 1794 714 1823 eos
733 1782 958 1835 principes
971 1786 994 1810 *

161 1838 303 1891 Super
326 1850 504 1880 omnem
527 1842 703 1879 terram.
733 1839 998 1881 Constitues.

160 1891 210 1943 V.
230 1895 454 1936 Memores
475 1899 603 1936 erunt
621 1896 810 1937 neminis
829 1896 893 1937 tui
908 1896 996 1938 Do-

161 1951 288 1993 mine.
316 1951 469 2003 Super.
497 1951 662 1992 Gloria.
693 1952 956 1994 Constitues.

216 2009 264 2060 V.
281 2012 424 2053 Nimis
442 2011 649 2054 honorati
667 2018 770 2055 sunt
789 2015 917 2055 amici
934 2015 998 2055 tui

162 2069 294 2110 Deus.
351 2072 400 2123 R».
438 2068 580 2110 Nimis
618 2070 894 2112 confortatus
931 2076 999 2113 est

161 2124 436 2177 principatus
467 2127 631 2167 eorum.

445 2194 512 2230 Ad
536 2196 721 2232 Nonam.

214 2252 314 2292 Ant.
335 2250 407 2290 Tu
426 2259 474 2289 es
492 2248 661 2290 Petrus.

241 2309 502 2363 Capitulum.
694 2313 789 2355 Act.
804 2314 861 2353 12.
877 2313 916 2355 b.

243 2371 263 2408 t
285 2366 444 2408 Petrus
472 2365 529 2408 ad
554 2379 602 2408 se
627 2369 844 2417 reversus,
873 2366 999 2409 dixit:

266 2422 396 2464 Nunc
416 2423 509 2464 scio
525 2435 639 2472 vere,
661 2424 763 2474 quia
777 2424 895 2465 misit
910 2424 998 2465 Do-

161 2481 305 2519 minus
334 2478 555 2529 Angelum
584 2491 728 2528 suum,
762 2485 806 2521 et
838 2480 999 2532 eripuit

163 2548 234 2576 me
259 2534 316 2577 de
337 2547 470 2576 manu
489 2534 699 2584 Herodis,
727 2541 771 2577 et
798 2535 854 2578 de
879 2537 999 2577 omni

165 2591 499 2644 exspectatione
519 2590 664 2644 plebis
683 2591 706 2631 J
709 2591 950 2633 udaeorum.

217 2647 268 2698 Rz.
304 2645 365 2687 br.
412 2647 554 2688 Nimis
596 2647 800 2689 honorati
837 2654 938 2690 sunt
971 2648 994 2673 *

166 2704 309 2746 Amici
335 2704 399 2746 tui
425 2704 559 2746 Deus.
593 2703 746 2744 Nimis.
776 2697 826 2749 V.
857 2704 999 2746 Nimis

1050 280 1326 322 confortAtus
1346 284 1415 322 est
1429 281 1702 334 principatus
1719 283 1884 324 edrum.

1049 336 1204 378 Amici.
1232 336 1388 379 Gloria
1406 337 1538 378 Patri.
1564 337 1718 379 Nimis.

1101 391 1152 443 V.
1186 392 1571 436 Annuntiaverunt
1615 396 1753 447 opera
1788 394 1883 436 Dei.

1049 455 1099 506 151.
1118 449 1175 491 Et
1194 449 1310 491 facta
1330 450 1421 501 ejus
1441 449 1762 492 intellexerunt.

1252 522 1314 563 In
1339 522 1402 563 11.
1425 522 1679 572 vesperis.

1100 586 1189 619 Ant.
1208 588 1245 619 et
1262 584 1387 628 Capit.
1404 584 1451 619 de
1467 584 1587 619 Laud.
1601 585 1678 620 459.
1706 585 1769 621 Ps.
1786 590 1828 621 ut
1843 586 1883 621 in

1047 633 1094 668 11.
1108 633 1227 676 Vesp.
1246 632 1294 667 de
1312 632 1518 667 Communi
1534 632 1673 676 Apost.
1691 632 1760 676 [13]

1100 690 1242 734 Hymn.
1260 694 1297 725 et
1312 685 1359 731 V.
1376 693 1418 724 ut
1432 690 1471 724 in
1485 689 1513 724 1.
1526 689 1645 733 Vesp.
1662 689 1738 724 455.

1101 742 1173 783 Ad
1202 742 1376 793 Magnis.
1410 742 1511 783 Ant.
1544 741 1677 783 Solve
1705 739 1882 793 jubente

1049 797 1147 838 Deo
1175 799 1395 839 terrarum
1421 797 1553 840 Petre
1581 799 1777 847 catenas,
1811 797 1885 849 qui

1049 853 1167 922 facis·
1203 859 1251 897 ut
1282 857 1466 907 pateant
1507 854 1706 896 coelestia
1749 866 1886 905 regna

1049 909 1207 1006 begsslgt
1223 981 1420 1006 commem.
1438 971 1474 1007 S.
1491 971 1614 1006 Pauli.
1630 971 1707 1006 455.

1101 1020 1253 1059 Deinde
1280 1034 1387 1068 sequ.
1416 1028 1452 1059 et
1479 1023 1515 1059 S.
1547 1024 1737 1068 Stephani
1763 1024 1885 1068 Papae

1051 1077 1087 1107 et
1110 1073 1219 1107 Mart.

1289 1146 1374 1188 Die
1392 1147 1430 1187 2.
1449 1145 1651 1196 Augusti.

1051 1211 1095 1252 S.
1119 1210 1372 1261 Alphonsi
1394 1209 1574 1252 Mariae
1595 1209 1658 1251 de
1681 1208 1885 1259 Ligorio

1124 1264 1273 1317 Episc.
1294 1262 1419 1305 Conf.
1439 1268 1484 1305 et
1501 1262 1669 1305 Eccles.
1686 1263 1816 1304 Doct.

1385 1324 1551 1368 Duplex.

1106 1380 1245 1415 Omnia
1270 1380 1318 1415 de
1340 1380 1547 1415 Communi
1562 1379 1672 1415 Conf.
1687 1379 1797 1414 Pont.
1813 1378 1885 1422 [49]

1051 1434 1193 1474 praeter
1217 1429 1430 1473 sequentia.

1104 1487 1149 1522 In
1166 1486 1342 1530 utrisque
1359 1486 1478 1530 Vesp.
1496 1486 1546 1521 ad
1559 1484 1717 1529 Magnis.

1106 1540 1206 1580 Ant.
1228 1539 1265 1580 O
1286 1537 1457 1578 Doctor
1477 1535 1654 1588 optime,
1672 1534 1886 1577 Ecclesiae

1052 1599 1218 1635 sanctae
1232 1593 1390 1643 lumen,
1404 1593 1535 1634 beate
1551 1592 1782 1644 Alphonse
1797 1591 1886 1632 Ma-

1051 1652 1133 1699 ria,
1171 1650 1332 1692 divinae
1364 1649 1476 1700 legis
1509 1650 1698 1699 amator,
1731 1647 1886 1702 depre-

1052 1709 1154 1749 care
1182 1719 1265 1759 pro
1294 1706 1424 1748 nobis
1452 1705 1611 1746 Filium
1636 1705 1732 1747 Dei.

1104 1759 1155 1811 V.
1173 1763 1353 1804 Amavit
1376 1775 1477 1804 eum
1495 1761 1724 1812 Dominus,
1750 1765 1795 1803 et
1818 1773 1886 1803 or-

1052 1820 1175 1862 navit
1203 1832 1314 1861 eum.
1365 1821 1416 1873 R'·
1439 1818 1609 1860 Stolam
1641 1818 1794 1870 gloriae
1825 1819 1886 1859 in-

1052 1875 1147 1919 duit
1175 1888 1286 1917 eum.
1391 1909 1546 1952 Oratio

1052 1963 1239 2069 Deus,
1272 1966 1347 2018 qui
1373 1979 1454 2019 per
1481 1965 1662 2008 beat-um
1690 1965 1886 2018 Alphon-

1164 2036 1261 2064 sum
1279 2023 1464 2064 Mariam
1483 2022 1797 2065 Confessorem
1821 2027 1886 2064 tu-

1052 2093 1127 2121 um
1171 2084 1306 2132 atque
1341 2080 1604 2122 Pontificem
1643 2078 1888 2120 animarum

1052 2136 1150 2178 zelo
1183 2137 1460 2186 succensum,
1492 2135 1739 2178 Ecclesiam
1766 2139 1887 2177 tuam

1051 2206 1168 2235 nova
1179 2193 1306 2246 prole
1322 2192 1604 2234 foecundasti:
1619 2194 1888 2244 quaesumus3

1052 2255 1101 2292 ut
1124 2251 1217 2302 ejus
1239 2248 1508 2291 salutaribus
1530 2248 1709 2290 monitis
1729 2247 1887 2296 edocti,

1053 2312 1097 2348 et
1120 2305 1334 2359 exemplis
1354 2305 1564 2356 roborati,
1589 2305 1646 2347 ad
1669 2309 1713 2346 te
1733 2316 1886 2357 perve-

1051 2365 1146 2405 nire
1166 2362 1350 2405 feliciter
1369 2362 1604 2404 valeamus.
1631 2362 1716 2403 Per
1734 2361 1861 2402 Dfim.

1104 2426 1256 2461 Deinde
1273 2426 1309 2462 S.
1327 2425 1516 2470 Stephani
1533 2426 1654 2470 Papae
1670 2430 1707 2462 et
1722 2426 1831 2463 Mart.

1105 2478 1206 2521 Ant.
1240 2479 1334 2521 Iste
1362 2483 1541 2521 sanctus
1565 2491 1648 2532 pro
1677 2478 1775 2529 lege
1802 2477 1887 2519 Dei

1053 2536 1120 2578 sui
1140 2535 1326 2578 certavit
1344 2547 1486 2588 usque
1505 2534 1562 2577 ad
1580 2539 1780 2584 mortem,
1800 2539 1844 2576 et
1862 2547 1887 2574 a

1053 2592 1202 2634 verbis
1226 2591 1462 2645 impiorum
1491 2604 1579 2634 non
1607 2590 1767 2633 timuit:
1795 2592 1886 2631 fun-

1054 2648 1185 2690 datus
1208 2648 1325 2690 enim
1347 2653 1443 2690 erat
1466 2660 1599 2700 supra
1624 2647 1795 2688 firmam
1813 2659 1885 2698 pe-

1052 2710 1176 2746 tram.
