2040 2976
774 193 976 227 Dominica
1002 193 1051 226 ad
1078 193 1240 227 Laudes.
1814 193 1855 228 17

146 294 190 334 in
213 293 379 346 populo
400 305 496 334 suo:
515 293 538 318 *
558 297 602 334 et
626 290 836 333 exaltabit
856 304 973 332 man-

147 352 297 391 suetos
316 350 359 390 in
380 349 576 391 salutem.

198 405 493 448 Exsultabunt
525 405 664 447 sancti
694 405 738 445 in
767 405 919 455 gloria:
951 405 974 430 *

145 462 411 504 laetabuntur
429 463 472 503 in
493 461 708 504 cubilibus
729 462 828 502 suis.

197 519 497 561 Exaltationes
521 520 604 560 Dei
627 520 671 560 in
700 522 875 569 gutture
905 520 974 559 eo-

146 589 257 616 rum:
278 577 301 602 *
324 581 368 618 et
387 575 520 626 gladii
541 577 753 629 ancipites
779 576 822 616 in
841 576 974 616 mani-

146 631 228 673 bus
249 634 435 677 eorum:-

198 689 270 730 Ad
297 688 540 730 faciendam
566 688 802 730 vindictam
832 689 875 729 in
903 701 974 729 na-

145 745 351 786 tionibus:
361 746 384 770 *
395 745 716 798 increpationes
730 746 773 785 in
787 745 974 797 populis.

196 801 269 843 Ad
303 801 545 852 alligandos
582 815 708 852 reges
744 804 896 843 eorum
931 802 973 842 in

146 858 447 911 compedibus:
466 859 489 884 *
510 863 554 900 et
571 857 740 900 nobiles
761 860 912 899 eorum
931 859 973 898 in

145 915 326 956 manicis
344 915 506 956 ferreis.

196 971 256 1013 Ut
282 971 443 1013 faciant
469 972 513 1012 in
546 972 607 1013 eis
640 971 846 1023 judicium
875 984 973 1012 con-

146 1030 371 1080 scriptum:
386 1029 409 1053 *
424 1028 563 1079 gloria
577 1027 672 1069 haec
689 1034 755 1069 est
771 1028 973 1069 omnibus

145 1084 308 1126 sanctis
328 1085 429 1136 ejus.

198 1144 271 1178 Hic
294 1154 370 1177 non
395 1143 536 1177 dicitur
563 1141 697 1176 Gloria
720 1141 836 1176 Patri.

404 1200 603 1240 Psalmus
621 1200 711 1239 151).

145 1253 376 1362 Laudate
427 1255 666 1296 Dominum
716 1255 759 1294 in
811 1254 972 1295 sanctis

249 1312 354 1364 ejus:
381 1312 405 1337 *
433 1310 610 1353 laudate
640 1323 739 1351 eum
766 1311 809 1350 in
831 1310 971 1351 firma-

146 1370 295 1410 mento
315 1367 489 1408 virtutis
510 1368 611 1419 ejus.

197 1423 394 1466 Laudate
422 1436 520 1464 eum
545 1424 588 1464 in
614 1423 847 1464 virtutibus
869 1424 973 1475 ejus:

144 1482 168 1507 *
193 1479 368 1522 laudate
393 1493 493 1521 eum
517 1479 758 1521 secundum
782 1479 973 1521 multitu-

146 1537 292 1579 dinem
310 1535 621 1587 magnitudinis
642 1537 743 1588 ejus.

196 1592 395 1635 Laudate
427 1605 526 1634 eum
562 1593 606 1633 in
643 1606 751 1634 sono
784 1592 918 1634 tubae:
950 1593 973 1618 *

145 1649 321 1692 laudate
338 1662 437 1691 eum
451 1650 495 1690 in
505 1650 726 1702 psalterio,
742 1654 785 1691 et
797 1649 973 1691 cithara.

196 1705 395 1747 Laudate
433 1718 532 1747 eum
571 1706 615 1746 in
655 1708 883 1759 tympano,
930 1710 974 1747 et

148 1763 298 1805 choro:
321 1763 344 1788 *
369 1761 545 1804 laudate
579 1775 678 1804 eum
710 1763 753 1803 in
786 1762 973 1811 chordis,

148 1825 192 1861 et
216 1821 392 1870 organo.

197 1875 397 1916 Laudate
425 1888 525 1916 eum
546 1875 589 1915 in
615 1875 825 1928 cymbalis
845 1875 973 1917 bene-

147 1931 417 1974 sonantibus:
449 1930 625 1974 laudate
656 1945 755 1974 eum
786 1932 830 1972 in
860 1935 974 1984 cym-

146 1988 256 2030 balis
280 1987 559 2040 jubilationis:
582 1989 606 2014 *
630 1989 770 2030 omnis
797 1989 974 2041 spiritus

146 2045 295 2086 laudet
313 2045 562 2086 Dominum.

200 2101 352 2143 Gloria
372 2101 503 2143 Patri.

196 2157 279 2197 Per
300 2158 485 2197 Annum.
517 2158 614 2198 Ant.
649 2158 849 2210 Alleluia,
874 2159 973 2200 alle-

147 2214 244 2266 luja,
263 2213 443 2266 allehija.

197 2274 369 2317 Sequens
387 2274 511 2318 Capit.
530 2276 671 2310 dicitur
689 2277 726 2309 in
745 2276 970 2312 Dominicis,

146 2333 164 2355 a
184 2322 292 2355 Dom.
310 2321 374 2356 III.
393 2327 482 2365 post
499 2323 750 2358 Pentecosten
776 2333 899 2367 usque
922 2325 968 2358 ad

145 2370 375 2403 Adventum.

250 2427 506 2479 Capitulum.
620 2431 755 2480 Apoc.
777 2430 810 2469 7.
832 2443 864 2470 c.

231 2502 459 2552 enedictio‚
480 2507 523 2544 et
538 2503 724 2552 claritas,
746 2508 789 2544 et
808 2504 974 2556 sapien-

256 2559 331 2608 tia,
352 2564 395 2600 et
413 2559 652 2609 gratiarum
673 2560 803 2610 actio,
822 2560 973 2611 honor,

150 2620 194 2656 et
217 2615 372 2664 virtus,
402 2620 444 2656 et
468 2615 680 2657 fortitudo
701 2617 797 2657 Deo
822 2623 974 2659 nostro

149 2671 193 2711 in
212 2671 374 2712 saecula
393 2671 664 2712 saeculorum.
694 2673 845 2714 Arnen.

200 2726 247 2777 R
278 2728 374 2769 Deo
393 2728 566 2779 gratias.

1073 290 1134 324 Sic
1188 290 1445 332 respondetur
1492 291 1527 323 in
1575 291 1647 324 fine
1686 291 1853 324 omnium

1029 338 1306 380 Capitulorum.

1080 386 1142 419 Ab
1168 386 1312 419 Octava
1340 386 1489 419 Pentec.
1521 397 1641 429 usque
1673 387 1719 420 ad
1747 387 1854 420 Dom.

1028 434 1304 477 proximiorem
1335 433 1520 467 Kalendis
1547 434 1734 469 Octobris.

1340 504 1549 553 Hymnus.

1107 581 1184 608 cce
1210 568 1293 618 jam
1312 567 1453 608 noctis
1474 569 1675 608 tenuatur
1690 566 1854 614 umbra,

1148 625 1243 665 Lux
1281 629 1324 665 et
1360 625 1530 664 aurorae
1568 623 1747 664 rutilans
1785 636 1854 664 co-

1287 684 1451 721 roscat:

1027 737 1258 790 Supplices
1277 750 1419 778 rerum
1440 737 1677 777 Dominum
1695 739 1855 778 canora

1183 794 1308 835 Voce
1336 795 1584 846 precemur:

1082 869 1134 909 I't
1150 881 1249 909 reos
1265 867 1408 920 culpae
1424 867 1666 916 miseratus,
1682 881 1854 908 omnem

1025 925 1166 967 Pellat
1194 926 1413 978 angorem,
1442 923 1606 964 tribuat
1634 924 1829 974 salutem,

1027 983 1173 1023 Donet
1203 986 1246 1022 et
1275 980 1402 1022 nobis
1431 980 1547 1021 bona
1578 981 1854 1033 sempiternae

1180 1038 1362 1079 Munera
1390 1037 1522 1089 pacis.

1084 1112 1264 1153 Praestet
1287 1111 1373 1152 hoc
1396 1111 1524 1152 nobis
1549 1111 1701 1152 Deitas
1726 1111 1854 1152 beata

1025 1169 1178 1218 Patris,
1202 1181 1254 1209 ac
1275 1168 1388 1218 Nati,
1412 1168 1664 1220 pariterque
1691 1169 1829 1208 sancti

1026 1226 1222 1278 Spiritus,
1244 1226 1363 1277 cujus
1385 1226 1562 1265 resonat
1581 1237 1661 1277 per
1682 1237 1855 1265 omnem

1075 1293 1080 1297 ’
1183 1281 1333 1322 Gloria
1362 1280 1583 1322 mundum.
1637 1281 1790 1322 Amen.

1084 1343 1162 1381 l’er
1184 1343 1366 1381 Annum.
1404 1337 1449 1387 Υ.
1467 1341 1684 1382 Dominus
1705 1343 1854 1391 regna-

1025 1399 1101 1447 vit,
1127 1398 1332 1440 decorem
1352 1398 1499 1439 induit.
1536 1401 1580 1451 Ra
1602 1397 1748 1439 Induit
1767 1398 1854 1438 Do-

1025 1455 1167 1495 minus
1200 1454 1518 1503 fortitudinem‚
1552 1459 1595 1496 et
1627 1455 1856 1507 praecinxit

1026 1524 1073 1552 se
1093 1512 1264 1552 virtute.

1200 1591 1422 1631 Canticum
1446 1592 1681 1631 Zachariae.

1330 1661 1443 1694 Lucae
1471 1662 1496 1694 1.
1523 1672 1555 1702 g.

1025 1710 1332 1816 Benedictus
1347 1715 1563 1755 Dominus
1574 1715 1695 1756 Deus
1710 1715 1855 1763 Israel.

1123 1772 1146 1797 *
1168 1772 1269 1824 quia
1284 1772 1486 1820 visitavit,
1507 1776 1550 1813 et
1569 1771 1671 1813 fecit
1688 1771 1853 1812 redem-

1025 1829 1221 1881 ptionem
1242 1828 1383 1881 plebis
1404 1841 1510 1870 suae:

1078 1886 1134 1926 Et
1160 1885 1297 1927 erexit
1325 1897 1468 1926 cornu.
1489 1884 1642 1926 salotis
1667 1884 1808 1926 nobis:
1832 1885 1855 1910 *

1025 1942 1069 1982 in
1089 1941 1221 1983 domo
1241 1941 1386 1983 David
1404 1942 1529 1994 pueri
1549 1941 1625 1982 sui.

1077 1999 1197 2040 Sicut
1221 1998 1394 2039 locutus
1421 2003 1488 2040 est
1511 2011 1591 2050 per
1615 2010 1665 2039 os
1686 2000 1854 2039 sancto-

1026 2067 1137 2104 rum,
1156 2055 1179 2080 *
1201 2055 1274 2107 qui
1297 2068 1322 2096 a
1346 2054 1509 2096 saeculo
1531 2059 1645 2104 sunt,
1668 2054 1854 2107 prophe-

1025 2113 1170 2152 tarum
1189 2112 1293 2163 ejus:

1078 2167 1272 2209 Salatem
1297 2180 1351 2209 ex
1374 2167 1558 2208 inimicis
1577 2167 1750 2217 nostris,
1769 2168 1792 2192 *
1813 2172 1855 2208 et

1027 2223 1082 2265 de
1097 2237 1229 2264 manu
1244 2224 1447 2273 omnium,
1469 2224 1541 2276 qui
1558 2222 1746 2265 oderunt
1760 2236 1854 2264 nos:

1075 2279 1147 2321 Ad
1154 2279 1397 2321 faciendam
1403 2279 1747 2321 misericordiam
1757 2293 1854 2321 cum

1026 2336 1225 2388 patribus
1240 2337 1418 2378 nostris:
1436 2337 1460 2362 *
1480 2342 1523 2378 et
1541 2337 1776 2377 memorari
1795 2341 1854 2377 te-

1028 2393 1231 2434 stamenti
1251 2393 1317 2434 sui
1337 2393 1485 2435 sancti.

1078 2449 1102 2489 J
1104 2448 1405 2501 usjurandum‚
1451 2449 1570 2502 quod
1605 2449 1762 2501 juravit
1798 2447 1853 2488 ad

1026 2505 1251 2546 Abraham
1269 2510 1437 2558 patrem
1459 2510 1668 2554 nostrum,
1687 2506 1711 2531 *
1731 2504 1852 2546 datu-

1026 2575 1122 2602 rum
1142 2574 1188 2603 se
1206 2561 1348 2603 nobis:

1077 2618 1136 2659 Ut
1161 2618 1252 2659 sine
1280 2618 1452 2667 timore,
1482 2617 1536 2659 de
1564 2630 1694 2658 manu
1718 2616 1851 2656 inimi-

1026 2676 1177 2715 corum
1191 2677 1443 2715 nostrorum
1458 2674 1640 2722 liberati,
1655 2674 1678 2698 *
1694 2672 1850 2714 servia-

1025 2743 1122 2770 mus
1140 2730 1211 2771 illi.
