2040 2976
562 199 632 233 Dic

657 200 707 233 22.
733 200 829 241 Aug.

182 302 401 356 quaedam,
420 300 594 342 Martha
612 300 806 349 nomine,
833 299 1007 351 excepit

180 360 301 400 illum
325 359 368 399 in
388 358 569 400 domum
587 370 721 398 suam.
754 357 810 397 Et
828 355 1006 407 reliqua.

296 440 486 482 Homilia
515 440 654 481 sancti
680 437 895 480 Bernardi

496 496 695 539 Abbatis.

256 562 373 596 Scrm.
397 562 427 596 2.
454 562 499 596 de
526 562 722 604 Assumpt.
747 560 787 594 B.
813 559 859 592 M.
885 557 927 590 V.

189 624 204 626 ‘'
312 619 386 662 uid
408 621 612 661 introisse
637 631 737 660 eum
762 617 944 659 dicimus
963 614 1006 654 in

182 622 307 772 Q
329 674 580 718 castellum?
619 675 762 716 Etiam
799 674 842 713 in
876 684 1005 722 angu-

328 734 568 775 stissimum
618 730 840 782 virginalis
894 727 1007 769 uteri

180 790 471 833 diversorium
496 788 703 830 introivit.
738 785 939 837 Denique
964 789 1007 826 et

180 848 336 889 mulier
369 845 573 898 quaedam
606 843 780 895 excepit
810 842 931 883 illum
963 841 1007 881 in

182 905 361 946 domum
381 916 514 944 suam.
547 901 671 942 Felix
689 899 859 948 mulier,
885 899 1007 950 cujus

181 962 353 1010 domus,
372 959 598 1001 Salvatore
618 958 841 1008 suscepto,
861 955 1006 995 inven-

179 1023 225 1059 ta
254 1023 320 1059 est
346 1015 508 1057 munda
538 1013 730 1066 quidem,
765 1011 844 1053 sed
877 1011 1007 1063 plane

180 1087 267 1116 non
288 1076 438 1115 vacua.
473 1071 579 1121 Quis
604 1070 718 1111 enim
736 1071 921 1110 vacuam
945 1067 1006 1110 di-

179 1131 302 1180 xerit,
323 1142 454 1182 quam
474 1127 634 1169 salutat
653 1126 847 1177 Angelus
865 1125 1008 1176 gratia

181 1185 378 1240 plenam?
419 1185 576 1237 Neque
608 1184 694 1225 hoc
727 1182 886 1232 solum,
928 1181 1008 1223 sed

180 1243 323 1285 adhuc
345 1255 521 1295 quoque
541 1241 585 1281 in
607 1253 703 1282 eam
722 1242 1007 1292 superventu-

180 1314 276 1341 rum
297 1299 451 1341 asserit
469 1298 677 1350 Spiritum
697 1301 907 1337 sanctum.
938 1293 1008 1336 Ad

182 1355 297 1409 quid,
317 1361 457 1409 putas,
478 1354 561 1395 nisi
578 1359 627 1395 ut
647 1354 778 1395 etiam
797 1353 1007 1404 superim-

180 1414 298 1466 pleat
318 1411 435 1454 eam?
462 1410 535 1453 Ad
556 1410 679 1463 quid,
706 1409 789 1450 nisi
810 1414 858 1449 ut
878 1407 1007 1450 adve-

180 1470 323 1511 niente
350 1471 434 1521 jam
460 1468 624 1521 Spiritu
648 1467 780 1520 plena
806 1466 907 1515 sibi,
936 1467 1006 1506 eo-

181 1527 281 1568 dem
301 1525 652 1579 superveniente,
678 1523 805 1564 nobis
830 1535 1007 1574 quoque

180 1583 443 1636 superplena
462 1587 505 1624 et
524 1580 839 1634 supereffluens
858 1579 955 1621 fiat?

235 1645 286 1695 R».
322 1644 493 1684 Diffusa
529 1648 596 1684 est
632 1641 771 1693 gratia
803 1641 847 1681 in
878 1640 1007 1682 labiis

180 1701 282 1742 tuis:
299 1700 321 1722 ¹⁸¹
336 1701 578 1753 Propterea
592 1697 817 1740 benedixit
830 1702 875 1739 te
886 1697 1007 1738 Deus

180 1757 223 1797 in
247 1758 469 1798 aeternum.
507 1750 557 1802 V.
581 1754 773 1808 Myrrha,
805 1758 848 1795 et
871 1758 1006 1804 gutta,

181 1819 225 1855 et
254 1813 370 1854 casia
398 1825 423 1853 a
449 1811 721 1854 vestimentis
748 1811 852 1859 tuis,
881 1823 907 1850 a
932 1809 1006 1851 do-

180 1869 323 1911 mibus
340 1869 553 1918 eburneis,
574 1881 628 1910 ex
645 1867 802 1920 quibus
818 1866 1006 1908 delecta-

180 1929 335 1968 verunt
366 1932 411 1968 te
445 1925 547 1967 filiae
579 1938 731 1976 regum
763 1924 806 1964 in
838 1923 1006 1965 honore

180 1987 268 2024 tuo.
295 1983 547 2036 Propterea.

469 2046 619 2089 Lectio
638 2048 724 2089 viii.

230 2114 345 2150 ntret
374 2122 478 2159 ergo
507 2108 686 2150 domum
714 2109 934 2158 Salvator,
963 2113 1007 2150 et

251 2165 501 2217 frequenter
536 2166 684 2207 visitet
721 2178 832 2215 eam,
875 2178 1007 2217 quam

181 2222 400 2274 poenitens
428 2221 621 2263 Lazarus
648 2220 846 2271 mundat,
880 2227 1007 2263 ornat

183 2277 371 2327 Martha,
408 2282 452 2319 et
483 2278 620 2319 Maria
651 2278 793 2331 replet
824 2279 1006 2320 internae

183 2333 332 2375 dedita
360 2334 730 2386 contemplationi.
774 2334 862 2376 Sed
893 2335 1007 2376 forte

183 2390 381 2431 curiosus
403 2390 632 2442 quisquam
655 2393 848 2442 requirat
868 2403 944 2431 cur
963 2391 1007 2431 in

182 2446 389 2499 praesenti
415 2446 665 2496 evangelica
683 2447 870 2488 lectione
889 2447 1007 2488 nulla

183 2515 365 2555 prorsus
389 2502 545 2543 Lazari
569 2503 732 2544 mentio
757 2503 843 2544 fiat.
880 2503 1005 2545 Arbi-

182 2566 275 2600 tror
298 2571 419 2608 sane,
447 2571 502 2599 ne
527 2558 574 2599 id
599 2557 775 2610 quidem
799 2572 823 2600 a
846 2561 1007 2612 propo-

183 2616 266 2657 sita
294 2614 576 2656 similitudine
605 2614 829 2655 dissidere.
865 2615 1005 2665 Virgi-

183 2671 326 2712 nalem
351 2672 511 2713 etenim
537 2671 716 2712 domum
734 2671 914 2722 intelligi
933 2684 1006 2712 vo-

181 2728 275 2770 lens
293 2728 498 2781 Spiritus,
524 2727 641 2769 siluit
663 2740 753 2768 non
771 2727 1007 2778 incongrue

879 199 917 232 Iu
947 201 1091 233 Octava
1117 199 1314 241 Assumpt.
1340 198 1380 231 B.
1406 198 1453 231 M.
1470 197 1514 231 V.

1059 296 1379 348 poenitentiam,
1413 308 1512 348 quae
1543 295 1706 336 malum
1738 296 1890 348 utique

1060 352 1306 393 comitetur.
1342 351 1474 393 Absit
1493 351 1625 402 enim,
1652 356 1701 393 ut
1721 351 1892 404 proprii

1061 407 1302 461 quidquam
1359 407 1675 460 inquinamenti
1733 407 1890 449 domus

1059 465 1156 506 haec
1189 463 1426 517 aliquando
1461 463 1667 506 habuisse
1702 464 1891 515 dicatur,

1060 527 1107 562 ut
1122 522 1166 562 in
1182 534 1234 563 ea
1250 521 1438 574 proinde
1454 534 1592 574 scopa
1603 521 1759 562 Lazari
1775 534 1890 574 quae-

1059 580 1239 619 reretur.

1115 638 1166 688 Rz.
1199 635 1337 676 Beata
1370 647 1416 676 es
1449 635 1588 686 Virgo
1621 634 1775 685 Maria,
1806 635 1891 677 Dei

1061 691 1280 742 Genitrix,
1311 705 1410 744 quae
1438 690 1663 733 credidisti
1682 691 1891 734 Domino:

1060 748 1258 801 perfecta
1283 753 1384 790 sunt
1405 748 1449 789 in
1468 753 1512 790 te
1532 761 1632 800 quae
1653 747 1772 790 dicta
1790 753 1891 790 sunt

1060 805 1154 847 tibi:
1175 818 1277 847 ecce
1298 805 1490 847 exaltata
1510 818 1557 847 es
1577 818 1711 857 super
1729 805 1891 847 choros

1060 862 1348 912 Angelorum:
1370 865 1393 889 *
1410 861 1642 904 Intercede
1660 874 1743 915 pro
1762 861 1892 904 nobis

1060 918 1118 960 ad
1144 919 1262 959 Dfim
1290 919 1434 960 Deum
1462 924 1672 961 nostrum.
1717 916 1768 967 V.
1794 918 1892 960 Ave

1060 975 1214 1025 Maria,
1241 975 1383 1026 gratia
1410 975 1559 1028 plena,
1587 976 1803 1017 Dominus
1829 980 1891 1017 te-

1061 1032 1446 1131 cudentercede.
1487 1032 1639 1074 Gloria
1655 1033 1788 1074 Patri.
1823 1032 1892 1073 In-

1060 1091 1180 1131 terce
1215 1102 1250 1131 e.

1089 1157 1164 1192 Pro
1190 1157 1247 1192 Ss.
1271 1158 1380 1207 Mart.
1404 1157 1621 1200 Timotheo,
1645 1158 1864 1203 Hippolyto

1299 1212 1335 1240 et
1359 1206 1657 1251 Symphoriano.

1365 1259 1517 1300 Lectio
1536 1259 1591 1299 ix.

1068 1333 1090 1362 «ε
1115 1315 1373 1357 imotheus
1429 1315 1748 1366 Antiochenus‚
1803 1316 1890 1357 Ro-

1128 1370 1145 1372 ”
1171 1385 1288 1413 mam
1302 1371 1493 1422 veniens
1509 1371 1756 1413 Melchiade
1771 1372 1892 1413 Sum-

1060 1441 1133 1470 mo
1157 1428 1388 1478 Pontifice,
1417 1435 1516 1470 cum
1541 1441 1621 1481 per
1646 1433 1806 1470 annum
1831 1427 1893 1470 ibi

1061 1485 1223 1526 Christi
1247 1485 1381 1526 fidem
1404 1484 1710 1538 praedicasset,
1737 1497 1763 1526 a
1786 1484 1892 1526 Tar-

1061 1542 1213 1594 quinio
1246 1541 1379 1584 Urbis
1414 1542 1627 1595 praefecto
1663 1541 1892 1593 conjicitur

1060 1599 1104 1639 in
1130 1598 1318 1640 vincula:
1353 1603 1396 1640 et
1419 1602 1524 1651 post
1547 1597 1774 1639 diuturnas
1800 1600 1891 1640 car-

1061 1656 1172 1697 ceris
1206 1659 1423 1697 aerumnas
1456 1655 1513 1697 ad
1545 1653 1666 1697 idola
1691 1654 1892 1708 perduci-

1060 1717 1141 1761 tur,
1166 1717 1215 1753 ut
1235 1712 1297 1753 eis
1316 1711 1544 1753 sacrificet.
1580 1712 1722 1762 Quam
1739 1711 1891 1764 impie-

1059 1771 1197 1810 tatem
1217 1781 1387 1809 summa
1407 1767 1612 1810 libertate
1635 1768 1891 1819 detestatus,

1060 1825 1343 1867 acerbissime
1368 1825 1570 1875 caeditur,
1599 1830 1643 1867 et
1667 1824 1891 1867 excarnifi-

1061 1883 1207 1923 catum
1227 1894 1388 1934 corpus
1408 1881 1509 1923 viva
1529 1881 1649 1923 calce
1667 1880 1890 1934 perfundi-

1060 1943 1142 1980 tur.
1182 1939 1233 1978 In
1264 1938 1423 1991 quibus
1451 1938 1635 1990 aliisque
1663 1937 1891 1991 suppliciis

1061 2000 1267 2036 constans
1295 1996 1463 2048 Martyr
1496 1995 1644 2048 capite
1670 1994 1891 2048 plectitur.

1061 2052 1232 2104 Corpus
1256 2053 1327 2093 via
1353 2052 1549 2094 Ostiensi
1576 2065 1718 2105 prope
1747 2051 1890 2105 sepul—

1060 2107 1214 2149 chrum
1241 2108 1361 2150 beati
1383 2108 1508 2150 Pauli
1531 2108 1740 2161 Apostoli
1766 2120 1889 2160 sepe-

1059 2165 1174 2207 litur.
1220 2165 1317 2215 Quo
1351 2164 1423 2207 die
1455 2165 1601 2215 etiam,
1634 2163 1890 2206 Alexandro

1059 2222 1346 2274 imperatore,
1381 2221 1501 2275 apud
1529 2223 1654 2264 Ostia
1681 2221 1891 2264 Tiberina

1059 2278 1330 2331 Hippolytus
1364 2281 1601 2331 episcopus
1632 2276 1890 2320 Portuensis
1953 2297 1962 2300 -

1060 2335 1117 2376 ob
1146 2334 1408 2387 praeclaram
1434 2335 1540 2377 fidei
1567 2335 1890 2377 confessionem

1058 2390 1260 2432 manibus
1285 2391 1563 2444 pedibusque
1582 2391 1742 2443 ligatis,
1767 2391 1811 2431 in
1830 2390 1888 2432 al-

1058 2453 1149 2488 tam
1178 2447 1351 2488 foveam
1379 2449 1504 2501 aquis
1533 2448 1709 2501 plenam
1736 2447 1888 2500 praeci-

1058 2504 1237 2556 pitatus,
1256 2505 1465 2557 martyrio
1487 2507 1725 2547 coronatus
1745 2508 1823 2553 est,
1846 2508 1890 2544 et

1059 2559 1223 2601 ibidem
1243 2572 1269 2600 a
1284 2560 1542 2603 Christianis
1556 2561 1766 2614 sepultus.
1792 2560 1889 2609 Quo

1059 2617 1164 2658 item
1200 2615 1286 2666 die,
1331 2617 1572 2659 Aureliano
1608 2618 1888 2669 imperatore,

1059 2677 1243 2725 propter
1276 2673 1477 2715 eamdem
1504 2673 1639 2714 fidem
1668 2673 1889 2722 Augusto-

1061 2728 1167 2770 duni
1180 2728 1526 2782 Symphorianus
1542 2728 1800 2770 adolescens
1818 2730 1888 2769 va-
