2040 2976
172 212 216 246 2*
855 211 969 244 Festa
993 211 1098 244 Julii.
1124 211 1200 252 (21.)

175 319 351 360 quoque
378 319 490 356 esse,
520 305 641 358 quod
667 310 784 355 sunt,
813 305 850 346 si
874 304 1002 346 facia-

172 377 269 405 mus
288 363 384 416 ipsi,
405 363 525 416 quod
543 363 718 405 faciunt.

230 427 275 476 lxffv.
301 424 549 467 Honestum
567 424 681 466 fecit.

486 496 636 535 Lectio
659 510 696 535 V.

171 554 381 661 Neque
415 560 530 602 enim
562 559 739 602 difficile
766 558 895 601 nobis
923 562 1001 608 est,

289 617 409 670 quod
429 617 484 659 ab
505 617 614 670 ipsis
633 616 808 668 geritur,
830 615 1001 664 imitari,

172 688 271 717 cum
296 675 388 716 sine
413 673 686 727 praecedenti
714 672 917 725 exemplo
946 671 1000 714 ab

171 732 361 783 antiquis
398 730 501 772 talia
533 735 658 782 gesta
691 730 1002 783 conspicimus:

171 794 218 830 ut
242 801 329 829 non
354 787 439 840 ipsi
464 787 649 829 aliorum
674 786 820 828 aemuli
846 784 1000 827 redde-

170 847 330 894 rentur,
356 843 435 886 sed
460 843 720 886 aemulandae
739 842 913 885 virtutis
937 855 1000 884 se-

169 904 291 954 ipsos
315 901 444 943 nobis
467 901 717 954 praeberent
736 900 1002 953 exemplum3

170 963 218 999 ut
243 958 348 1000 dum
375 971 454 1000 nos
483 972 538 1001 ex
565 958 690 1012 ipsis,
720 963 763 999 et
791 970 846 999 ex
874 956 1002 998 nobis

171 1015 244 1056 alii
267 1015 515 1068 proficiunt,
540 1015 603 1056 sic
623 1014 824 1056 Christus
848 1014 891 1054 in
911 1013 1002 1055 suis

171 1085 346 1125 semper
374 1072 513 1114 servis
546 1072 590 1113 in
617 1071 818 1113 Ecclesia
850 1075 1002 1112 sancta

170 1129 383 1171 laudetur.
423 1128 551 1171 Unde
576 1128 631 1170 ab
658 1127 825 1179 origine
851 1127 1003 1169 mundi
1062 1141 1065 1145 ’
1099 1142 1112 1150 -·
1200 1140 1203 1151 f

169 1188 379 1228 innocens
418 1185 533 1227 Abel
571 1184 806 1234 occiditur,
847 1183 1002 1225 Enoch

169 1242 266 1284 Deo
282 1243 461 1296 placens
470 1242 741 1291 transfertur,
754 1243 893 1294 justus
902 1240 1002 1282 Noe

170 1299 401 1349 invenitur,
425 1297 651 1340 Abraham
676 1297 819 1340 fidelis
842 1297 1001 1350 proba-

169 1361 256 1405 tur,
289 1356 467 1408 Moyses
498 1357 752 1397 mansuetus
786 1355 1001 1405 dignosci-

170 1418 250 1462 tur,
265 1413 289 1453 J
293 1425 393 1454 esus
409 1417 567 1462 castus,
586 1411 733 1453 David
747 1411 867 1461 lenis,
882 1410 1001 1452 Elias

170 1471 390 1522 acceptus,
414 1469 573 1511 Daniel
597 1473 784 1518 sanctus,
807 1474 899 1510 tres
923 1470 1000 1520 pu-

170 1526 231 1568 eri
251 1526 443 1568 victores
461 1525 717 1568 redduntur.

228 1589 275 1638 h'v.
300 1588 477 1629 Amavit
496 1601 607 1629 eum.

472 1658 624 1697 Lectio
645 1658 696 1696 vi.

248 1723 414 1775 postoli
450 1722 654 1774 discipuli
692 1722 869 1771 Christi,
911 1734 999 1763 cre-

283 1779 479 1821 dentium
503 1780 701 1830 magistri
724 1778 951 1828 habentur,
977 1791 1001 1820 e

170 1835 330 1888 quibus
356 1835 516 1878 eruditi
542 1835 830 1877 Confessores
856 1835 1000 1876 fortis-

169 1893 265 1934 simi
303 1898 516 1945 pugnant,
561 1893 779 1945 Martyres
816 1891 1001 1945 perfecti

169 1949 456 2002 triumphant,
494 1955 538 1991 et
570 1949 795 1991 christiani
827 1961 1002 2002 semper

171 2007 388 2048 exercitus
434 2006 658 2048 diabolum
701 2007 799 2048 Deo
846 2006 1002 2048 armati

171 2061 402 2104 debellant.
454 2063 506 2104 In
538 2063 632 2105 istis
664 2075 840 2116 semper
871 2076 1001 2116 pares

171 2119 366 2170 virtates,
390 2119 624 2162 dissimiles
648 2133 819 2173 pugnae,
843 2119 1001 2171 glorio-

171 2189 232 2217 sae
264 2176 473 2218 victoriae.
514 2176 641 2219 Unde
672 2182 721 2219 tu
753 2176 1002 2219 Christiane

171 2232 384 2275 delicatus
405 2246 451 2274 es
471 2233 607 2283 miles,
634 2234 670 2274 si
689 2239 820 2287 putas
838 2238 882 2276 te
902 2246 1001 2286 pos-

171 2303 218 2331 se
251 2290 344 2332 sine
375 2303 524 2343 pugna
555 2293 748 2340 vincere,
785 2291 879 2332 sine
911 2303 1000 2332 cer-

170 2346 333 2389 tamine
361 2346 642 2399 triumphare.
682 2348 849 2390 Exsere
876 2347 1002 2397 vires,

171 2403 342 2446 fortiter
362 2403 532 2453 dimica,
554 2404 761 2446 atrociter
784 2404 827 2444 in
846 2403 1001 2456 praelio

171 2459 256 2502 isto
282 2461 498 2502 concerta.
540 2460 784 2502 Considera
809 2466 1002 2513 pactum,

172 2516 469 2558 conditionem
493 2516 682 2566 attende,
705 2517 902 2559 militiam
926 2530 1001 2559 no-

171 2585 259 2614 sce:
275 2579 454 2626 pactum
466 2573 586 2625 quod
601 2573 892 2626 spopondisti,
908 2586 1003 2615 con-

172 2629 383 2672 ditionem
417 2643 503 2682 qua
529 2630 771 2672 accessisti:
803 2629 1002 2672 militiam

171 2686 242 2727 cui
268 2699 428 2728 nomen
457 2685 630 2729 dedisti.

230 2746 278 2794 Rs.
300 2747 391 2788 Iste
411 2747 555 2789 homo.

1272 307 1322 346 In
1348 306 1420 345 ΙΙΙ.
1448 306 1671 345 Nocturno.

1058 365 1212 407 Lectio
1233 364 1373 407 sancti
1391 363 1619 416 Evangelii
1642 363 1883 405 secundum

1382 420 1559 462 Lucam.

1134 482 1287 523 Lectio
1308 481 1375 520 vii.
1627 479 1730 530 Cap.
1746 479 1809 518 lo.

1102 555 1130 583 n
1157 542 1234 584 illo
1262 544 1481 596 tempore:
1507 542 1768 594 Designavit
1795 542 1884 584 Do-

1118 599 1262 641 minus
1281 604 1325 642 et
1340 599 1450 642 alios
1466 601 1745 652 septuaginta
1759 597 1884 648 duOS,

1055 661 1099 698 et
1134 657 1254 698 misit
1289 656 1390 698 illos
1426 656 1554 698 binos
1591 660 1692 698 ante
1727 655 1884 698 faciem

1054 726 1178 755 suam
1210 713 1254 754 in
1287 726 1462 755 omnem
1494 713 1718 755 civitatem
1749 717 1794 754 et
1823 712 1885 754 lo-

1055 783 1170 821 cum,
1205 783 1292 823 quo
1322 775 1416 812 erat
1442 770 1539 823 ipse
1567 772 1787 812 venturus.
1828 769 1886 810 Et

1054 826 1233 880 reliqua.

1108 905 1298 948 Homilia
1317 906 1456 948 sancti
1475 904 1680 957 Gregorii
1697 904 1843 958 Papae.

1110 992 1114 995 -
1152 971 1209 1004 Ex
1235 967 1406 1003 Homilia
1434 966 1481 1000 17.
1509 967 1545 1000 in
1569 965 1792 1008 Evangelia.

1062 1051 1092 1089 3.
1107 1041 1168 1085 '³4:43
1200 1028 1314 1069 issis
1336 1033 1483 1070 autem
1508 1027 1886 1081 praedicatoribus,

1062 1090 1103 1142 {242
1130 1092 1171 1137 xj,
1233 1084 1339 1138 quid
1358 1085 1487 1136 dicat,
1507 1083 1750 1127 audiamus:
1774 1084 1886 1126 Mes-

1128 1151 1135 1157 ’
1232 1142 1291 1183 sis
1314 1141 1492 1195 quidem
1515 1141 1670 1191 multa,
1695 1141 1887 1194 operarii

1055 1203 1203 1240 autem
1226 1199 1367 1252 pauci.
1405 1197 1478 1240 Ad
1496 1211 1687 1240 messem
1704 1198 1887 1240 multam

1055 1255 1247 1308 operarii
1257 1255 1387 1308 pauci
1402 1259 1513 1306 sunt,
1530 1254 1650 1308 quod
1662 1254 1755 1296 sine
1765 1255 1889 1306 gravi

1054 1313 1246 1354 moerore
1267 1312 1391 1364 loqui
1405 1324 1494 1353 non
1510 1313 1765 1365 possumus:
1786 1311 1888 1364 quia

1055 1369 1137 1411 etsi
1156 1374 1267 1419 sunt,
1289 1369 1363 1422 qui
1381 1368 1499 1411 bona
1517 1367 1708 1419 audiant,
1729 1367 1888 1410 desunt

1054 1430 1218 1476 tamen,
1253 1426 1328 1478 qui
1357 1425 1521 1467 dicant:
1554 1427 1670 1467 Ecce
1697 1424 1887 1466 mundus

1054 1481 1362 1525 sacerdotibus
1393 1482 1550 1535 plenus
1587 1486 1671 1532 est,
1710 1479 1790 1523 sed
1824 1486 1886 1524 ta-

1054 1552 1155 1581 men
1179 1540 1223 1580 in
1245 1552 1390 1582 messe
1414 1539 1499 1581 Dei
1523 1551 1650 1581 rarus
1673 1537 1802 1581 valde
1825 1538 1886 1579 in-

1053 1598 1228 1638 venitur
1247 1598 1475 1649 operator:
1495 1596 1571 1648 qui
1588 1595 1781 1637 officium
1797 1595 1887 1648 qui-

1054 1652 1155 1694 dem
1184 1652 1461 1695 sacerdotale
1488 1651 1779 1705 suscepimus,
1807 1651 1888 1693 sed

1054 1722 1168 1762 opus
1205 1709 1339 1751 officii
1372 1722 1460 1751 non
1495 1709 1741 1761 implemus,
1798 1707 1887 1750 Sed

1053 1767 1249 1818 pensate,
1272 1766 1430 1808 fratres
1449 1765 1673 1815 carissimi,
1690 1766 1887 1817 pensate,

1055 1822 1177 1875 quod
1206 1822 1383 1864 dicitur:
1411 1823 1586 1874 Rogate
1615 1834 1720 1873 ergo
1750 1820 1886 1863 domi—

1053 1893 1157 1921 num
1175 1879 1343 1930 messis,
1362 1884 1411 1921 ut
1428 1879 1574 1920 mittat
1593 1877 1823 1931 operarios
1842 1877 1886 1918 in

1054 1949 1243 1978 messem
1267 1950 1402 1978 suam.
1436 1936 1533 1978 Vos
1557 1948 1639 1988 pro
1662 1934 1792 1976 nobis
1811 1935 1884 1988 pe-

1053 1993 1144 2043 tite,
1169 1998 1218 2035 ut
1237 1993 1370 2045 digna
1393 1992 1523 2035 vobis
1547 1991 1725 2044 operari
1743 1990 1884 2033 valea-

1053 2063 1167 2100 mus,
1208 2063 1264 2092 ne
1300 2050 1355 2092 ab
1393 2048 1703 2092 exhortatione
1738 2047 1886 2099 lingua

1054 2109 1240 2160 torpeat,
1267 2120 1321 2149 ne
1345 2111 1584 2160 postquam
1606 2103 1884 2158 praedicatio-

1053 2163 1120 2204 nis
1134 2163 1282 2206 locum
1296 2163 1582 2216 suscepimuS,
1597 2161 1716 2215 apud
1725 2162 1886 2213 justum

1053 2219 1242 2272 judicem
1257 2225 1410 2262 nostra
1424 2232 1506 2261 nos
1521 2218 1796 2261 taciturnitas
1812 2216 1885 2259 ad-

1054 2276 1184 2319 dicat.
1240 2278 1291 2328 R.
1316 2277 1408 2318 Iste
1428 2281 1495 2318 est
1516 2275 1600 2327 qui.

1344 2347 1494 2387 Lectio
1516 2347 1597 2386 viii.

1059 2402 1180 2509 Sed
1208 2407 1374 2449 utinam
1405 2406 1442 2447 si
1470 2405 1527 2447 ad
1554 2403 1885 2459 praedicationis

1158 2464 1366 2506 virtutem
1392 2475 1481 2505 non
1509 2461 1766 2511 sufficimus,
1798 2461 1885 2506 loci

1054 2520 1192 2562 nostri
1222 2519 1414 2562 officium
1438 2519 1482 2560 in
1507 2518 1756 2560 innocentia
1781 2517 1885 2575 vitae

1053 2579 1298 2627 teneamus;
1318 2589 1419 2617 nam
1436 2574 1655 2618 subditur:
1670 2575 1785 2617 Ecce
1801 2587 1884 2625 ego

1053 2633 1179 2675 mitto
1205 2645 1286 2675 vos
1306 2633 1419 2674 sicut
1444 2645 1581 2683 agnos
1604 2632 1719 2673 inter
1744 2630 1885 2683 lupos.

1053 2690 1180 2731 Multi
1211 2689 1327 2732 enim
1354 2702 1453 2731 cum
1481 2688 1703 2740 regiminis
1736 2699 1885 2728 curam

1054 2746 1306 2798 suscipiunt,
1326 2745 1384 2787 ad
1399 2743 1662 2787 lacerandos
1681 2742 1885 2786 subditos
