2040 2976
567 214 665 247 Infrn
692 212 983 246 Hebdomadam
1008 211 1058 245 iii.
1084 216 1173 254 post
1198 211 1276 244 Oct.
1303 210 1560 244 Pentecoste&

211 307 289 347 viri
308 306 443 347 Israel
467 318 514 347 se
537 305 580 345 in
606 310 726 346 arcto
750 304 936 356 positos,
962 304 1035 354 (af-

212 364 354 404 flictus
373 362 486 403 enim
512 366 605 403 erat
623 360 829 413 pepulus)
854 359 1034 402 abscon-

211 418 366 460 derunt
385 431 432 460 se
452 419 495 458 in
515 417 754 470 speluncis,
784 422 827 458 et
849 417 893 457 in
917 415 1034 457 abdi-

210 476 282 525 tis,
301 475 353 516 'in
377 475 514 527 petris
539 486 733 526 quoque,
762 479 805 515 et
828 473 871 513 in
891 473 1035 522 antris,

212 536 254 573 et
303 532 347 572 in
397 531 606 573 cisternis.
668 530 848 571 Hebraei
891 534 1036 570 autem

211 588 477 629 transierunt
516 587 540 627 J
543 586 753 627 ordanem
793 586 837 626 in
876 591 1036 627 terram

212 643 311 685 Gad
349 650 392 686 et
424 643 604 684 Galaad.
662 643 858 694 Cumque
895 641 1036 683 adhuc

212 706 328 742 esset
360 700 462 741 Saul
494 700 538 740 in
571 699 772 750 Galgala‚
811 698 1036 739 universus

210 757 400 809 pepulus
419 756 675 808 perterritus
696 760 771 804 est,
793 755 866 806 qui
885 766 1036 806 seque-

214 813 342 855 batur
361 825 470 854 eum.
502 813 558 853 Et
577 811 849 864 exspectavit
869 816 1037 863 septem

214 869 368 911 diebus
388 870 506 920 juxta
524 868 734 921 placitum
753 867 974 916 Samuelis,
995 872 1037 908 et

213 939 301 967 non
320 925 438 967 venit
457 924 631 966 Samuel
651 924 693 964 in
713 923 912 975 Galgala,
933 922 1035 965 dila-

213 985 408 1034 psusque
429 986 496 1022 est
514 980 705 1033 populus
725 979 779 1021 ab
801 992 866 1021 eo.

269 1042 319 1092 R«.
342 1036 570 1078 Exaudisti
588 1037 786 1077 Domine.
806 1037 898 1077 180.

514 1096 665 1137 Lectio
686 1097 739 1136 iii.

290 1149 323 1191 it
342 1161 447 1199 ergo
467 1148 586 1190 Saul:
605 1147 772 1189 Afferte
791 1147 896 1188 mihi
916 1146 1036 1188 holo-

327 1208 534 1254 caustum,
555 1209 598 1256 e,t
617 1204 812 1257 pacifica.
839 1203 895 1245 Et
915 1202 1037 1244 obtu-

212 1261 262 1303 lit
306 1261 624 1302 holocaustum.
679 1260 876 1312 Cumque
921 1272 1036 1300 com-

212 1317 377 1370 plesset
393 1317 581 1358 efferens
595 1317 914 1365 holocaustum,
934 1328 1037 1357 ecce

213 1374 388 1415 Samuel
416 1373 635 1423 veniebat,
671 1379 715 1415 et
742 1375 943 1424 egressus
973 1377 1039 1414 est

213 1430 314 1471 Saul
345 1430 521 1472 obviam
550 1431 589 1471 ei
616 1435 664 1471 ut
692 1430 901 1471 salutaret
930 1442 1040 1471 eum.

182 1520 185 1523 .
212 1487 495 1539 Locutusque
530 1492 597 1528 est
630 1485 687 1527 ad
720 1499 819 1527 eum
850 1486 1039 1527 Samuel:

214 1543 329 1593 Quid
348 1541 513 1584 fecisti?
534 1542 783 1595 Respendit
793 1542 908 1583 Saul:
929 1543 1038 1592 Quia

214 1599 304 1641 vidi
338 1599 457 1651 quod
488 1599 680 1652 pepulus
717 1598 982 1640 dilaberetur
1013 1612 1038 1640 a

214 1668 299 1705 me,
326 1661 370 1697 et
392 1661 440 1697 tu
459 1669 547 1697 non
567 1658 749 1697 veneras
770 1657 887 1707 juxta
906 1655 1037 1708 placi-

214 1718 284 1753 tos
305 1711 408 1761 dies,
427 1725 562 1764 porro
578 1712 840 1753 Philisthiim
860 1725 1038 1763 congre-

215 1768 305 1819 gati
350 1769 519 1810 fuerant
563 1769 606 1809 in
647 1768 886 1817 Machmas,
933 1768 1039 1810 dixi:

214 1825 342 1866 Nunc
380 1824 648 1867 descendent
684 1825 946 1866 Philisthiim
983 1825 1039 1867 ad

217 1893 288 1922 me
316 1881 359 1921 in
385 1881 586 1932 Galgala,
615 1887 657 1923 et
682 1881 839 1923 faciem
863 1882 1040 1923 Demini

215 1950 303 1978 non
326 1937 508 1989 placavi.
541 1938 818 1979 Necessitate
847 1939 1040 1991 compul-

218 2007 307 2043 suS,
328 1994 466 2036 ebtuli
485 1994 803 2036 holocaustum.
831 1996 1041 2048 Dixitque

217 2050 391 2092 Samuel
411 2050 467 2092 ad
485 2051 603 2092 Saul:
626 2051 766 2093 Stulte
792 2052 934 2103 egisti,
961 2065 1042 2094 nec

218 2106 451 2148 custodisti
492 2107 698 2148 mandata
739 2108 917 2149 Demini
958 2109 1041 2149 Dei

218 2164 296 2212 tui,
330 2176 427 2215 quae
460 2164 672 2216 praecepit
704 2163 795 2205 tibi.
850 2164 979 2214 Quod
1007 2166 1043 2205 si

186 2266 193 2272 ‚
218 2231 305 2260 non
330 2219 526 2269 fecisses,
554 2221 638 2271 jam
662 2233 776 2262 nunc
799 2223 1042 2273 praeparas-

219 2281 286 2317 set
311 2276 526 2316 Deminus
560 2289 741 2327 regnum
764 2282 886 2318 tuum
913 2290 1044 2330 super

219 2331 356 2373 Israel
374 2332 418 2372 in
438 2333 766 2385 sempiternum,
787 2333 866 2375 sed
884 2336 1043 2386 nequa-

221 2401 352 2440 quam
377 2401 557 2438 regnum
584 2394 706 2429 tuum
731 2389 844 2430 ultra
868 2393 1044 2431 consur-

221 2449 306 2495 get.
339 2445 549 2494 Quaesivit
568 2445 781 2486 Dominus
802 2445 886 2487 sibi
905 2446 1046 2486 virum

221 2501 340 2552 juxta
359 2513 436 2542 cor
456 2514 597 2542 suum:
617 2506 660 2542 et
675 2502 888 2554 praecepit
905 2502 944 2543 ei
958 2502 1045 2543 De-

221 2557 364 2598 minus
384 2562 431 2598 ut
451 2562 567 2598 esset
584 2557 673 2598 dux
688 2571 818 2610 super
834 2558 1047 2611 pepulum

223 2626 359 2662 suum,
379 2626 431 2654 eo
453 2612 572 2664 quod
587 2626 674 2654 non
690 2615 932 2655 servaveris
949 2627 1046 2666 quae

223 2670 438 2722 praecepit
456 2670 682 2711 Deminus.

276 2728 327 2778 Rv.
353 2725 471 2767 Audi
490 2726 687 2767 Domine.
708 2727 799 2766 180.

1284 299 1455 336 Feria
1490 299 1714 346 Quinta.

1223 357 1287 396 De
1306 352 1420 394 libro
1439 352 1583 404 primo
1602 351 1784 403 Regum.

1194 414 1345 456 Lectio
1371 415 1394 455 i.
1571 414 1675 466 Cap.
1694 416 1752 454 14.
1771 414 1811 455 b.

1097 475 1168 564 [5
1182 469 1260 511 ixit
1284 474 1430 510 autem
1452 468 1477 509 J
1480 468 1664 510 enathas
1687 469 1744 511 ad
1768 468 1914 512 adole-

1096 493 1100 563 Ῑ
1116 492 1177 570 J
1195 527 1390 567 scentem
1405 527 1665 576 armigerum
1679 525 1818 566 suu‘m:
1828 526 1913 567 Ve-

1087 584 1148 632 ni,
1166 584 1441 624 transeamus
1461 581 1518 623 ad
1537 582 1772 623 stati6nem
1790 582 1913 624 incir-

1089 640 1381 681 cumcisorum
1400 638 1572 688 horum,
1598 638 1635 679 si
1653 638 1766 680 forte
1784 638 1915 681 faciat

1088 696 1303 737 Dominus
1327 707 1408 748 pro
1432 694 1575 736 nobis:
1609 695 1710 747 quia
1734 707 1823 736 non
1848 700 1915 737 est

1088 753 1279 794 Demino
1297 751 1473 793 difficile
1489 751 1660 792 salvare
1675 751 1745 792 vel
1759 751 1803 792 in
1816 751 1916 793 mul-

1088 809 1161 859 tis,
1187 809 1257 850 vel
1282 809 1326 849 in
1349 808 1513 860 paucis.
1548 808 1759 861 Dixitque
1785 808 1826 850 ei
1850 810 1914 849 ar-

1089 866 1227 917 miger
1252 878 1371 906 suus:
1399 865 1488 907 Fac
1512 865 1672 915 emnia,
1702 877 1801 917 quae
1825 864 1915 917 pla-

1091 927 1190 964 cent
1216 922 1361 963 animo
1386 926 1479 963 tuo:
1504 933 1639 974 perge
1667 933 1754 973 quo
1781 921 1915 974 cupis,

1090 983 1134 1020 et
1159 991 1235 1020 ero
1260 983 1407 1019 tecum
1429 977 1694 1030 ubicumque
1712 977 1916 1019 volueris.

1090 1035 1147 1076 Et
1173 1035 1233 1076 ait
1259 1035 1285 1076 J
1288 1034 1487 1077 enathas:
1521 1034 1638 1076 Ecce
1667 1046 1750 1076 nos
1777 1032 1916 1075 trans-

1090 1093 1202 1132 imus
1227 1090 1285 1132 ad
1310 1091 1430 1133 viros
1454 1091 1575 1132 istos.
1617 1091 1815 1142 Cumque
1843 1102 1916 1143 ap·

1090 1147 1362 1200 paruerimus
1399 1147 1479 1197 eis,
1525 1147 1562 1188 si
1599 1146 1746 1189 taliter
1780 1146 1918 1188 locuti

1091 1204 1251 1246 fuerint
1275 1203 1333 1245 ad
1358 1216 1456 1254 nos,
1483 1204 1656 1245 manete
1683 1202 1825 1244 donec
1847 1215 1917 1244 ve-

1090 1261 1260 1302 niamus
1279 1259 1336 1302 ad
1355 1273 1452 1302 vos:
1477 1265 1642 1302 stemus
1660 1259 1705 1300 in
1723 1259 1824 1300 loco
1843 1271 1918 1301 no-

1091 1322 1201 1367 stro,
1233 1329 1315 1358 nec
1344 1315 1632 1358 ascendamus
1660 1314 1718 1357 ad
1745 1327 1833 1356 eos.
1873 1315 1918 1356 Si

1091 1378 1236 1415 autem
1256 1372 1460 1415 dixerint:
1487 1371 1724 1414 Ascendite
1745 1370 1803 1413 ad
1820 1383 1919 1413 nos:

1091 1428 1390 1479 ascendamus,
1412 1429 1514 1481 quia
1532 1428 1715 1470 tradidit
1735 1440 1812 1470 eos
1831 1427 1919 1469 De·

1090 1487 1231 1527 minus
1250 1486 1295 1526 in
1314 1486 1516 1528 manibus
1534 1485 1713 1534 nostris,
1732 1483 1818 1526 hoc
1837 1484 1918 1526 erit

1090 1542 1217 1584 nobis
1233 1543 1414 1594 signum.
1432 1542 1654 1595 Apparuit
1668 1541 1799 1592 igitur
1813 1542 1921 1582 uter-

1092 1612 1178 1651 que
1201 1599 1379 1641 statiani
1404 1597 1778 1640 Philisthinerum:
1803 1596 1920 1639 dixe-

1091 1659 1279 1707 runtque
1314 1655 1592 1697 Philisthiim:
1637 1655 1704 1696 En
1739 1652 1920 1695 Hebraei

1092 1711 1376 1763 egrediuntur
1396 1711 1450 1754 de
1471 1711 1679 1761 cavernis,
1698 1711 1742 1751 in
1762 1709 1920 1762 quibus

1093 1768 1340 1812 absconditi
1359 1769 1541 1811 fuerant.

1150 1830 1199 1881 R.
1221 1827 1486 1879 Praeparate.
1506 1825 1590 1866 177.

1400 1884 1553 1925 Lectio
1574 1884 1613 1924 ii.

1176 1946 1195 1982 t
1212 1940 1348 1981 locuti
1367 1943 1467 1981 sunt
1485 1939 1565 1980 viri
1585 1938 1640 1980 de
1659 1938 1846 1980 statione
1865 1936 1923 1979 ad

1205 1996 1230 2037 J
1234 1995 1455 2046 (matham,
1489 2001 1533 2038 et
1568 1995 1626 2036 ad
1658 1996 1922 2045 armigerum

1095 2054 1202 2106 ejus,
1239 2052 1548 2104 dixeruntque:
1591 2050 1830 2092 Ascendite
1866 2049 1923 2092 ad

1094 2123 1191 2160 nos,
1217 2115 1261 2151 et
1281 2108 1565 2151 ostendemus
1584 2107 1712 2150 vobis
1731 2119 1834 2148 rem.
1866 2107 1923 2149 Et

1096 2167 1155 2208 ait
1174 2167 1199 2207 J
1202 2164 1386 2208 enathas
1411 2164 1469 2207 ad
1495 2166 1758 2215 armigerum
1783 2176 1923 2204 suum:

1096 2221 1410 2271 Ascendamus,
1430 2223 1614 2273 sequere
1633 2233 1718 2262 me:
1743 2219 1925 2262 tradidit

1097 2279 1211 2320 enim
1223 2278 1438 2320 Dominus
1459 2290 1535 2318 eos
1550 2277 1594 2318 in
1607 2289 1762 2318 manus
1777 2275 1924 2317 Isra'el.

1098 2334 1309 2377 Ascendit
1324 2339 1470 2375 autem
1484 2334 1508 2374 J
1511 2333 1706 2382 enathas,
1723 2331 1924 2374 manibus

1098 2397 1141 2433 et
1159 2391 1346 2444 pedibus
1362 2395 1552 2444 reptans,
1573 2396 1617 2432 et
1633 2390 1820 2441 armiger
1834 2389 1924 2440 ejus

1097 2454 1200 2501 post
1215 2461 1324 2490 eum.
1352 2448 1506 2499 Itaque
1527 2447 1599 2488 alii
1618 2445 1834 2489 cadebant
1853 2457 1923 2486 an-

1097 2511 1141 2546 te
1155 2506 1179 2546 J
1183 2504 1399 2553 (matham,
1420 2504 1529 2545 alios
1549 2503 1737 2554 armiger
1757 2502 1847 2554 ejus
1865 2501 1924 2542 in-

1099 2560 1342 2602 terficiebat
1369 2573 1557 2612 sequens
1580 2573 1689 2601 eum.
1729 2559 1785 2600 Et
1811 2558 1926 2599 facta

1101 2622 1168 2658 est
1186 2617 1317 2669 plaga
1336 2617 1491 2669 prima,
1511 2629 1598 2668 qua
1616 2615 1836 2668 percussit
1854 2614 1879 2655 J
1882 2615 1925 2655 ό-

1102 2673 1256 2714 nathas
1285 2679 1327 2715 et
1356 2673 1544 2724 armiger
1572 2672 1681 2723 ejus,
1715 2671 1841 2723 quasi
1866 2670 1926 2712 vi—

1101 2729 1209 2780 ginti
1241 2730 1434 2772 virerum
1464 2729 1508 2770 in
1538 2727 1682 2770 media
1713 2732 1840 2780 parte
1867 2727 1925 2779 ju-
