2040 2976
455 203 525 237 Dic
554 204 601 237 133.
628 204 803 245 Augusti.

170 295 326 337 oravit:
353 294 422 336 Ne
449 293 599 336 tradas
627 294 816 336 Domine
844 294 998 336 bestiis

170 352 336 392 animas
361 351 621 393 confitentes
641 351 731 399 tibi,
757 356 801 392 et
823 350 997 393 custodi

170 408 353 449 famulas
386 413 500 457 tuas,
536 421 644 460 quas
676 408 874 460 pretioso
903 409 997 448 san-

169 465 298 515 guine
318 463 554 506 redemisti.
585 465 635 504 In
656 466 777 516 cujus
801 464 997 505 oratione

100 525 104 529 '
170 533 221 562 ea
238 533 325 562 vox
345 520 495 562 audita
516 526 597 562 est:
616 521 711 571 Ego
729 533 809 562 vos
825 533 998 572 semper

169 577 424 618 custadiam.
453 577 658 619 Saraceni
676 583 822 618 autem
839 577 997 629 partim

95 670 99 675 .
170 646 217 675 se
254 634 369 685 fugae
404 633 685 684 mandarunt,
725 634 886 686 partim
925 633 998 685 qui

169 703 341 731 murum
369 690 674 740 ascenderant,
703 690 820 742 capti
848 689 998 739 oculis,

168 747 419 799 praecipites
448 746 710 788 ceciderunt.
750 747 853 798 Ipsa
882 745 997 787 deni-

171 815 255 855 que
271 803 421 854 Virgo‚
441 816 541 844 cum
555 804 598 844 in
616 803 821 845 extremis
837 805 997 853 ageret,

169 872 194 900 a
206 859 394 900 candido
405 859 634 902 beatarum
640 860 869 910 Virginum
880 863 998 900 coetu

169 916 298 966 (inter
321 929 430 968 quas
455 929 541 957 una
565 916 822 958 eminentior
846 927 898 956 ac
920 915 997 956 ful-

168 970 313 1022 gidior
343 972 600 1024 apparebat)
627 972 817 1021 visitata,
852 984 904 1013 ac
931 984 996 1013 sa-

170 1039 244 1068 cra
267 1027 544 1070 Eucharistia
567 1034 751 1082 sumpta,
778 1033 821 1070 et
844 1041 996 1081 pecca-

168 1085 315 1125 torum
346 1083 616 1136 indulgentia
652 1084 706 1127 ab
738 1085 995 1126 Innocentio

169 1145 326 1192 quarto
347 1140 497 1191 ditata,
522 1141 665 1194 pridie
684 1141 789 1183 Idus
807 1141 996 1192 Augusti

168 1196 355 1238 animam
369 1197 466 1239 Deo
482 1197 685 1239 reddidit.
704 1198 812 1239 Post
827 1198 995 1240 ebitum

168 1265 274 1294 vero
300 1266 430 1305 quam
455 1254 655 1306 plurimis
682 1254 904 1296 miraculis
931 1267 995 1296 re-

167 1308 470 1361 splendentem
515 1310 767 1352 Alexander
814 1315 995 1363 quartus

166 1365 279 1407 inter
298 1371 472 1408 sanctas
491 1366 696 1417 Virgines
715 1367 874 1408 retulit.

220 1430 270 1480 R.
294 1427 544 1470 Afferentur
563 1428 684 1479 Regi.
704 1428 780 1480 [91]

220 1497 261 1530 ln
287 1497 350 1530 ΙΙΙ.
376 1497 573 1531 Nocturno
603 1497 771 1531 llomilia
794 1498 831 1531 in
850 1498 994 1542 Evang.

168 1545 297 1580 Simile
312 1544 383 1580 erit
396 1555 565 1589 regnum.
581 1546 627 1579 de
642 1546 778 1580 eodem
792 1547 994 1582 Communi

172 1593 198 1626 1.
220 1593 317 1626 loco.
342 1592 414 1636 [93]

221 1645 262 1678 In
278 1645 475 1681 Laudibus
493 1647 534 1682 fit
550 1648 824 1682 comemoratio
838 1648 994 1683 Octavae

170 1692 204 1727 S.
220 1693 426 1728 Laurentii.

220 1746 320 1786 Ant.
354 1748 404 1787 In
432 1747 638 1789 craticula
666 1753 710 1789 te
737 1749 880 1790 Deum
908 1761 995 1790 non

166 1804 334 1854 negavi,
361 1809 405 1845 et
429 1803 485 1845 ad
510 1804 653 1854 ignem
679 1805 926 1857 applicatus
950 1811 993 1847 te

168 1860 388 1903 Christum
412 1861 638 1902 confessus
662 1874 771 1902 sum:
794 1862 994 1914 probasti

168 1929 244 1958 cor
270 1930 426 1967 meum,
453 1922 496 1959 et
521 1917 707 1959 visitasti
731 1923 872 1968 nocte,
895 1919 994 1969 igne

168 1986 238 2014 me
263 1974 531 2023 examinasti,
556 1979 599 2016 et
622 1987 711 2016 non
733 1980 799 2016 est
819 1975 995 2017 inventa

168 2030 209 2070 in
229 2043 298 2071 me
318 2030 532 2082 iniquitas.

222 2093 270 2142 Y.
296 2094 528 2147 Dispersit,
563 2095 685 2138 dedit
715 2097 995 2150 pauperibus.

170 2150 222 2200 R.
237 2151 261 2191 J
264 2151 413 2193 ustitia
437 2153 528 2204 ejus
551 2158 699 2194 manet
722 2153 765 2193 in
785 2154 994 2196 saeculum

169 2207 328 2248 saeculi.

500 2273 661 2313 Oratio.

169 2329 282 2436 Da
297 2332 435 2382 nobis,
451 2335 700 2384 quaesumus
715 2338 994 2389 omnipotens

297 2389 438 2430 Deus:
491 2390 695 2432 vitiatum
743 2395 994 2435 nostrerum

169 2445 365 2486 flammas
403 2448 697 2497 exstinguere3
745 2449 815 2500 qui
862 2449 994 2492 beato

168 2501 402 2543 Laurentio
448 2502 636 2544 tribuisti
678 2508 994 2547 tormentorum
1048 2512 1049 2538 ἒ

168 2560 348 2599 suorum
393 2558 591 2600 incendia
637 2563 857 2612 superare.
912 2564 994 2604 Per

167 2614 403 2655 Deminum
431 2620 640 2656 nostrum.

219 2675 262 2709 In
286 2676 534 2720 11.Vesperis
559 2679 599 2712 fit
622 2688 817 2714 commem.
835 2681 991 2717 Octavae

167 2724 203 2758 S.
223 2724 429 2759 Laurentii.

851 204 992 243 Quarta
1019 203 1080 236 die
1107 202 1204 235 infra
1230 200 1309 234 Oct.
1334 200 1370 234 S.
1395 200 1601 234 Laurentii.

1106 297 1205 338 Ant.
1234 294 1398 336 Beatus
1421 292 1682 334 Laurentius
1711 291 1815 334 dum
1837 291 1882 333 in

1050 349 1259 392 craticula
1274 348 1581 402 superpositus
1595 350 1805 399 ureretur,
1825 347 1881 390 ad

1049 406 1353 459 impiissimum
1383 407 1617 458 tyrannum
1649 404 1774 447 dixit:
1801 405 1881 446 As—

1050 465 1193 504 satum
1218 467 1286 504 est
1305 463 1400 514 jam,
1425 474 1564 511 versa,
1589 466 1632 503 et
1650 460 1883 503 manduca:

1049 533 1150 561 nam
1176 518 1408 560 facultates
1432 517 1657 567 Ecclesiae,
1684 530 1793 570 quas
1818 530 1882 560 re-

1052 577 1197 629 quiris,
1227 577 1271 616 in
1300 575 1505 617 coelestes
1533 574 1768 616 thesatiros
1794 587 1882 616 ma-

1049 646 1131 674 nus
1150 636 1396 685 pauperum
1417 630 1775 685 deportaverunt.

1104 691 1882 745 VLevitaLaurentiusbonumopus

1050 754 1260 804 operatus
1289 755 1368 792 est.
1410 752 1460 803 R.
1489 750 1574 801 Qui
1602 762 1682 803 per
1710 750 1882 801 signum

1050 808 1193 849 crucis
1221 820 1366 850 caecos
1394 806 1665 848 illuminavit.

1102 872 1268 913 Oratio.
1298 872 1366 910 Da
1384 867 1524 910 nobis.
1543 868 1651 908 500.

1103 930 1253 965 Deinde
1266 930 1322 964 Ss.
1334 929 1542 975 Hippolyti
1556 936 1592 966 et
1603 931 1784 966 Cassiani
1794 931 1880 967 Mm.

1102 988 1203 1029 Ant.
1235 987 1427 1028 Istorum
1459 990 1526 1027 est
1554 985 1667 1026 enim
1699 997 1883 1035 regnum

1050 1042 1274 1091 coelorum,
1291 1042 1365 1095 qui
1378 1043 1737 1095 contempserunt
1746 1040 1883 1083 vitam

1048 1097 1210 1149 mundi,
1234 1103 1278 1141 et
1301 1100 1600 1152 pervenerunt
1623 1097 1680 1140 ad
1699 1097 1883 1151 praemia

1048 1155 1190 1207 regni,
1228 1160 1272 1197 et
1301 1155 1504 1197 laverunt
1535 1154 1673 1197 stolas
1706 1167 1808 1196 suas
1838 1154 1882 1194 in

1050 1211 1260 1263 sanguine
1287 1211 1414 1262 Agni.

1101 1270 1151 1322 V.
1175 1272 1408 1314 Laetamini
1435 1272 1479 1312 in
1502 1271 1713 1322 Domino,
1741 1275 1784 1313 et
1810 1283 1880 1313 ex-

1049 1329 1210 1371 sultate
1238 1330 1348 1381 justi.
1399 1331 1451 1383 Eg.
1477 1329 1534 1370 Et
1560 1328 1808 1379 gloriamini
1836 1341 1879 1370 o-

1048 1399 1172 1428 mnes
1200 1387 1310 1429 recti
1337 1385 1487 1429 corde.

1387 1454 1552 1495 Oratio.
1704 1501 1713 1510 ·

1047 1508 1161 1615 Da
1179 1514 1431 1565 quaesumus
1449 1514 1731 1565 omnipotens
1743 1511 1881 1554 Deus:

1160 1575 1208 1611 ut
1242 1569 1475 1612 beatorum
1507 1569 1751 1622 Martyrum
1784 1569 1879 1610 tuo-

1046 1639 1144 1667 rum
1176 1626 1412 1679 Hippolyti
1445 1631 1496 1668 etv
1522 1626 1720 1668 Cassiani
1751 1637 1879 1667 vene-

1047 1683 1185 1724 randa
1218 1682 1489 1733 solemnitas,
1525 1687 1569 1725 et
1598 1682 1879 1725 devotionem

1047 1739 1175 1780 nobis
1195 1743 1354 1790 augeat
1369 1743 1412 1781 et
1426 1739 1624 1782 salutem.
1652 1740 1737 1782 Per
1751 1739 1879 1780 Dfim.

1263 1827 1347 1868 Die
1374 1827 1432 1868 13.
1462 1827 1662 1878 Augusti.

1153 1896 1318 1945 Quarta
1340 1896 1410 1938 die
1428 1897 1539 1938 infra
1560 1898 1774 1940 Octavam

1289 1953 1332 1994 S.
1360 1953 1634 1994 Laurentii.

1101 2016 1145 2050 In
1175 2016 1201 2051 Ι.
1231 2017 1431 2052 Noeturno
1462 2018 1666 2055 Lectiones
1700 2021 1748 2055 de
1779 2021 1878 2056 Scri·
1898 2033 1910 2054 ·.

1049 2068 1162 2108 ptura
1187 2071 1422 2100 occurrente.

1273 2135 1322 2175 In
1349 2136 1399 2175 ΙΙ.
1427 2136 1651 2178 Nocturno.

1050 2192 1113 2232 Ex
1145 2191 1260 2233 libro
1294 2191 1552 2233 Officiorum
1584 2193 1624 2234 S.
1652 2192 1877 2246 Ambrosii

1349 2249 1574 2302 Episcopi.

1195 2323 1276 2358 Lib.
1299 2324 1335 2366 l.,
1354 2334 1435 2367 cap.
1454 2325 1516 2368 41„
1534 2325 1573 2359 in
1589 2325 1729 2360 medio.

1349 2385 1501 2427 Lectio
1521 2386 1574 2426 iv.

1052 2464 1055 2487 3
1075 2476 1083 2491 ,
1107 2454 1151 2500 33,-
1177 2453 1232 2481 on
1244 2442 1559 2492 praetereamus
1570 2441 1879 2482 sanctumLau-

1048 2543 1054 2553 ¹,
1075 2495 1151 2556 {1553
1192 2497 1390 2546 rentium,
1407 2497 1591 2549 quicum
1607 2496 1775 2539 videret
1787 2497 1876 2549 Xy—

1048 2548 1117 2565 ’λ’
1149 2553 1170 2576 4
1193 2558 1308 2595 stum
1354 2556 1612 2606 episcopum
1649 2566 1774 2594 suum
1819 2552 1876 2595 ad

1045 2610 1301 2661 martyrium
1337 2610 1454 2660 duci,
1490 2611 1595 2652 flere
1623 2610 1761 2662 coepit
1787 2622 1876 2650 non

1045 2665 1297 2716 passienem
1316 2666 1442 2716 illius,
1467 2666 1547 2708 sed
1566 2679 1691 2707 suam
1709 2678 1874 2707 reman-

1046 2721 1225 2763 si6nem.
1272 2723 1428 2787 ltaque
1456 2722 1524 2764 his
1551 2722 1698 2764 verbis
1726 2722 1874 2774 appel-
