2040 2976
643 200 849 234 Dominica
876 200 939 233 VI.
965 197 1342 243 post'Pcntecostcn.

144 290 338 333 Nathan:
369 293 558 334 Peccavi
589 293 792 334 Domino.
834 293 972 334 Dixit-

146 358 231 397 que
262 347 440 389 Nathan
470 348 527 389 ad
558 349 717 390 David:
757 349 973 390 Dominus

146 414 322 454 quoque
341 404 565 446 transtulit
584 407 818 457 peccatum
835 409 973 446 tuum:

143 470 232 498 non
258 459 470 501 morieris.
506 460 839 511 Verumtamen,
868 463 973 512 quo-

143 513 259 554 niam
281 514 588 568 blasphemare
611 517 754 558 fecisti
771 517 972 557 inimicos

142 569 335 619 Domini,
369 576 553 624 propter
578 572 762 613 verbum
789 573 890 624 hoc,
925 573 971 613 fi-

142 624 241 673 lius,
271 626 345 678 qui
361 632 489 669 natus
512 633 579 669 est
601 627 696 678 tibi,
719 634 862 671 morte
881 643 971 672 mo-

141 681 288 722 rietur.
324 683 381 723 Et
406 685 610 725 reversus
635 689 703 726 est
727 685 905 726 Nathan
928 687 972 726 in

142 736 322 779 domum
355 752 490 794 suam.
537 741 763 782 Percussit
795 754 971 794 quoque

139 793 356 836 Dominus
380 796 629 848 parvulum,
659 810 790 848 quem
813 801 969 851 peper-

141 854 235 891 erat
252 863 364 892 uxor
383 851 501 893 Uriae
520 852 682 902 David,
703 858 746 894 et
764 853 970 906 despera-

139 909 210 946 tus
235 911 312 948 est.
344 907 710 960 Deprecatusque
734 914 801 950 est
824 910 970 951 David

138 961 377 1004 Dominum
401 976 483 1015 pro
509 965 713 1016 parvulo:
741 971 785 1007 et
812 967 968 1017 ieiuna-

139 1017 201 1058 vit
218 1018 365 1060 David
383 1019 559 1070 jejunio,
590 1026 634 1062 et
658 1021 880 1072 ingressus
905 1036 968 1063 se-

140 1075 299 1124 orsum,
319 1076 451 1127 jacuit
470 1089 602 1129 super
620 1083 794 1119 terram.

186 1140 238 1191 Rz.
269 1139 502 1190 Dominus,
531 1141 604 1193 qui
634 1143 793 1194 eripuit
818 1157 888 1185 me
914 1144 968 1185 de

140 1205 216 1235 ore
230 1194 380 1245 leonis,
402 1201 445 1237 et
465 1197 520 1237 de
539 1211 669 1238 manu
688 1198 843 1240 bestiae
862 1199 967 1241 libe-

138 1250 252 1291 ravit
269 1254 390 1301 me,*
416 1253 520 1304 Ipse
538 1266 608 1294 me
629 1255 785 1307 eripiet
805 1255 860 1296 de
878 1258 966 1296 ma-

81 1349 86 1358 ,
137 1304 266 1346 nibus
284 1306 558 1348 inimicorum
581 1311 790 1350 meorum.
815 1306 867 1357 V.
891 1311 967 1351 Mi-

139 1360 194 1402 sit
220 1361 342 1402 Deus
374 1363 720 1406 misericordiam
748 1379 886 1416 suam,
925 1372 968 1408 et

137 1417 369 1459 veritatem
409 1432 548 1460 suam:
596 1421 785 1462 animam
824 1435 968 1463 meam

138 1473 298 1524 eripuit
331 1474 387 1515 de
421 1474 567 1516 medio
600 1476 845 1518 catulorum
879 1477 967 1518 leo-

136 1540 251 1568 num.
279 1529 394 1582 Ipse.
417 1530 571 1573 Gloria
589 1531 721 1572 Patri.
749 1533 862 1585 Ipse.

366 1613 415 1651 In
433 1614 483 1652 11.
503 1612 726 1652 Nocturno.

133 1674 204 1714 Ex
222 1670 335 1713 libro
355 1673 494 1713 sancti
510 1673 736 1714 Ambrosii
754 1674 966 1727 Episcopi

318 1726 373 1768 de
391 1728 614 1780 Apologia
631 1729 787 1770 David.

184 1794 338 1835 Lectio
360 1795 413 1835 iv.
572 1795 762 1846 Apolog.
779 1797 807 1835 1.
824 1809 857 1836 c.
872 1797 908 1835 2.

139 1894 141 1912 2
170 1863 241 1917 {3²33}
259 1861 538 1911 nusquisque
560 1865 759 1902 nostrum
781 1875 861 1914 per
880 1865 960 1903 sin-

139 1939 141 1949 »
185 1909 234 1970 §ij-³
285 1915 410 1965 gulas
429 1915 561 1957 horas
582 1929 714 1967 quam
732 1918 869 1959 multa
889 1918 960 1959 de-

143 1992 146 1993 *
172 1992 175 1993 ν
240 1971 259 1993 *³
283 1970 456 2022 linquit!
476 1984 558 2013 nec
572 1977 719 2014 tamen
734 1976 963 2025 unusquis-

137 2039 221 2078 que
242 2026 297 2067 de
316 2027 447 2079 plebe
465 2030 699 2080 peccatum
719 2042 844 2070 suum
864 2043 963 2070 con—

135 2081 348 2124 fitendum
366 2088 504 2135 putat.
541 2083 620 2125 Ille
643 2097 721 2125 rex
744 2090 892 2126 tantus
912 2098 963 2126 ac

134 2143 303 2189 potens,
322 2152 377 2180 ne
397 2142 554 2190 exiguo
576 2140 754 2191 quidem
771 2143 962 2182 momen-

134 2198 182 2234 to
207 2196 382 2236 manere
407 2208 543 2247 penes
569 2209 616 2236 se
636 2195 786 2237 delicti
805 2209 962 2248 passus

137 2254 204 2290 est
232 2250 555 2291 conscientiam:
589 2251 669 2292 sed
695 2255 963 2303 praematura

137 2305 428 2354 confessione,
456 2311 588 2357 atque
607 2307 821 2347 immenso
841 2307 961 2348 dolo-

135 2372 198 2410 re,
228 2360 419 2402 reddidit
449 2363 684 2413 peccatum
716 2375 842 2402 suum
873 2362 961 2403 Do-

134 2416 265 2457 mino.
306 2418 446 2466 Quem
472 2416 577 2458 mihi
603 2431 718 2458 nunc
745 2418 871 2458 facile
898 2431 960 2459 re-

135 2471 280 2523 perias
299 2472 564 2513 honoratum
583 2485 635 2513 ac
655 2472 849 2521 divitem,
877 2474 961 2525 qui,

137 2527 174 2566 si
211 2530 418 2577 arguatur
454 2528 634 2579 alicujus
671 2528 813 2579 61111136
845 2541 961 2578 reus,

137 2595 225 2623 non
254 2582 440 2624 moleste
468 2582 601 2624 ferat?
641 2583 702 2623 At
733 2583 806 2623 ille
837 2584 960 2634 regio

137 2637 279 2678 clarus
297 2638 500 2690 imperio,
528 2642 595 2678 tot
622 2637 779 2678 divinis
802 2638 959 2689 proba-

135 2697 206 2733 tus
227 2693 432 2743 oraculis,
461 2706 560 2734 cum
583 2705 608 2733 a
632 2693 806 2744 privato
826 2693 960 2735 homi-

1791 205 1858 240 199

1025 305 1080 333 ne
1107 293 1402 345 corriperetur
1429 297 1547 347 quod
1571 300 1764 349 graviter
1785 301 1855 342 de-

1024 347 1236 400 liquisset,
1255 362 1343 390 non
1361 350 1610 402 indignatus
1626 355 1855 407 infremuit,

1024 404 1118 501 lsglde
1132 405 1360 447 confessus
1383 407 1593 458 ingemuit
1617 411 1759 463 culpae
1780 411 1855 454 do-

1076 530 1126 580 R,
1160 526 1384 568 Percussit
1409 528 1511 569 Saul
1535 530 1668 579 mille,
1702 536 1745 572 et
1768 533 1853 573 Da-

1024 581 1099 622 vid
1131 581 1285 623 decem
1319 583 1469 624 millia:
1493 589 1516 613 *
1554 586 1665 635 Quia
1699 601 1854 629 manus

1024 637 1204 678 Domini
1241 643 1336 679 erat
1374 652 1472 681 cum
1507 641 1598 682 illo:
1635 645 1854 694 percussit

1022 693 1343 743 Philisthaeum‚
1385 700 1428 736 et
1471 696 1650 739 abstulit
1693 702 1852 752 oppro-

1023 749 1166 790 brium
1186 763 1240 791 ex
1259 751 1407 791 Israel.
1434 749 1485 799 V.
1504 753 1662 794 Nonne
1681 754 1763 796 iste
1784 761 1851 797 est

1023 806 1184 855 David,
1213 806 1267 847 de
1293 820 1380 858 quo
1407 808 1621 850 canebant
1639 810 1684 850 in
1704 811 1852 861 choro,

1024 861 1234 903 dicentes:
1269 862 1372 903 Saul
1399 866 1619 915 percussit
1646 866 1781 916 mille,
1810 872 1853 908 et

1022 917 1168 959 David
1188 918 1341 959 decem
1359 919 1515 960 millia?
1542 922 1662 971 Quia.

1331 1001 1482 1042 Lectio
1503 1017 1539 1042 v.

1110 1072 1266 1123 enique
1293 1074 1530 1114 Dominum
1557 1074 1684 1115 dolor
1711 1076 1851 1117 intimi

1121 1129 1261 1169 movit
1287 1129 1486 1179 affectus,
1515 1135 1564 1171 ut
1588 1131 1764 1172 Nathan
1791 1132 1850 1172 di-

1021 1189 1156 1225 ceret:
1176 1185 1391 1233 Quoniam
1406 1186 1610 1237 poenituit
1624 1191 1684 1236 te,
1705 1194 1749 1228 et
1763 1188 1849 1228 Do-

1020 1241 1163 1280 minus
1213 1240 1394 1282 abstulit
1441 1244 1673 1293 peccatum
1717 1248 1850 1284 tuum.

1019 1294 1252 1336 Maturitas
1287 1298 1438 1348 itaque
1474 1298 1630 1347 veniae,
1673 1299 1849 1349 profun-

1020 1351 1122 1392 dam
1147 1352 1263 1402 regis
1289 1352 1423 1393 fuisse
1448 1353 1752 1404 poenitentiam
1777 1354 1847 1395 de-

1019 1406 1220 1456 claravit,
1254 1420 1352 1458 quae
1383 1408 1493 1449 tanti
1525 1409 1685 1449 erroris
1716 1409 1847 1450 offen-

1019 1475 1113 1503 sam
1133 1462 1387 1504 traduxerit.
1419 1463 1508 1504 Alii
1530 1463 1730 1505 hemines
1750 1478 1849 1505 cum

1019 1531 1045 1559 a
1055 1518 1359 1560 sacerdotibus
1372 1520 1675 1572 corripiuntur,
1694 1523 1846 1572 pecca-

1018 1580 1112 1616 tum
1138 1588 1264 1615 suum
1288 1577 1535 1625 ingravant,
1565 1575 1670 1616 dum
1688 1578 1848 1626 negare

1019 1631 1217 1682 cupiunt,
1238 1635 1313 1672 aut
1332 1630 1583 1672 defendere:
1609 1632 1758 1683 ibique
1778 1634 1848 1673 eo—

1017 1699 1114 1727 rum
1132 1686 1283 1739 lapsus
1304 1691 1370 1728 est
1388 1689 1536 1739 maior,
1555 1687 1630 1728 ubi
1646 1690 1848 1739 speratur

1019 1743 1246 1784 correctio.
1296 1743 1444 1785 Sancti
1476 1748 1624 1784 autem
1655 1744 1847 1793 Domini,

1020 1799 1094 1850 qui
1131 1801 1437 1840 consummare
1469 1799 1591 1850 pium
1625 1801 1846 1840 certamen

1017 1854 1218 1904 gestiunt,
1239 1860 1282 1896 et
1301 1858 1478 1896 currere
1493 1867 1668 1895 cursum
1683 1855 1846 1903 salutiS,

1018 1910 1158 1951 sicubi
1176 1911 1289 1951 forte
1308 1915 1356 1951 ut
1374 1910 1575 1951 homines
1591 1910 1844 1958 corruerint,

1016 1969 1185 2006 naturae
1230 1965 1370 2015 magis
1415 1965 1667 2015 fragilitate,
1714 1979 1844 2017 quam

1016 2021 1232 2072 peccandi
1250 2020 1442 2070 libidine,
1464 2021 1655 2062 acriores
1675 2020 1731 2061 ad
1751 2034 1842 2061 cur-

1015 2075 1200 2117 rendum
1213 2079 1457 2126 resurgunt,
1470 2075 1654 2128 pudoris
1669 2077 1843 2117 stimulo

1015 2133 1180 2183 majora
1215 2134 1472 2184 reparantes
1509 2132 1759 2173 certamina:
1796 2137 1844 2172 ut

1015 2199 1105 2227 non
1136 2188 1278 2228 solum
1308 2187 1475 2228 nullum
1501 2187 1701 2228 attulisse
1729 2187 1841 2229 aesti-

1015 2244 1158 2283 metur
1181 2243 1331 2295 lapsus
1355 2243 1735 2295 impedimentum,
1764 2242 1843 2283 sed

1016 2298 1145 2338 etiam
1174 2299 1420 2340 velocitatis
1451 2299 1670 2340 incentiva
1699 2311 1841 2339 cumu-

1014 2353 1140 2394 lasse.

1064 2421 1114 2471 Rg.
1144 2418 1318 2458 Montes
1343 2417 1530 2467 Gelboe,
1555 2430 1637 2458 nec
1659 2430 1732 2458 ros
1760 2430 1840 2458 nec

1014 2473 1164 2525 pluvia
1182 2473 1358 2514 veniant
1376 2486 1508 2525 super
1528 2478 1648 2522 VOS‚*
1671 2472 1755 2514 Ubi
1774 2485 1839 2512 66-

1015 2528 1216 2569 ciderunt
1243 2529 1381 2569 fortes
1408 2528 1555 2569 Israel.
1594 2527 1642 2577 W.
1677 2528 1838 2568 Omnes

1013 2589 1202 2632 montes,
1230 2584 1304 2634 qui
1330 2584 1437 2624 estis
1462 2584 1506 2624 in
1530 2583 1712 2623 circuitu
1737 2583 1838 2632 ejus,

1014 2639 1160 2679 visitet
1186 2639 1416 2679 Dominus:
1445 2652 1470 2679 a
1498 2637 1667 2679 Gelboe
1694 2641 1838 2676 autem

1013 2697 1220 2735 transeat.
1246 2693 1343 2735 Ubi.
