2040 2976
678 201 791 236 Feria
816 203 987 237 secunda
1013 203 1063 237 ad
1086 204 1325 240 Matutinum.

194 294 471 337 Intellectum
493 294 573 337 tibi
593 294 725 343 dabo,
751 298 796 336 et
816 296 972 336 instru-

142 363 214 391 am
237 356 283 393 te
307 351 351 392 in
374 351 445 392 via
468 350 566 400 hac,
593 363 679 403 qua
701 349 930 401 gradieris:
948 351 973 376 *

142 406 329 448 firmabo
349 420 482 459 super
499 412 545 448 te
565 406 716 448 oculos
735 418 870 447 meos.

192 467 342 509 Nolite
360 467 457 509 fieri
475 467 588 509 sicut
606 479 744 518 equus
761 471 804 507 et
818 466 971 515 mulus,

141 523 166 549 *
186 522 343 575 quibus
361 536 451 565 non
470 528 537 565 est
554 522 811 564 intellectus.

192 584 244 624 In
276 584 402 625 camo
435 588 479 625 et
505 583 644 624 fraeno
672 581 872 623 maxillas
901 585 970 624 eo-

141 652 238 680 rum
264 641 531 690 constringe,
554 639 579 665 *
603 638 677 691 qui
700 651 789 680 non
813 641 970 691 appro-

140 695 306 737 ximant
325 695 382 736 ad
399 699 455 737 te.

192 755 331 797 Multa
355 754 529 806 flagella
546 755 804 808 peccatoris,
827 755 851 780 *
874 767 969 807 spe-

139 813 310 852 rantem
342 816 488 852 autem
515 811 559 851 in
586 810 779 852 Domino
806 810 969 852 miseri-

139 866 290 908 cordia
309 866 607 908 circumdabit.

190 926 422 968 Laetamini
453 927 498 967 in
528 927 720 969 Domino
754 932 798 969 et
830 926 969 968 exsul-

138 985 229 1025 tate
262 983 380 1035 justi,
407 983 432 1008 *
461 987 506 1025 et
536 982 783 1034 gloriamini
818 995 970 1025 omnes

139 1039 249 1081 recti
277 1038 423 1080 corde.

191 1104 293 1146 Ant.
334 1104 385 1144 In
421 1109 496 1146 tua
531 1103 693 1156 justitia
725 1103 864 1146 libera
899 1117 969 1146 me

137 1159 337 1201 Domine.

190 1225 290 1266 Ant.
319 1226 483 1266 Rectos
503 1223 640 1266 decet.

412 1307 611 1349 Psalmus
631 1309 693 1348 32.

138 1364 414 1470 Exsultate
455 1373 555 1426 justi
603 1374 648 1414 in
692 1373 904 1415 Domino:
944 1374 968 1400 *

241 1434 387 1471 166108
416 1429 545 1471 (16661
573 1429 851 1471 collaudatio.

191 1489 469 1531 Confitemini
494 1490 686 1531 Domino
713 1489 757 1530 in
785 1489 967 1531 cithara:

135 1545 160 1571 *
186 1545 231 1586 in
265 1544 476 1597 psalterio
512 1544 667 1587 decem
701 1544 967 1587 chordarum

135 1600 311 1653 psallite
338 1600 411 1642 1111.

190 1661 373 1703 Cantate
410 1661 451 1702 ei
484 1661 702 1703 canticum
737 1673 915 1703 novum:
942 1662 967 1688 *

135 1717 248 1759 bene
266 1716 441 1770 psallite
461 1717 501 1759 ei
518 1717 563 1758 in
580 1717 906 1759 vociferatione.

189 1777 300 1827 Quia
315 1781 484 1819 rectum
499 1782 567 1820 est
580 1777 765 1819 verbum
777 1777 965 1828 Domini,

135 1833 160 1859 *
180 1838 224 1874 et
243 1833 389 1874 omnia
408 1835 545 1886 opera
564 1834 654 1885 61118
674 1833 719 1874 111
737 1832 836 1875 fide.

186 1893 340 1944 Diligit
382 1893 730 1935 misericordiam
776 1898 820 1935 et
860 1893 965 1946 judi-

135 1949 268 1991 cium:
286 1949 310 1975 *
328 1949 630 1992 misericordia
642 1949 820 1991 Domini
834 1949 965 2002 plena

135 2009 203 2046 est
221 2009 350 2047 terra.

186 2064 339 2106 Verbo
358 2065 537 2106 Domini
555 2065 657 2107 coeli
673 2065 835 2107 firmati
849 2071 964 2108 sunt:

134 2120 158 2146 *
186 2125 231 2162 et
257 2121 414 2173 spiritu
441 2121 530 2163 oris
554 2122 644 2173 61118
667 2122 807 2163 01111118
826 2122 963 2163 virtus

135 2177 299 2217 eorum.

188 2236 469 2287 Congregans
497 2237 609 2279 sicut
634 2237 679 2277 in
706 2242 803 2279 utre
826 2251 963 2290 aquas

133 2291 285 2332 maris:
303 2292 327 2317 *
345 2304 514 2344 ponens
538 2293 583 2334 in
601 2293 818 2335 thesauris
838 2293 962 2346 abys-

132 2359 218 2388 sos.

185 2407 358 2448 Timeat
371 2406 608 2449 Dominum
625 2408 765 2450 omnis
783 2412 920 2450 terra:
938 2410 962 2435 *

133 2461 188 2503 ab
205 2475 259 2503 eo
275 2467 422 2503 autem
436 2466 795 2506 commoveantur
810 2476 962 2507 omnes

132 2517 424 2559 inhabitantes
445 2518 608 2560 orbem.
698 2561 705 2567 ,

185 2577 401 2627 Quoniam
415 2578 510 2630 ipse
526 2578 645 2628 dixit,
662 2583 706 2620 et
715 2579 831 2620 facta
846 2585 961 2622 sunt:

132 2632 156 2657 *
174 2632 269 2684 ipse
287 2633 522 2683 mandavit,
543 2638 586 2674 61
605 2636 754 2675 creata
771 2640 883 2677 sunt.

184 2692 398 2734 Dominus
426 2693 611 2745 dissipat
640 2694 820 2736 consilia
847 2696 959 2738 Gen-

1025 295 1149 337 tium:
1159 296 1183 323 *
1193 298 1404 350 reprobat
1413 304 1559 341 autem
1568 300 1856 351 cogitationes

1025 352 1309 404 populorum,
1351 360 1395 396 61
1430 357 1640 408 reprobat
1676 358 1856 400 consilia

1024 409 1281 461 principum.

1080 468 1319 511 Consilium
1330 476 1475 512 autem
1485 472 1662 513 Domini
1675 473 1718 513 in
1732 475 1855 515 aeter-

1024 537 1129 565 num
1155 531 1321 567 manet:
1349 527 1373 552 *
1402 529 1689 578 cogitationes
1709 530 1855 571 cordis

1025 581 1115 631 ejus
1142 581 1187 621 in
1219 583 1500 632 generatione
1534 589 1579 626 et
1614 586 1855 634 generatio-

1023 649 1134 678 nem.

1075 697 1215 739 Beata
1242 711 1365 748 gens,
1395 700 1514 750 cujus
1540 704 1607 742 est
1629 701 1855 753 DominuS,

1023 753 1144 794 Deus
1165 754 1274 805 ejus:
1299 754 1323 780 *
1346 755 1549 807 populus,
1575 767 1705 808 quem
1725 758 1855 808 elegit

1023 809 1067 849 in
1087 809 1393 851 haereditatem
1412 810 1505 852 sibi.

1075 869 1144 910 De
1164 869 1279 911 coelo
1299 871 1494 923 respexit
1509 871 1744 914 Dominus:
1758 875 1781 899 *
1796 875 1854 915 vi-

1024 925 1088 966 dit
1107 938 1259 967 omnes
1278 926 1393 968 filios
1412 927 1648 968 hominum.

1075 986 1144 1027 De
1171 989 1422 1039 praeparato
1450 987 1700 1030 habitaculo
1727 1002 1806 1030 suo
1831 991 1855 1016 *

1022 1043 1217 1094 respexit
1232 1055 1364 1095 super
1385 1056 1547 1094 omnes,
1568 1045 1642 1096 qui
1657 1044 1855 1088 habitant

1022 1102 1196 1139 terram.

1076 1158 1160 1208 Qui
1170 1158 1296 1200 finxit
1306 1159 1527 1209 sigillatim
1539 1160 1674 1201 corda
1687 1163 1854 1202 eorum:

1021 1214 1045 1239 *
1067 1214 1141 1265 qui
1159 1214 1361 1265 intelligit
1378 1216 1524 1256 omnia
1539 1218 1675 1268 opera
1691 1219 1853 1258 eorum.

1073 1273 1176 1314 Non
1214 1274 1408 1316 salvatur
1445 1288 1523 1316 rex
1560 1289 1640 1328 per
1672 1277 1854 1318 multam

1021 1329 1247 1370 virtutem:
1266 1330 1290 1355 *
1310 1335 1354 1371 et
1370 1331 1492 1381 gigas
1509 1345 1598 1373 non
1613 1332 1853 1374 salvabitur

1020 1385 1064 1425 in
1082 1385 1360 1427 multitudine
1380 1387 1552 1428 virtatis
1572 1400 1674 1428 suae.

1073 1445 1225 1486 Fallax
1258 1459 1396 1498 equus
1428 1447 1485 1488 ad
1518 1447 1722 1488 salutem:
1754 1448 1777 1473 *
1808 1448 1852 1488 in

1021 1501 1289 1543 abundantia
1303 1507 1450 1544 autem
1463 1503 1636 1544 virtutis
1657 1516 1747 1544 suae
1763 1517 1851 1545 non

1020 1556 1271 1598 salvabitur.

1071 1613 1188 1654 Ecce
1204 1613 1319 1654 oculi
1328 1614 1506 1655 Domini
1517 1628 1648 1667 super
1658 1618 1850 1657 metuen-

1019 1673 1086 1710 tes
1115 1682 1232 1710 eum:
1264 1670 1288 1695 *
1318 1675 1362 1711 et
1388 1670 1433 1711 in
1458 1671 1535 1721 eis,
1571 1671 1644 1723 qui
1672 1677 1851 1723 sperant

1019 1737 1153 1777 super
1171 1725 1473 1768 misericordia
1493 1728 1602 1778 ejus:

1070 1785 1131 1826 Ut
1150 1786 1274 1827 eruat
1293 1798 1319 1826 a
1333 1791 1475 1828 morte
1497 1787 1662 1828 animas
1682 1789 1850 1828 eorum:

1018 1839 1042 1865 *
1062 1844 1106 1881 61
1125 1840 1213 1882 alat
1233 1853 1309 1882 eos
1327 1842 1371 1882 in
1390 1842 1515 1884 fame.

1070 1896 1231 1937 Anima
1276 1902 1427 1938 nostra
1473 1899 1660 1940 sustinet
1699 1899 1848 1940 Domi-

1017 1964 1136 1992 num:
1163 1952 1187 1978 *
1217 1953 1423 2004 quoniam
1459 1954 1632 2006 adjutor
1669 1960 1714 1996 et
1748 1968 1846 2007 pro-

1016 2009 1159 2049 tector
1176 2013 1327 2050 noster
1346 2014 1423 2050 est.

1070 2064 1181 2114 Quia
1190 2064 1234 2104 in
1245 2077 1298 2105 eo
1309 2064 1530 2106 laetabitur
1546 2078 1623 2106 cor
1633 2071 1847 2107 nostrum:

1015 2119 1040 2144 *
1060 2124 1104 2160 et
1130 2120 1175 2160 in
1202 2120 1378 2162 nomine
1404 2126 1558 2163 sancto
1584 2122 1674 2173 ejus
1700 2125 1846 2174 spera-

1015 2175 1168 2216 vimus.
1613 2208 1623 2216 ,

1067 2231 1166 2272 Fiat
1205 2231 1507 2274 misericordia
1547 2237 1623 2274 tua
1657 2233 1844 2274 Domine

1015 2299 1148 2338 super
1163 2300 1262 2328 nos:
1276 2287 1300 2313 *
1316 2288 1687 2340 quemadmodum
1698 2291 1843 2340 spera-

1014 2341 1156 2384 vimus
1174 2342 1220 2383 in
1238 2347 1294 2384 16.

1293 2403 1487 2443 Psalmus
1508 2406 1572 2444 33.

1018 2461 1326 2565 Benedicam
1362 2475 1599 2517 Dominum
1644 2476 1688 2516 in
1725 2475 1842 2516 omni

1109 2533 1328 2583 tempore:
1347 2532 1371 2557 *
1390 2544 1564 2583 semper
1579 2530 1674 2572 laus
1689 2532 1779 2582 ejus
1797 2530 1840 2570 in

1014 2599 1091 2627 ore
1109 2599 1221 2628 meo.

1064 2643 1116 2682 In
1123 2642 1314 2697 Domino
1324 2642 1573 2684 laudabitur
1584 2642 1725 2682 anima
1731 2652 1841 2681 mea:

1012 2698 1036 2723 *
1055 2697 1234 2739 audiant
1252 2698 1477 2748 mansueti,
1497 2702 1540 2739 et
1558 2697 1769 2738 laetentur.
