2040 2976
177 211 223 245 48
754 209 860 242 Furia
880 206 1046 241 secunda
1067 205 1115 238 ad
1133 203 1295 237 Laudes.

179 253 1884 276 —————-—--————-—-—————————-——-

231 303 443 354 Queniam
458 302 500 342 in
514 306 558 342 te
573 299 760 341 Domine
775 296 963 349 speravi:
979 296 1001 320 *
1039 335 1050 343 ,

179 366 227 402 tu
242 358 446 401 exaudies
461 370 530 398 me
538 354 852 396 DomineDeus
868 364 1001 392 meus.

232 415 342 464 Quia
362 413 468 454 dixi:
495 410 743 480 Nequando
768 410 1001 460 supergau-

181 471 310 512 deant
329 469 432 510 mihi
456 468 617 510 inimici
644 467 748 507 mei:
775 466 798 490 *
828 470 870 505 et
898 463 1001 504 dum

181 539 381 568 commov
385 528 510 567 entur
525 523 661 577 pedes
674 522 769 571 mei,
785 533 918 572 super
932 531 1002 560 me

180 595 334 632 magna
354 581 490 623 locuti
510 585 619 621 sunt.

232 638 446 687 Quoniam
467 650 549 687 ego
571 636 614 676 in
633 633 802 684 flagella
824 634 1002 685 paratus
1064 663 1083 691 {⁴
1110 648 1159 692 ‘25⁴3‘

355 700 398 735 et
418 693 544 734 dolor
562 704 685 732 meus
706 690 749 730 in
764 690 1003 740 conspectu
1086 710 1098 718 ιἸ
1127 697 1142 724 ῆ-

181 707 292 735 sum:
312 695 334 719 *

181 763 279 791 meo
299 762 482 801 semper.

233 806 447 855 Quoniam
474 804 746 855 iniquitatem
770 813 911 841 meam
933 812 1002 840 an-

182 860 410 903 nuntiabo:
424 862 446 885 ¹⁸¹
459 866 501 902 et
513 859 716 909 cogitabo
728 870 808 910 pro
820 857 1003 908 peccato

183 930 293 958 meo.

235 973 401 1014 Inimici
418 978 561 1013 autem
577 971 662 1011 mei
672 970 832 1017 vivunt,
848 973 890 1009 et
905 980 1003 1008 con-

184 1029 343 1070 firmati
362 1034 461 1070 sunt
481 1040 612 1092 super
639 1038 727 1066 me:
755 1026 777 1050 *
804 1029 847 1066 et
865 1023 1004 1064 multi-

183 1085 331 1137 plicati
352 1090 451 1126 sunt
472 1084 544 1136 qui
565 1082 751 1124 oderunt
765 1094 834 1121 me
849 1081 1005 1131 inique.

237 1141 319 1190 Qui
347 1140 590 1182 retribuunt
617 1137 730 1179 mala
756 1150 840 1204 pro
869 1135 1005 1184 bonis,

186 1184 473 1238 detrahebant
500 1194 621 1236 mihi:
653 1194 675 1219 *
711 1193 914 1245 queniam
943 1204 1006 1232 se-

187 1251 351 1304 quebar
369 1251 620 1293 bonitatem.

237 1307 303 1348 Ne
319 1307 593 1359 derelinquas
609 1319 677 1347 me
688 1304 875 1345 Domine
886 1303 1007 1344 Deus

186 1376 326 1404 meus:
346 1365 369 1388 *
390 1376 442 1404 ne
463 1362 715 1403 discesseris
736 1374 761 1402 a
779 1373 861 1401 me.

237 1418 418 1460 Intende
445 1419 487 1459 in
512 1418 773 1469 adjutorium
797 1429 958 1464 meum,
985 1416 1008 1440 *

187 1474 373 1515 Domine
392 1475 512 1515 Deus
531 1473 682 1514 salutis
701 1485 822 1513 meae.

242 1535 274 1572 A
283 1540 337 1574 nt.
371 1533 524 1575 Revela
539 1533 728 1574 Domino
748 1532 862 1573 viam
880 1537 1010 1573 tuam.

242 1598 322 1637 Per
347 1599 527 1637 Annum.
560 1593 606 1642 Y.
628 1597 814 1638 Demine
833 1597 877 1636 in
896 1595 1010 1637 coelo

190 1653 487 1694 misericordia
506 1659 590 1695 tua.
620 1653 667 1692 Η.
688 1654 744 1694 Et
757 1653 917 1694 veritas
937 1657 1011 1693 tua

191 1721 329 1760 usque
348 1708 403 1750 ad
423 1708 570 1750 nubes

247 1773 328 1811 Pro
357 1786 440 1812 uno
464 1774 582 1813 Mart.
619 1768 667 1819 Y.
694 1773 845 1814 Gloria
870 1778 912 1814 et
938 1772 1012 1814 ho-

192 1831 299 1869 nore
319 1829 539 1870 coronasti
555 1842 653 1870 eum
668 1829 865 1869 Domine.
896 1830 942 1880 R.
958 1829 1014 1870 Et

194 1884 453 1925 constituisti
482 1897 580 1925 eum
609 1898 738 1937 super
767 1887 902 1936 Opera
927 1887 1014 1925 ma-

193 1953 325 1998 nuum
344 1942 526 1981 tuarum.

251 2004 331 2041 I’ro
362 2002 512 2053 plurib.
542 2003 659 2042 Mart.
710 1998 755 2048 Y'.
786 2005 1015 2046 Laete'lmini

194 2059 237 2099 in
257 2059 457 2109 Domino,
475 2065 520 2101 'et
539 2060 752 2102 exsultate
767 2061 876 2112 justi.
901 2062 945 2112 Rg.
961 2061 1016 2102 Et

195 2114 437 2164 gloriemini
457 2127 607 2157 omnes
627 2117 734 2158 recti
755 2116 899 2158 corde.

251 2179 333 2217 l'ro
374 2179 491 2218 (lonf.
530 2179 649 2219 I'ont.
690 2188 731 2220 et
771 2194 853 2221 non
897 2182 1014 2224 Pont.

199 2230 246 2280 Y.
271 2235 445 2276 Amavit
471 2249 568 2278 eum
587 2237 809 2287 Dominus,
831 2243 874 2279 et
894 2242 1016 2280 orna-

197 2290 259 2331 vit
287 2303 395 2331 eum.
431 2290 478 2340 Rv-
508 2292 672 2333 Stolam
700 2293 851 2343 gleriae
880 2294 1019 2336 induit

197 2358 307 2386 eum.

253 2416 335 2455 Pro
354 2429 433 2455 una
451 2418 616 2456 Sancta.
648 2411 694 2462 Y.
711 2418 865 2469 Specie
881 2424 955 2460 tua
975 2424 1018 2460 et

198 2469 519 2522 pulchritudine
538 2478 623 2514 tua.
648 2472 695 2522 R».
710 2473 902 2524 Intende,
921 2477 1019 2527 pro-

198 2538 326 2577 spere
346 2527 547 2578 procede,
569 2534 612 2569 et
632 2541 774 2579 regna.

1310 301 1388 342 Ad
1413 300 1623 341 Laudes.

1108 373 1157 424 Y.
1183 372 1304 413 Deus
1322 371 1364 411 in
1384 369 1658 422 adjuterium.
1687 369 1746 408 14.

1110 449 1272 490 Quando
1313 457 1390 481 non
1430 444 1679 487 assignantur
1714 442 1887 487 propriae

1060 501 1146 534 Ant.
1165 497 1304 531 dicitur
1322 495 1408 528 Ant.
1426 491 1614 526 Miserere.

1326 563 1523 603 Psalmus
1546 563 1618 601 50.

1170 681 1172 686 y
1201 633 1374 673 iserere
1403 631 1490 673 mei
1518 631 1656 680 Deus,
1682 630 1706 656 *
1736 632 1887 671 secun-

1162 690 1173 731 ῗ
1231 689 1334 730 dum
1387 700 1591 738 magnam
1643 686 1888 728 misericer—

1202 746 1205 759 ²
1231 744 1347 786 diam
1364 749 1495 786 tuam.

1109 806 1164 847 Et
1192 804 1433 846 secundum
1453 803 1784 846 multitudinem
1811 803 1888 844 mi-

1057 862 1323 903 serationum
1348 863 1537 910 tuarum,
1562 861 1585 886 *
1610 859 1708 901 dele
1735 859 1889 912 iniqui-

1056 920 1193 959 tatem
1210 930 1364 958 meam.

1111 978 1311 1030 Amplius
1346 977 1444 1018 lava
1475 990 1546 1018 me
1577 976 1632 1018 ab
1660 976 1890 1028 iniquitate

1058 1047 1170 1075 mea:
1186 1035 1209 1059 *
1227 1040 1270 1075 et
1281 1047 1306 1074 a
1319 1035 1506 1086 peccato
1517 1046 1617 1075 meo
1631 1031 1796 1074 munda
1809 1044 1892 1073 me.

1112 1094 1328 1144 Queniam
1346 1094 1621 1146 iniquitatem
1643 1105 1789 1134 meam
1808 1105 1892 1143 ego

1060 1152 1300 1201 cognosco:
1335 1151 1358 1176 *
1394 1155 1438 1192 et
1477 1152 1710 1202 peccatum
1745 1161 1893 1190 meum

1061 1212 1215 1248 eontra
1233 1219 1303 1247 me
1323 1211 1389 1248 est
1409 1219 1594 1259 semper.

1112 1266 1213 1308 Tibi
1237 1267 1319 1308 soli
1339 1267 1539 1319 peccavi,
1568 1272 1612 1308 et
1639 1265 1803 1307 malum
1824 1277 1894 1307 co-

1061 1336 1154 1364 ram
1173 1328 1216 1364 te
1237 1323 1335 1364 feci:
1359 1323 1382 1348 *
1407 1328 1455 1365 ut
1474 1322 1720 1375 justificeris
1743 1322 1789 1362 in
1807 1334 1894 1363 ser-

1061 1379 1263 1421 monibus
1290 1380 1392 1429 tuis,
1422 1384 1465 1421 et
1484 1379 1634 1421 vincas
1663 1391 1763 1420 eum
1790 1377 1895 1430 judi-

1063 1449 1186 1477 caris.

1114 1497 1230 1537 Ecce
1257 1497 1371 1537 enim
1397 1496 1441 1537 in
1465 1494 1768 1547 iniquitatibus
1795 1506 1896 1535 con-

1064 1555 1216 1605 ceptus
1239 1566 1354 1594 sum:
1383 1553 1407 1578 *
1436 1557 1480 1594 et
1498 1552 1543 1592 in
1570 1551 1766 1604 peccatis
1796 1563 1896 1592 con-

1065 1609 1181 1661 cepit
1198 1621 1268 1650 me
1287 1614 1428 1651 mater
1446 1621 1556 1649 mea.

1117 1670 1232 1710 Ecce
1253 1670 1369 1711 enim
1387 1669 1620 1710 veritatem
1640 1666 1850 1709 dilexisti:
1873 1667 1898 1693 *

1064 1726 1230 1767 ineerta
1263 1731 1307 1767 et
1339 1724 1513 1767 occulta
1550 1723 1778 1776 sapientiae
1807 1728 1897 1765 tuae

1065 1781 1353 1823 manifestasti
1372 1781 1489 1822 mihi.

1118 1842 1340 1895 Asperges
1367 1855 1438 1883 me
1465 1841 1678 1894 hyss6po,
1707 1845 1751 1882 et
1777 1840 1898 1882 mun·

1067 1898 1222 1940 dabor:
1233 1900 1255 1924 *
1266 1898 1434 1940 lavabis
1448 1911 1530 1948 me,
1547 1903 1590 1939 et
1604 1909 1738 1950 super
1752 1897 1898 1938 nivem

1068 1954 1320 1996 dealbabor.

1119 2015 1299 2057 Auditui
1328 2028 1428 2056 meo
1464 2013 1590 2056 dabis
1618 2012 1827 2065 gaudium
1855 2017 1900 2054 et

1068 2070 1282 2113 laetitiam:
1301 2073 1324 2097 *
1347 2076 1390 2113 et
1408 2070 1690 2113 exsultabunt
1706 2082 1807 2110 ossa
1823 2069 1898 2110 hu-

1068 2127 1243 2169 miliata.

1122 2188 1286 2229 Averte
1319 2187 1475 2229 faciem
1502 2192 1623 2229 tuam
1652 2199 1678 2227 a
1706 2185 1901 2239 peccatis

1069 2244 1195 2284 meis:
1220 2245 1242 2269 '⁸‘
1268 2249 1312 2286 et
1336 2257 1488 2285 omnes
1507 2242 1760 2295 iniquitates
1779 2254 1900 2284 meas

1071 2299 1178 2341 dele.

1124 2359 1210 2401 Cor
1227 2359 1438 2401 mundum
1453 2373 1554 2402 crea
1575 2360 1619 2400 in
1638 2372 1709 2400 me
1722 2359 1862 2400 Deus:
1879 2359 1902 2384 *

1072 2420 1115 2457 et
1168 2416 1369 2468 spiritum
1423 2421 1591 2458 rectum
1643 2418 1806 2456 innova
1858 2414 1902 2455 in

1071 2471 1310 2513 visceribus
1330 2472 1450 2513 meis.

1123 2531 1191 2572 Ne
1213 2532 1416 2584 projicias
1435 2545 1505 2573 me
1525 2545 1550 2572 a
1569 2532 1680 2573 facie
1702 2537 1796 2574 tua:
1815 2532 1839 2557 *
1860 2536 1903 2573 et

1072 2587 1281 2639 Spiritum
1299 2593 1499 2629 sanctum
1517 2594 1640 2630 tuum
1657 2601 1712 2630 ne
1730 2587 1903 2629 auferas

1074 2655 1099 2682 a
1117 2655 1198 2683 me.

1125 2703 1279 2745 Redde
1319 2703 1425 2745 mihi
1466 2704 1663 2746 laetitiam
1699 2702 1903 2745 salutaris
