2040 2976
639 182 843 217 Dominica
867 182 972 216 XIV.
996 186 1087 225 post
1111 182 1377 216 Pentecosten.

458 294 611 336 Lectio
631 295 686 334 ix.

157 353 263 459 Hi
290 369 437 406 autem
464 369 556 406 tam
583 362 749 405 vitandi
777 367 878 404 sunt
900 362 980 403 Ec-

257 420 420 470 clesiae,
447 425 495 462 ut
519 420 557 461 si
579 420 676 461 fieri
697 423 864 471 potest,
890 418 981 459 lon-

152 477 249 527 gius
266 477 440 526 remoti,
463 488 622 527 magno
648 475 840 517 clamore
860 474 980 516 Chri-

152 537 268 574 stum
286 532 581 585 interpellent:
605 532 718 573 sicut
735 531 808 572 isti
828 529 982 572 decem

153 590 368 630 steterunt
403 602 429 630 a
465 588 610 639 longe,
648 592 692 629 et
726 587 982 629 levaverunt

151 657 323 696 vocem,
353 645 564 686 dicentes:
591 644 697 685 Jesu
717 645 980 695 praeceptor,

150 701 358 747 miserere
372 700 522 743 nostri.
545 699 661 742 Nam
675 704 719 741 et
734 698 856 752 quod
870 712 980 752 prae-

151 759 380 811 ceptorem
397 762 574 807 vocant,
601 769 688 809 quo
711 756 887 797 nomine
910 757 980 797 ne-

151 814 243 855 scio
258 818 404 855 utrum
420 813 652 866 quisquam
666 812 904 854 Dominum
919 812 979 853 in-

150 869 453 922 terpellaverit
476 882 559 922 pro
582 869 801 911 medicina
825 881 980 921 corpo-

151 926 246 976 rali3
272 926 378 968 satis
396 930 508 979 puto
528 925 785 977 significare,
810 926 981 979 lepram

151 982 306 1023 falsam
330 994 428 1024 esse
453 981 714 1032 doctrinam,
748 986 881 1034 quam
904 983 980 1025 bo-

151 1051 234 1079 nus
252 1040 504 1091 praeceptor
523 1038 748 1090 abstergit.

210 1100 270 1141 Te
288 1100 432 1141 Deum
449 1098 689 1141 laudamus.
708 1100 765 1140 13.

205 1169 278 1211 Ad
301 1169 464 1211 Bened.
502 1170 603 1210 Ant.
640 1168 750 1209 Cum
774 1168 980 1208 transiret

150 1223 278 1265 Jesus
309 1224 334 1249 *
367 1223 594 1276 quoddam
626 1222 870 1274 castellum,
909 1235 980 1264 oc-

151 1281 379 1322 currerunt
416 1280 456 1321 ei
495 1280 649 1321 decem
683 1279 766 1321 viri
801 1279 980 1331 leprosi:

150 1335 226 1387 qui
257 1337 473 1378 steterunt
505 1349 531 1376 a
555 1336 701 1386 longe,
735 1339 778 1376 et
810 1334 979 1376 levave-

150 1396 250 1432 runt
267 1404 439 1442 vocem,
460 1391 675 1433 dicentes:
694 1391 719 1432 J
721 1404 799 1432 esu
815 1392 979 1444 praece-

148 1452 263 1500 ptor,
281 1447 487 1489 miserere
506 1448 654 1489 nostri.

204 1507 255 1559 V.
281 1512 498 1554 Dominus
526 1512 742 1563 regnavit,
770 1511 979 1553 decorem

148 1567 299 1609 induit.
362 1570 416 1622 R.
437 1567 584 1610 Induit
611 1567 829 1609 Dominus
857 1567 977 1608 forti-

147 1623 355 1674 tudinem,
375 1629 419 1666 et
437 1624 669 1677 praecinxit
687 1636 735 1666 se
754 1624 926 1666 virtate.

203 1698 276 1739 Ad
299 1698 473 1749 Magnif.
506 1699 607 1740 Ant.
640 1697 761 1738 Unus
784 1702 931 1739 autem
954 1697 978 1723 *

147 1766 203 1795 ex
234 1753 340 1804 illis,
371 1758 420 1795 ut
447 1753 559 1795 vidit
591 1753 713 1805 quod
740 1752 978 1795 mundatus

148 1814 225 1860 est,
243 1811 470 1861 regressus
490 1814 558 1851 est
578 1822 677 1851 cum
694 1822 853 1862 magna
867 1822 978 1851 voce

146 1866 430 1917 magnificans
447 1866 603 1915 Deum,
623 1865 807 1918 alleluia.

203 1925 489 1984 V.Dirigatur
504 1932 694 1973 Domine
710 1931 852 1973 oratio
867 1944 976 1973 mea.

151 1986 204 2038 R.
211 1987 332 2030 Sicut
342 1988 569 2030 incensum
579 1988 623 2029 in
634 1989 877 2040 conspectu
886 1993 976 2030 tuo.

345 2161 621 2213 Dominioa
642 2162 782 2212 XIV.

259 2237 409 2284 ,post
434 2233 867 2276 Pentecosten.

489 2293 653 2335 Oratio.
821 2288 827 2309 ¹

153 2344 376 2452 Custodi
394 2351 595 2402 Domine,
615 2353 878 2403 quaesumus,
897 2352 977 2393 Ec-

239 2407 418 2448 clesiam
426 2412 547 2448 tuam
560 2408 877 2460 propitiatione
888 2420 978 2460 per-

147 2465 296 2516 petua:
327 2467 372 2504 et
400 2463 503 2515 quia
527 2463 620 2505 sine
646 2468 690 2505 te
715 2463 876 2504 labitur
901 2463 976 2504 hu-

146 2522 277 2560 mana
301 2519 566 2568 mortalitas,
593 2519 680 2560 tuis
706 2531 881 2571 semper
906 2532 977 2560 au-

147 2575 260 2616 xiliis
298 2580 342 2616 et
374 2574 654 2616 abstrahatur
685 2585 711 2615 a
742 2575 902 2625 noxiis,
935 2581 978 2617 et

147 2630 205 2672 ad
227 2630 436 2673 salutaria
461 2630 683 2681 dirigatur.
717 2630 802 2671 Per
829 2631 977 2672 Domi-

148 2699 253 2728 num
270 2691 482 2728 nostrum.

1038 286 1190 328 Lectio
1216 285 1355 326 sancti
1375 285 1603 336 Evangelii
1626 284 1869 326 secundum

1316 341 1585 382 Matthaeum.

1143 413 1295 453 Lectio
1316 413 1385 453 vii.
1561 414 1663 465 Cap.
1680 415 1715 453 6.
1733 427 1766 454 c.
1843 406 1854 415 “

1034 471 1111 578 In
1141 475 1216 517 illo
1249 477 1467 528 tempore:
1497 475 1619 517 Dixit
1646 477 1773 517 Jesus
1807 476 1867 518 di-

1101 531 1281 584 scipulis
1301 532 1405 573 suis:
1429 532 1572 573 Nemo
1592 537 1741 584 potest
1761 532 1866 574 duo-

1034 588 1117 630 bus
1138 588 1326 630 dominis
1347 590 1522 630 servire.
1550 588 1607 630 Et
1626 589 1807 641 reliqua.

1142 695 1333 738 Homilia
1361 696 1501 737 sancti
1529 695 1763 746 Augustini

1338 752 1561 805 Episcopi.

1038 830 1155 868 Liber
1170 831 1200 865 2.
1223 831 1270 865 de
1288 831 1472 866 Sermone
1489 830 1647 865 Domini
1669 830 1709 864 in
1729 834 1869 873 monte,

1377 889 1459 922 cap.
1486 879 1535 913 14.

1038 945 1267 1007 ³,j{²{'1÷syenm
1296 946 1446 994 potest
1474 940 1648 983 duobus
1678 941 1867 983 dominis

1066 998 1098 1055 ,22:3¹-
1160 1005 1161 1015 ¹
1187 1000 1363 1039 servire.
1401 996 1474 1038 Ad
1499 997 1613 1039 hanc
1639 998 1782 1050 ipsam
1807 998 1866 1038 in-

1133 1075 1155 1077 *
1185 1054 1430 1096 tentionem
1475 1053 1754 1095 referendum
1800 1060 1867 1096 est

1035 1110 1157 1163 quod
1194 1112 1518 1162 consequenter
1559 1110 1758 1162 exponit,
1805 1110 1866 1152 di-

1034 1179 1153 1208 cens:
1186 1167 1276 1206 Aut
1305 1166 1420 1207 enim
1444 1180 1578 1207 unum
1604 1165 1707 1208 odio
1736 1166 1866 1208 habe-

1033 1222 1108 1271 bit,
1128 1228 1171 1264 et
1192 1222 1378 1263 alterum
1399 1221 1565 1273 diliget:
1585 1227 1660 1263 aut
1681 1222 1866 1264 alterum

1033 1279 1243 1331 patietur,
1289 1284 1332 1320 et
1375 1279 1562 1320 alterum
1604 1280 1867 1320 contemnet.

1035 1336 1143 1385 Quae
1168 1335 1305 1376 verba
1331 1334 1563 1386 diligenter
1588 1335 1865 1376 consideran-

1035 1389 1091 1432 da
1111 1395 1227 1432 sunt:
1247 1403 1358 1440 nam,
1380 1391 1455 1442 qui
1474 1391 1560 1433 sint
1580 1389 1668 1432 duo
1689 1390 1864 1441 domini,

1035 1446 1245 1499 deinceps
1265 1446 1474 1497 ostendit,
1501 1460 1601 1488 cum
1620 1447 1740 1488 dicit:
1764 1447 1866 1488 Non

1035 1503 1224 1557 potestis
1243 1503 1340 1544 Deo
1362 1505 1542 1553 servire,
1569 1508 1613 1545 et
1637 1506 1866 1545 mamonae.

1034 1559 1285 1600 Mammona
1309 1559 1429 1612 apud
1451 1559 1670 1601 Hebraeos
1701 1559 1866 1601 divitiae

1033 1615 1250 1669 appellari
1287 1615 1502 1657 dicuntur.
1566 1616 1779 1668 Congruit
1823 1622 1866 1658 et

1031 1672 1246 1713 Punicum
1268 1685 1443 1714 nomen:
1469 1686 1571 1714 nam
1594 1673 1764 1714 lucrum
1783 1673 1865 1713 Pu-

1031 1728 1127 1770 nice
1147 1741 1370 1770 mammon
1390 1727 1560 1770 dicitur.

1326 1827 1477 1868 Lectio
1498 1826 1582 1867 viii.

1038 1898 1166 2006 Sed
1203 1905 1278 1957 qui
1316 1905 1453 1946 servit
1483 1907 1762 1956 mammonae,
1806 1906 1868 1946 illi

1118 1961 1271 2013 titique
1304 1961 1455 2010 servit,
1497 1962 1571 2014 qui
1603 1962 1735 2004 rebus
1768 1962 1864 2003 istis

1031 2017 1218 2058 terrenis
1250 2017 1407 2058 merito
1440 2030 1533 2059 suae
1561 2018 1864 2070 perversitatis

1030 2073 1315 2126 praepositus,
1334 2074 1619 2124 magistratus
1638 2074 1764 2126 hujus
1785 2077 1862 2116 sae-

1032 2128 1119 2170 culi
1146 2142 1171 2169 a
1198 2129 1391 2170 Domino
1421 2129 1590 2171 dicitur.
1631 2130 1722 2172 Aut
1750 2131 1864 2172 enim

1030 2197 1165 2225 unum
1197 2184 1299 2226 odio
1333 2184 1515 2227 habebit
1548 2186 1699 2237 homo,
1734 2192 1777 2228 et
1807 2187 1864 2227 al-

1030 2245 1174 2282 terum
1206 2240 1373 2292 diliget,
1405 2240 1452 2282 id
1484 2246 1566 2292 est,
1598 2243 1758 2284 Deum:
1790 2248 1864 2284 aut

1033 2296 1219 2337 alterum
1242 2297 1453 2349 patietur,
1482 2303 1527 2340 et
1552 2298 1738 2340 alterum
1764 2311 1863 2340 con-

1030 2353 1207 2394 temnet.
1252 2353 1449 2395 Patietur
1481 2355 1597 2396 enim
1630 2355 1788 2396 durum
1821 2360 1863 2395 et

1030 2409 1330 2460 perniciosum
1375 2408 1618 2461 dominum,
1665 2411 1862 2463 quisquis

1031 2464 1168 2506 servit
1193 2467 1470 2516 mammonae;
1498 2479 1578 2508 sua
1604 2467 1720 2508 e‘nim
1745 2466 1862 2518 cupi-

1031 2520 1169 2562 ditate
1179 2521 1442 2573 implicatus,
1457 2522 1661 2564 subditur
1672 2522 1861 2571 diabolo,

1031 2581 1076 2617 et
1098 2589 1187 2618 non
1212 2590 1312 2618 eum
1337 2577 1488 2629 diligit.
1525 2579 1631 2628 Quis
1655 2578 1770 2619 enim
1795 2582 1862 2618 est

1032 2633 1107 2684 qui
1135 2632 1288 2683 diligat
1316 2632 1564 2675 diabolum?
1603 2633 1682 2675 sed
1714 2638 1860 2675 tamen

1030 2689 1206 2740 patitur.
