2040 2976
641 209 918 243 pretiosissimi
945 210 1154 251 Sanguinis
1178 210 1222 243 D.
1248 210 1292 243 N.
1318 210 1350 244 J.
1377 210 1416 244 C.

223 308 280 350 Et
294 314 342 350 ut
356 307 596 350 inhabitem
610 309 653 349 in
670 308 803 350 domo
814 309 1003 358 Domini,

171 366 194 390 '⁸¹
213 365 256 405 in
275 364 594 416 longitudinem
613 364 792 407 dierum.

225 432 324 471 Ant.
363 430 527 472 Pilatus
554 430 708 472 volens
739 431 909 484 populo
938 443 1002 471 sa-

170 487 391 537 tisfacere,
422 486 604 530 tradidit
635 487 720 529 illis
751 487 901 529 Jesum
931 487 1003 528 fla-

169 543 296 594 gellis
317 557 492 585 caesum.

226 610 324 650 Ant.
369 609 539 651 Videns
577 614 724 651 autem
762 609 862 662 quia
898 608 1003 649 nihil

170 665 419 717 proficeret,
440 668 624 720 accepta
644 679 770 719 aqua,
791 666 898 707 lavit
916 678 1003 706 ma-

170 735 251 762 nus
280 735 429 763 coram
456 723 642 776 populo,
671 722 838 764 dicens:
873 722 1002 763 Inno-

171 791 274 819 cens
317 792 399 830 ego
441 793 538 821 sum
578 793 603 821 a
641 779 852 831 sanguine
889 779 1002 821 Justi

169 834 306 886 hujus.

446 917 643 957 Psalmus
663 919 728 957 29.

170 983 429 1089 Exaltabo
478 995 522 1032 te
562 989 753 1031 Domine
798 991 1004 1042 quoniam

266 1047 500 1099 suscepisti
523 1060 610 1088 me:
630 1047 652 1071 *
672 1059 753 1087 nec
773 1046 1003 1089 delectasti

170 1104 371 1145 inimicos
391 1116 515 1145 meos
535 1116 669 1156 super
688 1116 771 1145 me.

222 1164 411 1205 Domine
436 1164 557 1205 Deus
585 1177 709 1206 meus
735 1164 920 1206 clamavi
947 1165 1004 1207 ad

170 1226 224 1270 te,
244 1223 267 1247 *
287 1226 331 1262 et
351 1221 515 1262 sanasti
534 1233 616 1262 me.

221 1282 410 1323 Domine
435 1281 625 1324 eduxisti
648 1282 703 1324 ab
725 1282 895 1324 inferno
916 1284 1004 1324 ani-

168 1352 285 1380 mam
318 1351 476 1380 meam:
504 1339 528 1364 *
558 1339 737 1380 salvasti
771 1353 841 1381 me
873 1353 899 1381 a
932 1339 1003 1382 de-

170 1395 482 1438 scendentibus
500 1396 543 1437 in
562 1396 717 1438 lacum.

221 1456 400 1499 Psallite
418 1457 610 1499 Domino
631 1458 771 1500 sancti
792 1458 899 1509 ejus:
918 1459 941 1484 *
961 1463 1004 1500 et

170 1513 438 1555 confitemini
482 1514 707 1555 memoriae
757 1515 1003 1556 sanctitatis

171 1582 274 1621 ejus.

221 1631 439 1680 Quoniam
453 1631 518 1672 ira
531 1632 575 1672 in
586 1631 885 1683 indignatione
898 1634 1003 1685 ejus:

167 1687 191 1713 *
211 1692 255 1729 et
274 1687 364 1729 vita
383 1687 427 1728 in
446 1687 673 1730 voluntate
694 1690 797 1741 ejus.

221 1748 293 1790 Ad
325 1750 561 1802 vesperum
594 1749 898 1792 demorabitur
930 1751 1002 1794 fle-

167 1810 252 1847 tus:
272 1807 296 1832 *
316 1810 359 1847 et
379 1805 436 1847 ad
454 1809 715 1848 matutinum
734 1807 898 1849 laetitia.

220 1867 317 1919 Ego
352 1873 498 1910 autem
534 1867 624 1910 dixi
657 1868 702 1910 in
734 1868 1002 1911 abundantia

167 1936 280 1965 mea:
300 1925 322 1949 *
347 1924 449 1966 Non
472 1924 688 1967 movebor
711 1925 754 1966 in
779 1927 1002 1967 aeternum.

219 1985 409 2027 Domine
427 1986 471 2026 in
491 1986 718 2028 voluntate
738 1992 828 2037 tua,
849 1988 872 2012 *
891 2000 1000 2040 prae-

168 2041 318 2083 stitisti
339 2041 490 2084 decori
507 2055 607 2084 meo
627 2043 845 2086 virtutem.

220 2102 435 2145 Avertisti
453 2104 611 2146 faciem
630 2110 751 2147 tuam
771 2118 796 2147 a
812 2118 894 2156 me,
915 2108 938 2133 *
958 2111 1003 2148 et

169 2158 310 2200 factus
329 2172 426 2201 sum
446 2161 746 2203 conturbatus.

219 2219 293 2262 'Ad
318 2226 362 2262 te
381 2221 572 2263 Domine
597 2222 814 2265 clamabo:
834 2225 857 2249 *
878 2229 921 2266 et
945 2223 1002 2266 ad

167 2277 311 2318 Deum
330 2290 476 2319 meum
496 2277 782 2331 deprecabor.

221 2338 330 2389 Quae
356 2339 520 2381 utilitas
544 2340 587 2381 in
611 2341 823 2392 sanguine
842 2355 957 2392 meo,
978 2343 1000 2368 *

168 2395 273 2438 dum
294 2394 516 2438 descendo
537 2397 581 2437 in
601 2398 952 2451 corruptionem?

219 2455 447 2508 Numquid
481 2457 763 2500 confitebitur
795 2458 876 2501 tibi
908 2460 1000 2512 pul-

167 2513 252 2562 vis,
289 2515 312 2540 *
349 2518 424 2555 aut
460 2514 734 2557 annuntiabit
770 2516 1001 2558 veritatem

167 2567 315 2612 tuam?

219 2630 403 2673 Audivit
439 2631 671 2681 Dominus,
716 2637 760 2674 et
796 2633 1001 2675 misertus

169 2693 236 2730 est
261 2688 364 2729 mei:
383 2690 406 2715 *
426 2688 643 2729 Dominus
669 2689 809 2731 factus
836 2695 903 2731 est
927 2689 999 2731 a'd-

167 2746 283 2796 jutor
302 2758 438 2787 meus.

1108 308 1374 350 Convertisti
1406 308 1632 361 planctum
1662 323 1810 352 meum
1842 311 1886 352 in

1054 363 1266 416 gaudium
1295 364 1418 406 mihi:
1450 367 1473 392 *
1507 365 1762 409 conscidisti
1794 380 1886 409 sac-

1055 434 1155 462 cum
1186 433 1347 471 meum,
1381 427 1425 463 et
1456 422 1784 466 circumdedisti
1816 437 1887 466 me

1054 478 1223 520 laetitia:

1106 535 1166 577 Ut
1185 539 1333 576 cantet
1351 535 1431 576 tibi
1450 535 1590 586 gloria
1609 548 1719 585 mea,
1739 541 1783 579 et
1799 550 1888 579 non

1055 595 1342 645 compungar:
1362 592 1386 617 *
1405 592 1594 634 Domine
1619 592 1741 635 Deus
1763 606 1887 636 meus

1055 649 1098 690 in
1119 650 1331 690 aeternum
1351 648 1597 691 confitebor
1615 649 1706 691 tibi.

1112 716 1212 754 Ant.
1255 713 1419 755 Videns
1459 718 1607 755 autem
1645 715 1747 767 quia
1782 714 1888 756 nihil

1055 770 1306 823 proficeret,
1327 773 1512 823 accepta
1532 783 1658 823 aqua,
1677 771 1783 813 lavit
1799 785 1886 813 ma-

1054 840 1136 868 nus
1165 839 1313 868 coram
1342 826 1528 880 populo,
1561 826 1726 869 dicens:
1760 828 1887 870 Inno-

1056 896 1160 925 cens
1201 896 1283 935 ego
1329 897 1426 925 sum
1466 896 1491 925 a
1527 884 1739 935 sanguine
1775 884 1887 927 Justi

1054 939 1192 992 hujus.

1111 1012 1211 1053 Ant.
1256 1013 1312 1052 Et
1347 1010 1622 1063 respondens
1659 1010 1889 1052 universus

1056 1066 1263 1118 populus,
1289 1065 1414 1109 dixit:
1441 1067 1625 1118 Sanguis
1645 1068 1736 1117 eius
1756 1079 1889 1120 super

1055 1134 1149 1172 nos,
1169 1127 1213 1164 et
1232 1135 1365 1176 super
1385 1123 1500 1165 filios
1520 1129 1708 1166 nostros.

1333 1210 1530 1250 Psalmus
1552 1211 1616 1250 63.

1059 1274 1274 1381 Exaudi
1309 1276 1432 1318 Deus
1469 1276 1712 1318 orationem
1744 1289 1888 1319 meam

1153 1345 1251 1374 cum
1281 1331 1509 1385 deprecor:
1536 1333 1560 1358 *
1589 1345 1615 1374 a
1641 1332 1799 1374 timore
1826 1333 1887 1374 in-

1056 1389 1172 1430 imici
1192 1389 1312 1442 eripe
1333 1389 1523 1430 animam
1540 1402 1695 1431 meam.

1107 1446 1346 1488 Protexisti
1372 1458 1443 1488 me
1473 1459 1499 1487 a
1526 1447 1745 1488 conventu
1768 1445 1887 1487 mali-

1055 1502 1295 1553 gnantium:
1314 1503 1338 1528 *
1358 1515 1383 1544 a
1406 1502 1684 1545 multitudine
1704 1504 1887 1556 operan-

1055 1559 1164 1600 tium
1182 1559 1467 1611 iniquitatem.

1109 1615 1220 1666 Quia
1240 1617 1508 1657 exacuerunt
1531 1620 1580 1657 ut
1597 1615 1792 1666 gladium
1809 1615 1887 1657 lin-

1056 1684 1164 1722 guas
1205 1685 1320 1713 suas:
1356 1673 1380 1698 *
1416 1671 1696 1714 intenderunt
1737 1684 1887 1714 arcum

1055 1741 1149 1770 rem
1177 1731 1390 1778 amaram,
1425 1733 1473 1770 ut
1505 1731 1714 1780 sagittent
1743 1729 1788 1770 in
1816 1741 1887 1771 oc-

1057 1785 1185 1827 cultis
1212 1785 1551 1827 immaculatum.

1107 1841 1262 1884 Subito
1288 1841 1558 1894 sagittabunt
1581 1854 1698 1892 eum,
1731 1847 1776 1884 et
1799 1855 1887 1884 non

1055 1897 1290 1940 timebunt:
1317 1899 1342 1924 *
1370 1898 1654 1940 firmaverunt
1685 1898 1769 1941 sibi
1799 1911 1886 1941 ser-

1055 1956 1231 1996 monem
1250 1967 1450 2008 nequam.

1106 2010 1407 2053 Narraverunt
1425 2016 1473 2054 ut
1488 2011 1812 2054 absconderent
1828 2012 1887 2054 la-

1057 2080 1209 2121 queos:
1245 2069 1268 2094 *
1310 2068 1527 2110 dixerunt:
1579 2068 1686 2119 Quis
1722 2067 1889 2111 videbit

1056 2123 1158 2167 eos?

1107 2181 1298 2224 Scrutati
1318 2186 1419 2223 sunt
1441 2181 1709 2234 iniquitates:
1728 2182 1752 2207 *
1771 2180 1887 2224 defe-

1055 2240 1208 2280 cerunt
1227 2240 1473 2280 scrutantes
1493 2238 1714 2280 scrutinio.

1107 2294 1304 2336 Accedet
1330 2294 1464 2336 homo
1494 2294 1550 2336 ad
1579 2307 1657 2336 cor
1683 2295 1835 2336 altum:
1863 2295 1887 2321 *

1056 2357 1100 2394 et
1120 2351 1383 2393 exaltabitur
1401 2351 1534 2393 Deus.

1106 2409 1286 2460 Sagittae
1314 2408 1597 2461 parvulorum
1630 2408 1758 2449 factae
1786 2412 1886 2449 sunt

1054 2465 1196 2518 plagae
1225 2467 1392 2507 eorum:
1411 2466 1434 2491 *
1458 2470 1502 2506 et
1525 2464 1757 2506 infirmatae
1785 2468 1887 2505 sunt

1055 2526 1209 2563 contra
1228 2534 1306 2563 eos
1324 2521 1484 2572 linguae
1504 2523 1666 2563 eorum.

1108 2578 1367 2620 Conturbati
1386 2583 1487 2620 sunt
1505 2590 1658 2620 omnes
1679 2578 1753 2630 qui
1767 2577 1885 2621 vide-

1054 2635 1160 2677 bant
1185 2648 1277 2677 eos:
1296 2636 1319 2660 *
1340 2640 1384 2677 et
1407 2635 1551 2676 timuit
1574 2634 1716 2676 omnis
1739 2633 1884 2676 homo.

1106 2692 1164 2733 Et
1187 2692 1551 2733 annuntiaverunt
1580 2692 1716 2743 opera
1738 2690 1837 2740 Dei,
1861 2691 1884 2717 *

1055 2753 1099 2790 et
1118 2748 1233 2790 facta
1253 2748 1344 2799 ejus
1362 2747 1678 2789 intellexerunt.
