2040 2976
520 241 590 275 Die
619 242 644 275 1.
670 241 787 274 Junii.
835 240 870 274 S.
895 240 1103 274 Eleutherii
1129 240 1245 282 Papae
1271 245 1306 273 ct
1331 239 1434 272 Mart.

136 335 242 377 chra
264 335 506 386 Martyrum
532 334 836 376 celebraretur.
878 337 961 386 Qui

137 405 236 433 cum
270 390 424 432 mense
461 389 696 431 Decembri
735 390 961 433 habuisset

138 447 437 489 ordinationes
493 446 619 495 duas,
673 452 716 488 et
769 450 961 493 creasset

137 503 420 556 presbyteros
434 515 603 552 novem,
618 503 828 544 diaconos
843 505 961 554 quin-

140 572 240 612 que,
278 561 514 612 episcopos
546 571 626 611 per
658 558 829 614 diversa
865 560 962 601 loca

140 616 346 668 quinque,
372 615 582 667 martyrio
611 617 864 666 coronatus,
891 617 962 658 via

139 671 317 713 Aurelia
336 671 544 724 sepelitur
563 672 607 712 in
622 671 812 722 basilica,
833 686 962 724 quam

140 741 165 770 a
192 740 239 770 se
267 727 530 770 aedificatam
557 727 792 769 dedicarat.
840 729 961 771 Vixit

139 785 182 826 in
200 784 461 838 pontificatu
481 797 617 825 annos
638 782 764 833 duos,
790 797 962 826 menses

142 843 340 893 quatuor,
360 839 455 882 dies
475 840 626 891 viginti
645 852 812 881 novem.

189 912 240 963 R,
270 905 518 946 Honestum
545 905 647 946 fecit
673 904 793 946 illum
817 906 963 946 Domi-

140 975 238 1012 nus,
258 967 302 1003 et
321 961 558 1003 custodivit
578 973 677 1002 eum
697 961 752 1002 ab
771 962 964 1011 inimicis,

142 1024 185 1060 et
212 1031 237 1059 a
263 1017 568 1059 seductoribus
595 1017 754 1058 tutavit
781 1017 915 1058 illum:
938 1020 960 1043 *

141 1075 199 1116 Et
232 1074 354 1116 dedit
384 1073 446 1114 illi
478 1073 721 1114 claritatem
748 1075 964 1114 aeternam.

138 1134 190 1185 ys,
222 1129 552 1181 Descenditque
587 1142 686 1170 cum
719 1129 794 1171 illo
826 1130 870 1170 in
904 1130 965 1170 fo-

141 1199 278 1236 veam,
300 1190 343 1228 et
361 1186 405 1226 in
424 1185 608 1226 vinculis
628 1197 715 1226 non
735 1185 966 1237 dereliquit

143 1255 251 1284 eum.
278 1243 336 1283 Et
354 1241 476 1284 dedit
492 1241 565 1282 illi.

267 1327 419 1367 Sermo
448 1323 587 1365 sancti
615 1322 847 1374 Augustini

446 1380 666 1433 Episcopi.

229 1448 345 1482 Serm.
372 1446 446 1480 138.
472 1445 518 1479 de
542 1445 682 1479 Verbis
707 1443 871 1478 Domini.

446 1502 598 1543 Lectio
620 1516 655 1541 v.

229 1568 350 1605 astor
367 1562 509 1604 bonus
525 1561 733 1603 Christus.
762 1561 875 1611 Quid
889 1562 966 1603 Pe-

233 1618 348 1662 trus?
367 1632 511 1661 nonne
526 1618 670 1661 bonus
684 1617 855 1671 pastor?
871 1631 968 1659 non-

142 1689 198 1718 ne
223 1681 267 1718 et
291 1676 387 1729 ipse
413 1676 600 1717 enimam
626 1688 749 1716 suam
771 1687 853 1727 pro
879 1675 966 1716 ovi-

142 1732 226 1775 bus
257 1731 428 1786 posuit?
478 1731 594 1782 Quid
624 1730 805 1772 Paulus?
853 1730 968 1781 Quid

146 1789 280 1832 ceteri
298 1786 527 1842 Apostoli?
558 1787 673 1838 Quid
692 1789 842 1829 eorum
863 1789 967 1829 tem-

145 1859 255 1899 pora
283 1846 600 1898 consequentes
627 1844 746 1886 beati
773 1843 969 1896 episcopi

145 1900 382 1955 Martyres?
405 1901 521 1952 Quid
541 1901 671 1943 etiam
689 1900 772 1942 iste
793 1904 968 1941 sanctus

146 1956 294 2000 Felix?
353 1958 512 2000 Nonne
564 1969 716 1998 omnes
767 1958 968 2008 pastores

146 2014 271 2065 boni,
302 2027 391 2057 non
421 2012 692 2062 mercenarii,
725 2012 780 2054 de
813 2011 968 2064 quibus

148 2071 319 2114 dicitur:
353 2071 495 2112 Amen
522 2070 620 2112 dico
645 2068 788 2118 vobiS‚
821 2080 968 2121 perce-

146 2130 305 2180 perunt
335 2126 583 2170 mercedem
616 2123 760 2167 suam?
808 2125 969 2166 Omnes

148 2196 253 2235 ergo
271 2184 334 2225 illi
350 2186 553 2237 pastores
575 2182 696 2231 boni,
722 2194 810 2223 non
830 2180 971 2222 solum

150 2241 252 2293 quia
271 2241 525 2292 sanguinem
543 2239 756 2287 fuderunt,
777 2237 855 2278 sed
871 2236 971 2288 quia

147 2309 230 2349 pro
250 2297 405 2339 ovibus
425 2295 638 2338 fuderunt.
665 2294 766 2336 Non
783 2293 897 2335 enim
910 2292 970 2333 fu-

149 2352 306 2396 derunt
324 2353 523 2402 elatione,
543 2351 622 2393 sed
641 2351 831 2393 caritate.

199 2421 251 2473 R.
283 2417 561 2461 Desiderium
592 2416 747 2458 animae
780 2416 869 2466 ejus
900 2414 970 2455 tri-

149 2472 299 2517 buisti‘
315 2476 354 2517 ei
380 2474 584 2523 Domine,
609 2472 632 2497 *
660 2472 717 2513 Et
747 2470 972 2512 voluntate

149 2530 364 2573 labiorum
392 2532 482 2583 ejus
509 2542 596 2571 non
624 2527 835 2569 fraudasti
862 2539 972 2568 eum.

148 2582 199 2634 V.
219 2587 434 2637 Quoniam
451 2584 702 2639 praevenisti
722 2596 819 2624 eum
838 2582 882 2622 in
900 2581 971 2623 be-

150 2642 469 2685 nedictionibus
502 2639 755 2683 dulcedinis:
786 2637 972 2690 posuisti

150 2699 194 2739 in
222 2699 366 2752 capite
395 2700 485 2750 ejus
513 2698 719 2739 coronam
747 2694 802 2735 de
826 2691 972 2746 lapide

150 2755 358 2808 pretioso.
385 2755 453 2796 Et.

1307 360 1456 400 Lectio
1477 361 1529 399 vi.

1011 424 1176 529 Nam
1196 438 1239 474 et
1259 431 1375 485 apud
1392 432 1633 482 haereticos,
1656 435 1728 486 qui
1743 447 1835 486 pro-

1116 494 1214 541 pter
1237 489 1486 540 iniquitates
1512 494 1554 530 et
1578 493 1747 531 errores
1768 504 1834 531 su-

1015 557 1066 586 os
1108 545 1271 596 aliquid
1306 545 1603 586 molestiarum
1638 548 1835 599 perpessi

1014 601 1195 651 fuerunt,
1211 602 1382 643 nomine
1398 602 1589 652 martyrii
1605 615 1651 643 se
1663 603 1835 653 jactant:

1014 662 1063 698 ut
1090 656 1176 698 hoc
1202 657 1336 709 pallio
1365 657 1555 698 dealbati
1581 658 1745 699 facilius
1774 659 1834 699 fu-

1015 715 1180 762 rentur,
1214 714 1311 765 quia
1340 713 1430 765 lupi
1460 719 1568 754 sunt.
1618 714 1662 754 Si
1691 720 1835 755 autem

1016 769 1146 811 vultis
1166 770 1277 810 scire
1291 770 1334 809 in
1350 782 1436 821 quo
1452 772 1631 810 numero
1647 769 1836 811 habendi

1017 831 1130 875 sunt,
1179 827 1401 877 pastorem
1446 824 1609 866 bonum
1653 826 1836 867 Paulum

1018 882 1281 934 Apostolum
1312 882 1472 923 audite:
1514 882 1717 932 quoniam
1750 895 1837 923 non

1018 951 1184 988 omnes,
1212 939 1284 990 qui
1310 940 1497 990 corpora
1517 951 1593 978 sua
1612 938 1655 977 in
1674 939 1837 990 passio-

1017 1007 1071 1035 ne
1088 995 1218 1035 etiam
1232 993 1402 1045 ignibus
1417 993 1603 1041 tradunt,
1624 995 1835 1034 aestiman-

1018 1050 1062 1091 di
1081 1055 1180 1090 sunt
1200 1050 1453 1100 sanguinem
1473 1049 1636 1090 fudisse
1652 1063 1732 1101 pro
1749 1050 1836 1091 ovi-

1017 1105 1117 1155 bus,
1152 1105 1230 1147 sed
1262 1106 1408 1158 potius
1442 1110 1593 1146 eontra
1626 1118 1740 1146 oves.
1795 1105 1839 1146 Si

1018 1160 1293 1210 distribuero,
1312 1161 1460 1212 inquit,
1477 1161 1618 1201 omnia
1634 1173 1730 1202 mea
1744 1174 1840 1213 pau-

1017 1217 1206 1269 peribus,
1223 1222 1265 1258 et
1279 1215 1502 1258 tradidero
1514 1229 1673 1268 corpus
1684 1230 1838 1266 meum,

1018 1278 1065 1314 ut
1091 1272 1281 1314 ardeam:
1308 1273 1330 1312 J
1335 1285 1404 1312 am
1427 1272 1511 1324 ipsi
1535 1277 1648 1312 sunt:
1676 1272 1755 1313 sed
1778 1272 1836 1313 vi-

1019 1329 1073 1370 de
1090 1328 1194 1381 quid
1210 1329 1418 1380 sequitur:
1439 1328 1674 1369 Caritatem
1693 1333 1838 1369 autem

1018 1398 1113 1441 non⁵
1135 1385 1338 1434 habeam,
1377 1384 1483 1425 nihil
1514 1383 1617 1424 mihi
1648 1384 1838 1436 prodest.

1018 1442 1133 1487 Ecce
1159 1443 1329 1483 venitur
1358 1440 1414 1482 ad
1437 1441 1703 1493 passionem,
1737 1453 1838 1482 ecce

1018 1499 1188 1539 venitur
1208 1502 1250 1538 et
1266 1495 1322 1538 ad
1338 1496 1558 1548 sanguinis
1574 1495 1838 1546 effusionem,

1018 1555 1188 1595 venitur
1216 1558 1259 1594 et
1287 1553 1343 1594 ad
1372 1555 1607 1605 corporum
1631 1552 1838 1593 incensio-

1018 1622 1131 1657 nem;
1158 1614 1201 1651 et
1221 1614 1366 1650 tamen
1386 1608 1490 1649 nihil
1514 1608 1711 1661 prodest,
1738 1608 1839 1659 quia

1020 1666 1178 1707 caritas
1195 1665 1328 1707 deest.
1356 1664 1484 1706 Adde
1500 1664 1734 1713 caritatem,
1749 1676 1840 1716 pro-

1021 1727 1121 1763 sunt
1140 1722 1297 1763 omnia:
1321 1720 1500 1763 detrahe
1520 1721 1760 1770 caritatem,
1779 1720 1837 1760 ni-

1019 1778 1079 1819 hil
1098 1783 1282 1831 prosunt
1301 1779 1455 1819 cetera.

1073 1851 1123 1901 R.
1148 1848 1270 1889 Stola
1296 1845 1584 1899 jucunditatis.

1073 1927 1116 1959 In
1140 1926 1204 1959 ΙΙΙ.
1228 1926 1425 1959 Nocturno
1452 1922 1618 1956 llomiliu
1643 1922 1677 1953 iu
1697 1920 1838 1960 lix-ang.

1021 1973 1062 2008 Si
1100 1973 1187 2017 quis
1225 1972 1340 2008 venit.
1378 1972 1423 2005 de
1466 1970 1599 2004 codem
1638 1967 1837 2001 Communi

1023 2023 1049 2055 1.
1073 2021 1170 2055 loco.

1276 2090 1583 2119 ,ὠέῳ-,-

1202 2185 1433 2247 FESTA
1461 2182 1667 2255 JUNll.

1294 2331 1378 2372 Die
1396 2332 1426 2372 1.
1444 2331 1467 2371 J
1470 2330 1570 2372 unii.

1069 2419 1071 2422 ⁴
1087 2405 1129 2445 S.
1148 2403 1426 2444 Eleutherii
1444 2402 1575 2452 Papae
1597 2403 1638 2437 et
1659 2397 1778 2436 Mart.

1353 2475 1515 2517 Duplex.

1076 2540 1211 2574 Omnia
1252 2539 1297 2573 de
1337 2536 1537 2573 Communi
1577 2533 1689 2567 unius
1734 2534 1839 2567 Mart.

1024 2594 1163 2632 praeter
1187 2598 1291 2630 sequ.

1080 2648 1221 2682 Oratio.
1247 2647 1512 2683 Infirmitatem.
1717 2675 1719 2677 ,

1076 2701 1119 2734 ln
1148 2701 1175 2734 Ι.
1204 2700 1402 2734 Nocturno
1435 2695 1635 2730 Lectiones
1668 2692 1714 2726 de
1744 2691 1840 2726 Scri-

1026 2754 1135 2792 ptura
1162 2751 1390 2782 oecurrente.
