2040 2976
516 240 585 273 Dic
610 241 667 273 tw,
695 240 794 279 Maii,
841 240 875 273 S.
903 240 1134 273 Ferdinamii
1163 240 1223 272 111.
1252 240 1365 279 Regis
1388 240 1494 271 (Ioni.

378 338 426 375 In
451 337 501 375 II.
527 335 749 374 Nocturno.

452 399 601 440 Lectio
622 400 673 438 iv.

188 496 205 526 ,3
222 464 537 530 slerdinandus
568 464 743 514 tertius,
778 465 980 506 Castellae

158 526 162 566 ζ
194 519 261 570 ,241³
288 526 331 562 et
362 520 568 571 Legionis
600 533 694 570 reX‚
730 522 800 561 cui
834 522 980 563 Sancti

154 578 205 604 'mr-k—
287 577 626 628 cognomentum
675 577 759 627 jam
805 577 907 619 inde
956 591 981 618 a

152 636 340 686 quatuor
372 632 544 674 saeculis
582 632 981 674 ecclesiasticorum

151 695 195 731 et
226 689 501 731 saecularium
533 690 773 729 consensus
806 688 979 738 dedere,

150 750 320 787 tantum
346 744 592 797 prudentiae
621 743 879 785 adolescens
906 745 978 786 ad-

150 802 235 843 huc
263 801 485 854 specimen
511 800 718 852 praebuit,
747 805 795 842 ut
821 801 979 842 Beren-

149 858 271 909 garia
285 862 434 906 mater,
455 855 659 897 Castellae
674 858 832 907 regina,
853 869 878 897 a
895 870 980 908 qua

149 916 381 966 persancte
401 912 613 954 educatus
633 912 785 961 fuerat,
806 911 978 954 abdica-

149 975 242 1011 tum
273 983 299 1010 a
329 982 377 1011 se
404 981 587 1020 regnum
611 968 655 1008 in
678 968 818 1009 filium
841 974 978 1010 trans-

148 1026 307 1067 tulerit.
342 1026 394 1066 In
420 1037 490 1074 eo,
522 1024 738 1076 adjunctis
762 1025 884 1075 regni
909 1038 978 1066 cu-

148 1082 219 1131 ris,
234 1082 367 1132 regiae
381 1081 566 1122 virtutes
586 1080 812 1130 emicuere,
831 1093 978 1131 magn-

149 1137 368 1187 animitas,
414 1136 663 1186 clementia,
707 1137 890 1187 justitia,
936 1142 979 1178 et

148 1206 242 1246 prae
269 1193 427 1234 ceteris
458 1192 686 1234 catholicae
715 1191 820 1233 fidei
847 1192 979 1242 zelus,

149 1250 328 1300 ejusque
357 1248 550 1299 religiosi
578 1248 721 1289 cultus
748 1248 900 1289 tuendi
928 1261 979 1289 ac

147 1304 424 1358 propagandi
465 1304 624 1345 ardens
661 1303 865 1345 studium.
926 1304 979 1346 Id

147 1361 353 1414 praestitit
377 1361 421 1401 in
444 1361 595 1412 primis
614 1360 848 1401 haereticos
867 1361 977 1402 inse-

149 1417 327 1467 ctando,
380 1429 492 1468 quos
541 1416 695 1458 nullibi
744 1419 979 1467 regnorum

150 1475 327 1514 suorum
342 1475 583 1514 consistere
598 1486 767 1525 passuS,
785 1474 978 1525 propriis

147 1530 244 1583 ipse
279 1529 480 1571 manibus
515 1529 631 1579 ligna
666 1529 976 1571 comburendis

149 1585 367 1627 damnatis
413 1585 470 1626 ad
514 1598 670 1636 rogum
720 1584 978 1627 advehebat.

147 1641 359 1683 Praestitit
378 1645 556 1693 insuper
575 1641 619 1681 in
641 1640 874 1691 erigendis,
901 1641 976 1683 do-

147 1697 294 1739 tandis
321 1702 365 1739 et
393 1696 704 1738 consecrandis
737 1696 977 1739 christiano

147 1754 234 1795 ritu
250 1753 534 1803 Cordubensi,
551 1753 799 1802 Giennensi,
818 1754 977 1806 Hispa-

147 1809 274 1860 lensi,
299 1814 342 1851 et
367 1809 550 1850 aliarum
573 1809 748 1850 urbium
768 1809 977 1860 ecclesiis,

147 1865 342 1907 Maurico
363 1867 612 1918 ereptarum
629 1866 741 1917 jugo,
761 1865 977 1917 simulque

147 1921 191 1962 in
222 1921 517 1963 instaurandis
547 1922 768 1974 primariis
799 1922 976 1974 templis

148 1977 378 2028 Toletano,
397 1978 623 2028 Burgensi,
648 1982 691 2019 et
710 1978 816 2027 aliis,
840 1978 914 2030 pia
933 1982 992 2019 et-

148 2033 267 2084 regia
284 2034 590 2075 munificentia.

200 2104 250 2155 R.
276 2102 525 2144 Honestum
551 2103 656 2144 fecit
682 2102 805 2144 illum
827 2101 976 2143 Domi-

148 2171 245 2208 nuS,
270 2163 313 2200 et
333 2158 570 2200 custodivit
590 2172 689 2201 eum
707 2159 762 2200 ab
782 2158 977 2207 inimicis,

69 2225 76 2233 ¹
149 2218 193 2255 et
220 2227 246 2255 a
272 2214 578 2257 seductoribus
607 2215 769 2257 tutavit
797 2214 934 2255 illum:
953 2213 974 2235 *

149 2270 205 2310 Et
239 2270 362 2312 dedit
392 2271 455 2311 illi
488 2271 731 2313 claritatem
759 2272 978 2312 aeternam.

148 2322 198 2373 V.
234 2326 407 2368 Justum
439 2327 622 2368 deduxit
651 2327 865 2368 Dominus
898 2339 978 2378 per

148 2382 242 2422 vias
261 2387 420 2431 rectas,
441 2387 484 2424 et
504 2382 697 2424 ostendit
716 2383 777 2423 illi
796 2395 978 2433 regnum

148 2437 243 2478 Dei.
270 2438 327 2479 Et
347 2438 479 2480 dedit.

460 2510 611 2549 Lectio
634 2523 668 2546 v.

150 2571 299 2674 Inter
322 2575 418 2616 haec
436 2589 516 2628 per
537 2576 741 2618 Castellae
761 2582 804 2617 et
823 2575 977 2626 Legio-

215 2630 282 2670 nis
315 2643 514 2681 regnum,
552 2632 596 2672 in
634 2645 721 2683 quo
758 2631 873 2683 patri
905 2630 978 2671 Al-

149 2685 322 2738 phonso
351 2689 640 2738 successerat,
669 2687 865 2728 collectis
890 2699 977 2726 ma-

149 2742 245 2792 gnis
260 2742 535 2793 exercitibus,
555 2746 720 2784 annuas
736 2742 977 2795 expeditio-

1032 349 1111 377 nes
1148 342 1302 378 contra
1336 339 1595 387 Saracenos,
1639 338 1864 380 christiani

1032 393 1221 433 nominis
1249 393 1416 443 hostes,
1446 394 1650 446 suscepit.
1692 395 1743 434 In
1773 395 1863 445 qui-

1032 447 1131 497 bus,
1156 454 1204 490 ut
1224 462 1398 501 semper
1416 452 1624 499 vinceret,
1649 451 1863 502 praecipui

1036 505 1253 546 exercitus
1278 506 1397 546 fuere
1421 518 1577 558 preces
1597 506 1779 557 piissimi
1799 518 1862 546 re-

1033 560 1100 611 gis
1126 559 1183 601 ad
1208 561 1351 602 Deum
1377 562 1502 610 fusae,
1541 567 1584 603 et
1617 561 1736 613 quod
1762 567 1862 602 ante

1033 628 1237 667 pugnam,
1257 622 1305 657 ut
1325 616 1408 657 sibi
1428 618 1571 658 Deum
1590 618 1862 669 propitiaret,

1034 672 1182 722 flagris
1202 673 1245 712 in
1266 685 1314 713 se
1338 672 1561 722 saeviebat,
1585 678 1719 724 atque
1740 676 1862 725 aspe-

1034 740 1083 768 ro
1104 728 1246 769 cilicio
1266 728 1491 769 muniebat
1510 740 1686 781 corpus:
1711 729 1862 780 sicque

1033 783 1225 835 insignes
1268 789 1420 826 contra
1456 785 1653 834 ingentes
1690 785 1861 825 Mauro-

1033 852 1129 880 rum
1157 840 1274 881 acies
1300 840 1505 881 victorias
1531 841 1790 892 reportavit,
1819 845 1863 881 et

1032 895 1180 947 plures
1206 896 1338 937 urbes
1364 895 1600 936 christiano
1628 896 1763 937 caltui
1787 897 1862 937 im—

1033 952 1247 1003 perioque
1280 952 1484 1001 restituit;
1522 956 1566 992 et
1606 953 1862 1004 conquisitis

1035 1008 1224 1058 Giennii,
1259 1007 1481 1049 Cordubae
1517 1014 1560 1049 et
1588 1008 1767 1049 Murciae
1799 1021 1862 1049 re-

1033 1064 1140 1114 gnis,
1160 1077 1211 1104 ac
1231 1064 1494 1105 Granatensi
1514 1064 1716 1114 vectigali
1735 1064 1863 1114 facto,

1033 1119 1089 1161 ad
1105 1120 1443 1172 expugnandam
1457 1120 1686 1172 Hispalim,
1706 1121 1862 1172 prima-

1032 1176 1141 1216 riam
1165 1176 1351 1217 Bo'eticae
1382 1176 1552 1225 urbem,
1588 1175 1793 1217 hortante
1819 1177 1861 1216 in

1031 1232 1199 1273 visione
1219 1233 1281 1282 (ut
1300 1231 1509 1273 traditum
1530 1233 1611 1282 est)
1633 1231 1764 1273 beato
1785 1232 1860 1271 Isi-

1034 1287 1160 1337 doro,
1198 1288 1303 1329 olim
1336 1288 1451 1328 illius
1483 1287 1603 1328 urbis
1637 1290 1861 1340 episcopo,

1032 1343 1229 1384 victricia
1249 1344 1371 1395 signa
1389 1343 1620 1385 transtulit.
1648 1344 1699 1383 In
1720 1356 1769 1384 ea
1787 1343 1861 1384 ob—

1033 1399 1212 1449 sidione,
1232 1405 1280 1441 ut
1298 1400 1445 1449 fertur,
1469 1401 1734 1452 praesentem
1755 1399 1861 1440 divi-

1031 1469 1132 1496 nam
1169 1468 1300 1508 opem
1334 1455 1500 1497 habuit:
1536 1469 1637 1496 nam
1674 1455 1861 1496 ferream

1032 1514 1245 1561 catenam,
1272 1525 1371 1563 quae
1391 1525 1522 1564 super
1542 1511 1704 1552 Boetim
1723 1516 1860 1552 trans-

1031 1568 1191 1608 versim
1222 1570 1403 1609 extensa
1428 1567 1749 1609 Mahometanis
1778 1580 1859 1619 pro

1031 1624 1243 1676 repagulo
1290 1629 1401 1673 erat,
1456 1626 1610 1665 coorto
1658 1623 1861 1664 validiori

1030 1685 1173 1730 vento,
1198 1693 1284 1720 una
1304 1693 1358 1721 ex
1376 1679 1560 1721 navibus
1580 1679 1721 1730 regiis,
1745 1679 1860 1729 regis

1030 1737 1150 1787 jussu
1174 1749 1226 1777 eo
1248 1736 1410 1785 delata,
1438 1741 1561 1777 tanto
1587 1738 1755 1788 impetu
1781 1735 1860 1776 fre-

1030 1792 1103 1842 git,
1119 1797 1177 1841 ut,
1191 1792 1364 1842 longius
1379 1793 1668 1844 praetervecta
1681 1796 1861 1843 pontem

1032 1860 1209 1899 quoque
1224 1848 1416 1899 ligneum
1431 1852 1474 1889 et
1492 1847 1619 1888 simul
1635 1860 1736 1898 spes
1751 1847 1861 1887 Mau-

1030 1905 1179 1944 rorum
1197 1903 1434 1955 obruperit,
1454 1908 1497 1944 et
1517 1902 1573 1944 ad.
1592 1902 1859 1944 deditionem

1031 1959 1235 2009 coegerit.

1083 2015 1133 2064 R.
1160 2015 1339 2056 Amavit
1358 2027 1457 2055 eum
1476 2014 1705 2063 Dominus,
1729 2018 1772 2054 et
1792 2026 1858 2054 or-

1031 2070 1151 2111 navit
1187 2083 1301 2111 eum:
1342 2070 1500 2111 stolam
1535 2069 1687 2120 gloriae
1720 2067 1860 2110 induit

1032 2138 1146 2175 eum,
1168 2129 1189 2151 *
1216 2126 1273 2166 Et
1301 2125 1357 2166 ad
1386 2130 1538 2178 portas
1566 2123 1759 2177 paradisi
1788 2137 1857 2165 co-

1031 2181 1205 2223 ronavit
1233 2194 1342 2222 eum.
1387 2176 1437 2227 V.
1470 2180 1619 2222 Induit
1647 2193 1745 2221 eum
1771 2181 1857 2221 Do-

1030 2237 1171 2278 minus
1212 2237 1393 2279 loricam
1435 2237 1553 2287 fidei,
1603 2242 1647 2278 et
1688 2236 1859 2278 ornavit

1032 2306 1142 2334 eum.
1178 2294 1234 2335 Et
1257 2293 1314 2335 ad
1337 2299 1500 2345 portas.

1334 2350 1487 2390 Lectio
1510 2350 1561 2389 vi.

1109 2411 1156 2447 ot
1173 2405 1378 2446 victorias
1395 2404 1539 2446 beatae
1558 2405 1750 2454 Virginis
1768 2402 1857 2444 Ma-

1032 2412 1105 2515 T
1122 2464 1199 2502 riae
1241 2461 1489 2513 patrocinio
1531 2459 1698 2501 ferebat
1737 2461 1855 2501 acce-

1031 2523 1148 2570 ptas,
1169 2518 1288 2568 cujus
1307 2517 1541 2568 imaginem
1560 2528 1708 2556 secum
1726 2515 1770 2555 in
1790 2528 1856 2556 ca-

1032 2574 1133 2615 stris
1161 2573 1342 2621 habens,
1373 2572 1582 2625 peculiari
1611 2570 1730 2611 cultu
1757 2583 1855 2622 pro-

1032 2628 1309 2681 sequebatur.
1343 2628 1482 2680 Capta
1506 2626 1691 2678 Hispali,
1717 2627 1857 2678 prima

1030 2685 1252 2736 religionis
1277 2698 1381 2726 cura
1400 2683 1493 2733 fuit3
1520 2696 1620 2723 nam
1643 2681 1856 2733 templum

1029 2741 1283 2782 Maurorum
1311 2740 1550 2792 expiatum,
1578 2742 1621 2779 et
1649 2736 1852 2778 Christia-
