2040 2976
660 187 865 222 Dominica
889 187 932 221 V.
959 193 1049 230 post
1072 187 1339 221 Pentecosten.

143 295 238 324 vos:
259 284 361 334 quia
380 282 424 322 in
442 286 486 323 te
502 282 696 332 abjectus
712 286 778 323 est
794 281 974 333 clypeus

144 338 338 387 fortium,
371 337 554 389 clypeus
581 337 701 387 Saul,
735 335 860 388 quasi
887 348 975 377 non

146 398 263 435 esset
279 398 439 435 unctus
463 393 574 434 oleo.
609 392 842 443 Quomodo
862 391 971 433 ceci-

144 448 302 491 derunt
319 449 457 491 fortes
475 449 519 490 in
538 448 678 491 bello?
699 447 910 489 Jonathas
929 447 973 487 in

144 505 329 546 excelsis
346 505 603 547 interfectus
622 510 704 546 est:
722 504 826 545 Saul
847 509 890 545 θῖ
904 504 929 544 J
931 505 974 544 ό-

143 560 300 602 nathas
329 560 560 610 amabileS‚
593 565 637 602 et
665 560 816 601 decori
843 558 974 600 valde

142 617 186 657 in
211 617 300 658 vita
326 629 420 665 sua,
447 617 491 657 in
514 622 656 658 morte
685 628 862 668 quoque
886 628 972 656 non

143 677 245 714 sunt
264 672 402 714 divisi.
440 694 447 702 -

195 735 247 788 V.
284 738 552 790 Vespertina
589 737 732 778 oratio
765 736 973 777 ascendat

142 792 199 834 ad
213 797 258 834 te
272 793 472 834 Domine.
497 795 549 848 R.
567 793 624 834 Et
644 792 883 834 descendat
902 805 969 833 su-

142 861 223 901 per
240 861 322 890 nos
340 848 643 891 misericordia
661 854 747 891 tua.

402 947 714 973 —Q—-n

375 1040 735 1091 DominicaV.

250 1110 393 1158 posit
434 1105 868 1149 Pentecosten.

379 1183 428 1222 In
455 1183 485 1222 Ι.
514 1183 738 1222 Nocturno.

186 1251 343 1303 Incipit
365 1250 477 1293 liber
501 1252 722 1293 secundus
746 1252 929 1303 Regum.

240 1321 399 1371 ,Lectio
424 1322 449 1361 i.
716 1322 820 1374 Cap.
839 1323 869 1362 1.

151 1405 154 1407 ·
251 1389 404 1426 actum
438 1389 506 1426 est
538 1390 703 1434 autem,
734 1391 972 1438 postquam

153 1458 155 1460 ’
275 1443 476 1482 mortuus
510 1446 577 1482 est
604 1441 723 1491 Saul,
755 1447 803 1484 ut
827 1442 973 1484 David

217 1501 243 1518 ’ἓ
274 1499 570 1538 reverteretur
590 1510 615 1537 a
636 1497 759 1545 caede
778 1498 973 1548 Amalec,

141 1559 185 1595 θῖ
217 1555 414 1594 maneret
446 1553 491 1593 in
518 1553 689 1603 siceleg
720 1553 832 1595 duos
867 1554 972 1596 dies.

140 1610 191 1650 In
211 1608 282 1652 die
301 1613 449 1650 autem
467 1608 598 1650 tertia
617 1610 822 1661 apparuit
838 1609 972 1651 homo

140 1665 321 1707 veniens
345 1664 401 1707 de
425 1664 584 1705 castris
602 1664 706 1706 Saul
725 1670 848 1707 veste
872 1678 971 1707 con-

141 1723 295 1770 scissa,
329 1725 373 1762 θῖ
399 1719 583 1772 pulvere
611 1722 878 1773 conspersus
906 1734 972 1763 ca-

141 1782 231 1828 put.
268 1777 325 1818 Et
350 1781 399 1817 ut
424 1776 544 1817 venit
567 1776 625 1817 ad
643 1776 789 1818 David
815 1777 974 1819 cecidit

141 1845 275 1885 super
307 1832 466 1873 faciem
498 1845 518 1873 s
552 1845 640 1882 am,
678 1837 722 1873 et
760 1832 974 1887 adoravit.

140 1889 352 1940 Dixitque
371 1887 428 1930 ad
453 1901 476 1929 e
570 1888 732 1930 David:
757 1888 884 1931 Unde
903 1902 973 1930 ve-

141 1943 231 1985 nis?
274 1945 359 1995 Qui
391 1944 453 1985 ait
482 1944 539 1986 ad
567 1957 682 1985 eum:
722 1945 790 1986 De
819 1945 974 1986 castris

141 2000 279 2041 Israel
292 2000 394 2050 fugi.
423 2000 481 2042 Et
498 2000 609 2042 dixit
627 2000 684 2042 ad
701 2013 801 2042 eum
815 2001 974 2042 David:

143 2056 274 2106 Quod
290 2061 358 2098 est
371 2055 555 2098 verbum
571 2055 692 2108 quod
706 2057 870 2098 factum
885 2055 973 2098 est?

142 2112 286 2154 indica
305 2112 422 2153 mihi.
464 2113 548 2162 Qui
573 2113 648 2154 ait:
680 2113 811 2163 Fugit
834 2115 974 2165 pepu—

141 2168 209 2209 lus
229 2181 284 2210 ex
301 2168 474 2220 p’ra'elio,
502 2173 546 2210 et
567 2168 692 2210 multi
718 2170 973 2209 corruentes

143 2236 167 2264 e
190 2223 358 2276 pepulo
381 2224 543 2265 mortui
566 2229 681 2265 sunt:
705 2222 785 2265 sed
809 2228 852 2265 et
871 2224 974 2279 Saul

143 2285 187 2320 et
213 2280 238 2319 J
241 2279 426 2320 onathas
450 2280 566 2321 filius
592 2281 683 2332 ejus
708 2280 974 2321 interierunt.

197 2344 250 2395 R.
271 2343 528 2395 Praeparate
554 2344 689 2386 corda
715 2349 864 2385 vestra
886 2344 974 2384 Do*-

144 2400 282 2448 mino,
308 2404 352 2440 et
372 2402 533 2441 servite
551 2400 614 2441 illi
632 2400 729 2441 soli:
750 2399 773 2422 *
796 2400 853 2440 Et
871 2399 974 2440 libe-

145 2455 260 2496 rabit
282 2467 362 2496 vos
390 2454 445 2496 de
472 2456 675 2497 manibus
702 2455 974 2496 inimicerum

147 2513 405 2552 vestrorum.
468 2502 519 2554 V.
563 2511 878 2553 Convertimini
918 2510 975 2552 ad

146 2579 246 2608 eum
273 2567 317 2607 in
344 2572 441 2608 toto
470 2566 605 2608 corde
633 2572 799 2615 vestro,
832 2571 876 2607 et
903 2579 974 2607 au-

146 2622 257 2664 ferte
275 2622 384 2664 deos
404 2622 569 2664 alienos
591 2622 646 2664 de
666 2622 812 2663 medio
828 2623 975 2666 vestri.

146 2678 203 2720 Et
220 2678 435 2720 liberabit.

1795 186 1858 222 191

1337 281 1490 322 Lectio
1510 281 1548 321 ii.

1118 335 1287 387 ixitque
1322 335 1467 377 David
1508 336 1564 377 ad
1608 336 1858 378 adolescen-

1133 396 1240 440 tem,
1279 392 1352 443 qui
1380 392 1609 433 nuntiabat
1637 393 1690 433 ei:
1731 392 1858 434 Unde

1029 447 1115 488 scis
1145 447 1247 498 quia
1273 449 1473 488 mortuus
1499 453 1565 488 est
1584 447 1696 498 Saul,
1725 453 1769 489 θῖ
1788 448 1858 488 Jo-

1028 502 1184 543 nathas
1216 503 1332 543 filius
1367 503 1479 554 ejus?
1526 503 1583 544 Et
1621 504 1680 545 ait
1712 503 1857 545 adole-

1028 571 1169 607 scens,
1198 559 1272 610 qui
1291 558 1521 599 nuntiabat
1544 559 1598 600 ei:
1627 559 1741 600 Casu
1760 560 1858 601 veni

1027 615 1071 655 in
1090 619 1286 655 montem
1306 613 1492 663 Gelboe‚
1514 619 1556 655 et
1575 615 1677 655 Saul
1695 615 1856 656 incum-

1027 670 1162 711 bebat
1189 683 1324 722 super
1351 669 1522 710 hastam
1550 683 1689 711 suam:
1721 684 1855 722 porro

1028 739 1181 767 currus
1199 731 1242 767 et
1258 726 1427 777 equites
1442 727 1858 778 appropinquabant

1029 782 1078 831 ei,
1099 787 1143 823 et
1162 783 1401 823 conversus
1416 787 1520 834 post
1534 787 1706 833 tergum
1721 795 1858 832 suum,

1028 837 1270 889 vidensque
1301 850 1372 878 me
1403 838 1591 879 vocavit.
1646 838 1726 878 Cui
1760 851 1858 878 cum

1029 893 1374 946 respondissem:
1399 893 1586 934 Adsum:
1612 893 1721 934 dixit
1739 893 1858 934 mihi:

1029 950 1239 1000 Quisnam
1272 962 1319 990 es
1350 948 1425 990 tu?
1467 950 1524 990 Et
1555 950 1623 1001 ajo
1658 948 1714 990 ad
1746 962 1858 990 eum:

1028 1005 1296 1046 Amalecites
1330 1017 1411 1055 ego
1446 1017 1553 1045 sum.
1596 1005 1653 1045 Et
1684 1004 1858 1045 locutus

1029 1066 1096 1102 est
1118 1060 1239 1101 mihi:
1270 1062 1347 1102 Sta
1374 1073 1506 1112 super
1537 1073 1624 1109 me,
1657 1066 1700 1101 et
1727 1061 1857 1101 inter-

1027 1116 1110 1158 fice
1129 1129 1215 1157 me:
1242 1117 1449 1168 quoniam
1467 1120 1618 1157 tenent
1636 1128 1706 1157 me
1726 1119 1857 1166 angu-

1028 1173 1141 1222 stiae,
1168 1177 1212 1213 et
1238 1171 1381 1213 adhuc
1405 1177 1502 1213 tota
1527 1172 1671 1212 anima
1694 1184 1792 1212 mea
1814 1172 1858 1211 in

1025 1240 1096 1268 me
1122 1233 1199 1268 est.
1237 1228 1454 1279 Stansque
1480 1240 1613 1279 super
1642 1239 1757 1276 eum,
1788 1240 1856 1268 oc-

1027 1283 1114 1324 cidi
1137 1283 1275 1323 illum:
1301 1283 1494 1324 sciebam
1519 1283 1633 1324 enim
1658 1282 1778 1334 quod
1798 1285 1856 1323 vi-

1026 1351 1130 1380 vere
1158 1351 1247 1380 non
1273 1341 1450 1391 poterat
1475 1344 1578 1391 post
1602 1341 1785 1379 ruinam:
1814 1344 1858 1380 et

1026 1394 1106 1436 tuli
1134 1393 1336 1435 diadema
1365 1394 1486 1446 quod
1518 1399 1612 1436 erat
1639 1395 1683 1434 in
1711 1395 1856 1447 capite

1028 1450 1135 1501 ejus,
1159 1455 1203 1491 et
1222 1450 1437 1491 armillam
1456 1450 1511 1491 de
1529 1449 1712 1491 brachio
1732 1450 1857 1499 illius,

1027 1511 1071 1548 et
1086 1506 1213 1548 attuli
1227 1506 1284 1547 ad
1298 1511 1343 1547 te
1361 1506 1586 1547 dominum
1601 1518 1748 1547 meum
1762 1505 1858 1547 huc.

1079 1569 1131 1621 Rz.
1155 1567 1278 1608 Deus
1303 1567 1497 1607 omnium
1522 1566 1753 1607 exauditor
1778 1570 1858 1606 est:

1026 1623 1122 1674 ipse
1144 1623 1263 1663 misit
1281 1621 1500 1673 Angelum
1520 1635 1663 1671 suum,
1691 1626 1734 1663 et
1759 1621 1858 1663 tulit

1026 1691 1097 1719 me
1124 1677 1179 1720 de
1205 1678 1360 1719 ovibus
1385 1678 1522 1730 patris
1546 1678 1647 1719 mei:
1666 1677 1688 1702 *
1708 1678 1764 1719 Et
1784 1691 1857 1718 un-

1027 1735 1090 1775 xit
1109 1747 1180 1776 me
1199 1734 1405 1776 unctione
1424 1732 1740 1775 misericordiae
1757 1746 1858 1774 suae.

1026 1788 1078 1838 V.
1094 1791 1322 1839 D6minus‚
1344 1790 1418 1842 qui
1437 1790 1597 1842 eripuit
1616 1802 1686 1830 me
1707 1789 1762 1830 de
1782 1802 1859 1830 ore

1026 1845 1180 1895 leonis,
1200 1851 1244 1887 et
1265 1846 1319 1888 de
1338 1858 1470 1886 manu
1485 1845 1641 1887 bestiae
1656 1845 1859 1886 liberavit

1026 1914 1107 1943 me.
1135 1902 1203 1944 Et.

1328 1949 1480 1990 Lectio
1502 1949 1557 1988 iii.

1103 2007 1413 2062 pprehendens
1441 2013 1588 2050 autem
1615 2008 1761 2050 David
1788 2021 1857 2050 ve-

1137 2065 1340 2107 stimenta
1359 2078 1438 2106 sua
1458 2063 1598 2115 scidit,
1618 2066 1858 2115 omnesque

1028 2121 1128 2170 viri,
1156 2121 1231 2172 qui
1251 2125 1373 2162 erant
1393 2134 1492 2162 cum
1511 2134 1582 2170 eo,
1611 2125 1655 2162 et
1681 2121 1856 2173 planxe-

1028 2183 1143 2228 runt,
1172 2182 1216 2218 θῖ
1235 2177 1464 2226 fleverunt,
1493 2181 1537 2218 et
1560 2177 1858 2228 jejunaverunt

1028 2246 1168 2285 usque
1188 2233 1245 2274 ad
1264 2235 1496 2285 vesperam
1516 2245 1649 2285 super
1669 2232 1786 2282 Saul,
1815 2237 1858 2272 et

1029 2302 1162 2341 super
1180 2289 1204 2329 J
1208 2288 1400 2330 6nathan
1424 2288 1562 2329 filium
1586 2289 1693 2340 ejus,
1722 2293 1766 2329 θῖ
1791 2301 1858 2328 su-

1027 2358 1108 2397 per
1126 2345 1341 2397 pepulum
1358 2345 1548 2394 Demini‚
1568 2349 1612 2385 et
1631 2356 1763 2396 super
1782 2343 1856 2384 do—

1027 2414 1148 2441 mum
1176 2400 1330 2450 Israel,
1358 2413 1412 2441 eo
1440 2399 1561 2452 quod
1589 2401 1857 2441 corruissent

1027 2455 1188 2507 gladio.
1236 2456 1447 2507 Dixitque
1476 2455 1622 2497 David
1654 2455 1710 2496 ad
1741 2456 1855 2506 juve-

1027 2525 1128 2553 nem
1157 2512 1232 2563 qui
1259 2513 1536 2553 nuntiaverat
1564 2512 1616 2552 ei:
1652 2510 1780 2552 Unde
1808 2522 1854 2550 es

1027 2567 1097 2609 tu?
1127 2568 1212 2617 Qui
1234 2567 1481 2620 respendit:
1508 2567 1644 2608 Filius
1669 2564 1855 2607 hominis

1029 2623 1212 2664 advenae
1243 2623 1500 2665 Amalecitae
1533 2635 1615 2673 ego
1649 2634 1755 2662 sum.
1798 2620 1856 2660 Et

1029 2679 1089 2720 ait
1117 2678 1174 2720 ad
1202 2691 1302 2720 eum
1329 2678 1490 2720 David:
1519 2679 1664 2728 Quare
1690 2688 1777 2717 non
1803 2675 1853 2716 ti-
