<?xml version="1.0" encoding="UTF-8"?>
<!DOCTYPE html PUBLIC "-//W3C//DTD XHTML 1.0 Transitional//EN"
    "http://www.w3.org/TR/xhtml1/DTD/xhtml1-transitional.dtd">
<html xmlns="http://www.w3.org/1999/xhtml" xml:lang="en" lang="en">
 <head>
  <title>
</title>
<meta http-equiv="Content-Type" content="text/html;charset=utf-8" />
  <meta name='ocr-system' content='tesseract 3.04.00' />
  <meta name='ocr-capabilities' content='ocr_page ocr_carea ocr_par ocr_line ocrx_word'/>
</head>
<body>
  <div class='ocr_page' id='page_1' title='image "./p3breviariumroma00cathuoft_0569.png"; bbox 0 0 2040 2976; ppageno 0'>
   <div class='ocr_carea' id='block_1_1' title="bbox 82 173 1924 954">
    <p class='ocr_par' dir='ltr' id='par_1_1' title="bbox 82 173 1924 954">
     <span class='ocr_line' id='line_1_1' title="bbox 82 173 1924 954; baseline 0.048 -89"><span class='ocrx_word' id='word_1_1' title='bbox 82 173 1924 954; x_wconf 95' lang='lat' dir='ltr'>  </span> 
     </span>
    </p>
   </div>
   <div class='ocr_carea' id='block_1_2' title="bbox 82 865 698 954">
    <p class='ocr_par' dir='ltr' id='par_1_2' title="bbox 82 865 698 954">
     <span class='ocr_line' id='line_1_2' title="bbox 82 865 698 954; baseline 0 2022"><span class='ocrx_word' id='word_1_2' title='bbox 82 865 698 954; x_wconf 95' lang='lat' dir='ltr'> </span> 
     </span>
    </p>
   </div>
   <div class='ocr_carea' id='block_1_3' title="bbox 698 890 1298 941">
    <p class='ocr_par' dir='ltr' id='par_1_3' title="bbox 698 890 1298 941">
     <span class='ocr_line' id='line_1_3' title="bbox 698 890 1298 941; baseline -0.005 -8"><span class='ocrx_word' id='word_1_3' title='bbox 698 892 782 933; x_wconf 91' lang='lat' dir='ltr'>Die</span> <span class='ocrx_word' id='word_1_4' title='bbox 810 892 877 932; x_wconf 87' lang='lat'>24.</span> <span class='ocrx_word' id='word_1_5' title='bbox 906 892 975 932; x_wconf 78' lang='lat' dir='ltr'>vel</span> <span class='ocrx_word' id='word_1_6' title='bbox 1000 891 1067 931; x_wconf 86' lang='lat'>25.</span> <span class='ocrx_word' id='word_1_7' title='bbox 1097 890 1298 941; x_wconf 85' lang='lat' dir='ltr'><strong>Augusti.</strong></span> 
     </span>
    </p>
   </div>
   <div class='ocr_carea' id='block_1_4' title="bbox 595 980 1409 1032">
    <p class='ocr_par' dir='ltr' id='par_1_4' title="bbox 595 980 1409 1032">
     <span class='ocr_line' id='line_1_4' title="bbox 595 980 1409 1032; baseline -0.004 -10"><span class='ocrx_word' id='word_1_8' title='bbox 595 981 766 1022; x_wconf 78' lang='lat' dir='ltr'><strong>Sancti</strong></span> <span class='ocrx_word' id='word_1_9' title='bbox 792 981 1158 1023; x_wconf 83' lang='lat' dir='ltr'>Bartholomaei</span> <span class='ocrx_word' id='word_1_10' title='bbox 1190 980 1409 1032; x_wconf 75' lang='lat' dir='ltr'>Apostoli.</span> 
     </span>
    </p>
   </div>
   <div class='ocr_carea' id='block_1_5' title="bbox 809 1061 1193 1104">
    <p class='ocr_par' dir='ltr' id='par_1_5' title="bbox 809 1061 1193 1104">
     <span class='ocr_line' id='line_1_5' title="bbox 809 1061 1193 1104; baseline 0.003 -11"><span class='ocrx_word' id='word_1_11' title='bbox 809 1061 965 1104; x_wconf 78' lang='lat' dir='ltr'>Duplex</span> <span class='ocrx_word' id='word_1_12' title='bbox 988 1061 1017 1094; x_wconf 77' lang='lat'>2.</span> <span class='ocrx_word' id='word_1_13' title='bbox 1044 1061 1193 1095; x_wconf 78' lang='lat' dir='ltr'>classis.</span> 
     </span>
    </p>
   </div>
   <div class='ocr_carea' id='block_1_6' title="bbox 141 1143 972 1240">
    <p class='ocr_par' dir='ltr' id='par_1_6' title="bbox 141 1143 972 1240">
     <span class='ocr_line' id='line_1_6' title="bbox 196 1143 972 1188; baseline -0.005 -7"><span class='ocrx_word' id='word_1_14' title='bbox 196 1147 332 1181; x_wconf 83' lang='lat' dir='ltr'>Omnia</span> <span class='ocrx_word' id='word_1_15' title='bbox 364 1147 410 1180; x_wconf 92' lang='lat' dir='ltr'>de</span> <span class='ocrx_word' id='word_1_16' title='bbox 442 1146 645 1180; x_wconf 80' lang='lat' dir='ltr'>Communi</span> <span class='ocrx_word' id='word_1_17' title='bbox 676 1146 899 1188; x_wconf 65' lang='lat' dir='ltr'>Apostolos.</span> <span class='ocrx_word' id='word_1_18' title='bbox 925 1143 972 1186; x_wconf 88' lang='lat'>[2]</span> 
     </span>
     <span class='ocr_line' id='line_1_7' title="bbox 141 1195 520 1240; baseline -0.008 -10"><span class='ocrx_word' id='word_1_19' title='bbox 141 1200 283 1240; x_wconf 62' lang='lat' dir='ltr'>praeter</span> <span class='ocrx_word' id='word_1_20' title='bbox 308 1195 520 1238; x_wconf 77' lang='lat' dir='ltr'>sequentia.</span> 
     </span>
    </p>
   </div>
   <div class='ocr_carea' id='block_1_7' title="bbox 133 1235 324 1478">
    <p class='ocr_par' dir='ltr' id='par_1_7' title="bbox 133 1235 324 1478">
     <span class='ocr_line' id='line_1_8' title="bbox 133 1235 324 1478; baseline 0 0"><span class='ocrx_word' id='word_1_21' title='bbox 133 1235 324 1478; x_wconf 95' lang='lat' dir='ltr'>   </span> 
     </span>
    </p>
   </div>
   <div class='ocr_carea' id='block_1_8' title="bbox 154 1255 975 1484">
    <p class='ocr_par' dir='ltr' id='par_1_8' title="bbox 185 1255 974 1429">
     <span class='ocr_line' id='line_1_9' title="bbox 278 1255 649 1300; baseline -0.019 0"><span class='ocrx_word' id='word_1_22' title='bbox 278 1298 281 1300; x_wconf 83' lang='lat'>.</span> <span class='ocrx_word' id='word_1_23' title='bbox 486 1255 649 1295; x_wconf 88' lang='lat' dir='ltr'>Oratio.</span> 
     </span>
     <span class='ocr_line' id='line_1_10' title="bbox 262 1315 973 1372; baseline -0.005 -9.382"><span class='ocrx_word' id='word_1_24' title='bbox 262 1315 572 1372; x_wconf 50' lang='lat' dir='ltr'>x*lmnipotens</span> <span class='ocrx_word' id='word_1_25' title='bbox 598 1319 865 1372; x_wconf 89' lang='lat' dir='ltr'>sempiterne</span> <span class='ocrx_word' id='word_1_26' title='bbox 888 1319 973 1359; x_wconf 94' lang='lat' dir='ltr'>De—</span> 
     </span>
     <span class='ocr_line' id='line_1_11' title="bbox 185 1375 974 1429; baseline -0.005 -9"><span class='ocrx_word' id='word_1_27' title='bbox 185 1380 226 1427; x_wconf 53' lang='grc' dir='ltr'>’μ’</span> <span class='ocrx_word' id='word_1_28' title='bbox 313 1395 316 1413; x_wconf 78' lang='lat' dir='ltr'>z</span> <span class='ocrx_word' id='word_1_29' title='bbox 339 1390 403 1426; x_wconf 82' lang='lat' dir='ltr'>us,</span> <span class='ocrx_word' id='word_1_30' title='bbox 423 1377 497 1429; x_wconf 93' lang='lat' dir='ltr'>qui</span> <span class='ocrx_word' id='word_1_31' title='bbox 511 1375 639 1429; x_wconf 81' lang='lat' dir='ltr'>hujUs</span> <span class='ocrx_word' id='word_1_32' title='bbox 659 1376 746 1418; x_wconf 90' lang='lat' dir='ltr'>diei</span> <span class='ocrx_word' id='word_1_33' title='bbox 766 1378 974 1417; x_wconf 79' lang='lat' dir='ltr'>veneran-</span> 
     </span>
    </p>

    <p class='ocr_par' dir='ltr' id='par_1_9' title="bbox 154 1427 975 1484">
     <span class='ocr_line' id='line_1_12' title="bbox 154 1432 975 1484; baseline -0.005 -8"><span class='ocrx_word' id='word_1_34' title='bbox 154 1459 162 1466; x_wconf 41' lang='lat'><em>‡</em></span> <span class='ocrx_word' id='word_1_35' title='bbox 340 1432 442 1474; x_wconf 88' lang='lat' dir='ltr'>dam</span> <span class='ocrx_word' id='word_1_36' title='bbox 466 1435 752 1484; x_wconf 80' lang='lat' dir='ltr'>sanctamque</span> <span class='ocrx_word' id='word_1_37' title='bbox 775 1432 975 1474; x_wconf 78' lang='lat' dir='ltr'>laetitiam</span> 
     </span>
    </p>
   </div>
   <div class='ocr_carea' id='block_1_9' title="bbox 140 1488 975 1829">
    <p class='ocr_par' dir='ltr' id='par_1_10' title="bbox 140 1488 975 1758">
     <span class='ocr_line' id='line_1_13' title="bbox 140 1488 975 1542; baseline -0.004 -11"><span class='ocrx_word' id='word_1_38' title='bbox 140 1491 184 1531; x_wconf 92' lang='lat' dir='ltr'>in</span> <span class='ocrx_word' id='word_1_39' title='bbox 202 1490 322 1532; x_wconf 81' lang='lat' dir='ltr'>beati</span> <span class='ocrx_word' id='word_1_40' title='bbox 342 1489 550 1542; x_wconf 79' lang='lat' dir='ltr'>Apestoli</span> <span class='ocrx_word' id='word_1_41' title='bbox 571 1490 636 1531; x_wconf 91' lang='lat' dir='ltr'>tui</span> <span class='ocrx_word' id='word_1_42' title='bbox 654 1488 975 1531; x_wconf 77' lang='lat' dir='ltr'>Bartholomaei</span> 
     </span>
     <span class='ocr_line' id='line_1_14' title="bbox 141 1545 974 1588; baseline -0.002 0"><span class='ocrx_word' id='word_1_43' title='bbox 141 1547 378 1588; x_wconf 78' lang='lat' dir='ltr'>festivitate</span> <span class='ocrx_word' id='word_1_44' title='bbox 420 1546 628 1588; x_wconf 81' lang='lat' dir='ltr'><strong>tribuisti:</strong></span> <span class='ocrx_word' id='word_1_45' title='bbox 669 1545 725 1587; x_wconf 89' lang='lat' dir='ltr'>da</span> <span class='ocrx_word' id='word_1_46' title='bbox 761 1545 974 1587; x_wconf 88' lang='lat' dir='ltr'>Ecclesiae</span> 
     </span>
     <span class='ocr_line' id='line_1_15' title="bbox 140 1602 974 1655; baseline -0.001 -11"><span class='ocrx_word' id='word_1_47' title='bbox 140 1607 247 1652; x_wconf 85' lang='lat' dir='ltr'>tuae,</span> <span class='ocrx_word' id='word_1_48' title='bbox 283 1605 552 1655; x_wconf 81' lang='lat' dir='ltr'>quaesumus3</span> <span class='ocrx_word' id='word_1_49' title='bbox 588 1607 632 1643; x_wconf 91' lang='lat' dir='ltr'>et</span> <span class='ocrx_word' id='word_1_50' title='bbox 667 1604 815 1643; x_wconf 79' lang='lat' dir='ltr'>amare</span> <span class='ocrx_word' id='word_1_51' title='bbox 854 1602 974 1654; x_wconf 92' lang='lat' dir='ltr'>quod</span> 
     </span>
     <span class='ocr_line' id='line_1_16' title="bbox 142 1658 973 1712; baseline 0.001 -12"><span class='ocrx_word' id='word_1_52' title='bbox 142 1659 344 1708; x_wconf 88' lang='lat' dir='ltr'>credidit,</span> <span class='ocrx_word' id='word_1_53' title='bbox 382 1665 425 1702; x_wconf 87' lang='lat' dir='ltr'>et</span> <span class='ocrx_word' id='word_1_54' title='bbox 462 1658 708 1712; x_wconf 80' lang='lat' dir='ltr'>praedicare</span> <span class='ocrx_word' id='word_1_55' title='bbox 743 1659 864 1710; x_wconf 92' lang='lat' dir='ltr'>quod</span> <span class='ocrx_word' id='word_1_56' title='bbox 898 1658 973 1701; x_wconf 76' lang='lat' dir='ltr'>de-</span> 
     </span>
     <span class='ocr_line' id='line_1_17' title="bbox 142 1716 648 1758; baseline 0 0"><span class='ocrx_word' id='word_1_57' title='bbox 142 1716 240 1758; x_wconf 90' lang='lat' dir='ltr'>cuit.</span> <span class='ocrx_word' id='word_1_58' title='bbox 284 1716 370 1757; x_wconf 91' lang='lat' dir='ltr'>Per</span> <span class='ocrx_word' id='word_1_59' title='bbox 397 1716 648 1758; x_wconf 78' lang='lat' dir='ltr'>Deminum.</span> 
     </span>
    </p>

    <p class='ocr_par' dir='ltr' id='par_1_11' title="bbox 197 1786 905 1829">
     <span class='ocr_line' id='line_1_18' title="bbox 197 1786 905 1829; baseline -0.001 -9"><span class='ocrx_word' id='word_1_60' title='bbox 197 1786 347 1821; x_wconf 80' lang='lat' dir='ltr'>Deinde</span> <span class='ocrx_word' id='word_1_61' title='bbox 372 1787 413 1820; x_wconf 86' lang='lat' dir='ltr'>fit</span> <span class='ocrx_word' id='word_1_62' title='bbox 438 1796 634 1819; x_wconf 88' lang='lat' dir='ltr'>commem.</span> <span class='ocrx_word' id='word_1_63' title='bbox 660 1786 694 1821; x_wconf 88' lang='lat' dir='ltr'>S.</span> <span class='ocrx_word' id='word_1_64' title='bbox 720 1786 905 1829; x_wconf 86' lang='lat' dir='ltr'>Philippi.</span> 
     </span>
    </p>
   </div>
   <div class='ocr_carea' id='block_1_10' title="bbox 141 1842 974 2005">
    <p class='ocr_par' dir='ltr' id='par_1_12' title="bbox 141 1842 974 2005">
     <span class='ocr_line' id='line_1_19' title="bbox 196 1842 974 1895; baseline 0 -13"><span class='ocrx_word' id='word_1_65' title='bbox 196 1845 296 1883; x_wconf 87' lang='lat' dir='ltr'>Ant.</span> <span class='ocrx_word' id='word_1_66' title='bbox 338 1842 421 1884; x_wconf 89' lang='lat' dir='ltr'>Hic</span> <span class='ocrx_word' id='word_1_67' title='bbox 457 1842 523 1884; x_wconf 88' lang='lat' dir='ltr'>vir</span> <span class='ocrx_word' id='word_1_68' title='bbox 565 1842 816 1895; x_wconf 81' lang='lat' dir='ltr'>despiciens</span> <span class='ocrx_word' id='word_1_69' title='bbox 853 1855 974 1883; x_wconf 92' lang='lat' dir='ltr'>mun-</span> 
     </span>
     <span class='ocr_line' id='line_1_20' title="bbox 142 1897 974 1952; baseline 0 -12"><span class='ocrx_word' id='word_1_70' title='bbox 142 1897 247 1940; x_wconf 92' lang='lat' dir='ltr'>dum</span> <span class='ocrx_word' id='word_1_71' title='bbox 273 1903 318 1940; x_wconf 90' lang='lat' dir='ltr'>et</span> <span class='ocrx_word' id='word_1_72' title='bbox 342 1901 527 1949; x_wconf 84' lang='lat' dir='ltr'>terrena,</span> <span class='ocrx_word' id='word_1_73' title='bbox 554 1899 842 1952; x_wconf 83' lang='lat' dir='ltr'>triumphans,</span> <span class='ocrx_word' id='word_1_74' title='bbox 869 1898 974 1940; x_wconf 87' lang='lat' dir='ltr'>divi-</span> 
     </span>
     <span class='ocr_line' id='line_1_21' title="bbox 141 1954 846 2005; baseline -0.001 -9"><span class='ocrx_word' id='word_1_75' title='bbox 141 1955 225 1996; x_wconf 87' lang='lat' dir='ltr'>tias</span> <span class='ocrx_word' id='word_1_76' title='bbox 244 1955 358 1997; x_wconf 88' lang='lat' dir='ltr'>coelo</span> <span class='ocrx_word' id='word_1_77' title='bbox 377 1954 576 1997; x_wconf 78' lang='lat' dir='ltr'>cendidit</span> <span class='ocrx_word' id='word_1_78' title='bbox 597 1968 684 2005; x_wconf 89' lang='lat' dir='ltr'>ore,</span> <span class='ocrx_word' id='word_1_79' title='bbox 703 1968 846 1996; x_wconf 89' lang='lat' dir='ltr'>manu.</span> 
     </span>
    </p>
   </div>
   <div class='ocr_carea' id='block_1_11' title="bbox 142 2014 976 2233">
    <p class='ocr_par' dir='ltr' id='par_1_13' title="bbox 142 2014 976 2182">
     <span class='ocr_line' id='line_1_22' title="bbox 195 2014 976 2073; baseline 0.003 -14"><span class='ocrx_word' id='word_1_80' title='bbox 195 2014 247 2065; x_wconf 63' lang='lat' dir='ltr'>V.</span> <span class='ocrx_word' id='word_1_81' title='bbox 263 2019 438 2061; x_wconf 84' lang='lat' dir='ltr'>Justum</span> <span class='ocrx_word' id='word_1_82' title='bbox 458 2019 642 2062; x_wconf 82' lang='lat' dir='ltr'>deduxit</span> <span class='ocrx_word' id='word_1_83' title='bbox 659 2021 875 2062; x_wconf 75' lang='lat' dir='ltr'>Deminus</span> <span class='ocrx_word' id='word_1_84' title='bbox 895 2034 976 2073; x_wconf 92' lang='lat' dir='ltr'>per</span> 
     </span>
     <span class='ocr_line' id='line_1_23' title="bbox 142 2075 975 2125; baseline 0.002 -10"><span class='ocrx_word' id='word_1_85' title='bbox 142 2075 237 2116; x_wconf 86' lang='lat' dir='ltr'>vias</span> <span class='ocrx_word' id='word_1_86' title='bbox 262 2081 419 2117; x_wconf 88' lang='lat' dir='ltr'>rectas.</span> <span class='ocrx_word' id='word_1_87' title='bbox 454 2075 504 2125; x_wconf 89' lang='lat' dir='ltr'>R</span> <span class='ocrx_word' id='word_1_88' title='bbox 525 2077 582 2118; x_wconf 90' lang='lat' dir='ltr'>Et</span> <span class='ocrx_word' id='word_1_89' title='bbox 606 2077 800 2119; x_wconf 90' lang='lat' dir='ltr'>ostendit</span> <span class='ocrx_word' id='word_1_90' title='bbox 823 2077 886 2118; x_wconf 92' lang='lat' dir='ltr'>illi</span> <span class='ocrx_word' id='word_1_91' title='bbox 910 2090 975 2118; x_wconf 92' lang='lat' dir='ltr'>re-</span> 
     </span>
     <span class='ocr_line' id='line_1_24' title="bbox 143 2132 699 2182; baseline 0.005 -11"><span class='ocrx_word' id='word_1_92' title='bbox 143 2144 276 2182; x_wconf 85' lang='lat' dir='ltr'>gnum</span> <span class='ocrx_word' id='word_1_93' title='bbox 294 2132 390 2174; x_wconf 86' lang='lat' dir='ltr'>Dei.</span> <span class='ocrx_word' id='word_1_94' title='bbox 692 2160 699 2162; x_wconf 57' lang='lat'>&lt;</span> 
     </span>
    </p>

    <p class='ocr_par' dir='ltr' id='par_1_14' title="bbox 484 2191 647 2233">
     <span class='ocr_line' id='line_1_25' title="bbox 484 2191 647 2233; baseline -0.006 -1"><span class='ocrx_word' id='word_1_95' title='bbox 484 2191 647 2233; x_wconf 83' lang='lat' dir='ltr'>Oratio.</span> 
     </span>
    </p>
   </div>
   <div class='ocr_carea' id='block_1_12' title="bbox 142 2254 976 2635">
    <p class='ocr_par' dir='ltr' id='par_1_15' title="bbox 232 2254 976 2308">
     <span class='ocr_line' id='line_1_26' title="bbox 232 2254 976 2308; baseline 0.003 -13"><span class='ocrx_word' id='word_1_96' title='bbox 232 2266 320 2303; x_wconf 80' lang='lat' dir='ltr'>euS,</span> <span class='ocrx_word' id='word_1_97' title='bbox 337 2254 412 2306; x_wconf 92' lang='lat' dir='ltr'>qui</span> <span class='ocrx_word' id='word_1_98' title='bbox 426 2267 506 2307; x_wconf 90' lang='lat' dir='ltr'>per</span> <span class='ocrx_word' id='word_1_99' title='bbox 520 2254 701 2297; x_wconf 75' lang='lat' dir='ltr'>beatum</span> <span class='ocrx_word' id='word_1_100' title='bbox 711 2254 976 2308; x_wconf 80' lang='lat' dir='ltr'>Philippum,</span> 
     </span>
    </p>

    <p class='ocr_par' dir='ltr' id='par_1_16' title="bbox 142 2310 976 2635">
     <span class='ocr_line' id='line_1_27' title="bbox 258 2310 976 2361; baseline 0.003 -10"><span class='ocrx_word' id='word_1_101' title='bbox 258 2310 569 2355; x_wconf 75' lang='lat' dir='ltr'>Confessorem</span> <span class='ocrx_word' id='word_1_102' title='bbox 595 2316 736 2361; x_wconf 90' lang='lat' dir='ltr'>tuum,</span> <span class='ocrx_word' id='word_1_103' title='bbox 769 2312 976 2353; x_wconf 78' lang='lat' dir='ltr'>eximium</span> 
     </span>
     <span class='ocr_line' id='line_1_28' title="bbox 142 2366 974 2420; baseline 0.001 -12"><span class='ocrx_word' id='word_1_104' title='bbox 142 2367 271 2409; x_wconf 89' lang='lat' dir='ltr'>nobis</span> <span class='ocrx_word' id='word_1_105' title='bbox 307 2366 566 2409; x_wconf 81' lang='lat' dir='ltr'>humilitatis</span> <span class='ocrx_word' id='word_1_106' title='bbox 609 2367 859 2420; x_wconf 83' lang='lat' dir='ltr'>exemplum</span> <span class='ocrx_word' id='word_1_107' title='bbox 902 2369 974 2410; x_wconf 90' lang='lat' dir='ltr'>tri-</span> 
     </span>
     <span class='ocr_line' id='line_1_29' title="bbox 142 2423 976 2477; baseline 0 -11"><span class='ocrx_word' id='word_1_108' title='bbox 142 2423 294 2466; x_wconf 79' lang='lat' dir='ltr'>buisti:</span> <span class='ocrx_word' id='word_1_109' title='bbox 336 2423 393 2465; x_wconf 87' lang='lat' dir='ltr'>da</span> <span class='ocrx_word' id='word_1_110' title='bbox 424 2423 597 2465; x_wconf 81' lang='lat' dir='ltr'>famulis</span> <span class='ocrx_word' id='word_1_111' title='bbox 633 2424 721 2466; x_wconf 88' lang='lat' dir='ltr'>tuis</span> <span class='ocrx_word' id='word_1_112' title='bbox 758 2426 976 2477; x_wconf 76' lang='lat' dir='ltr'>prespera</span> 
     </span>
     <span class='ocr_line' id='line_1_30' title="bbox 144 2479 974 2533; baseline 0.001 -12"><span class='ocrx_word' id='word_1_113' title='bbox 144 2479 295 2522; x_wconf 91' lang='lat' dir='ltr'>mundi</span> <span class='ocrx_word' id='word_1_114' title='bbox 331 2492 387 2521; x_wconf 84' lang='lat' dir='ltr'>ex</span> <span class='ocrx_word' id='word_1_115' title='bbox 422 2481 514 2531; x_wconf 91' lang='lat' dir='ltr'>ejus</span> <span class='ocrx_word' id='word_1_116' title='bbox 549 2480 793 2522; x_wconf 78' lang='lat' dir='ltr'>imitatiene</span> <span class='ocrx_word' id='word_1_117' title='bbox 830 2480 974 2533; x_wconf 82' lang='lat' dir='ltr'>despi-</span> 
     </span>
     <span class='ocr_line' id='line_1_31' title="bbox 145 2537 975 2590; baseline 0 -12"><span class='ocrx_word' id='word_1_118' title='bbox 145 2550 255 2587; x_wconf 87' lang='lat' dir='ltr'>cere,</span> <span class='ocrx_word' id='word_1_119' title='bbox 276 2542 319 2578; x_wconf 90' lang='lat' dir='ltr'>et</span> <span class='ocrx_word' id='word_1_120' title='bbox 339 2537 536 2578; x_wconf 87' lang='lat' dir='ltr'>coelestia</span> <span class='ocrx_word' id='word_1_121' title='bbox 555 2550 730 2590; x_wconf 84' lang='lat' dir='ltr'><strong>semper</strong></span> <span class='ocrx_word' id='word_1_122' title='bbox 744 2538 975 2590; x_wconf 83' lang='lat' dir='ltr'>inquirere.</span> 
     </span>
     <span class='ocr_line' id='line_1_32' title="bbox 143 2594 498 2635; baseline 0 -1"><span class='ocrx_word' id='word_1_123' title='bbox 143 2594 229 2635; x_wconf 92' lang='lat' dir='ltr'>Per</span> <span class='ocrx_word' id='word_1_124' title='bbox 247 2594 498 2635; x_wconf 84' lang='lat' dir='ltr'>Dominum.</span> 
     </span>
    </p>
   </div>
   <div class='ocr_carea' id='block_1_13' title="bbox 145 2666 977 2810">
    <p class='ocr_par' dir='ltr' id='par_1_17' title="bbox 145 2666 977 2810">
     <span class='ocr_line' id='line_1_33' title="bbox 199 2666 974 2704; baseline 0.004 -3"><span class='ocrx_word' id='word_1_125' title='bbox 199 2668 241 2702; x_wconf 93' lang='lat' dir='ltr'>In</span> <span class='ocrx_word' id='word_1_126' title='bbox 278 2669 300 2701; x_wconf 90' lang='lat' dir='ltr'>l.</span> <span class='ocrx_word' id='word_1_127' title='bbox 336 2669 535 2701; x_wconf 74' lang='lat' dir='ltr'>Nocturuo</span> <span class='ocrx_word' id='word_1_128' title='bbox 570 2667 773 2700; x_wconf 75' lang='lat' dir='ltr'>Lectiones</span> <span class='ocrx_word' id='word_1_129' title='bbox 806 2666 868 2702; x_wconf 82' lang='lat' dir='ltr'>Sic</span> <span class='ocrx_word' id='word_1_130' title='bbox 901 2679 974 2704; x_wconf 89' lang='lat' dir='ltr'>nos</span> 
     </span>
     <span class='ocr_line' id='line_1_34' title="bbox 145 2714 977 2810; baseline -0.006 -56"><span class='ocrx_word' id='word_1_131' title='bbox 145 2718 367 2810; x_wconf 49' lang='lat' dir='ltr'>imftimeffb]</span> <span class='ocrx_word' id='word_1_132' title='bbox 379 2716 426 2749; x_wconf 88' lang='lat' dir='ltr'>de</span> <span class='ocrx_word' id='word_1_133' title='bbox 458 2715 662 2749; x_wconf 84' lang='lat' dir='ltr'>Communi</span> <span class='ocrx_word' id='word_1_134' title='bbox 696 2714 977 2757; x_wconf 79' lang='lat' dir='ltr'>Apostolorum</span> 
     </span>
     <span class='ocr_line' id='line_1_35' title="bbox 171 2774 299 2797; baseline 0 0"><span class='ocrx_word' id='word_1_135' title='bbox 171 2791 177 2797; x_wconf 96' lang='lat'>.</span> <span class='ocrx_word' id='word_1_136' title='bbox 218 2774 299 2797; x_wconf 87' lang='lat' dir='ltr'>oco.</span> 
     </span>
    </p>
   </div>
   <div class='ocr_carea' id='block_1_14' title="bbox 91 2778 1918 2856">
    <p class='ocr_par' dir='ltr' id='par_1_18' title="bbox 91 2778 1918 2856">
     <span class='ocr_line' id='line_1_36' title="bbox 91 2778 1918 2856; baseline 0 -18"><span class='ocrx_word' id='word_1_137' title='bbox 91 2778 1918 2856; x_wconf 95' lang='lat' dir='ltr'>   </span> 
     </span>
    </p>
   </div>
   <div class='ocr_carea' id='block_1_15' title="bbox 1028 1138 1869 1942">
    <p class='ocr_par' dir='ltr' id='par_1_19' title="bbox 1265 1138 1629 1177">
     <span class='ocr_line' id='line_1_37' title="bbox 1265 1138 1629 1177; baseline -0.005 0"><span class='ocrx_word' id='word_1_138' title='bbox 1265 1140 1313 1177; x_wconf 92' lang='lat' dir='ltr'>In</span> <span class='ocrx_word' id='word_1_139' title='bbox 1333 1139 1382 1177; x_wconf 89' lang='lat' dir='ltr'>II.</span> <span class='ocrx_word' id='word_1_140' title='bbox 1405 1138 1629 1176; x_wconf 77' lang='lat' dir='ltr'>Nocturno.</span> 
     </span>
    </p>

    <p class='ocr_par' dir='ltr' id='par_1_20' title="bbox 1032 1203 1866 1397">
     <span class='ocr_line' id='line_1_38' title="bbox 1336 1203 1563 1243; baseline -0.004 -1"><span class='ocrx_word' id='word_1_141' title='bbox 1336 1204 1489 1243; x_wconf 83' lang='lat' dir='ltr'>Lectio</span> <span class='ocrx_word' id='word_1_142' title='bbox 1510 1203 1563 1242; x_wconf 81' lang='lat' dir='ltr'>iv.</span> 
     </span>
     <span class='ocr_line' id='line_1_39' title="bbox 1032 1265 1866 1318; baseline -0.005 -9"><span class='ocrx_word' id='word_1_143' title='bbox 1032 1267 1457 1309; x_wconf 14' lang='lat' dir='ltr'>&amp;artholomaeus</span> <span class='ocrx_word' id='word_1_144' title='bbox 1473 1265 1731 1318; x_wconf 79' lang='lat' dir='ltr'>ApestoluS,</span> <span class='ocrx_word' id='word_1_145' title='bbox 1749 1265 1866 1306; x_wconf 86' lang='lat' dir='ltr'>Gali-</span> 
     </span>
     <span class='ocr_line' id='line_1_40' title="bbox 1038 1315 1865 1397; baseline -0.005 -31"><span class='ocrx_word' id='word_1_146' title='bbox 1038 1368 1040 1371; x_wconf 63' lang='grc'>,</span> <span class='ocrx_word' id='word_1_147' title='bbox 1065 1315 1137 1397; x_wconf 44' lang='grc' dir='ltr'>,ξ1</span> <span class='ocrx_word' id='word_1_148' title='bbox 1157 1324 1285 1374; x_wconf 69' lang='lat' dir='ltr'>heus,</span> <span class='ocrx_word' id='word_1_149' title='bbox 1315 1337 1415 1364; x_wconf 91' lang='lat' dir='ltr'>cum</span> <span class='ocrx_word' id='word_1_150' title='bbox 1437 1323 1481 1363; x_wconf 93' lang='lat' dir='ltr'>in</span> <span class='ocrx_word' id='word_1_151' title='bbox 1499 1322 1672 1363; x_wconf 83' lang='lat' dir='ltr'>Indiam</span> <span class='ocrx_word' id='word_1_152' title='bbox 1694 1322 1865 1363; x_wconf 83' lang='lat' dir='ltr'>citerio-</span> 
     </span>
    </p>

    <p class='ocr_par' dir='ltr' id='par_1_21' title="bbox 1028 1378 1869 1942">
     <span class='ocr_line' id='line_1_41' title="bbox 1116 1378 1867 1432; baseline -0.005 -10.063"><span class='ocrx_word' id='word_1_153' title='bbox 1116 1382 1137 1403; x_wconf 58' lang='lat'>²³¹</span> <span class='ocrx_word' id='word_1_154' title='bbox 1159 1394 1263 1430; x_wconf 89' lang='lat' dir='ltr'>rem,</span> <span class='ocrx_word' id='word_1_155' title='bbox 1281 1393 1380 1432; x_wconf 86' lang='lat' dir='ltr'>quae</span> <span class='ocrx_word' id='word_1_156' title='bbox 1397 1380 1437 1421; x_wconf 93' lang='lat' dir='ltr'>ei</span> <span class='ocrx_word' id='word_1_157' title='bbox 1452 1380 1496 1420; x_wconf 92' lang='lat' dir='ltr'>in</span> <span class='ocrx_word' id='word_1_158' title='bbox 1513 1378 1633 1420; x_wconf 91' lang='lat' dir='ltr'>orbis</span> <span class='ocrx_word' id='word_1_159' title='bbox 1649 1380 1867 1419; x_wconf 80' lang='lat' dir='ltr'>terrarum</span> 
     </span>
     <span class='ocr_line' id='line_1_42' title="bbox 1028 1435 1868 1489; baseline -0.006 -9"><span class='ocrx_word' id='word_1_160' title='bbox 1028 1439 1260 1480; x_wconf 78' lang='lat' dir='ltr'>sortitiene</span> <span class='ocrx_word' id='word_1_161' title='bbox 1298 1437 1355 1479; x_wconf 88' lang='lat' dir='ltr'>ad</span> <span class='ocrx_word' id='word_1_162' title='bbox 1390 1435 1726 1489; x_wconf 81' lang='lat' dir='ltr'>praedicandum</span> <span class='ocrx_word' id='word_1_163' title='bbox 1762 1435 1787 1475; x_wconf 87' lang='lat' dir='ltr'>J</span> <span class='ocrx_word' id='word_1_164' title='bbox 1789 1448 1868 1476; x_wconf 92' lang='lat' dir='ltr'>esu</span> 
     </span>
     <span class='ocr_line' id='line_1_43' title="bbox 1030 1492 1869 1546; baseline -0.006 -9"><span class='ocrx_word' id='word_1_165' title='bbox 1030 1495 1192 1537; x_wconf 84' lang='lat' dir='ltr'>Christi</span> <span class='ocrx_word' id='word_1_166' title='bbox 1201 1493 1490 1546; x_wconf 87' lang='lat' dir='ltr'>Evangelium</span> <span class='ocrx_word' id='word_1_167' title='bbox 1511 1492 1764 1539; x_wconf 79' lang='lat' dir='ltr'>obvenerat,</span> <span class='ocrx_word' id='word_1_168' title='bbox 1775 1504 1869 1544; x_wconf 92' lang='lat' dir='ltr'>pro·</span> 
     </span>
     <span class='ocr_line' id='line_1_44' title="bbox 1028 1549 1868 1603; baseline -0.006 -10"><span class='ocrx_word' id='word_1_169' title='bbox 1028 1554 1206 1603; x_wconf 82' lang='lat' dir='ltr'>gressus</span> <span class='ocrx_word' id='word_1_170' title='bbox 1244 1556 1378 1599; x_wconf 90' lang='lat' dir='ltr'>esset,</span> <span class='ocrx_word' id='word_1_171' title='bbox 1416 1549 1655 1591; x_wconf 87' lang='lat' dir='ltr'>adventum</span> <span class='ocrx_word' id='word_1_172' title='bbox 1689 1549 1868 1590; x_wconf 75' lang='lat' dir='ltr'>Demini</span> 
     </span>
     <span class='ocr_line' id='line_1_45' title="bbox 1028 1605 1868 1659; baseline -0.006 -9"><span class='ocrx_word' id='word_1_173' title='bbox 1028 1610 1051 1650; x_wconf 88' lang='lat' dir='ltr'>J</span> <span class='ocrx_word' id='word_1_174' title='bbox 1057 1622 1134 1650; x_wconf 92' lang='lat' dir='ltr'>esu</span> <span class='ocrx_word' id='word_1_175' title='bbox 1153 1609 1273 1659; x_wconf 81' lang='lat' dir='ltr'>juxta</span> <span class='ocrx_word' id='word_1_176' title='bbox 1293 1607 1433 1648; x_wconf 88' lang='lat' dir='ltr'>sancti</span> <span class='ocrx_word' id='word_1_177' title='bbox 1453 1605 1653 1647; x_wconf 77' lang='lat' dir='ltr'>Matthaei</span> <span class='ocrx_word' id='word_1_178' title='bbox 1670 1606 1868 1655; x_wconf 87' lang='lat' dir='ltr'>Evange-</span> 
     </span>
     <span class='ocr_line' id='line_1_46' title="bbox 1028 1661 1868 1714; baseline -0.005 -8"><span class='ocrx_word' id='word_1_179' title='bbox 1028 1665 1135 1706; x_wconf 92' lang='lat' dir='ltr'>lium</span> <span class='ocrx_word' id='word_1_180' title='bbox 1150 1664 1236 1705; x_wconf 91' lang='lat' dir='ltr'>illis</span> <span class='ocrx_word' id='word_1_181' title='bbox 1252 1662 1469 1706; x_wconf 75' lang='lat' dir='ltr'>Gentibus</span> <span class='ocrx_word' id='word_1_182' title='bbox 1485 1661 1759 1714; x_wconf 81' lang='lat' dir='ltr'>praedicavit.</span> <span class='ocrx_word' id='word_1_183' title='bbox 1779 1661 1868 1702; x_wconf 90' lang='lat' dir='ltr'>Sed</span> 
     </span>
     <span class='ocr_line' id='line_1_47' title="bbox 1030 1717 1869 1774; baseline -0.004 -11"><span class='ocrx_word' id='word_1_184' title='bbox 1030 1735 1130 1764; x_wconf 92' lang='lat' dir='ltr'>cum</span> <span class='ocrx_word' id='word_1_185' title='bbox 1157 1722 1202 1763; x_wconf 89' lang='lat' dir='ltr'>in</span> <span class='ocrx_word' id='word_1_186' title='bbox 1230 1733 1282 1762; x_wconf 89' lang='lat' dir='ltr'>ea</span> <span class='ocrx_word' id='word_1_187' title='bbox 1309 1720 1538 1774; x_wconf 85' lang='lat' dir='ltr'>provincia</span> <span class='ocrx_word' id='word_1_188' title='bbox 1565 1719 1782 1771; x_wconf 83' lang='lat' dir='ltr'>plurimos</span> <span class='ocrx_word' id='word_1_189' title='bbox 1811 1717 1869 1760; x_wconf 90' lang='lat' dir='ltr'>ad</span> 
     </span>
     <span class='ocr_line' id='line_1_48' title="bbox 1030 1775 1868 1824; baseline -0.006 -4"><span class='ocrx_word' id='word_1_190' title='bbox 1030 1779 1055 1820; x_wconf 86' lang='lat' dir='ltr'>J</span> <span class='ocrx_word' id='word_1_191' title='bbox 1058 1791 1182 1820; x_wconf 88' lang='lat' dir='ltr'>esum</span> <span class='ocrx_word' id='word_1_192' title='bbox 1197 1778 1420 1819; x_wconf 86' lang='lat' dir='ltr'>Christum</span> <span class='ocrx_word' id='word_1_193' title='bbox 1438 1778 1741 1824; x_wconf 82' lang='lat' dir='ltr'>convertisset,</span> <span class='ocrx_word' id='word_1_194' title='bbox 1760 1775 1868 1816; x_wconf 92' lang='lat' dir='ltr'>mul-</span> 
     </span>
     <span class='ocr_line' id='line_1_49' title="bbox 1029 1833 1868 1884; baseline -0.006 -7"><span class='ocrx_word' id='word_1_195' title='bbox 1029 1841 1100 1877; x_wconf 87' lang='lat' dir='ltr'>tos</span> <span class='ocrx_word' id='word_1_196' title='bbox 1115 1835 1292 1876; x_wconf 77' lang='lat' dir='ltr'>laberes</span> <span class='ocrx_word' id='word_1_197' title='bbox 1309 1833 1672 1884; x_wconf 81' lang='lat' dir='ltr'>calamitatesque</span> <span class='ocrx_word' id='word_1_198' title='bbox 1687 1834 1868 1884; x_wconf 91' lang='lat' dir='ltr'>perpes-</span> 
     </span>
     <span class='ocr_line' id='line_1_50' title="bbox 1031 1888 1837 1942; baseline -0.006 -9"><span class='ocrx_word' id='word_1_199' title='bbox 1031 1905 1116 1942; x_wconf 86' lang='lat' dir='ltr'>sus,</span> <span class='ocrx_word' id='word_1_200' title='bbox 1136 1892 1258 1932; x_wconf 89' lang='lat' dir='ltr'>venit</span> <span class='ocrx_word' id='word_1_201' title='bbox 1275 1891 1319 1931; x_wconf 89' lang='lat' dir='ltr'>in</span> <span class='ocrx_word' id='word_1_202' title='bbox 1339 1892 1551 1942; x_wconf 76' lang='lat' dir='ltr'>majerem</span> <span class='ocrx_word' id='word_1_203' title='bbox 1571 1888 1837 1929; x_wconf 88' lang='lat' dir='ltr'>Armeniam.</span> 
     </span>
    </p>
   </div>
   <div class='ocr_carea' id='block_1_16' title="bbox 1030 1958 1870 2811">
    <p class='ocr_par' dir='ltr' id='par_1_22' title="bbox 1030 1958 1870 2397">
     <span class='ocr_line' id='line_1_51' title="bbox 1086 1958 1868 2015; baseline -0.005 -13"><span class='ocrx_word' id='word_1_204' title='bbox 1086 1965 1135 2015; x_wconf 65' lang='lat' dir='ltr'>R.</span> <span class='ocrx_word' id='word_1_205' title='bbox 1151 1960 1258 2003; x_wconf 90' lang='lat' dir='ltr'>Vidi</span> <span class='ocrx_word' id='word_1_206' title='bbox 1285 1961 1541 2012; x_wconf 83' lang='lat' dir='ltr'>conjunctos</span> <span class='ocrx_word' id='word_1_207' title='bbox 1563 1959 1682 2000; x_wconf 90' lang='lat' dir='ltr'>viros</span> <span class='ocrx_word' id='word_1_208' title='bbox 1707 1958 1868 2000; x_wconf 85' lang='lat' dir='ltr'>haben-</span> 
     </span>
     <span class='ocr_line' id='line_1_52' title="bbox 1030 2015 1869 2070; baseline -0.005 -11"><span class='ocrx_word' id='word_1_209' title='bbox 1030 2022 1099 2059; x_wconf 90' lang='lat' dir='ltr'>tes</span> <span class='ocrx_word' id='word_1_210' title='bbox 1128 2017 1384 2070; x_wconf 85' lang='lat' dir='ltr'>splendidas</span> <span class='ocrx_word' id='word_1_211' title='bbox 1408 2021 1573 2065; x_wconf 89' lang='lat' dir='ltr'>vestes,</span> <span class='ocrx_word' id='word_1_212' title='bbox 1603 2020 1646 2056; x_wconf 90' lang='lat' dir='ltr'>et</span> <span class='ocrx_word' id='word_1_213' title='bbox 1671 2015 1869 2066; x_wconf 85' lang='lat' dir='ltr'>Angelus</span> 
     </span>
     <span class='ocr_line' id='line_1_53' title="bbox 1030 2070 1869 2122; baseline -0.004 -8"><span class='ocrx_word' id='word_1_214' title='bbox 1030 2074 1212 2116; x_wconf 77' lang='lat' dir='ltr'>Demini</span> <span class='ocrx_word' id='word_1_215' title='bbox 1235 2074 1411 2115; x_wconf 83' lang='lat' dir='ltr'>locutus</span> <span class='ocrx_word' id='word_1_216' title='bbox 1431 2077 1499 2114; x_wconf 92' lang='lat' dir='ltr'>est</span> <span class='ocrx_word' id='word_1_217' title='bbox 1519 2070 1576 2113; x_wconf 84' lang='lat' dir='ltr'>ad</span> <span class='ocrx_word' id='word_1_218' title='bbox 1593 2084 1676 2122; x_wconf 85' lang='lat' dir='ltr'>me,</span> <span class='ocrx_word' id='word_1_219' title='bbox 1702 2071 1869 2113; x_wconf 91' lang='lat' dir='ltr'>dicens:</span> 
     </span>
     <span class='ocr_line' id='line_1_54' title="bbox 1034 2127 1870 2171; baseline -0.004 0"><span class='ocrx_word' id='word_1_220' title='bbox 1034 2131 1056 2155; x_wconf 89' lang='lat'>*</span> <span class='ocrx_word' id='word_1_221' title='bbox 1082 2131 1163 2171; x_wconf 87' lang='lat' dir='ltr'>Isti</span> <span class='ocrx_word' id='word_1_222' title='bbox 1196 2134 1298 2171; x_wconf 93' lang='lat' dir='ltr'>sunt</span> <span class='ocrx_word' id='word_1_223' title='bbox 1321 2129 1403 2170; x_wconf 89' lang='lat' dir='ltr'>viri</span> <span class='ocrx_word' id='word_1_224' title='bbox 1435 2128 1576 2170; x_wconf 87' lang='lat' dir='ltr'>sancti</span> <span class='ocrx_word' id='word_1_225' title='bbox 1608 2127 1713 2169; x_wconf 85' lang='lat' dir='ltr'>facti</span> <span class='ocrx_word' id='word_1_226' title='bbox 1741 2128 1870 2169; x_wconf 86' lang='lat' dir='ltr'>amici</span> 
     </span>
     <span class='ocr_line' id='line_1_55' title="bbox 1030 2182 1869 2236; baseline -0.002 -9"><span class='ocrx_word' id='word_1_227' title='bbox 1030 2187 1126 2228; x_wconf 93' lang='lat' dir='ltr'>Dei.</span> <span class='ocrx_word' id='word_1_228' title='bbox 1164 2182 1334 2233; x_wconf 49' lang='lat' dir='ltr'>vvidi</span> <span class='ocrx_word' id='word_1_229' title='bbox 1353 2185 1575 2236; x_wconf 86' lang='lat' dir='ltr'>Angelum</span> <span class='ocrx_word' id='word_1_230' title='bbox 1592 2184 1678 2226; x_wconf 93' lang='lat' dir='ltr'>Dei</span> <span class='ocrx_word' id='word_1_231' title='bbox 1698 2184 1869 2234; x_wconf 87' lang='lat' dir='ltr'>fortem,</span> 
     </span>
     <span class='ocr_line' id='line_1_56' title="bbox 1030 2241 1868 2295; baseline -0.002 -11"><span class='ocrx_word' id='word_1_232' title='bbox 1030 2242 1255 2284; x_wconf 76' lang='lat' dir='ltr'>volantem</span> <span class='ocrx_word' id='word_1_233' title='bbox 1269 2255 1349 2295; x_wconf 89' lang='lat' dir='ltr'>per</span> <span class='ocrx_word' id='word_1_234' title='bbox 1359 2241 1554 2283; x_wconf 91' lang='lat' dir='ltr'>medium</span> <span class='ocrx_word' id='word_1_235' title='bbox 1569 2241 1741 2290; x_wconf 84' lang='lat' dir='ltr'>coelum,</span> <span class='ocrx_word' id='word_1_236' title='bbox 1756 2253 1868 2282; x_wconf 91' lang='lat' dir='ltr'>voce</span> 
     </span>
     <span class='ocr_line' id='line_1_57' title="bbox 1031 2297 1869 2355; baseline -0.004 -15"><span class='ocrx_word' id='word_1_237' title='bbox 1031 2312 1189 2350; x_wconf 86' lang='lat' dir='ltr'>magna</span> <span class='ocrx_word' id='word_1_238' title='bbox 1235 2298 1500 2340; x_wconf 77' lang='lat' dir='ltr'>clamantem</span> <span class='ocrx_word' id='word_1_239' title='bbox 1544 2303 1589 2340; x_wconf 87' lang='lat' dir='ltr'>et</span> <span class='ocrx_word' id='word_1_240' title='bbox 1637 2297 1869 2355; x_wconf 80' lang='lat' dir='ltr'>dicentem.</span> 
     </span>
     <span class='ocr_line' id='line_1_58' title="bbox 1030 2356 1251 2397; baseline -0.005 0"><span class='ocrx_word' id='word_1_241' title='bbox 1030 2356 1112 2397; x_wconf 89' lang='lat' dir='ltr'>Isti</span> <span class='ocrx_word' id='word_1_242' title='bbox 1139 2360 1251 2397; x_wconf 89' lang='lat' dir='ltr'>sunt.</span> 
     </span>
    </p>

    <p class='ocr_par' dir='ltr' id='par_1_23' title="bbox 1030 2410 1868 2811">
     <span class='ocr_line' id='line_1_59' title="bbox 1344 2410 1554 2451; baseline -0.005 -1"><span class='ocrx_word' id='word_1_243' title='bbox 1344 2410 1496 2451; x_wconf 89' lang='lat' dir='ltr'>Lectio</span> <span class='ocrx_word' id='word_1_244' title='bbox 1517 2424 1554 2450; x_wconf 90' lang='lat' dir='ltr'>v.</span> 
     </span>
     <span class='ocr_line' id='line_1_60' title="bbox 1078 2477 1868 2529; baseline -0.003 -10"><span class='ocrx_word' id='word_1_245' title='bbox 1078 2477 1125 2520; x_wconf 90' lang='lat' dir='ltr'>bi</span> <span class='ocrx_word' id='word_1_246' title='bbox 1138 2477 1388 2529; x_wconf 73' lang='lat' dir='ltr'>Polymium</span> <span class='ocrx_word' id='word_1_247' title='bbox 1407 2489 1556 2528; x_wconf 83' lang='lat' dir='ltr'>regem</span> <span class='ocrx_word' id='word_1_248' title='bbox 1577 2482 1621 2518; x_wconf 90' lang='lat' dir='ltr'>et</span> <span class='ocrx_word' id='word_1_249' title='bbox 1638 2478 1868 2529; x_wconf 76' lang='lat' dir='ltr'>conjugem</span> 
     </span>
     <span class='ocr_line' id='line_1_61' title="bbox 1109 2532 1866 2586; baseline -0.003 -11"><span class='ocrx_word' id='word_1_250' title='bbox 1109 2535 1214 2586; x_wconf 83' lang='lat' dir='ltr'>ejus,</span> <span class='ocrx_word' id='word_1_251' title='bbox 1240 2546 1291 2575; x_wconf 89' lang='lat' dir='ltr'>ac</span> <span class='ocrx_word' id='word_1_252' title='bbox 1315 2535 1534 2585; x_wconf 84' lang='lat' dir='ltr'>praeterea</span> <span class='ocrx_word' id='word_1_253' title='bbox 1555 2532 1791 2575; x_wconf 82' lang='lat' dir='ltr'>duodecim</span> <span class='ocrx_word' id='word_1_254' title='bbox 1811 2532 1866 2574; x_wconf 88' lang='lat' dir='ltr'>ci-</span> 
     </span>
     <span class='ocr_line' id='line_1_62' title="bbox 1030 2589 1866 2640; baseline -0.004 -8"><span class='ocrx_word' id='word_1_255' title='bbox 1030 2591 1191 2632; x_wconf 77' lang='lat' dir='ltr'>vitates</span> <span class='ocrx_word' id='word_1_256' title='bbox 1217 2589 1275 2631; x_wconf 84' lang='lat' dir='ltr'>ad.</span> <span class='ocrx_word' id='word_1_257' title='bbox 1302 2589 1588 2632; x_wconf 80' lang='lat' dir='ltr'>christianam</span> <span class='ocrx_word' id='word_1_258' title='bbox 1612 2589 1746 2631; x_wconf 91' lang='lat' dir='ltr'>fidem</span> <span class='ocrx_word' id='word_1_259' title='bbox 1770 2601 1866 2640; x_wconf 92' lang='lat' dir='ltr'>per-</span> 
     </span>
     <span class='ocr_line' id='line_1_63' title="bbox 1031 2647 1867 2697; baseline -0.006 -8"><span class='ocrx_word' id='word_1_260' title='bbox 1031 2648 1168 2690; x_wconf 80' lang='lat' dir='ltr'>duxit.</span> <span class='ocrx_word' id='word_1_261' title='bbox 1213 2647 1323 2697; x_wconf 86' lang='lat' dir='ltr'>Quae</span> <span class='ocrx_word' id='word_1_262' title='bbox 1356 2659 1428 2687; x_wconf 91' lang='lat' dir='ltr'>res</span> <span class='ocrx_word' id='word_1_263' title='bbox 1459 2647 1504 2687; x_wconf 91' lang='lat' dir='ltr'>in</span> <span class='ocrx_word' id='word_1_264' title='bbox 1532 2659 1632 2688; x_wconf 91' lang='lat' dir='ltr'>eum</span> <span class='ocrx_word' id='word_1_265' title='bbox 1662 2657 1867 2696; x_wconf 85' lang='lat' dir='ltr'>magnam</span> 
     </span>
     <span class='ocr_line' id='line_1_64' title="bbox 1030 2701 1866 2752; baseline -0.006 -6"><span class='ocrx_word' id='word_1_266' title='bbox 1030 2704 1240 2746; x_wconf 85' lang='lat' dir='ltr'>invidiam</span> <span class='ocrx_word' id='word_1_267' title='bbox 1279 2703 1518 2744; x_wconf 78' lang='lat' dir='ltr'>concitavit</span> <span class='ocrx_word' id='word_1_268' title='bbox 1562 2702 1678 2743; x_wconf 84' lang='lat' dir='ltr'>illius</span> <span class='ocrx_word' id='word_1_269' title='bbox 1723 2701 1866 2752; x_wconf 87' lang='lat' dir='ltr'>gentis</span> 
     </span>
     <span class='ocr_line' id='line_1_65' title="bbox 1030 2757 1868 2811; baseline -0.006 -8"><span class='ocrx_word' id='word_1_270' title='bbox 1030 2761 1322 2803; x_wconf 83' lang='lat' dir='ltr'>sacerd6tum.</span> <span class='ocrx_word' id='word_1_271' title='bbox 1340 2759 1456 2800; x_wconf 83' lang='lat' dir='ltr'>Nam</span> <span class='ocrx_word' id='word_1_272' title='bbox 1467 2771 1607 2811; x_wconf 89' lang='lat' dir='ltr'>usque</span> <span class='ocrx_word' id='word_1_273' title='bbox 1619 2757 1732 2799; x_wconf 77' lang='lat' dir='ltr'>adeo</span> <span class='ocrx_word' id='word_1_274' title='bbox 1745 2757 1868 2809; x_wconf 71' lang='lat' dir='ltr'>Asty-</span> 
     </span>
    </p>
   </div>
   <div class='ocr_carea' id='block_1_17' title="bbox 1026 1271 1142 1414">
    <p class='ocr_par' dir='ltr' id='par_1_24' title="bbox 1026 1271 1142 1414">
     <span class='ocr_line' id='line_1_66' title="bbox 1026 1271 1142 1414; baseline 0 0"><span class='ocrx_word' id='word_1_275' title='bbox 1026 1271 1142 1414; x_wconf 95' lang='lat' dir='ltr'>  </span> 
     </span>
    </p>
   </div>
  </div>
 </body>
</html>
