2040 2976
590 236 795 270 Dominica
817 235 881 269 III.
908 235 1013 268 Julii.
1061 235 1116 269 Ss.
1141 236 1421 279 Ix‘cdemptoris.

181 325 235 371 J
233 329 457 371 udicablt
445 342 491 370 1n
503 330 768 380 nationibus,
787 330 989 383 implebit

157 388 321 428 ruinas:
351 387 376 414 *
408 386 725 438 conquassabit
760 387 906 439 capita
944 388 989 428 in

157 448 276 485 terra
293 441 544 484 multorum.

209 500 277 541 De
301 500 498 541 torrente
522 498 567 540 in
593 498 665 539 via
687 497 827 541 bibet.
846 500 870 527 *
887 512 988 552 pro-

157 557 311 609 pterea
330 554 543 597 exaltabit
561 559 706 607 caput.

214 618 313 657 Ant.
343 616 520 668 Virgam
546 615 723 658 virtutis
749 629 841 658 suae
870 619 990 659 emit-

158 678 223 715 tet
249 673 465 714 Dominus
490 685 545 715 ex
570 673 691 723 Sion,
719 677 764 714 et
789 673 990 724 regnabit

157 730 202 771 in
221 728 432 771 saeculum
451 729 611 771 saeculi.

216 790 315 831 Ant.
335 789 699 843 Redemptionem
713 790 831 832 misit
842 790 991 832 Domi-

158 860 241 888 nus
259 846 430 900 populo
447 860 545 889 suo:
564 846 791 890 mandavit
809 848 853 888 in
868 850 991 889 aeter-

160 917 264 945 num
282 905 595 946 testamentum
614 917 752 946 suum.

430 977 628 1017 Psalmus
651 977 735 1016 110.

167 1037 461 1146 Confitebor
491 1042 573 1084 tibi
597 1043 787 1084 Domine
821 1043 866 1084 in
896 1048 992 1085 toto

253 1098 386 1141 corde
407 1111 523 1140 meo:
541 1100 566 1125 *
584 1099 629 1140 in
653 1100 837 1142 consilio
862 1101 992 1151 justo-

83 1211 91 1216 ·
160 1169 268 1206 rum,
290 1160 334 1197 et
354 1156 707 1207 congregatione.

213 1213 373 1264 Magna
405 1214 541 1265 opera
573 1213 766 1254 Domini:
794 1214 817 1239 *
846 1214 992 1266 exqui-

162 1272 246 1311 sita
262 1270 307 1310 in
326 1282 479 1311 omnes
499 1269 752 1312 voluntates
772 1271 875 1322 ejus.

214 1330 441 1372 Confessio
466 1334 510 1372 et
531 1330 857 1383 magnificentia
881 1344 994 1384 opus

162 1387 267 1439 ejus:
285 1387 309 1412 *
329 1390 373 1428 et
392 1387 556 1438 justitia
575 1388 666 1440 ejus
685 1392 833 1429 manet
852 1388 896 1429 in
916 1390 993 1429 see-

162 1442 307 1484 culum
327 1442 489 1485 saeculi.

212 1499 472 1541 Memoriam
491 1499 594 1542 fecit
613 1500 879 1543 mirabilium
898 1503 994 1542 suo-

162 1570 277 1606 rum,
303 1556 555 1599 misericors
582 1562 627 1599 et
653 1558 888 1600 miserator
906 1558 994 1599 Do-

122 1614 124 1616 ’
162 1613 321 1654 minus:
331 1613 355 1639 *
367 1626 515 1655 escam
529 1612 652 1656 dedit
665 1613 922 1656 timentibus
937 1627 995 1656 se.

214 1673 385 1716 Memor
423 1674 506 1716 erit
542 1674 587 1716 in
619 1675 831 1717 saeculum
863 1680 995 1718 testa—

162 1730 298 1772 menti
317 1731 398 1772 sui:
417 1731 441 1757 *
460 1731 670 1774 virtutem
691 1734 877 1786 operum
899 1734 994 1774 suo-

162 1800 260 1828 rum
278 1787 553 1830 annuntiabit
570 1789 739 1842 populo
758 1802 855 1831 suo:

215 1844 276 1886 Ut
315 1843 391 1886 det
426 1844 511 1886 illis
542 1844 850 1889 haereditatem
883 1846 995 1887 Gen-

162 1900 287 1942 tium:
315 1902 340 1928 *
369 1903 505 1954 opera
531 1904 740 1944 manuum
769 1904 860 1955 ejus
888 1903 995 1943 veri-

163 1961 244 2006 tas,
263 1962 307 1999 et
325 1957 542 2009 judicium.

215 2013 385 2055 Fidelia
397 2015 545 2056 omnia
554 2015 763 2058 mandata
774 2017 879 2068 ejus:
895 2028 994 2057 con-

163 2069 338 2112 firmata
355 2071 399 2111 in
424 2071 634 2114 saeculum
654 2073 819 2123 saeculi,
838 2073 862 2098 *
881 2073 997 2113 facta

163 2126 207 2167 in
225 2127 412 2169 veritate
432 2132 476 2170 et
496 2129 717 2181 aequitate.

215 2187 587 2242 Redemptionem
596 2191 716 2232 misit
723 2190 891 2244 populo
902 2202 995 2231 suo:

152 2245 187 2270 ·*
206 2244 431 2287 mandavit
454 2246 499 2287 in
524 2248 739 2289 aeternum
763 2248 995 2289 testamen-

163 2304 257 2341 tum
277 2314 414 2343 suum.

215 2356 434 2410 Sanctum,
451 2364 494 2402 et
507 2360 704 2402 terribile
719 2372 880 2402 nomen
892 2359 996 2410 eius:

164 2414 376 2456 *initium
400 2416 629 2470 sapientiae
654 2417 788 2458 timor
806 2415 996 2457 Domini.

215 2475 472 2519 Intellectus
511 2478 655 2520 bonus
699 2477 902 2520 omnibus
938 2476 996 2516 fa-

165 2532 381 2574 cientibus
402 2547 516 2576 eum:
534 2535 558 2560 *
577 2534 773 2576 laudatio
799 2534 890 2585 ejus
909 2545 996 2573 ma-

166 2593 239 2630 net
257 2588 302 2629 in
321 2590 532 2632 saeculum
552 2591 712 2633 saeculi.

222 2655 321 2696 Ant.
337 2655 702 2709 Redemptionem
715 2655 833 2696 misit
842 2653 990 2695 Domi-

164 2723 246 2751 nus
265 2711 434 2763 populo
454 2725 552 2754 suo:
570 2711 795 2753 mandavit
814 2711 858 2751 in
873 2711 997 2751 aeter-

164 2780 269 2808 num
286 2770 598 2810 testamentum
617 2781 754 2809 suum.

320 2898 385 2923 Pars
401 2899 509 2924 AEstiva.

1102 335 1201 377 Ant
1229 332 1529 375 Misericordia
1552 346 1664 382 mea,
1693 337 1737 375 et
1761 333 1873 374 refu-

1042 389 1162 440 gium
1197 402 1343 431 meum
1374 389 1604 431 Dominus:
1643 392 1875 443 susceptor

1042 459 1178 495 meus,
1206 452 1250 488 et
1276 446 1488 489 liberator
1514 459 1649 488 meus.

1316 517 1515 558 Psalmus
1537 520 1615 558 110.

1126 580 1286 631 redidi‚
1319 586 1502 634 propter
1542 581 1661 634 quod
1702 581 1876 624 locutus

1142 650 1257 678 sum:
1288 637 1311 663 *
1340 650 1422 689 ego
1450 643 1596 680 autem
1624 638 1876 680 humiliatus

1046 706 1144 734 sum
1166 693 1306 734 nimis.

1097 750 1193 801 Ego
1207 749 1323 791 dixi
1311 763 1355 791 m
1367 752 1551 791 excessu
1565 764 1680 811 meo:
1673 752 1710 777 ·*
1723 751 1876 793 Omnis

1046 805 1180 847 homo
1199 806 1401 848 mendax.

1100 863 1216 913 Quid
1244 863 1483 906 retribuam
1510 864 1718 914 Domino,
1743 865 1767 890 ²⁸¹
1795 878 1848 917 pr
1851 878 1877 906 o

1048 919 1261 970 omnibus,
1291 933 1390 972 quae
1410 919 1611 962 retribuit
1630 920 1756 961 mihi?

1102 976 1294 1018 Calicem
1314 976 1517 1018 salutaris
1537 977 1764 1030 accipiam:
1788 978 1811 1003 *
1836 983 1880 1019 et

1047 1046 1207 1075 nomen
1226 1034 1406 1074 Domini
1425 1033 1654 1075 invocabo.

1099 1091 1218 1132 Vota
1249 1103 1348 1132 mea
1379 1091 1479 1132 Dfio
1514 1091 1698 1132 reddam
1731 1104 1879 1132 coram

1049 1148 1167 1188 omni
1203 1147 1370 1200 populo
1408 1148 1514 1200 ejus:
1546 1148 1800 1200 *pretiosa
1836 1148 1879 1188 in

1048 1206 1289 1270 conspectu
1324 1204 1503 1246 Domini
1547 1217 1668 1277 mors
1710 1207 1879 1246 sancto-

1047 1274 1144 1302 rum
1164 1261 1270 1313 ejus:

1101 1317 1138 1359 O
1157 1318 1347 1360 Domine
1369 1317 1470 1370 quia
1490 1331 1571 1369 ego
1593 1331 1745 1360 servus
1764 1323 1879 1360 tuus:
1932 1322 1934 1326 '

1047 1374 1070 1399 *
1091 1387 1172 1425 ego
1194 1387 1347 1416 servus
1366 1380 1477 1425 tuus,
1503 1380 1546 1417 et
1570 1375 1686 1416 filius
1710 1375 1878 1417 ancillae

1048 1436 1148 1473 tuae.

1100 1488 1316 1541 Dirupisti
1335 1488 1507 1530 vincula
1531 1501 1643 1530 mea:
1666 1489 1690 1515 *
1714 1488 1794 1531 tibi
1814 1503 1878 1530 sa-

1050 1544 1259 1587 crificabo
1274 1545 1465 1587 hostiam
1483 1545 1636 1595 laudis,
1658 1551 1701 1588 et
1720 1559 1879 1588 nomen

1050 1602 1229 1643 Domini
1248 1601 1478 1643 invocabo.

1100 1659 1220 1700 Vota
1247 1672 1345 1700 mea
1370 1659 1470 1700 Dfio
1502 1659 1685 1701 reddam
1711 1659 1754 1699 in
1781 1672 1879 1701 con-

1050 1717 1205 1768 spectu
1220 1716 1362 1757 omnis
1377 1715 1531 1768 populi
1546 1717 1651 1768 ejus:
1666 1716 1742 1756 *in
1759 1716 1879 1757 atriis

1050 1772 1208 1814 domus
1223 1772 1320 1822 Dfii,
1332 1772 1375 1812 in
1390 1772 1536 1813 medio
1550 1772 1613 1814 tui
1626 1772 1880 1814 Jerusalem.

1108 1838 1207 1876 Ant.
1236 1837 1534 1886 Misericordia
1561 1851 1674 1887 mea,
1703 1842 1746 1879 et
1769 1838 1880 1879 refa-

1049 1894 1168 1946 gium
1199 1906 1346 1935 meum
1378 1894 1612 1935 Dominus:
1649 1895 1879 1946 susceptor

1049 1963 1184 2000 meus,
1214 1955 1257 1991 et
1285 1949 1498 1991 liberator
1524 1963 1659 1991 meus.

1108 2008 1207 2049 Ant.
1234 2008 1363 2062 Apud
1381 2011 1617 2052 Dominum
1637 2011 1879 2053 misericor-

1049 2068 1137 2118 dia,
1166 2073 1209 2109 et
1234 2068 1417 2120 copiosa
1442 2065 1561 2120 apud
1587 2081 1687 2109 eum
1711 2067 1879 2110 redem-

1048 2124 1155 2177 ptio.

1088 2190 1091 2194 ·
1320 2175 1518 2216 Psalmus
1540 2175 1625 2215 129.

1142 2258 1165 2286 e
1186 2243 1416 2297 profundis
1441 2244 1627 2286 clamavi
1649 2244 1706 2286 ad
1729 2250 1773 2286 te
1792 2245 1879 2285 Do-

1161 2301 1293 2342 mine:
1307 2302 1331 2328 *
1347 2301 1536 2343 Domine
1551 2300 1710 2343 exaudi
1724 2313 1879 2342 vocem

1049 2371 1206 2399 meam:
1363 2354 1375 2374 ⁸

1101 2418 1229 2459 Fiant
1258 2430 1386 2459 aures
1413 2422 1502 2459 tuae
1529 2418 1822 2466 intendentes,
1855 2416 1879 2441 *

1049 2475 1092 2515 in
1112 2487 1269 2516 vocem
1289 2474 1614 2527 deprecationis
1633 2487 1754 2516 meae.

1101 2535 1146 2576 Si
1173 2535 1429 2587 iniquitates
1457 2535 1763 2578 observaveris
1790 2535 1878 2576 Do-

1049 2591 1181 2634 mine:
1199 2592 1222 2617 *
1241 2592 1430 2634 Domine
1451 2592 1547 2644 quis
1567 2590 1821 2632 sustinebit?

1102 2652 1214 2703 Quia
1242 2652 1362 2705 apud
1387 2658 1432 2694 te
1459 2651 1715 2704 propitiatio
1744 2654 1829 2691 est:
1854 2650 1879 2675 *

1051 2714 1095 2750 et
1117 2715 1302 2761 propter
1326 2708 1469 2760 legem
1492 2713 1613 2750 tuam
1632 2706 1816 2748 sustinui
1834 2710 1879 2747 te

1050 2765 1250 2806 Domine.
