2040 2976
180 219 252 254 440

567 215 636 248 Die
661 215 712 248 22.
739 215 844 248 Julii.
892 216 926 249 S.
953 215 1085 248 Mariae
1108 216 1351 257 magdalene
1376 216 1416 249 P
1421 218 1513 250 lenit.

183 314 395 357 sideravit
415 315 595 357 semitas
615 315 774 357 domus
794 328 897 366 suae,
917 319 938 340 *
959 316 1016 358 Et

181 384 342 424 panem
358 372 502 413 otiosa
520 384 610 413 non
625 371 830 414 comedit.
861 367 911 419 V.
929 373 1015 414 Gu-

182 428 316 469 stavit
340 433 384 469 et
402 426 512 469 vidit
537 427 638 480 quia
656 427 773 470 bona
798 434 866 470 est
884 442 1015 480 nego·

180 484 305 526 tiatio
350 485 455 535 ejus:
500 496 588 525 non
625 485 929 536 exstinguetur
972 485 1015 526 in

181 546 313 582 nocte
333 540 512 582 lucerna
532 541 635 592 eius.
669 541 738 583 Et.

472 595 624 637 Lectio
646 597 728 636 viii.

263 654 424 696 ccessit
447 666 553 704 ergo
577 666 666 695 non
690 652 747 695 ad
771 658 905 706 caput
927 654 1015 695 Do-

293 710 415 760 mini,
442 709 522 751 sed
547 709 604 751 ad
627 708 778 762 pedes.
831 710 889 751 Et
915 722 1015 762 quae

182 767 257 809 diu
276 767 390 808 male
410 766 725 815 ambulaverat,
746 766 932 817 vestigia
951 778 1016 807 re-

181 829 253 865 cta
286 823 524 876 quaerebat.
585 822 713 863 Prius
749 821 860 863 fudit
891 822 1016 863 lacri-

180 893 275 921 mas
295 879 458 929 cordis,
487 885 531 921 et
554 879 661 920 lavit
680 878 859 919 Domini
877 878 1016 931 pedes

182 936 399 988 obsequio
416 935 717 984 confessionis,
737 934 908 987 capillis
927 935 1016 977 suis

180 993 318 1042 tersit,
336 992 535 1034 osculata
551 996 629 1041 est,
648 991 786 1032 unxit:
806 991 940 1033 tacita
954 991 1016 1032 lo-

184 1049 417 1102 quebatur,
450 1061 539 1090 non
568 1049 817 1090 sermonem
844 1050 1016 1100 prome·

181 1106 276 1156 bat,
311 1105 392 1147 sed
424 1104 708 1147 devotionem
741 1104 1017 1146 ostendebat.

184 1163 296 1213 Quia
323 1174 428 1213 ergo
452 1161 598 1212 tetigit
616 1161 856 1202 Dominum
876 1161 1016 1212 rigan-

182 1218 257 1268 do,
278 1217 540 1264 osculando,
558 1216 791 1268 tergendo,
810 1216 1016 1268 ungendo

180 1274 319 1327 pedes
356 1275 465 1327 ejus:
503 1273 767 1327 pharisaeus,
806 1273 880 1325 qui
911 1273 1016 1314 invi-

180 1333 352 1372 taverat
362 1330 601 1372 Dominum
616 1330 641 1371 J
645 1342 768 1371 esum
783 1330 1017 1380 Christum,

182 1387 283 1439 quia
309 1400 363 1429 ex
385 1387 461 1427 illo
485 1388 646 1437 genere
673 1391 766 1428 erat
788 1385 1017 1427 hominum

181 1443 486 1495 superborum,
507 1442 562 1484 de
583 1442 743 1494 quibus
758 1443 897 1483 Isaias
916 1455 1016 1495 pro·

178 1500 316 1552 pheta
349 1498 469 1541 dicit:
522 1500 607 1550 Qui
635 1499 804 1549 dicunt,
837 1498 1017 1541 Recede

180 1556 312 1607 longe
333 1569 358 1597 a
376 1569 462 1598 me:
488 1556 578 1597 noli
597 1568 667 1597 me
685 1557 884 1606 tangere,
910 1557 1015 1607 quo-

180 1613 296 1653 niam
319 1612 510 1654 mundus
534 1625 646 1654 sum:
673 1612 846 1664 putavit
866 1611 1015 1653 Domi-

181 1682 284 1710 num
303 1671 498 1710 nescisse
516 1669 757 1710 mulierem.

235 1726 286 1777 R.
302 1726 505 1776 Regnum
522 1724 685 1773 mundi‚
705 1729 749 1766 et
760 1737 935 1766 omnem
949 1737 1015 1765 or-

180 1783 331 1822 natum
360 1781 511 1822 saeculi
540 1781 803 1832 contempsi,
830 1786 1016 1834 propter

181 1840 378 1879 amorem
398 1837 578 1879 Domini
602 1837 689 1878 mei
711 1837 736 1878 J
739 1849 817 1878 esu
838 1837 1015 1878 Christi:

181 1896 204 1919 *
221 1894 362 1944 Quem
377 1893 480 1943 vidi,
501 1906 632 1946 quem
648 1893 803 1942 amavi,
822 1893 866 1934 in
885 1906 1017 1946 quem

181 1950 361 1999 credidi,
387 1963 518 2002 quem
538 1949 683 1991 dilexi.
711 1944 763 1996 V.
786 1950 1018 1991 Eructavit

182 2019 259 2048 eor
294 2019 441 2048 meum
474 2006 658 2048 verbum
691 2005 873 2047 bonum:
915 2006 1016 2048 dico

181 2075 264 2113 ego
281 2065 417 2115 opera
431 2075 531 2104 mea
545 2062 648 2114 regi.
677 2063 830 2112 Quem.
864 2062 1017 2104 Gloria

180 2119 312 2160 Patri.
346 2120 498 2170 Quem.

485 2176 639 2216 Lectio
659 2177 713 2216 ix.

292 2232 509 2284 pharisaee
541 2233 750 2274 invitator
787 2237 831 2274 et
862 2233 1016 2275 irrisor

318 2288 511 2329 Domini:
530 2289 769 2330 Dominum
787 2289 952 2342 pascis,
972 2294 1016 2331 et

181 2358 207 2386 a
222 2356 311 2396 quo
327 2344 578 2397 pascendus
595 2346 666 2395 sis,
682 2358 770 2386 non
786 2345 1015 2397 intelligis?

179 2401 307 2443 Unde
333 2401 420 2442 scis
439 2401 679 2442 Dominum
697 2404 892 2443 nescisse
915 2415 1016 2454 quae

180 2457 311 2499 fuerit
342 2457 417 2498 illa
447 2457 621 2507 mulier,
658 2458 742 2498 nisi
778 2459 882 2510 quia
917 2471 1014 2511 per-

179 2515 315 2554 missa
339 2518 406 2554 est
431 2512 658 2562 accedere,
683 2513 767 2554 nisi
793 2514 913 2566 quia,
939 2513 1014 2555 illo

179 2569 392 2622 patiente,
421 2569 622 2611 osculata
650 2574 718 2610 est
744 2569 885 2621 pedes
913 2571 1015 2623 ejus,

178 2626 264 2666 nisi
297 2626 400 2677 quia
431 2625 576 2675 tersit,
613 2625 696 2666 nisi
733 2625 836 2676 quia
868 2626 993 2666 unxit

180 2682 292 2723 Haec
334 2681 451 2723 enim
492 2693 582 2722 non
626 2680 778 2722 debuit
817 2682 1016 2733 permitti

180 2738 325 2779 facere
357 2738 403 2779 in
430 2737 620 2790 pedibus
651 2736 827 2778 mundis
859 2737 1016 2778 mulier

1069 315 1320 358 immunda?

1070 372 1148 413 saei
1172 371 1311 424 pedes
1337 373 1374 414 si
1397 372 1498 414 talis
1516 373 1675 415 mulier
1693 376 1901 416 accessis-

1069 433 1152 478 set,
1179 427 1376 470 dicturus
1402 434 1514 480 erat,
1541 429 1664 481 quod
1681 431 1820 472 Isaias
1846 428 1903 472 de

1068 460 1231 526 talibus
1260 484 1384 527 dicit:
1428 485 1608 528 Recede
1639 499 1665 528 a
1691 499 1780 537 me,
1811 487 1903 528 noli

1069 553 1139 581 me
1153 543 1351 592 tangere:
1367 542 1575 595 quoniam
1586 541 1777 585 mundus
1794 556 1903 584 sum.

1071 597 1274 639 Accessit
1301 603 1450 640 autem
1477 598 1534 640 ad
1559 599 1797 641 Dominum
1826 599 1902 640 im-

1069 653 1245 703 munda,
1264 658 1313 696 ut
1331 654 1497 697 rediret
1515 654 1694 697 munda:
1713 655 1903 697 accessit

1070 722 1199 761 aegra,
1215 714 1264 752 ut
1278 709 1444 753 rediret
1458 724 1579 753 sana:
1599 711 1786 753 accessit
1802 723 1903 753 con·

1069 766 1196 815 fessa,
1215 772 1263 808 ut
1282 767 1446 809 rediret
1464 768 1679 821 professa.

1128 824 1188 865 Te
1208 824 1350 866 Deum
1368 823 1610 866 laudamus.
1628 825 1686 878 13.

1330 901 1409 943 Ad
1435 902 1646 944 Laudes.

1384 961 1594 1012 Hymnus.

1195 1020 1331 1061 ummi
1349 1020 1551 1062 Parentis
1570 1020 1722 1070 Unice,

1215 1076 1356 1118 Vultu
1374 1077 1450 1130 pio
1469 1089 1551 1118 nos
1571 1077 1756 1130 respice,

1174 1132 1353 1174 Vocans
1373 1132 1430 1175 ad
1445 1146 1593 1175 arcem
1612 1133 1767 1185 gloriae

1175 1188 1263 1230 Cor
1282 1188 1556 1240 Magdalenae
1574 1189 1810 1243 poenitens.

1124 1254 1302 1295 Amissa
1320 1254 1533 1296 drachma
1551 1254 1674 1306 regio

1174 1310 1426 1353 Recondita
1445 1316 1512 1353 est
1531 1311 1705 1361 aerari03

1174 1367 1231 1408 Et
1249 1379 1424 1418 gemma
1443 1366 1621 1409 deterso
1641 1367 1735 1409 luto

1380 316 1452 358 Ad
1479 316 1596 359 illius
1623 330 1730 369 ergo
1758 318 1902 372 phari-

1173 1422 1332 1465 Nitore
1351 1423 1487 1466 vincit
1506 1423 1664 1466 sidera.

1124 1486 1148 1526 J
1151 1500 1246 1538 esu,
1265 1487 1439 1530 medela
1457 1488 1701 1539 vulnerum,

1174 1544 1288 1597 Spes
1309 1558 1396 1586 una
1414 1545 1736 1598 poenitentium,

1175 1600 1260 1642 Per
1279 1601 1556 1652 Magdalenae
1574 1601 1779 1643 lacrimas

1172 1656 1365 1699 Peccata
1383 1662 1536 1714 nostra
1555 1656 1708 1699 diluas.

1124 1720 1209 1763 Dei
1226 1723 1392 1764 Parens
1411 1723 1609 1775 piissima

1173 1779 1314 1820 Hevae
1334 1781 1522 1832 nepotes
1542 1778 1714 1820 flebiles

1112 1848 1119 1855 ·
1173 1836 1242 1877 De
1260 1835 1381 1877 mille
1399 1836 1504 1877 vitae
1524 1834 1734 1877 fluctibus

1174 1891 1338 1934 Salutis
1357 1892 1403 1933 in
1419 1897 1600 1951 portum
1619 1891 1768 1933 vehas.

1125 1956 1210 1997 Uni
1228 1957 1329 1998 Deo
1348 1956 1404 1998 sit
1423 1956 1576 2008 gloria,

1173 2013 1260 2054 Pro
1280 2013 1537 2055 multiformi
1556 2013 1709 2064 gratia,

1173 2069 1460 2111 Peccantium
1480 2069 1555 2122 qui
1574 2069 1755 2111 crimina

1099 2133 1102 2136 ’
1173 2125 1388 2176 Remittit,
1399 2130 1444 2167 et
1456 2124 1532 2167 dat
1542 2126 1735 2178 praemia.
1749 2125 1904 2167 Amen.

1125 2184 1174 2232 V
1199 2186 1344 2237 Elegit
1358 2199 1456 2228 eam
1467 2187 1602 2237 Deus,
1618 2192 1662 2228 et
1675 2186 1904 2240 praeelegit

1069 2255 1178 2284 eam.
1214 2243 1264 2294 R.
1286 2244 1336 2283 In
1359 2243 1649 2284 tabernaculo
1677 2255 1759 2285 suo
1783 2242 1903 2284 habi-

1068 2301 1164 2341 tare
1183 2299 1288 2340 facit
1307 2311 1415 2340 eam.

1123 2357 1197 2399 Ad
1214 2359 1378 2401 Bened.
1406 2361 1505 2401 Ant.
1533 2360 1670 2402 Maria
1684 2359 1809 2402 unxit
1827 2372 1901 2412 pe-

1070 2416 1149 2459 des
1173 2417 1296 2466 Jesu,
1325 2421 1369 2458 et
1396 2416 1579 2458 extersit
1603 2416 1774 2469 capillis
1801 2415 1902 2465 suis,

1069 2478 1114 2515 et
1133 2472 1292 2515 domus
1306 2472 1488 2526 impleta
1508 2477 1575 2514 est
1595 2485 1649 2514 ex
1669 2472 1808 2514 odore
1828 2485 1902 2513 un-

1067 2532 1228 2581 gu‘intl'
1408 2568 1573 2609 Oratio.

998 2623 1013 2665 P
1069 2619 1264 2724 Beatae
1288 2625 1442 2666 Mariae
1466 2623 1758 2675 Magdalenae‚
1784 2624 1901 2675 quae-

1172 2694 1323 2722 sumus
1347 2681 1555 2730 Domine,
1583 2679 1802 2730 suffragiis
1827 2677 1902 2720 ad-

1066 2738 1280 2789 juvemur:
1307 2737 1428 2789 cujus
1452 2735 1661 2789 precibus
1681 2737 1901 2785 exoratuS,
