2040 2976
420 812 654 854 Dominica
680 811 793 852 infra
822 811 1037 853 Octavam
1065 811 1394 864 Assumptionis
1422 811 1471 851 B.
1492 811 1547 851 M.
1563 811 1615 852 V.

316 893 487 936 Sancti
514 892 748 935 Joachim
775 894 1061 944 Confessoris,
1090 895 1232 935 Patris
1261 895 1309 935 B.
1340 896 1488 935 Mariae
1519 896 1721 945 Virginis.

822 973 977 1017 Duplex
999 974 1029 1007 2.
1056 974 1205 1008 classis

213 1043 349 1078 Omnia
382 1043 428 1077 de
458 1043 602 1078 Comm.
633 1043 742 1078 Conf.
774 1054 851 1078 non
879 1043 988 1078 Pont.

161 1086 230 1130 [67]
253 1093 395 1133 praeter
419 1099 524 1133 sequ.
549 1087 608 1128 (m.
633 1091 657 1121 t.
681 1086 729 1127 v.)

380 1151 440 1191 In
461 1151 496 1191 Ι.
517 1150 768 1201 vesperis.

213 1209 262 1256 V.
299 1208 462 1249 Potens
499 1208 543 1248 in
576 1212 694 1249 terra
729 1208 810 1249 erit
842 1221 990 1249 semen

161 1265 263 1315 ejus.
291 1266 342 1319 R·
363 1265 601 1306 Generatio
621 1267 843 1306 rectorum
862 1265 990 1306 bene-

164 1320 343 1363 dicetur.

213 1379 283 1420 Ad
310 1380 483 1431 Magnis.
518 1381 617 1421 Ant.
652 1377 906 1419 Laudemus
931 1378 990 1419 vi-

162 1447 258 1476 rum
276 1434 517 1485 gloriosum
535 1434 579 1474 in
598 1434 883 1485 generatione
902 1447 991 1485 sua,

164 1491 265 1543 quia
293 1490 646 1532 benedictionem
673 1491 867 1532 omnium
891 1493 991 1542 gen-

162 1548 271 1589 tium
298 1547 422 1589 dedit
448 1547 510 1588 illi
533 1547 762 1589 Dominus:
791 1552 835 1589 et
859 1552 990 1589 testa-

161 1606 356 1646 mentum
393 1617 520 1645 suum
552 1604 828 1646 confirmavit
860 1617 992 1656 super

162 1666 296 1713 caput
315 1662 415 1713 ejus.

208 1741 352 1771 ²<-··—<.-.>†3-²
495 1715 659 1757 Oratio.

174 1766 207 1829 {³
238 1772 271 1826 ἲ·
278 1779 297 1831 14
326 1782 447 1818 eus,
468 1771 542 1822 qui
559 1782 654 1822 prae
672 1769 874 1811 omnibus
889 1770 991 1811 San-

174 1840 201 1883 23¹?
244 1827 296 1881 ,ξς
376 1826 459 1867 ctis
482 1826 570 1868 tuis
594 1826 774 1868 beatum
792 1826 814 1867 J
819 1826 990 1867 oachim

171 1882 206 1921 :1³
239 1878 263 1919 ⁸.
377 1882 612 1924 Genitricis
628 1882 726 1923 Filii
739 1883 802 1924 tui
818 1888 991 1935 patrem

164 1951 262 1980 esse
281 1939 474 1981 voluisti:
494 1938 704 1989 concede,
725 1941 991 1991 quaesumus3

163 2000 211 2036 ut
227 1997 348 2047 cujus
363 1995 476 2037 festa
490 1998 760 2045 veneramur,
779 1996 870 2047 ejus
886 2008 990 2048 quo-

165 2064 250 2103 que
290 2054 508 2104 perpetuo
549 2052 795 2105 patrocinia
835 2053 992 2094 sentia-

165 2121 271 2149 mus.
299 2109 384 2150 Per
404 2108 607 2151 eamdem
627 2109 876 2150 Dominum.

216 2168 264 2202 Et
279 2168 321 2202 fit
343 2177 476 2202 comm.
494 2167 645 2202 Domin.
670 2179 814 2203 occurr.
832 2173 989 2203 tantum.

216 2223 260 2257 In
282 2224 310 2258 I.
332 2224 442 2258 Noct.
467 2223 569 2258 Lect.
593 2224 738 2261 Beatus
759 2226 829 2261 vir.
853 2226 900 2260 de
929 2236 990 2260 eo-

164 2270 252 2305 dem
275 2271 421 2307 Comm.
446 2271 476 2306 2.
498 2271 597 2306 loco.
623 2274 691 2318 [77]

392 2336 442 2375 In
464 2335 515 2375 11.
538 2336 760 2376 Nocturno.

166 2398 319 2441 Sermo
349 2401 488 2441 sancti
511 2400 746 2454 Epiphanii
770 2401 993 2453 Episcopi.

253 2458 356 2492 Orat.
381 2457 428 2491 de
453 2457 573 2492 Laud.
597 2457 703 2500 Virg.
728 2457 801 2491 sub
824 2458 905 2491 init.

466 2509 618 2550 Lectio
636 2509 690 2549 iv.

170 2575 321 2611 *f*
347 2568 494 2610 radice
521 2569 645 2610 Jesse
673 2574 796 2611 ortus
823 2575 890 2611 est
915 2582 993 2611 rex

203 2626 251 2682 ÷{‘'J-
287 2636 289 2665 2
314 2625 474 2675 David,
499 2631 543 2667 et
563 2625 619 2667 de
637 2625 755 2667 tribu
773 2626 889 2677 regis
909 2627 992 2667 Da-

201 2678 289 2708 Λ-
314 2681 389 2723 vid
407 2687 559 2723 sancta
575 2682 729 2732 Virgo:
750 2687 913 2731 sancta,
932 2683 992 2723 in-

168 2751 314 2790 quam,
341 2743 384 2779 et
409 2740 660 2780 sanctorum
678 2738 871 2781 virorum
892 2739 992 2789 filia,

1045 1039 1167 1090 cujus
1190 1041 1396 1091 parentes
1418 1039 1594 1079 fuerunt
1613 1039 1637 1078 J
1641 1038 1813 1079 oachim
1834 1043 1877 1079 et

1045 1095 1187 1136 Anna:
1213 1095 1287 1146 qui
1308 1094 1485 1147 quidem
1506 1095 1549 1135 in
1569 1095 1659 1136 vita
1680 1107 1758 1135 sua
1778 1095 1876 1135 Deo

1045 1151 1322 1203 placuerunt,
1356 1156 1490 1204 atque
1524 1151 1655 1192 etiam
1688 1152 1876 1192 fructum

1045 1208 1260 1259 ejusmodi
1284 1208 1654 1259 germinaverunt,
1682 1212 1878 1249 sanctam

1044 1265 1273 1316 Virginem
1290 1266 1485 1315 Mariam,
1505 1265 1719 1318 templum
1739 1264 1878 1313 simul,

1045 1326 1089 1363 et
1121 1327 1307 1364 matrem
1338 1323 1432 1364 Dei.
1496 1323 1697 1364 Joachim
1729 1334 1878 1374 porro,

1046 1379 1173 1434 Anna
1207 1384 1251 1420 et
1283 1379 1435 1430 Maria,
1472 1379 1517 1420 hi
1549 1384 1639 1420 tres
1672 1378 1879 1419 Trinitati

1044 1436 1191 1488 palam
1234 1436 1498 1477 sacrificium
1539 1435 1681 1476 laudis
1725 1434 1878 1476 offere-

1045 1492 1163 1534 bant.
1197 1493 1222 1533 J
1226 1492 1398 1534 oachim
1423 1493 1539 1534 enim
1562 1493 1879 1545 interpretatur

1045 1549 1321 1602 Praeparatio
1354 1549 1548 1599 Domini,
1583 1562 1635 1591 eo
1670 1548 1790 1601 quod
1825 1560 1879 1589 ex

1045 1605 1121 1647 illo
1147 1607 1450 1658 praeparatum
1476 1607 1532 1648 sit
1557 1606 1773 1658 templum
1791 1605 1877 1646 Do-

1045 1662 1166 1711 mini,
1194 1675 1354 1715 nempe
1383 1663 1534 1714 Virgo.
1571 1663 1699 1703 Anna
1727 1674 1879 1702 rursus

1046 1719 1245 1760 similiter
1266 1719 1420 1761 Gratia
1437 1720 1761 1772 interpretatur,
1781 1731 1879 1771 pro-

1045 1778 1198 1828 pterea
1219 1775 1339 1828 quod
1357 1776 1380 1817 J
1384 1776 1556 1817 oachim
1577 1781 1621 1818 et
1636 1777 1764 1817 Anna
1783 1778 1877 1827 gra-

1045 1833 1150 1874 tiam
1177 1835 1459 1885 acceperunt,
1490 1838 1538 1874 ut
1564 1832 1878 1875 accedentibus

1045 1889 1269 1942 precibus,
1296 1890 1431 1931 talem
1453 1890 1644 1932 fructum
1663 1890 1877 1941 germina-

1046 1951 1160 1995 rent,
1205 1951 1402 1988 sanctam
1443 1947 1672 1998 Virginem
1714 1946 1879 1998 adepti:

1045 2003 1246 2044 Joachim
1285 2003 1504 2055 siquidem
1535 2003 1803 2055 precabatur
1835 2003 1879 2043 in

1045 2064 1207 2110 monte,
1231 2065 1274 2102 et
1293 2060 1423 2101 Anna
1441 2060 1485 2100 in
1505 2059 1636 2101 horto
1657 2073 1748 2101 suo.

1098 2117 1148 2167 R.
1181 2117 1430 2158 Honestum
1454 2116 1557 2158 fecit
1582 2116 1704 2158 illum
1729 2117 1878 2158 Domi-

1046 2186 1143 2222 nus,
1168 2178 1212 2214 et
1231 2172 1469 2215 custodivit
1488 2186 1588 2214 eum
1607 2173 1664 2215 ab
1682 2173 1879 2222 inimicis,

1048 2234 1092 2270 et
1119 2242 1145 2270 a
1173 2229 1479 2271 seductoribus
1507 2230 1668 2272 tutavit
1694 2230 1832 2271 illum:
1854 2233 1877 2257 *

1047 2285 1105 2327 Et
1136 2285 1259 2327 dedit
1290 2286 1353 2327 illi
1385 2286 1630 2328 claritatem
1659 2288 1879 2328 aeternam.

1046 2335 1095 2386 V·
1130 2342 1304 2384 Justum
1335 2342 1519 2385 deduxit
1549 2343 1767 2385 Dominus
1799 2356 1879 2396 per

1046 2398 1141 2439 vias
1161 2406 1320 2449 rectas,
1343 2405 1386 2441 et
1402 2400 1596 2442 ostendit
1615 2400 1677 2441 illi
1696 2413 1877 2452 regnum

1046 2455 1140 2496 Dei.
1167 2455 1224 2497 Et
1244 2455 1375 2498 dedit.

1049 2514 1202 2557 Sermo
1231 2517 1371 2558 sancti
1395 2517 1420 2558 J
1423 2517 1576 2559 oannis
1604 2516 1879 2558 Damasceni-

1068 2574 1172 2609 Orat.
1182 2574 1211 2608 1.
1220 2574 1376 2618 deVirg.
1384 2574 1518 2609 Mariae
1526 2574 1613 2609 Nat.
1622 2574 1724 2609 circa
1732 2575 1852 2618 princ.

1355 2627 1507 2668 Lectio
1528 2641 1565 2667 v.

1133 2685 1310 2726 uoniam
1342 2685 1538 2727 futurum
1572 2690 1683 2734 erat,
1715 2689 1764 2725 ut
1795 2684 1879 2725 Dei

1151 2741 1350 2783 Genitrix
1393 2747 1438 2783 et
1472 2742 1612 2792 Virgo
1655 2753 1710 2783 ex
1751 2741 1879 2782 Anna
