2040 2976
215 202 312 246 [250]

215 298 347 340 divini
383 298 576 339 Pastoris
617 297 768 338 Matris
808 297 1032 339 consecuti

214 360 323 403 sunt,
342 359 389 396 ut
406 353 558 395 fideles
579 366 728 395 omnes
747 358 791 395 te
806 352 1033 395 custodem

213 411 473 461 vigilantem,
491 423 541 451 ac
557 410 752 452 coelestia
766 409 928 462 pabula
942 423 1033 462 sup-

213 467 482 520 peditantem
508 469 793 517 cognoscant,
818 468 1032 514 invocent,

214 529 256 565 et
274 526 565 565 revereantur.

262 590 310 639 R.
341 583 429 625 Sub
449 584 602 625 umbra
620 583 748 634 illius,
775 596 903 635 quem
923 583 1031 624 desi-

213 641 467 682 deraveram
493 640 601 681 sedi:
620 646 643 668 *
672 641 727 681 Et
752 640 915 682 fructus
942 641 1030 688 eius

214 697 352 738 dulcis
367 697 530 747 gutturi
544 710 654 738 meo.
669 693 718 744 V.
734 697 847 747 Quid
863 696 1031 738 videbis

214 754 256 794 in
288 754 524 802 Sunamste,
563 754 645 794 nisi
677 753 837 794 choros
869 755 1030 795 castro-

214 809 331 852 rum?
359 810 425 851 Et.
462 810 613 851 Gloria
631 810 760 851 Patri.
787 810 852 852 Et.

423 892 471 930 In
498 892 568 930 111.
597 892 816 931 Nocturno.

264 961 360 1000 Ant.
404 960 542 999 Favus
567 957 780 999 distillans
803 957 919 998 labia
943 962 1032 1006 tua3

214 1014 310 1063 mel,
335 1019 377 1056 et
396 1014 463 1055 lac
482 1013 562 1054 sub
582 1014 726 1065 lingua
744 1019 828 1054 tua.

265 1078 362 1116 Ant.
400 1074 636 1126 Egredere,
664 1080 708 1115 et
735 1074 806 1115 abi
834 1080 936 1127 post
963 1087 1032 1116 ve·

214 1132 340 1182 stigia
379 1144 578 1182 gregum,
620 1135 663 1172 et
702 1143 834 1183 pasce
874 1131 1033 1172 hoedos

212 1193 323 1229 tuos.

264 1248 299 1286 A
306 1252 360 1286 nt.
381 1243 552 1295 Rigabo
569 1243 743 1285 hortum
757 1257 900 1285 meum
913 1245 1031 1297 plan-

213 1301 442 1350 tationum,
475 1306 518 1342 et
549 1299 776 1342 inebriabo
806 1302 921 1353 prati
947 1302 1033 1343 mei

213 1357 413 1398 fructum.

264 1416 314 1466 V.
339 1417 482 1468 Elegit
506 1430 601 1458 eam
621 1418 759 1467 Deus,
788 1423 831 1459 et
854 1418 1032 1471 praeele-

213 1474 274 1524 git
293 1486 399 1514 eam.
427 1478 475 1528 Rv.
495 1474 545 1514 In
562 1473 842 1516 tabernaculo
862 1487 942 1516 suo
961 1474 1032 1516 ha-

213 1529 353 1570 bitare
372 1529 474 1570 facit
493 1542 599 1571 eam.

213 1609 365 1650 Lectio
390 1609 527 1650 sancti
549 1608 772 1659 Evangelii
795 1609 1035 1651 secundum

514 1666 537 1706 J
541 1668 734 1706 oannem.

316 1738 464 1778 Lectio
486 1739 551 1778 vii.
707 1739 807 1790 Cap.
823 1739 881 1778 19.
898 1752 931 1779 e.

214 1792 289 1898 In
307 1795 381 1838 illo
400 1798 612 1848 tempore:
634 1796 786 1862 Stabat
804 1798 920 1849 juxta
942 1810 1034 1839 cru-

279 1866 373 1894 cem
400 1853 503 1894 Jesu
530 1858 669 1894 mater
698 1866 806 1904 ejus,
840 1859 882 1896 et
909 1867 1034 1896 soror

215 1909 364 1951 matris
383 1909 472 1960 ejus
491 1909 627 1950 Maria
646 1909 864 1963 Cleophae,
886 1915 929 1952 et
947 1911 1034 1952 Ma-

215 1968 278 2006 ria
296 1965 563 2016 Magdalene.
591 1966 647 2008 Et
665 1966 842 2018 reliqua.

284 2043 468 2084 Homilia
486 2043 603 2084 beati
621 2043 740 2085 Petri
758 2044 969 2085 Damiani.

258 2104 316 2138 Ex
332 2104 446 2138 Scrm.
467 2107 493 2140 1.
510 2106 548 2139 in
565 2106 650 2140 Nat.
668 2107 708 2140 B.
726 2106 772 2140 M.
790 2106 833 2140 V.
851 2107 890 2140 in
906 2107 989 2140 fine.

229 2187 248 2215 ,x
262 2167 317 2211 βε
335 2168 358 2210 3:
370 2155 463 2204 irgo
478 2155 559 2196 Dei
577 2155 784 2207 Genitrix‚
805 2157 924 2208 cujus
943 2157 1034 2209 pul-

388 2210 677 2254 chritudinem
692 2212 768 2262 sol,
787 2218 831 2254 et
845 2213 945 2254 luna
959 2213 1034 2254 mi-

233 2265 242 2289 2
264 2268 290 2289 ’ἒ
305 2260 324 2280 '³
390 2270 548 2317 rantur,
565 2268 746 2310 subveni
759 2269 946 2310 Domina
960 2269 1037 2311 cla-

216 2322 434 2365 mantibus
459 2322 515 2364 ad
540 2329 583 2365 te
609 2326 777 2376 jugiter:
806 2328 1035 2375 revertere,

217 2381 447 2429 revertere,
461 2379 704 2430 Sunamitis‚
723 2383 952 2432 revertere,
971 2395 1034 2424 re-

217 2438 397 2486 vertere,
417 2440 464 2477 ut
482 2436 723 2478 intueamur
742 2443 796 2479 te.
824 2438 892 2479 Tu
908 2438 1035 2480 bene-

217 2491 344 2541 dicta,
363 2497 406 2533 et
425 2492 795 2544 superbenedicta,
819 2496 1036 2536 revertere

218 2549 359 2601 primo
378 2561 457 2601 per
470 2551 680 2590 naturam.
698 2549 922 2601 Numquid
937 2551 1037 2602 quia

218 2605 277 2646 ita
297 2605 514 2654 deificata,
539 2604 639 2646 ideo
663 2611 824 2646 nostrae
844 2605 1035 2648 humani-

218 2662 319 2703 tatis
339 2661 473 2703 oblita
493 2661 561 2702 es?
582 2660 870 2713 Nequaquam
888 2662 1035 2703 Domi-

218 2731 286 2759 na:
305 2718 390 2760 scis
408 2718 451 2758 in
471 2730 558 2770 quo
579 2717 824 2759 discrimine
842 2731 923 2759 nos
943 2719 1036 2760 reli·

524 207 673 240 Domin.
698 207 724 240 Ι.
749 206 848 247 Maii.
894 206 934 239 B.
959 206 1005 239 M.
1030 206 1072 238 V.
1099 204 1219 238 divini
1244 203 1415 237 Pastoris
1440 202 1583 236 Matris.

1086 296 1241 348 queris,
1260 296 1334 337 ubi
1349 297 1527 348 jaceant,
1548 302 1756 349 quantum
1771 297 1903 339 delin-

1086 358 1218 404 quant
1238 352 1352 393 servi
1370 353 1446 394 tui:
1465 365 1552 394 non
1571 353 1684 394 enim
1703 354 1904 396 convenit

1084 413 1216 450 tantae
1235 408 1564 459 misericordiae,
1589 414 1756 451 tantam
1781 410 1904 451 mise-

1084 464 1192 504 riam
1217 463 1430 514 oblivisci,
1459 465 1559 517 quia
1585 465 1666 507 etsi
1691 464 1906 508 subtrahit

1083 519 1239 570 gloria,
1274 521 1453 561 revocat
1471 524 1641 562 natura:
1681 533 1768 563 non
1793 521 1906 563 enim

1084 577 1144 618 ita
1171 577 1426 625 memoraris
1453 577 1626 628 justitiae
1649 577 1732 619 Dei
1759 578 1905 628 solius,

1085 637 1132 674 ut
1156 633 1500 675 misericerdiam
1523 646 1610 675 non
1629 634 1810 684 habeas,
1835 647 1905 676 ne-

1087 703 1170 742 que
1190 690 1249 731 ita
1273 703 1319 731 es
1343 690 1641 743 impassibilis,
1664 697 1712 734 ut
1734 705 1822 734 non
1846 693 1905 734 sis

1086 746 1418 799 compassibilis,
1471 747 1682 789 Naturam
1712 756 1906 790 nostram

1085 802 1232 851 habes,
1252 816 1338 844 non
1358 803 1496 853 aliam,
1521 810 1564 845 et
1582 805 1740 856 justum
1760 810 1836 856 est,
1858 811 1907 847 ut

1087 858 1141 900 de
1164 872 1263 900 rore
1288 865 1420 901 tantae
1439 860 1614 913 pietatis
1633 861 1830 903 diffusius
1847 862 1906 903 in-

1085 915 1327 957 fundemur.

1124 977 1186 1029 R.
1222 972 1419 1014 Dilectus
1445 986 1569 1015 meus
1596 973 1718 1023 mihi,
1754 979 1796 1016 et
1826 987 1907 1026 ego

1085 1028 1164 1078 illi,
1194 1029 1266 1080 qui
1291 1030 1486 1081 pascitur
1512 1030 1623 1071 inter
1646 1030 1751 1072 lssia:
1772 1033 1794 1056 *
1820 1031 1907 1073 Do-

1085 1097 1167 1126 nec
1186 1087 1350 1137 aspiret
1364 1085 1469 1135 dies,
1489 1092 1532 1128 et
1547 1087 1804 1129 inclinentur
1818 1101 1907 1129 um-

1086 1141 1189 1182 brae.
1228 1140 1278 1191 V.
1310 1142 1406 1192 Ego
1439 1142 1599 1184 dilecto
1631 1156 1745 1193 meo,
1777 1149 1820 1186 et
1850 1142 1908 1186 ad

1086 1210 1155 1239 me
1175 1198 1403 1240 conversio
1424 1199 1525 1251 ejus.
1551 1199 1716 1241 Donec.

1372 1261 1522 1302 Lectio
1542 1261 1624 1301 viii.

1172 1307 1367 1348 evertere
1408 1306 1602 1356 secundo
1641 1320 1722 1360 per
1756 1309 1906 1360 poten-

1189 1362 1305 1404 tiam.
1346 1363 1469 1405 Fecit
1499 1363 1543 1404 in
1574 1367 1618 1405 te
1649 1376 1806 1415 magna
1835 1364 1909 1417 qui

1086 1423 1243 1472 potens
1269 1425 1350 1470 est,
1378 1424 1421 1461 et
1447 1418 1550 1461 data
1574 1425 1640 1462 est
1663 1420 1743 1462 tibi
1769 1421 1907 1462 omnis

1086 1478 1284 1529 potestas
1310 1476 1353 1517 in
1373 1476 1505 1526 coelo,
1534 1481 1578 1518 et
1601 1476 1646 1517 in
1669 1481 1798 1518 terra.
1834 1477 1908 1518 Nil

1087 1532 1167 1574 tibi
1191 1532 1478 1586 impossibile,
1510 1533 1579 1575 cui
1603 1533 1813 1586 possibile
1841 1538 1908 1576 est

1087 1588 1345 1641 desperatos
1381 1589 1424 1629 in
1466 1602 1591 1642 spem
1627 1589 1908 1632 beatitudinis

1087 1644 1291 1686 relevare.
1319 1645 1550 1695 Quomodo
1570 1645 1683 1687 enim
1699 1645 1773 1687 illa
1787 1647 1907 1699 pote·

1087 1706 1176 1743 stas
1195 1706 1284 1743 tuae
1301 1701 1511 1754 potentiae
1534 1702 1698 1755 poterit
1717 1701 1908 1753 obviare,

1088 1770 1185 1810 quae
1213 1757 1268 1799 de
1297 1770 1424 1799 carne
1450 1763 1525 1799 tua
1551 1758 1691 1800 carnis
1716 1759 1908 1812 suscepit

1087 1814 1320 1865 originem?
1364 1815 1553 1856 Accedis
1586 1815 1699 1856 enim
1730 1820 1830 1857 ante
1861 1815 1907 1856 il-

1086 1871 1175 1912 lum
1211 1874 1389 1913 aureum
1423 1870 1624 1913 humanae
1658 1872 1908 1914 reconcilia-

1086 1928 1216 1969 tionis
1257 1928 1394 1969 altare
1430 1941 1518 1970 non
1552 1928 1694 1970 solum
1728 1941 1907 1980 rogans,

1088 1984 1167 2026 sed
1181 1987 1411 2037 imperans,
1425 1985 1624 2035 Domina,
1639 1997 1728 2026 non
1743 1985 1908 2026 ancilla.

1087 2041 1262 2083 Moveat
1297 2047 1341 2083 te
1378 2045 1548 2092 natura,
1586 2041 1784 2095 potentia
1807 2043 1907 2083 mo-

1087 2102 1201 2148 veat;
1228 2098 1327 2149 quia
1347 2103 1510 2150 quanto
1528 2098 1767 2151 potentior,
1785 2103 1907 2140 tanto

1087 2153 1409 2196 misericordior
1446 2167 1542 2196 esse
1579 2153 1726 2196 debes
1781 2155 1906 2196 Pote-

1089 2211 1190 2252 stati
1218 2211 1330 2252 enim
1355 2210 1470 2252 cedit
1495 2210 1551 2253 ad
1574 2211 1773 2261 gloriam,
1804 2211 1906 2263 inju-

1088 2268 1174 2309 rias
1192 2267 1343 2308 ulcisci
1361 2263 1492 2317 nolle,
1516 2280 1614 2309 cum
1638 2267 1788 2320 possit.
1825 2267 1907 2309 Re-

1089 2326 1257 2365 vertere
1286 2323 1415 2365 tertio
1447 2337 1526 2376 per
1557 2326 1760 2365 amorem.
1808 2323 1907 2365 Scio

1088 2380 1291 2429 Domina,
1321 2379 1421 2432 quia
1447 2379 1756 2430 benignissima
1775 2392 1836 2429 es,
1865 2385 1908 2422 et

1089 2449 1208 2478 amas
1236 2449 1316 2477 nos
1343 2438 1491 2478 amore
1516 2436 1766 2486 invincibili,
1798 2448 1908 2488 quos

1089 2493 1133 2534 in
1151 2499 1206 2543 te,
1225 2499 1270 2535 et
1287 2506 1367 2545 per
1385 2498 1428 2534 te
1443 2493 1578 2534 Filius
1597 2498 1708 2543 tum,
1730 2499 1774 2534 et
1789 2493 1908 2534 Deus

1088 2555 1190 2591 tuus
1243 2563 1410 2591 summa
1465 2549 1698 2591 dilectione
1746 2548 1907 2595 dilexit.

1090 2607 1195 2657 Quis
1228 2607 1308 2648 scit
1340 2607 1511 2658 quoties
1542 2606 1770 2657 refrigeres
1799 2605 1907 2646 iram

1089 2662 1258 2714 judicis,
1284 2676 1382 2704 cum
1407 2663 1581 2715 justitiae
1599 2662 1735 2704 virtus
1755 2675 1780 2703 a
1797 2674 1906 2714 prae-

1090 2720 1227 2761 sentia
1246 2719 1421 2761 deitatis
1441 2718 1671 2770 egreditur.
