2040 2976
527 194 597 227 Die
627 194 672 227 12.
699 194 815 227 Junii.
863 193 898 227 S.
923 194 1087 227 Joannis
1113 204 1134 227 a
1159 193 1194 227 S.
1221 193 1404 227 Facundo
1430 192 1538 227 Conf.

183 284 407 334 signorum
435 284 688 333 armaverit,
723 290 857 336 atque
885 284 940 326 ab
971 287 1013 326 o—

183 340 355 381 mnibus
382 340 568 391 negotiis
596 340 883 382 saecularibus
915 341 1013 383 alie-

183 398 330 445 natos,
377 402 420 437 et
456 396 512 438 ab
550 397 668 437 omni
705 397 1013 448 temporalium

182 465 327 493 rerum
347 465 450 494 cura
469 452 696 502 liberatos,
720 453 886 494 ferreos
908 466 1012 505 quo-

183 508 422 550 dammodo
456 514 590 561 atque
621 508 927 550 adamantinos
957 510 1013 551 fe-

183 565 310 614 eerit,
343 570 436 606 tum
469 564 658 617 denique
691 569 904 607 eventura
930 565 1014 606 illis

183 621 369 662 adversa
394 620 608 673 praedicit.
651 621 789 663 Multa
817 622 933 662 enim
960 635 1014 663 ex

182 676 264 718 hac
287 676 576 729 praedictione
599 677 845 718 futurarum
868 690 1014 719 rerum

182 732 416 775 commoda
461 733 854 785 consequebantur.
924 734 1013 775 Pri·

182 803 315 839 mum,
360 795 408 831 ut
454 790 544 841 ejus
589 790 880 842 praescientiae
925 791 1014 831 vim

183 845 440 887 ediscerent.
468 845 651 895 Deinde,
670 850 718 886 ut
737 858 866 887 nemo
884 847 1015 899 suspi-

182 904 356 943 caretur
376 915 430 943 ex
445 902 641 953 magistri
655 901 910 944 infirmitate
924 907 1015 944 tam

181 958 333 1009 gravia
346 958 461 999 mala
476 957 757 1000 descendere.
782 958 1015 1008 Praeterea,

182 1026 237 1055 ne
258 1014 333 1065 qui
353 1027 406 1056 ea
423 1014 597 1066 passuri
621 1018 763 1063 erant,
791 1013 939 1056 subito
963 1027 1015 1056 ac

182 1069 409 1122 inopinato
436 1083 582 1111 rerum
605 1071 765 1112 eventu
787 1070 1013 1122 perturba-

182 1127 341 1167 rentur.
378 1126 596 1178 Denique,
616 1138 685 1174 ne,
710 1138 811 1166 cum
828 1126 913 1167 ista
933 1126 1015 1168 sub

181 1182 326 1234 ipsum
345 1181 565 1234 passionis
590 1194 682 1222 suae
700 1186 875 1233 tempus
895 1181 1013 1224 audi·

182 1243 289 1287 rent,
309 1238 491 1279 nimium
510 1239 902 1279 commoverentur.

232 1300 282 1350 R.
300 1294 380 1335 Isti
394 1299 494 1335 sunt
512 1294 586 1346 qui
601 1294 798 1336 viventes
814 1294 858 1334 in
874 1306 1015 1344 carne,

181 1350 491 1402 plantaverunt
523 1349 768 1391 Ecclesiam
805 1350 1015 1401 sanguine

183 1419 277 1448 suo:
304 1415 325 1437 *
360 1406 552 1448 Calicem
583 1407 762 1447 Domini
798 1406 1014 1457 biberunt,

183 1468 227 1504 et
256 1463 385 1504 amici
412 1463 495 1504 Dei
524 1463 627 1504 facti
653 1469 765 1505 sunt.
809 1461 857 1512 V.
892 1464 943 1504 In
971 1476 1014 1506 o-

182 1532 329 1561 mnem
352 1525 515 1562 terram
539 1519 673 1561 exivit
698 1532 832 1561 sonus
853 1522 1015 1570 eorum,

183 1580 227 1617 et
241 1576 284 1616 in
300 1576 410 1617 fines
426 1575 546 1617 orbis
560 1581 691 1617 terrae
705 1576 842 1618 verba
853 1578 1015 1618 eorum.

185 1632 389 1674 Calicem.

466 1692 621 1732 Lectio
643 1691 727 1731 viii.

257 1760 328 1788 am
355 1759 480 1796 vero,
506 1751 554 1788 ut
580 1745 825 1797 intelligant
852 1758 1015 1787 novum

273 1803 358 1844 hoc
381 1815 478 1844 esse
501 1803 605 1844 belli
624 1815 779 1853 genus,
809 1807 852 1844 et
870 1802 1014 1844 insoli-

182 1865 276 1901 tum
303 1859 536 1912 praeliandi
564 1872 751 1908 morem,
785 1872 885 1900 cum
915 1858 1015 1900 illos

183 1915 326 1957 nudos
352 1918 560 1965 mitteret,
588 1928 674 1957 una
701 1915 881 1956 indutos
905 1915 1014 1956 tuni-

183 1984 251 2021 ca,
281 1972 373 2013 sine
401 1972 577 2021 calceiS,
604 1971 772 2023 absque
800 1971 943 2022 virga,
972 1977 1015 2013 et

183 2027 352 2079 absque
379 2040 491 2068 zona
520 2032 563 2069 et
591 2039 714 2080 pera,
746 2032 790 2068 et
817 2027 872 2068 ab
902 2028 1015 2069 exci-

183 2083 405 2135 pientibus
425 2084 481 2124 ali
500 2083 683 2135 juberet:
710 2095 797 2124 non
822 2083 925 2124 fecit
944 2083 1015 2125 hic

183 2138 359 2180 dicendi
379 2139 528 2189 finem,
557 2139 636 2181 sed
660 2139 1015 2192 inexplicabilem

182 2195 389 2237 virtutem
426 2208 550 2236 suam
585 2196 829 2248 preferens,
871 2196 1015 2237 Etiam

184 2251 247 2292 sic
267 2254 436 2300 euntes,
456 2252 612 2303 inquit,
635 2251 1015 2293 mansuetudinem

183 2312 330 2349 tamen
360 2308 507 2348 ovium
537 2306 775 2357 ostendite,
815 2308 1015 2359 quamvis

183 2362 241 2405 ad
263 2363 394 2416 lupos
418 2363 537 2414 ituri,
568 2376 649 2405 nec
674 2363 931 2416 simpliciter
958 2364 1015 2406 ad

183 2420 324 2471 lupos,
339 2417 419 2462 sed
435 2419 566 2460 etiam
581 2419 626 2460 in
639 2419 786 2461 medio
796 2419 1015 2472 luporum:

184 2476 342 2527 (neque
375 2487 480 2516 vero
516 2475 663 2516 ovium
695 2480 864 2516 tantum
897 2489 1014 2516 man-

185 2530 461 2572 suetudinem
471 2530 635 2572 habere
645 2530 775 2582 jubet,
790 2530 869 2572 sed
885 2531 1014 2572 etiam

185 2586 402 2628 columbae
429 2587 784 2639 simplicitatemz)
815 2587 877 2628 sic
901 2587 1015 2628 enim

183 2642 390 2684 virtutem
409 2655 551 2684 meam
569 2642 759 2683 maxime
775 2642 1014 2693 ostendam,

185 2711 284 2740 cum
308 2698 363 2740 ab
388 2698 544 2740 ovi'bus
564 2698 657 2751 lupi
677 2697 1015 2750 superabuntur:

1069 290 1114 327 et
1142 286 1343 337 quamvis
1368 286 1455 327 illae
1485 286 1571 328 sint
1597 286 1641 327 in
1665 286 1812 328 medio
1838 287 1899 328 lu-

1068 343 1241 393 porum,
1267 347 1311 384 et
1336 342 1575 383 innumeris
1599 342 1818 384 morsibus
1841 342 1899 383 la·

1069 399 1288 447 cerentur,
1315 411 1404 440 non
1427 397 1562 440 modo
1585 410 1674 440 non
1698 402 1899 440 consum—

1068 459 1159 506 ptae
1182 454 1360 504 fuerint,
1395 466 1546 496 verum
1570 454 1702 496 etiam
1727 454 1828 496 illos
1855 455 1898 495 in

1069 510 1135 551 sui
1154 514 1355 552 naturam
1373 511 1770 552 transmutaverint.

1118 572 1167 622 R.
1194 567 1273 608 Isti
1293 572 1393 609 sunt
1411 567 1494 608 viri
1513 566 1664 616 sancti,
1684 579 1796 619 quos
1815 566 1898 608 ele-

1067 623 1131 673 git
1151 623 1367 663 Dominus
1394 623 1438 663 in
1467 623 1650 664 caritate
1672 635 1762 664 non
1785 623 1899 674 ficta,

1069 683 1113 720 et
1128 678 1251 720 dedit
1266 679 1350 720 illis
1368 679 1553 730 gloriam
1572 678 1899 730 sempiternam:

1064 739 1087 763 *
1112 736 1307 785 Quorum
1323 735 1525 777 doctrina
1539 734 1676 785 fulget
1691 735 1900 783 Ecclesia,

1069 796 1117 833 ut
1142 792 1236 833 sole
1261 791 1373 832 luna.
1406 787 1454 839 V.
1485 791 1634 832 Sancti
1658 804 1739 844 per
1766 790 1897 832 fidem

1069 849 1268 890 vicerunt
1292 860 1438 899 regna,
1465 847 1638 899 operati
1663 852 1764 889 sunt
1781 848 1898 899 justi-

1068 905 1186 946 tiam.
1215 905 1423 955 Quorum.
1452 902 1608 945 Gloria
1623 903 1754 946 Patri.
1785 903 1899 954 Quo-

1068 973 1176 1002 rum.

1368 1018 1520 1058 Lectio
1542 1018 1596 1057 ix.

1065 1068 1265 1174 Majus
1296 1077 1415 1114 certe
1441 1077 1573 1125 atque
1599 1071 1900 1115 admirabilius

1197 1133 1281 1177 est,
1319 1133 1512 1171 mentem
1547 1128 1900 1170 adversariorum

1069 1186 1354 1234 commutare,
1387 1189 1431 1226 et
1465 1184 1656 1225 animum
1686 1184 1731 1224 in
1760 1183 1898 1225 diver-

1070 1253 1167 1280 sum
1195 1240 1450 1290 transferre,
1492 1253 1624 1292 quam
1655 1240 1756 1281 illos
1788 1242 1900 1282 occi·

1070 1295 1191 1337 dere:
1236 1296 1486 1348 praesertim
1530 1308 1631 1337 cum
1666 1295 1901 1338 duodecim

1068 1357 1238 1394 tantum
1258 1357 1421 1402 essent,
1448 1357 1491 1394 et
1515 1352 1632 1405 lupis
1656 1351 1812 1404 plenus
1837 1364 1900 1393 es-

1070 1414 1137 1450 set
1161 1408 1281 1451 orbis
1300 1409 1541 1450 universus.
1574 1407 1901 1450 Erubescamus

1069 1466 1217 1517 igitur,
1244 1466 1319 1518 qui
1336 1465 1468 1517 longe
1487 1464 1662 1507 diversa
1680 1465 1901 1534 facientes,

1068 1527 1294 1574 tamquam
1320 1522 1414 1574 lupi
1441 1522 1485 1562 in
1513 1520 1792 1563 adversarios
1817 1521 1900 1562 rui-

1068 1591 1176 1619 mus.
1198 1579 1313 1620 Nam
1333 1577 1544 1630 quamdiu
1559 1590 1666 1619 oves
1681 1577 1900 1646 fuerimus,

1068 1635 1297 1677 vincimus:
1336 1634 1468 1676 etiam
1500 1634 1537 1675 si
1568 1633 1688 1675 mille
1719 1633 1900 1675 circum-

1068 1695 1185 1732 stent
1203 1691 1311 1744 lupi,
1339 1692 1617 1743 superamus,
1644 1694 1688 1732 et
1708 1689 1901 1732 victores

1069 1759 1233 1788 sumus:
1259 1746 1379 1799 quod
1397 1747 1435 1787 si
1453 1746 1545 1799 lupi
1564 1746 1790 1796 fuerimuS,
1810 1747 1900 1787 vin-

1069 1803 1216 1845 cimur.
1243 1803 1369 1844 Tunc
1389 1803 1504 1844 enim
1523 1815 1548 1843 a
1566 1802 1695 1844 nobis
1709 1802 1902 1854 pastoris

1069 1859 1278 1901 auxilium
1307 1858 1493 1907 recedit,
1531 1859 1606 1911 qui
1638 1871 1727 1900 non
1757 1858 1901 1911 lupos,

1068 1915 1148 1957 sed
1167 1928 1275 1957 oves
1294 1915 1446 1968 pascit.

1120 1979 1185 2019 Te
1204 1976 1349 2017 Deum
1366 1974 1607 2018 laudamus.
1627 1975 1684 2015 13.

1121 2046 1165 2081 In
1189 2046 1236 2080 II.
1261 2046 1379 2089 Vesp.
1409 2054 1606 2079 commem.
1636 2054 1742 2088 sequ.
1772 2054 1818 2079 ac
1841 2043 1899 2079 Ss.

1068 2094 1256 2129 Basilidis
1282 2098 1319 2128 et
1337 2093 1427 2128 Soc.
1452 2092 1560 2127 Mart.

1331 2187 1415 2228 Die
1435 2188 1492 2228 12.
1511 2188 1533 2228 J
1537 2186 1637 2228 unii.

1081 2255 1125 2296 S.
1151 2253 1181 2295 J
1183 2252 1364 2295 oannis
1387 2261 1418 2292 a
1441 2252 1484 2292 S.
1507 2250 1743 2292 Facundo
1766 2249 1888 2290 Conf.

1399 2312 1565 2356 Duplex.

1122 2373 1261 2408 Omnia
1291 2373 1339 2408 de
1369 2373 1514 2408 Comm.
1544 2373 1654 2408 Conf.
1682 2383 1762 2409 non
1790 2373 1899 2409 Pont.

1069 2424 1138 2468 [67]
1163 2425 1306 2465 praeter
1330 2431 1436 2465 sequ.

1124 2474 1220 2514 Ant.
1248 2472 1460 2514 Similabo
1475 2485 1576 2514 eum
1591 2472 1686 2514 viro
1702 2470 1900 2523 sapienti,

1069 2532 1144 2584 qui
1167 2530 1404 2572 aedificavit
1423 2527 1603 2570 domum
1623 2540 1747 2569 suam
1767 2539 1899 2578 supra

1068 2593 1250 2640 petram.

1121 2637 1171 2689 Ys-
1199 2642 1377 2684 Amavit
1402 2654 1502 2683 eum
1524 2640 1634 2688 Dns,
1659 2644 1704 2680 et
1727 2638 1900 2680 ornavit

1069 2712 1179 2740 eum.
1204 2698 1255 2749 R.
1276 2698 1443 2740 Stolam
1457 2696 1609 2747 gloriae
1628 2694 1770 2736 induit
1788 2707 1899 2736 eum.
