2040 2976
180 301 314 348 ditur,
347 301 545 350 saxoque
579 310 630 339 os
660 296 876 339 tunditur:
910 310 1015 339 mox

180 356 333 398 ferreis
365 355 550 397 vinculis
585 356 849 396 constrictus
882 354 1014 396 inelu-

180 412 299 454 ditur
318 413 363 453 in
382 414 571 454 carcere.
601 412 768 461 Quarto
790 410 860 452 die
875 411 1013 463 impo-

180 470 290 511 situs
323 469 366 510 in
398 481 573 518 navem,
606 468 794 509 mittitur
827 468 871 508 in
903 469 1013 508 exsi-

178 526 298 566 lium:
331 538 383 567 ac
416 525 532 567 facto
565 524 795 575 naufragio
822 525 943 566 venit
970 524 1014 564 in

177 583 382 635 Mysiam,
414 581 518 624 inde
550 581 607 622 ad
638 581 780 633 ripam
811 580 1014 631 Danubii,

178 641 337 692 postea
363 640 407 680 in
435 638 681 680 Thraciam.

236 705 281 754 Ν.
313 698 593 742 Desiderium
628 701 784 741 animae
818 700 909 751 ejus
940 699 1013 740 tri-

178 757 313 799 buisti
342 757 381 798 ei
409 757 614 806 Domine,
648 762 668 782 *
703 757 760 798 Et
787 756 1014 797 voluntate

178 813 395 855 labiorum
423 814 514 865 ejus
541 825 629 854 non
662 811 875 854 fraudasti
903 824 1013 853 eum.

184 867 228 917 δ”.
249 871 468 920 Quoniam
486 869 741 922 praevenisti
758 869 920 910 eumin
939 869 1011 910 be-

178 926 501 969 nedictionibus
531 925 793 967 dulcedinis:
824 925 1014 978 posuisti

177 985 221 1025 in
250 984 394 1037 capite
423 985 515 1035 ejus
543 985 753 1025 coronam
781 981 836 1023 de
863 981 1012 1034 lapide

177 1041 388 1094 pretioso.
416 1041 484 1082 Et.

486 1104 635 1144 Lectio
659 1105 708 1143 viz

253 1176 327 1203 um
352 1167 499 1204 autem
525 1162 568 1203 in
593 1161 818 1214 Serapidis
845 1161 1012 1213 templo

284 1218 460 1260 daemon
491 1231 538 1260 se
565 1220 780 1270 responsa
809 1217 1014 1259 daturum

178 1277 378 1326 negaret,
413 1275 518 1317 dum
550 1274 716 1316 ibidem
744 1275 864 1316 Petri
893 1275 1012 1327 Apo-

178 1332 281 1374 stoli
293 1331 535 1384 discipulus
550 1333 807 1381 moraretur,
823 1331 898 1373 diu
913 1344 1013 1372 con-

180 1389 366 1440 quisitus
399 1388 603 1430 inventus
632 1393 700 1429 est
727 1387 1015 1440 Apollinaris:

181 1445 254 1497 qui
286 1447 446 1486 iterum
478 1444 651 1497 jubetur
681 1445 901 1495 navigare.
947 1445 1015 1486 Ita

179 1503 382 1543 reversus
397 1502 667 1550 Ravennam,
684 1501 740 1542 ab
757 1501 914 1542 iisdem
930 1501 1015 1541 illis

178 1557 398 1600 idolorum
429 1558 738 1600 sacerdotibus
771 1561 1014 1607 accusatus,

180 1615 426 1656 centurioni
462 1614 777 1656 custodiendus
809 1614 1015 1657 traditur:

181 1671 255 1723 qui
279 1684 378 1712 cum
399 1672 572 1713 occulte
594 1670 817 1712 Christum
837 1672 1014 1721 coleret,

179 1732 314 1769 noctu
360 1728 667 1780 Apollinarem
713 1728 888 1770 dimisit.
946 1729 1014 1770 Re

180 1784 368 1835 cognita,
393 1784 605 1826 satellites
626 1797 726 1826 eum
744 1788 1014 1837 persequun-

178 1846 261 1890 tur,
286 1846 331 1882 et
349 1841 494 1893 plagis
517 1841 561 1882 in
580 1841 735 1882 itinere
755 1841 1015 1891 confectum,

181 1896 303 1948 quod
338 1899 563 1939 mortuum
599 1896 847 1946 crederent,
889 1897 1015 1939 relin-

180 1958 329 2005 quunt.
367 1954 508 2004 Quem
530 1967 630 1995 cum
651 1953 754 1995 inde
780 1953 1016 1995 Christiani

179 2010 469 2060 sustulissent,
485 2011 673 2063 septimo
689 2009 760 2051 die
775 2010 1014 2052 exhortans

177 2065 278 2106 illos
299 2065 356 2107 ad
375 2067 479 2108 fidei
495 2067 797 2116 constantiam,
817 2068 1014 2119 martyrii

178 2121 321 2172 gloria
347 2122 491 2164 clarus
516 2123 721 2173 migravit
745 2135 768 2163 e
795 2122 894 2164 vita.
932 2124 1013 2164 Cu-

178 2179 244 2230 jus
264 2191 428 2231 corpus
452 2192 594 2232 prope
617 2192 790 2220 murum
809 2179 930 2220 urbis
950 2193 1013 2221 se-

179 2234 353 2286 pultum
373 2241 450 2277 est.

236 2297 286 2349 R.
301 2295 424 2338 Stola
443 2295 733 2348 jucunditatis.
753 2296 834 2348 [27]

398 2381 446 2418 In
475 2379 546 2418 ΙΙΙ.
574 2381 797 2420 Nooturno.

185 2439 337 2480 Lectio
363 2439 504 2480 sancti
523 2439 750 2490 Evangelii
773 2439 1016 2481 secondum

512 2495 690 2536 Lucam.

261 2555 414 2595 Lectio
437 2556 504 2595 vii.
695 2556 797 2606 Cap.
818 2557 881 2595 22.
903 2570 936 2596 c.

230 2630 259 2657 n
277 2615 353 2658 illo
372 2618 587 2668 tempore:
607 2616 743 2657 Facta
758 2620 826 2657 est
840 2618 1015 2658 conten-

247 2673 311 2714 tio
330 2672 443 2714 inter
465 2671 720 2724 discipulos,
745 2672 841 2724 quis
862 2675 1017 2714 eorum

183 2729 407 2772 videretur
426 2741 523 2770 esse
542 2729 691 2780 major.
719 2728 776 2770 Et
794 2728 974 2780 reliqua.

556 204 625 236 Die
650 204 701 236 232.
727 203 831 236 Julii.
880 205 913 237 5.
943 204 1182 246 Apollinaris
1212 204 1335 246 Episc.
1362 209 1397 237 et
1423 204 1530 237 Mart.

1184 297 1373 339 Homilia
1401 297 1541 338 sancti
1573 296 1795 338 Ambrosii

1374 353 1599 406 Episcopi.

1072 422 1149 454 Lib.
1172 420 1227 453 1().
1254 421 1291 453 in
1308 421 1424 454 Luca:
1449 431 1531 463 cap.
1547 420 1599 454 22.
1623 426 1713 463 post
1739 422 1900 455 initium.

1071 478 1079 510 f
1114 479 1358 525 *egnum
1389 474 1474 516 Dei
1507 485 1595 514 non
1631 478 1699 516 est
1731 473 1787 516 de
1817 473 1903 516 hoc

1138 502 1166 580 <
1213 530 1389 573 mundo.
1425 530 1528 571 Non
1554 542 1659 581 ergo
1679 530 1903 583 aequalita-

1213 588 1270 630 tis
1294 587 1461 629 homini
1486 585 1543 628 ad
1567 586 1723 636 Deum,
1747 586 1827 628 sed
1850 587 1903 628 si-

1067 643 1325 686 militudinis
1369 643 1594 685 aemulatio
1638 648 1716 684 est.
1773 642 1904 684 Solus

1068 701 1184 742 enim
1201 700 1401 742 Christus
1417 705 1485 741 est
1500 699 1633 753 plena
1646 699 1794 750 imago
1809 699 1904 749 Dei,

1069 763 1254 810 propter
1281 759 1537 810 expressam
1562 757 1607 797 in
1631 768 1679 798 se
1706 757 1904 809 paternae

1071 814 1345 857 claritudinis
1376 813 1601 855 unitatem.
1650 813 1800 854 Justus
1832 825 1903 854 au·
1940 838 1944 841 -

1069 876 1159 913 tem
1178 871 1312 912 homo
1334 870 1391 912 ad
1407 869 1644 920 imaginem
1661 869 1745 910 Dei
1765 874 1844 919 est,
1868 869 1905 909 si

1069 933 1254 980 propter
1272 925 1530 968 imitandam
1546 924 1708 967 divinae
1723 938 1902 967 conver-

1069 984 1252 1030 sationis
1311 982 1640 1024 similitudinem
1693 981 1903 1023 mundum

1068 1040 1184 1082 hunc
1219 1040 1303 1082 Dei
1348 1040 1599 1091 cognitione
1641 1040 1905 1087 contemnat,

1068 1097 1410 1150 voluptatesque
1434 1097 1634 1138 terrenas
1658 1095 1783 1136 verbi
1806 1107 1903 1148 per-

1069 1155 1273 1206 ceptione
1302 1153 1536 1206 despiciat,
1565 1164 1654 1204 quo
1680 1151 1836 1192 alimur
1860 1150 1904 1191 in

1068 1211 1217 1252 vitam:
1243 1209 1359 1252 unde
1385 1214 1429 1251 et
1451 1222 1614 1261 corpus
1635 1207 1798 1250 Christi
1817 1207 1903 1249 edi-

1068 1280 1177 1316 mus,
1192 1272 1240 1308 ut
1254 1267 1358 1308 vitae
1374 1268 1553 1308 aeternae
1566 1267 1790 1318 possimus
1805 1276 1904 1306 esse

1069 1323 1321 1376 participes.

1122 1397 1174 1448 R.
1207 1393 1382 1434 Corona
1424 1395 1558 1434 aurea
1599 1404 1734 1445 super
1770 1394 1905 1444 caput

1066 1450 1168 1501 erS,
1191 1456 1218 1486 .*
1242 1451 1467 1503 Expressa
1493 1450 1618 1501 signo
1646 1447 1903 1496 sanctitatis,

1068 1506 1209 1557 gloria
1226 1506 1408 1548 honoris
1429 1511 1472 1548 et
1492 1518 1605 1559 opus
1624 1502 1905 1546 fortitudinis.

1070 1562 1120 1613 Y.
1137 1563 1354 1612 Quoniam
1374 1562 1630 1615 praevenisti
1649 1574 1749 1603 eum
1767 1561 1812 1601 in
1831 1559 1904 1602 be-

1068 1619 1391 1662 nedictionibus
1423 1618 1684 1668 dulcedinis,
1714 1617 1905 1671 posuisti

1069 1678 1112 1717 in
1138 1677 1284 1728 capite
1311 1676 1403 1726 ejus
1431 1678 1643 1717 coronam
1671 1673 1727 1716 de
1755 1671 1904 1726 lapide

1069 1733 1278 1786 pretioso.
1306 1733 1539 1785 Expressa.

1070 530 1080 542 40
1108 537 1111 538 γ
1116 536 1120 537 ⁷
1163 522 1183 537 ἢ

1071 543 1072 557 l
1076 571 1080 577 1
1104 543 1142 602 [ἑά-,κ
1156 519 1192 591 ’Ἲὶὴλ1

1071 587 1086 611 Γῐ
1109 574 1192 611 ἕᾼᾊζέι

1356 1812 1509 1853 Lectio
1531 1812 1616 1853 viii.

1069 1873 1225 1979 Non
1248 1882 1364 1922 enim
1383 1881 1527 1922 victus
1551 1885 1595 1922 et
1617 1884 1752 1932 potus
1775 1878 1905 1920 nobis

1187 1938 1360 1991 praemii
1378 1937 1479 1979 loco
1501 1935 1746 1990 spondetur
1765 1941 1809 1978 et
1827 1934 1905 1978 ho-

1070 1996 1209 2046 noris,
1256 1995 1335 2038 sed
1374 1993 1714 2036 communicatio
1750 1992 1905 2044 gratiae

1071 2053 1264 2095 coelestis
1284 2057 1328 2093 et
1346 2051 1461 2093 vitae.
1491 2049 1649 2102 Neque
1670 2048 1907 2091 duodecim

1070 2109 1216 2151 throni
1241 2114 1467 2160 tamquam
1492 2106 1640 2158 aliqua
1659 2104 1906 2158 corporalis

1071 2171 1173 2207 sunt
1183 2164 1464 2218 receptacula
1475 2163 1700 2205 sessionis:
1711 2161 1791 2203 sed
1803 2160 1907 2213 quia

1072 2223 1184 2264 sicut
1213 2220 1454 2263 secundum
1483 2219 1676 2262 divinam
1707 2217 1905 2260 similitu-

1072 2279 1220 2320 dinem
1243 2276 1407 2330 judicat
1431 2276 1632 2318 Christus
1656 2274 1906 2327 cognitione

1072 2334 1283 2384 cordium,
1302 2346 1390 2375 non
1407 2332 1751 2383 interrogatione
1770 2330 1905 2372 facto-

1071 2405 1181 2441 rum,
1205 2390 1413 2432 virtutem
1432 2391 1731 2437 remunerans,
1754 2386 1904 2439 impie-

1070 2450 1295 2500 tatemque
1315 2444 1626 2487 condemnans:
1644 2445 1705 2486 ita
1724 2447 1768 2484 et
1786 2442 1904 2494 Apo-

1071 2504 1173 2546 stoli
1195 2504 1238 2544 in
1262 2502 1470 2554 judicium
1493 2500 1692 2554 spiritale
1715 2499 1903 2540 forman-

1070 2566 1141 2602 tur
1168 2559 1520 2601 remuneratione
1553 2556 1672 2606 fidei,
1705 2560 1749 2597 et
1783 2567 1903 2596 exse-

1071 2617 1267 2658 cratione
1291 2614 1503 2667 perfidiae,
1527 2613 1690 2655 virtute
1709 2612 1905 2652 errorem

1070 2672 1394 2723 redarguentes,
1419 2670 1658 2720 sacrilegos
1681 2666 1785 2709 odio
1807 2678 1903 2718 per-

1071 2730 1319 2781 sequentes.
