2040 2976
674 205 713 238 In
742 204 863 238 feriali
891 204 1027 237 Officio
1054 204 1100 237 ad
1128 205 1303 238 Primam,

129 295 256 338 mini?
275 298 299 323 *
319 302 394 339 aut
414 298 510 350 quis
531 298 664 340 stabit
682 299 726 339 in
744 298 844 340 loco
865 311 959 339 san-

131 357 203 394 cto
225 352 338 405 ejus?

181 410 399 451 Innocens
449 411 651 452 manibus
703 415 747 452 et
795 409 960 451 mundo

131 465 280 515 corde,
308 466 332 491 *
362 467 436 518 qui
463 479 551 508 non
576 467 747 519 accepit
774 467 818 506 in
845 478 960 507 vano

131 521 320 562 animam
340 535 478 572 suam,
503 535 585 564 nec
608 523 766 575 juravit
788 523 832 563 in
856 521 960 563 dolo

130 578 333 629 proximo
355 591 446 620 suo.

182 633 268 675 Hic
309 635 496 687 accipiet
537 634 891 676 benedictionem
936 646 961 674 a

130 689 338 731 Domino:
352 690 375 716 *
392 695 436 732 et
453 690 800 732 misericordiam
820 702 844 730 a
863 690 961 730 Deo

131 745 313 787 salutari
332 759 423 787 suo.

182 801 293 843 Haec
321 807 389 843 est
415 803 642 853 generatio
673 802 962 855 quaerentium

132 869 247 907 eum,
284 859 308 883 *
347 859 636 911 quaerentium
685 859 842 899 faciem
878 857 962 898 Dei

130 913 280 955 Jacob.

183 969 389 1011 Attollite
434 976 588 1023 portas
634 971 855 1023 principes
892 983 962 1011 ve-

133 1030 263 1075 stras,
293 1029 337 1067 et
362 1026 591 1068 elevamini
615 1032 759 1079 portae
780 1027 962 1067 aeterna-

131 1080 210 1123 les:
229 1082 252 1107 *
273 1087 317 1123 et
334 1082 533 1124 introibit
552 1083 650 1124 Rex
668 1082 831 1133 gloriae.

184 1138 291 1188 Quis
317 1143 385 1179 est
404 1139 488 1180 iste
507 1139 602 1180 Rex
623 1137 800 1189 gloriae?
824 1139 848 1163 *
874 1138 963 1178 Do-

130 1194 273 1235 minus
304 1194 432 1236 fortis
465 1200 510 1236 et
540 1200 715 1247 potens:
746 1194 962 1235 Dominus

131 1254 291 1302 potens
310 1250 354 1291 in
371 1250 537 1303 praelio.

183 1306 388 1348 Attollite
433 1312 587 1359 portas
632 1306 856 1359 principes
893 1318 962 1347 ve-

133 1366 263 1411 stras,
292 1367 336 1403 et
361 1362 590 1404 elevamini
612 1367 756 1415 portae
781 1363 964 1403 aeterna-

131 1417 211 1458 les:
229 1419 254 1445 *
272 1422 317 1459 et
335 1418 533 1460 introibit
553 1419 650 1460 Rex
668 1418 831 1469 gloriae.

185 1473 292 1523 Quis
318 1479 386 1515 est
409 1474 493 1516 iste
511 1475 608 1516 Rex
637 1472 812 1525 gloriae?
832 1474 855 1499 *
875 1474 963 1514 Do-

132 1529 275 1570 minus
286 1530 497 1572 virtUtum
507 1530 602 1583 ipse
613 1535 681 1571 est
692 1531 789 1571 Rex
797 1530 961 1580 gloriae.

332 1619 502 1655 Feria
540 1619 758 1656 Tertia.

405 1682 605 1721 Psahnus
625 1683 690 1720 24.

229 1748 259 1789 d
295 1753 339 1790 te
374 1749 563 1791 Domine
596 1748 739 1791 levavi
776 1751 964 1791 animam

254 1817 412 1846 meam:
426 1805 450 1830 *
465 1806 587 1846 Deus
601 1818 726 1846 meus
740 1806 784 1846 in
804 1811 848 1847 te
864 1819 964 1847 con-

133 1858 236 1909 fido,
255 1873 344 1901 non
363 1860 630 1902 erubescam.

185 1916 341 1968 Neque
360 1916 570 1958 irrideant
593 1930 663 1958 me
686 1917 847 1958 inimici
865 1918 965 1959 mei:

133 1971 158 1996 *
177 1972 338 2013 etenim
356 1973 558 2022 universi,
580 1973 653 2025 qui
673 1973 890 2015 sastinent
909 1978 964 2023 te,

134 2039 223 2068 non
242 2028 575 2070 confundentur.

183 2083 516 2126 Confundantur
524 2085 831 2137 omnesiniqua
839 2087 965 2135 agen-

135 2143 203 2180 tes
222 2140 246 2165 *
266 2142 549 2192 supervacue.

186 2195 294 2236 Vias
335 2200 434 2237 tuas
475 2196 665 2238 Domine
711 2196 966 2238 demonstra

135 2250 254 2290 mihi:
273 2251 297 2276 *
317 2257 361 2293 et
382 2252 560 2293 semitas
580 2257 678 2293 tuas
699 2252 837 2293 edoce
856 2265 938 2293 me.

187 2306 338 2357 Dirige
353 2320 423 2348 me
437 2308 482 2348 in
495 2308 682 2349 veritate
697 2313 783 2357 tua,
799 2313 843 2349 et
855 2307 965 2350 doce

135 2375 225 2403 me:
255 2362 280 2387 *
314 2363 415 2414 quia
450 2368 500 2404 tu
537 2376 584 2405 es
616 2363 738 2404 Deus
771 2363 966 2405 salvator

136 2430 270 2466 meus,
291 2423 335 2459 et
353 2423 397 2459 te
418 2419 603 2460 sustinui
622 2424 717 2460 tota
737 2418 818 2460 die.

189 2474 487 2515 Reminiscere
514 2474 845 2515 miserationum
872 2476 966 2517 tua-

136 2541 233 2569 rum
251 2529 451 2578 Domine,
465 2530 489 2555 *
505 2534 549 2570 et
566 2529 966 2571 misericordiarum

137 2587 322 2634 tuarum,
344 2598 442 2637 quae
462 2598 486 2625 a
506 2585 669 2626 saeculo
690 2590 801 2626 sunt.

188 2640 361 2682 Delicta
371 2641 608 2692 juventutis
622 2653 744 2690 meae,
755 2641 778 2666 *
790 2646 833 2682 et
847 2641 966 2692 igno-

137 2696 302 2737 rantias
320 2709 442 2738 meas
461 2709 515 2737 ne
534 2696 794 2737 memineris.

292 2835 356 2860 Pars
371 2836 480 2860 AEstiva.

1065 299 1315 340 Secundum
1346 300 1692 342 misericordiam
1724 306 1845 342 tuam

1013 357 1235 397 memento
1255 356 1341 396 mei
1359 361 1421 397 tu:
1435 358 1459 382 *
1474 362 1658 409 propter
1677 357 1844 398 bonita-

1014 415 1105 452 tem
1124 416 1246 452 tuam
1265 412 1464 453 Domine.

1065 467 1219 508 Dulcis
1239 473 1284 509 et
1299 473 1446 509 rectus
1461 468 1691 510 Dominus:
1706 469 1730 494 *
1746 482 1844 521 pro-

1013 527 1114 574 pter
1138 522 1223 564 hoc
1246 523 1388 574 legem
1413 523 1535 565 dabit
1560 524 1846 576 delinquenti-

1014 578 1097 619 bus
1116 579 1160 619 in
1179 579 1260 620 via.

1066 635 1239 685 Diriget
1266 637 1521 676 mansuetos
1549 636 1592 676 in
1620 636 1794 687 judicio:
1822 637 1846 662 *

1015 689 1193 732 docebit
1211 691 1341 732 mites
1360 691 1453 732 vias
1474 704 1586 732 suas.

1067 746 1294 788 Universae
1305 747 1388 788 viae
1399 748 1588 797 Domini,
1603 748 1846 789 misericor-

1017 801 1088 843 dia
1118 808 1162 844 et
1186 804 1366 852 veritas,
1391 804 1413 829 *
1439 803 1762 855 requirentibus
1786 810 1846 845 te-

1016 861 1283 900 stamentum
1303 860 1393 911 ejus
1413 865 1457 900 et
1476 860 1728 900 testimonia
1746 861 1847 912 ejus.

1067 915 1256 967 Propter
1298 928 1458 956 nomen
1499 921 1623 956 tuum
1658 916 1847 957 Domine

1015 971 1328 1023 propitiaberis
1353 973 1539 1023 peccato
1563 985 1679 1013 meo:
1699 973 1721 997 *
1742 972 1847 1013 mul-

1016 1031 1110 1067 tum
1130 1032 1198 1068 est
1218 1028 1343 1068 enim.

1069 1083 1176 1132 Quis
1202 1088 1269 1124 est
1294 1083 1428 1124 homo
1455 1083 1528 1135 qui
1552 1083 1677 1124 timet
1700 1084 1849 1125 Domi-

1016 1137 1147 1179 num?
1179 1140 1203 1165 *
1235 1139 1377 1190 legem
1414 1140 1569 1181 statuit
1607 1140 1646 1180 ei
1683 1139 1726 1180 in
1763 1140 1850 1190 via,

1019 1207 1150 1246 quam
1170 1195 1313 1245 elegit.

1068 1250 1228 1295 Anima
1256 1252 1347 1302 ejus
1374 1252 1417 1291 in
1446 1251 1575 1292 bonis
1604 1250 1848 1293 demorabi-

1016 1310 1107 1346 tur:
1135 1307 1158 1332 *
1187 1312 1231 1348 et
1263 1319 1413 1348 semen
1445 1308 1535 1358 ejus
1568 1307 1848 1348 haereditabit

1016 1366 1190 1402 terram.

1068 1418 1413 1459 Firmamentum
1451 1423 1518 1459 est
1549 1418 1765 1459 Dominus
1798 1419 1848 1459 ti—

1016 1473 1236 1514 mentibus
1265 1487 1383 1525 cum:
1411 1474 1434 1499 *
1463 1478 1507 1515 et
1535 1475 1848 1514 testamentum

1017 1528 1155 1580 ipsius
1176 1534 1223 1571 ut
1243 1529 1547 1570 manifestetur
1565 1529 1661 1569 illis.

1070 1584 1197 1625 Oculi
1215 1585 1301 1626 mei
1327 1598 1502 1637 semper
1522 1585 1578 1626 ad
1597 1585 1849 1626 Dominum:

1017 1640 1040 1665 *
1066 1641 1273 1692 quoniam
1296 1641 1391 1693 ipse
1422 1641 1581 1682 evellet
1609 1640 1664 1682 de
1688 1640 1848 1692 laqueo

1019 1695 1157 1748 pedes
1176 1709 1312 1738 meos.

1070 1752 1259 1804 Respice
1278 1753 1322 1792 in
1340 1765 1426 1802 me,
1451 1757 1495 1794 et
1518 1752 1726 1793 miserere
1750 1752 1849 1793 mei:

1017 1808 1040 1833 *
1062 1808 1164 1859 quia
1182 1809 1335 1849 unicus
1356 1813 1400 1849 et
1419 1821 1588 1860 pauper
1607 1821 1704 1848 sum
1724 1820 1818 1858 ego.

1070 1863 1397 1905 Tribulationcs
1423 1863 1569 1905 cordis
1599 1864 1685 1904 mei
1708 1863 1849 1904 multi-

1017 1919 1193 1971 plicatae
1223 1924 1339 1960 sunt:
1370 1920 1394 1944 *
1427 1919 1482 1961 de
1512 1918 1849 1960 necessitatibus

1017 1975 1127 2015 meis
1147 1977 1250 2016 erue
1270 1988 1351 2016 me.

1070 2030 1185 2072 Vide
1212 2030 1504 2072 humilitatem
1531 2043 1691 2079 meam,
1720 2034 1764 2071 et
1792 2030 1849 2070 la-

1018 2085 1172 2127 borem
1187 2087 1380 2127 meum:*
1392 2091 1436 2127 et
1456 2085 1627 2128 dimitte
1646 2086 1849 2127 universa

1019 2141 1181 2183 delicta
1199 2155 1307 2183 mea.

1071 2198 1261 2250 Respice
1280 2198 1479 2239 inimicos
1498 2203 1629 2239 meos'
1643 2196 1849 2249 quoniam

1018 2253 1296 2305 multiplicati
1321 2258 1438 2302 sunt,
1457 2254 1480 2279 *
1500 2258 1545 2294 et
1570 2252 1672 2294 odio
1698 2253 1847 2304 iniquo

1019 2308 1208 2350 oderunt
1227 2322 1308 2350 me.

1072 2363 1257 2405 Custodi
1282 2364 1471 2404 animam
1494 2376 1653 2412 meam,
1681 2367 1726 2404 et
1746 2364 1848 2403 erue

1018 2433 1103 2461 me:
1118 2420 1141 2445 *
1157 2432 1245 2460 non
1260 2419 1518 2461 erubescam
1534 2419 1739 2471 quoniam
1752 2430 1847 2470 spe-

1018 2475 1114 2515 ravi
1132 2475 1175 2515 in
1195 2480 1250 2516 te.

1070 2531 1333 2572 Innocentes
1362 2535 1406 2572 et
1432 2530 1541 2572 recti
1569 2528 1848 2570 adhaeserunt

1018 2586 1137 2626 mihi:
1155 2587 1179 2611 *
1201 2587 1302 2638 quia
1322 2586 1507 2627 sustinui
1525 2591 1581 2626 te.

1070 2641 1231 2683 Libera
1257 2642 1379 2683 Deus
1406 2641 1560 2690 Israel,
1583 2641 1607 2667 *
1632 2653 1687 2681 ex
1714 2637 1847 2679 omni-

1018 2697 1102 2739 bus
1121 2697 1476 2739 tribulationibus
1496 2696 1597 2737 suis.
