2040 2976
760 192 965 226 Dominica
990 190 1040 226 ad
1062 192 1239 227 Primam.
1806 198 1850 233 23

141 286 317 336 vestris,
359 285 575 339 perdiscat
615 288 714 328 vos'
737 287 793 329 ad
834 288 968 329 vitam

141 344 361 383 aeternam.
408 344 459 395 R.
488 342 640 384 Amen.

138 421 500 527 Indulgentiam,
544 423 881 477 absolutionem,
925 432 968 469 et

223 480 525 521 remissionem
568 485 852 533 peccatorum
892 496 967 525 no-

139 538 331 579 strorum
346 536 518 585 ,tribuat
540 536 666 579 nobis
687 542 966 592 omnipotens

139 596 182 633 et
205 593 455 634 misericors
478 593 703 636 Dominus.
737 597 786 648 R.
811 596 965 638 Amen.

188 659 244 700 Et
271 660 553 711 prosequitur
582 655 630 707 Y.
656 660 850 711 Dignare
877 662 965 703 Do-

136 713 251 755 mine
270 713 341 755 die
359 714 455 756 isto.
487 717 537 768 R.
559 715 659 769 Sine
677 719 863 770 peccato
883 730 963 759 nos

137 769 369 822 custodire.

139 839 145 843 ’
190 829 456 881 V.Miserere
467 838 607 879 nostri
616 839 816 882 Domine.
830 842 879 893 R.
893 841 964 881 Mi-

136 893 282 934 serere
301 893 462 941 nostri.¹
487 937 491 942 .

186 950 236 1002 V.
255 958 352 1000 Fiat
369 958 671 1002 misericordia
686 966 761 1002 tua
775 962 964 1003 Domine

137 1027 268 1069 super
282 1028 375 1057 nos.
397 1016 447 1068 R.
470 1016 852 1066 Quemadmodum
869 1031 963 1071 spe-

134 1071 326 1113 ravimus
345 1072 389 1113 in
407 1077 462 1114 te.

159 1129 235 1181 -V-
280 1137 468 1180 Domine
515 1139 673 1182 exaudi
719 1140 963 1181 orationem

133 1205 286 1234 meam.
323 1193 373 1246 R.
403 1195 460 1236 Et
490 1196 654 1238 clamor
682 1209 805 1238 meus
835 1196 891 1238 ad
918 1201 962 1237 te

133 1249 289 1291 veniat.

183 1307 233 1358 V.
270 1316 486 1358 Dominus
524 1317 764 1359 vobiscum.
815 1320 865 1371 R.
905 1318 961 1358 Et

133 1383 232 1411 cum
251 1372 407 1424 spiritu
426 1378 512 1414 tuo.

235 1448 433 1490 Oremus.
458 1460 461 1463 ·
689 1450 853 1492 Oratio.

130 1508 363 1614 Domine
395 1513 516 1556 Deus
554 1518 848 1568 omnipotens,
887 1517 960 1569 qui

133 1584 136 1587 ’
238 1568 584 1624 ad'principium
611 1571 737 1624 hujus
766 1571 852 1613 diei
878 1586 959 1614 nos

129 1628 359 1678 pervenire
396 1627 556 1669 fecisti:
597 1633 674 1669 tua
710 1641 791 1669 nos
827 1628 959 1671 hodie

130 1681 250 1723 salva
270 1683 445 1734 virtute3
470 1689 522 1725 ut
539 1685 582 1725 in
601 1684 684 1726 hac
703 1684 773 1727 die
794 1685 850 1727 ad
868 1686 958 1727 nul-

128 1737 495 1781 lum'declinemus
505 1743 747 1793 peceatum,
759 1741 839 1784 sed
850 1755 958 1784 sem-

130 1807 209 1847 per
243 1794 299 1836 ad
330 1800 450 1837 tuam
479 1797 687 1848 justitiam
714 1798 958 1840 faciendam

128 1856 278 1892 nostra
298 1852 540 1904 procedant
559 1853 747 1906 eloquia,
772 1854 957 1906 dirigan-

129 1911 199 1948 tur
243 1908 531 1960 cogitationes
575 1915 618 1951 et
661 1912 806 1963 opera.
873 1913 956 1953 Per

128 1963 365 2007 Dominum
384 1970 594 2007 nostrum.

180 2026 230 2078 R.
258 2024 410 2067 Amen.

179 2084 229 2136 V.
274 2090 490 2131 Dominus
527 2090 766 2133 vobiscum.
795 2094 862 2145 R.
898 2094 954 2135 Et

128 2158 227 2186 cum
247 2147 402 2199 spiritu
420 2151 508 2188 tuo.

179 2205 229 2257 V.
243 2211 562 2258 Benedicamus
572 2213 776 2255 Domino.
791 2215 841 2267 R.
855 2215 952 2257 Deo

125 2267 300 2317 gratias,

178 2347 327 2382 Deinde
350 2347 389 2381 in
411 2348 540 2382 Choro
563 2347 703 2390 legitur
723 2347 950 2392 Martyrolo—

126 2393 239 2437 gium.
285 2392 333 2427 Et
363 2394 518 2436 quando
549 2393 713 2427 dicenda
743 2397 800 2427 est
816 2393 949 2428 Prima

127 2439 172 2472 de
196 2438 238 2472 B.
256 2439 387 2477 Maria,
412 2439 652 2482 praeponitur
675 2439 833 2473 lectioni
854 2440 953 2474 Mar-

126 2485 319 2527 tyrologii.

176 2539 317 2574 Postea
342 2540 679 2575 Hebdomadarius
705 2540 799 2575 dicit
864 2584 868 2586 Π

131 2606 134 2609 ·
177 2587 226 2638 V.
239 2593 438 2635 Pretiosa
453 2595 496 2635 in
511 2599 750 2650 conspectu
763 2598 950 2639 Domini.

126 2648 176 2705 R.
192 2649 312 2690 Mors
333 2653 584 2693 sanctorum
603 2654 703 2705 ejus.

132 2722 135 2724 ·
176 2713 222 2747 Et
247 2714 423 2749 absolute
448 2715 530 2748 sine
556 2717 726 2753 OremuS.

1359 288 1520 329 Oratio.

1022 348 1218 455 Sancta
1249 360 1406 411 Maria,
1444 366 1487 403 et
1519 375 1670 404 omnes
1703 362 1850 404 Sancti
1896 407 1898 412 ,

1119 416 1392 459 intercedant
1417 431 1498 470 pro
1525 419 1652 460 nobis
1679 419 1735 460 ad
1760 420 1848 460 Do·
1895 421 1898 426 '

1019 472 1202 523 minum,
1236 478 1284 515 ut
1315 487 1397 515 nos
1429 477 1674 516 mereamur
1707 475 1761 517 ab
1795 490 1847 518 eo

1021 528 1216 580 adjuvari
1235 535 1279 571 et
1299 530 1473 581 salvari,
1501 532 1574 584 qui
1592 532 1699 574 vivit
1723 538 1766 574 et
1785 546 1847 574 re-

1019 590 1124 635 gnat
1141 586 1185 626 in
1205 586 1367 628 saecula
1387 587 1659 629 saeculorum.

1073 642 1122 693 R.
1149 642 1302 684 Amen.

1070 701 1120 752 V.
1166 708 1287 749 Deus
1323 709 1367 749 in
1404 708 1667 761 adjutorium
1702 723 1847 751 meum

1018 763 1205 805 intende.
1252 765 1301 817 R.
1333 766 1521 807 Domine
1555 765 1612 807 ad
1644 765 1846 818 adjuvan-

1019 819 1123 861 dum
1142 834 1211 865 me
1231 821 1398 864 festina.

1069 890 1115 923 Et
1143 890 1283 924 dicitur
1307 894 1378 925 ter:
1402 892 1535 926 ultimo
1562 894 1716 927 additur

1071 942 1221 1005 Gloria
1239 944 1368 986 Patri.
1396 943 1516 986 Sicut
1536 950 1639 987 erat.

1069 1017 1203 1069 Kyrie
1241 1018 1416 1059 eleison.
1461 1019 1633 1061 Christe
1671 1020 1845 1062 eleison.

1016 1074 1151 1125 Kyrie
1172 1074 1346 1116 eleison.
1743 1075 1745 1078 ”

1071 1143 1199 1184 Pater
1219 1149 1379 1185 noster.
1399 1151 1580 1187 secreto.

1069 1202 1117 1253 V.
1137 1209 1193 1250 Et
1212 1222 1266 1250 ne
1285 1222 1366 1250 nos
1386 1209 1568 1251 inducas
1582 1210 1626 1250 in
1641 1211 1842 1252 tentatio-

1014 1277 1124 1305 nem.
1155 1267 1204 1317 R.
1221 1265 1309 1307 Sed
1328 1266 1466 1307 libera
1484 1280 1565 1308 nos
1585 1280 1611 1307 a
1629 1267 1756 1308 malo.

1068 1330 1117 1381 Y.
1148 1334 1337 1387 Respice
1369 1335 1412 1375 in
1446 1349 1597 1377 servos
1626 1341 1726 1377 tuos
1755 1337 1842 1377 Do-

1013 1389 1143 1439 mine,
1173 1395 1216 1432 et
1234 1391 1277 1431 in
1298 1393 1433 1444 opera
1452 1397 1541 1442 tua,
1571 1398 1614 1434 et
1640 1392 1776 1443 dirige
1795 1393 1842 1433 fi-

1013 1445 1095 1487 lios
1117 1448 1277 1487 eorum.
1308 1450 1357 1489 R
1375 1449 1432 1489 Et
1452 1449 1508 1489 sit
1527 1448 1735 1501 splendor
1752 1450 1840 1490 Do-

1012 1502 1116 1542 mini
1131 1502 1214 1544 Dei
1233 1505 1373 1545 nostri
1393 1518 1523 1557 super
1538 1518 1630 1555 nos,
1652 1510 1694 1546 et
1706 1508 1841 1558 opera

1012 1561 1219 1600 manuum
1251 1563 1502 1602 nostrerum
1539 1561 1677 1612 dirige
1709 1575 1840 1615 super

1011 1627 1112 1665 nos,
1146 1615 1328 1669 etopus
1357 1620 1564 1659 manuum
1591 1621 1841 1660 nostrarum

1012 1671 1159 1723 dirige.

1063 1731 1112 1783 V.
1142 1737 1293 1779 Gloria
1311 1739 1441 1780 Patri.
1468 1739 1517 1790 R.
1542 1740 1661 1781 Sicut
1681 1746 1783 1782 erat.

1114 1814 1312 1857 Oremus.
1371 1823 1374 1825 ’
1571 1816 1733 1856 Oratio.

1008 1881 1256 1986 Dirigere
1289 1891 1332 1927 et
1361 1887 1653 1937 sanctificare,
1685 1890 1836 1938 regere

1121 1946 1165 1983 et
1183 1941 1427 1992 gubernare
1444 1942 1634 1994 dignare,
1649 1944 1836 1985 Domine

1007 1997 1128 2039 Deus
1166 1999 1263 2039 Rex
1299 1999 1401 2040 coeli
1438 2004 1481 2041 et
1517 2004 1663 2050 terrae,
1704 2000 1835 2042 hodie

1008 2054 1143 2095 corda
1171 2059 1214 2096 et
1243 2057 1432 2108 corpora
1459 2061 1628 2106 nostra,
1666 2070 1834 2108 sensus,

1008 2113 1232 2152 sermones
1257 2116 1301 2152 et
1325 2116 1449 2153 actus
1473 2118 1651 2154 nostros
1675 2113 1718 2154 in
1736 2113 1833 2165 lege
1882 2132 1884 2137 ·

1006 2171 1097 2216 tua,
1136 2172 1179 2208 et
1210 2168 1253 2208 in
1287 2168 1495 2220 operibus
1527 2169 1833 2217 mandatorum

1005 2225 1194 2264 tuorum:
1223 2228 1270 2266 ut
1294 2223 1380 2274 hic,
1409 2229 1452 2266 et
1470 2226 1514 2266 in
1534 2227 1761 2276 aeternum,
1789 2231 1832 2267 te

1006 2279 1239 2321 auxiliante
1264 2280 1373 2321 salvi
1402 2286 1445 2322 et
1470 2281 1596 2323 liberi
1621 2295 1717 2324 esse
1746 2295 1831 2324 me-

1004 2337 1194 2385 reamur,
1214 2336 1416 2382 Salvator
1435 2337 1600 2379 mundi:
1620 2339 1703 2389 Qui
1722 2339 1830 2379 vivis

1005 2397 1048 2432 et
1067 2405 1223 2443 regnas
1242 2393 1286 2433 in
1306 2393 1466 2434 saecula
1486 2394 1757 2436 saeculorum.

1058 2456 1106 2495 R.
1127 2452 1280 2494 Amen.

1057 2521 1106 2572 Y
1131 2528 1155 2568 J
1158 2526 1242 2568 ube
1259 2526 1422 2569 domne
1441 2527 1711 2570 benedicere.

1056 2599 1216 2640 Bened.
1244 2600 1350 2642 Dies
1376 2606 1420 2642 et
1444 2607 1566 2643 actus
1589 2606 1764 2643 nostros
1783 2601 1826 2641 in

1002 2669 1079 2697 sua
1098 2669 1206 2709 pace
1231 2655 1437 2709 disponat
1455 2658 1669 2699 Dominus
1693 2659 1825 2698 omni-

999 2717 1168 2764 potens.
1203 2714 1253 2764 R.
1269 2713 1422 2755 Amen.
