<?xml version="1.0" encoding="UTF-8"?>
<!DOCTYPE html PUBLIC "-//W3C//DTD XHTML 1.0 Transitional//EN"
    "http://www.w3.org/TR/xhtml1/DTD/xhtml1-transitional.dtd">
<html xmlns="http://www.w3.org/1999/xhtml" xml:lang="en" lang="en">
 <head>
  <title>
</title>
<meta http-equiv="Content-Type" content="text/html;charset=utf-8" />
  <meta name='ocr-system' content='tesseract 3.04.00' />
  <meta name='ocr-capabilities' content='ocr_page ocr_carea ocr_par ocr_line ocrx_word'/>
</head>
<body>
  <div class='ocr_page' id='page_1' title='image "./p3breviariumroma00cathuoft_0339.png"; bbox 0 0 2040 2976; ppageno 0'>
   <div class='ocr_carea' id='block_1_1' title="bbox 58 120 138 2790">
    <p class='ocr_par' dir='ltr' id='par_1_1' title="bbox 58 120 138 2790">
     <span class='ocr_line' id='line_1_1' title="bbox 58 120 138 2790; baseline 0 0"><span class='ocrx_word' id='word_1_1' title='bbox 58 120 138 2790; x_wconf 95' lang='lat' dir='ltr'> </span> 
     </span>
    </p>
   </div>
   <div class='ocr_carea' id='block_1_2' title="bbox 424 178 1565 223">
    <p class='ocr_par' dir='ltr' id='par_1_2' title="bbox 424 178 1565 223">
     <span class='ocr_line' id='line_1_2' title="bbox 424 178 1565 223; baseline -0.006 -6"><span class='ocrx_word' id='word_1_2' title='bbox 424 185 495 218; x_wconf 84' lang='lat' dir='ltr'>Die</span> <span class='ocrx_word' id='word_1_3' title='bbox 520 184 569 218; x_wconf 77' lang='lat'>27.</span> <span class='ocrx_word' id='word_1_4' title='bbox 596 182 697 223; x_wconf 78' lang='lat' dir='ltr'>Maii.</span> <span class='ocrx_word' id='word_1_5' title='bbox 745 184 779 216; x_wconf 70' lang='lat' dir='ltr'>S.</span> <span class='ocrx_word' id='word_1_6' title='bbox 805 181 937 215; x_wconf 77' lang='lat' dir='ltr'>Mariae</span> <span class='ocrx_word' id='word_1_7' title='bbox 962 179 1204 222; x_wconf 74' lang='lat' dir='ltr'>Magdalenae</span> <span class='ocrx_word' id='word_1_8' title='bbox 1230 179 1276 212; x_wconf 87' lang='lat' dir='ltr'>de</span> <span class='ocrx_word' id='word_1_9' title='bbox 1302 179 1437 211; x_wconf 76' lang='lat' dir='ltr'>I’azzis</span> <span class='ocrx_word' id='word_1_10' title='bbox 1463 178 1565 219; x_wconf 56' lang='lat' dir='ltr'>virg.</span> 
     </span>
    </p>
   </div>
   <div class='ocr_carea' id='block_1_3' title="bbox 142 272 971 324">
    <p class='ocr_par' dir='ltr' id='par_1_3' title="bbox 142 272 971 324">
     <span class='ocr_line' id='line_1_3' title="bbox 142 272 971 324; baseline -0.004 -9"><span class='ocrx_word' id='word_1_11' title='bbox 142 276 272 316; x_wconf 80' lang='lat' dir='ltr'>retur.</span> <span class='ocrx_word' id='word_1_12' title='bbox 303 273 451 315; x_wconf 85' lang='lat' dir='ltr'>Extra</span> <span class='ocrx_word' id='word_1_13' title='bbox 464 285 619 315; x_wconf 88' lang='lat' dir='ltr'>sensus</span> <span class='ocrx_word' id='word_1_14' title='bbox 637 272 890 324; x_wconf 85' lang='lat' dir='ltr'>frequenter</span> <span class='ocrx_word' id='word_1_15' title='bbox 907 284 971 312; x_wconf 91' lang='lat' dir='ltr'>ra-</span> 
     </span>
    </p>
   </div>
   <div class='ocr_carea' id='block_1_4' title="bbox 1781 173 1857 207">
    <p class='ocr_par' dir='ltr' id='par_1_4' title="bbox 1781 173 1857 207">
     <span class='ocr_line' id='line_1_4' title="bbox 1781 173 1857 207; baseline 0 0"><span class='ocrx_word' id='word_1_16' title='bbox 1781 173 1857 207; x_wconf 88' lang='grc'>309</span> 
     </span>
    </p>
   </div>
   <div class='ocr_carea' id='block_1_5' title="bbox 1075 273 1852 315">
    <p class='ocr_par' dir='ltr' id='par_1_5' title="bbox 1075 273 1852 315">
     <span class='ocr_line' id='line_1_5' title="bbox 1075 273 1852 315; baseline -0.004 -6"><span class='ocrx_word' id='word_1_17' title='bbox 1075 275 1119 309; x_wconf 91' lang='lat' dir='ltr'>In</span> <span class='ocrx_word' id='word_1_18' title='bbox 1140 275 1205 309; x_wconf 77' lang='lat'>111.</span> <span class='ocrx_word' id='word_1_19' title='bbox 1228 275 1427 309; x_wconf 85' lang='lat' dir='ltr'>Nocturno</span> <span class='ocrx_word' id='word_1_20' title='bbox 1452 274 1624 308; x_wconf 80' lang='lat' dir='ltr'>Homilia</span> <span class='ocrx_word' id='word_1_21' title='bbox 1646 273 1684 306; x_wconf 91' lang='lat' dir='ltr'>in</span> <span class='ocrx_word' id='word_1_22' title='bbox 1707 274 1852 315; x_wconf 63' lang='lat' dir='ltr'>Evang.</span> 
     </span>
    </p>
   </div>
   <div class='ocr_carea' id='block_1_6' title="bbox 141 315 1857 383">
    <p class='ocr_par' dir='ltr' id='par_1_6' title="bbox 141 315 1857 383">
     <span class='ocr_line' id='line_1_6' title="bbox 141 315 1857 383; baseline -0.007 -12"><span class='ocrx_word' id='word_1_23' title='bbox 141 334 231 383; x_wconf 89' lang='lat' dir='ltr'>pta,</span> <span class='ocrx_word' id='word_1_24' title='bbox 250 328 477 372; x_wconf 78' lang='lat' dir='ltr'>diuturnas</span> <span class='ocrx_word' id='word_1_25' title='bbox 498 333 542 371; x_wconf 88' lang='lat' dir='ltr'>et</span> <span class='ocrx_word' id='word_1_26' title='bbox 561 327 839 370; x_wconf 65' lang='lat' dir='ltr'>admirabiles</span> <span class='ocrx_word' id='word_1_27' title='bbox 855 329 971 369; x_wconf 81' lang='lat' dir='ltr'>exta·</span> <span class='ocrx_word' id='word_1_28' title='bbox 1023 320 1157 375; x_wconf 67' lang='lat' dir='ltr'>Simile</span> <span class='ocrx_word' id='word_1_29' title='bbox 1195 319 1267 354; x_wconf 83' lang='lat' dir='ltr'>erit</span> <span class='ocrx_word' id='word_1_30' title='bbox 1300 328 1461 362; x_wconf 86' lang='lat' dir='ltr'>regnum</span> <span class='ocrx_word' id='word_1_31' title='bbox 1497 317 1684 352; x_wconf 75' lang='lat' dir='ltr'>coelorum</span> <span class='ocrx_word' id='word_1_32' title='bbox 1724 315 1857 350; x_wconf 85' lang='lat' dir='ltr'>decem</span> 
     </span>
    </p>
   </div>
   <div class='ocr_carea' id='block_1_7' title="bbox 142 384 991 2737">
    <p class='ocr_par' dir='ltr' id='par_1_7' title="bbox 142 384 974 941">
     <span class='ocr_line' id='line_1_7' title="bbox 143 384 973 439; baseline -0.005 -11"><span class='ocrx_word' id='word_1_33' title='bbox 143 398 214 428; x_wconf 90' lang='lat' dir='ltr'>ses</span> <span class='ocrx_word' id='word_1_34' title='bbox 233 398 367 439; x_wconf 90' lang='lat' dir='ltr'>passa</span> <span class='ocrx_word' id='word_1_35' title='bbox 390 390 473 435; x_wconf 90' lang='lat' dir='ltr'>est,</span> <span class='ocrx_word' id='word_1_36' title='bbox 501 386 547 426; x_wconf 93' lang='lat' dir='ltr'>in</span> <span class='ocrx_word' id='word_1_37' title='bbox 573 384 731 437; x_wconf 91' lang='lat' dir='ltr'>quibus</span> <span class='ocrx_word' id='word_1_38' title='bbox 752 389 795 426; x_wconf 89' lang='lat' dir='ltr'>et</span> <span class='ocrx_word' id='word_1_39' title='bbox 814 385 973 425; x_wconf 80' lang='lat' dir='ltr'>arcana</span> 
     </span>
     <span class='ocr_line' id='line_1_8' title="bbox 144 439 974 495; baseline -0.006 -11"><span class='ocrx_word' id='word_1_40' title='bbox 144 442 342 484; x_wconf 84' lang='lat' dir='ltr'>coelestia</span> <span class='ocrx_word' id='word_1_41' title='bbox 375 441 639 495; x_wconf 80' lang='lat' dir='ltr'>penetravit,</span> <span class='ocrx_word' id='word_1_42' title='bbox 671 445 715 482; x_wconf 92' lang='lat' dir='ltr'>et</span> <span class='ocrx_word' id='word_1_43' title='bbox 747 439 916 482; x_wconf 85' lang='lat' dir='ltr'>eximiis</span> <span class='ocrx_word' id='word_1_44' title='bbox 949 452 974 480; x_wconf 92' lang='lat' dir='ltr'>a</span> 
     </span>
     <span class='ocr_line' id='line_1_9' title="bbox 142 495 971 550; baseline -0.005 -11"><span class='ocrx_word' id='word_1_45' title='bbox 142 498 241 540; x_wconf 87' lang='lat' dir='ltr'>Deo</span> <span class='ocrx_word' id='word_1_46' title='bbox 261 498 413 550; x_wconf 82' lang='lat' dir='ltr'>gratiis</span> <span class='ocrx_word' id='word_1_47' title='bbox 432 498 650 538; x_wconf 79' lang='lat' dir='ltr'>illustrata</span> <span class='ocrx_word' id='word_1_48' title='bbox 668 496 759 537; x_wconf 88' lang='lat' dir='ltr'>fuit.</span> <span class='ocrx_word' id='word_1_49' title='bbox 792 495 875 536; x_wconf 89' lang='lat' dir='ltr'>His</span> <span class='ocrx_word' id='word_1_50' title='bbox 900 508 971 536; x_wconf 88' lang='lat' dir='ltr'>au-</span> 
     </span>
     <span class='ocr_line' id='line_1_10' title="bbox 142 553 973 604; baseline -0.005 -9"><span class='ocrx_word' id='word_1_51' title='bbox 142 559 233 596; x_wconf 91' lang='lat' dir='ltr'>tem</span> <span class='ocrx_word' id='word_1_52' title='bbox 267 556 434 595; x_wconf 87' lang='lat' dir='ltr'>munita</span> <span class='ocrx_word' id='word_1_53' title='bbox 472 553 653 604; x_wconf 88' lang='lat' dir='ltr'>longum</span> <span class='ocrx_word' id='word_1_54' title='bbox 690 553 912 593; x_wconf 77' lang='lat' dir='ltr'>certamen</span> <span class='ocrx_word' id='word_1_55' title='bbox 948 564 973 591; x_wconf 87' lang='lat' dir='ltr'>a</span> 
     </span>
     <span class='ocr_line' id='line_1_11' title="bbox 142 607 973 663; baseline -0.005 -11"><span class='ocrx_word' id='word_1_56' title='bbox 142 610 415 663; x_wconf 88' lang='lat' dir='ltr'>principibus</span> <span class='ocrx_word' id='word_1_57' title='bbox 445 609 727 651; x_wconf 82' lang='lat' dir='ltr'>tenebrarum</span> <span class='ocrx_word' id='word_1_58' title='bbox 758 607 973 656; x_wconf 83' lang='lat' dir='ltr'>sustinuit,</span> 
     </span>
     <span class='ocr_line' id='line_1_12' title="bbox 144 662 972 716; baseline -0.005 -9"><span class='ocrx_word' id='word_1_59' title='bbox 144 665 284 716; x_wconf 79' lang='lat' dir='ltr'>arida,</span> <span class='ocrx_word' id='word_1_60' title='bbox 309 666 524 715; x_wconf 79' lang='lat' dir='ltr'>desolata,</span> <span class='ocrx_word' id='word_1_61' title='bbox 551 664 606 707; x_wconf 90' lang='lat' dir='ltr'>ab</span> <span class='ocrx_word' id='word_1_62' title='bbox 631 663 832 706; x_wconf 91' lang='lat' dir='ltr'>omnibus</span> <span class='ocrx_word' id='word_1_63' title='bbox 852 662 972 704; x_wconf 92' lang='lat' dir='ltr'>dere-</span> 
     </span>
     <span class='ocr_line' id='line_1_13' title="bbox 143 719 973 773; baseline -0.006 -9"><span class='ocrx_word' id='word_1_64' title='bbox 143 722 264 773; x_wconf 90' lang='lat' dir='ltr'>licta,</span> <span class='ocrx_word' id='word_1_65' title='bbox 304 722 524 773; x_wconf 89' lang='lat' dir='ltr'>variisque</span> <span class='ocrx_word' id='word_1_66' title='bbox 555 719 871 762; x_wconf 91' lang='lat' dir='ltr'>tentationibus</span> <span class='ocrx_word' id='word_1_67' title='bbox 903 732 973 760; x_wconf 91' lang='lat' dir='ltr'>ve-</span> 
     </span>
     <span class='ocr_line' id='line_1_14' title="bbox 144 775 973 830; baseline -0.006 -10"><span class='ocrx_word' id='word_1_68' title='bbox 144 781 262 829; x_wconf 79' lang='lat' dir='ltr'>xata3</span> <span class='ocrx_word' id='word_1_69' title='bbox 285 779 382 820; x_wconf 92' lang='lat' dir='ltr'>Deo</span> <span class='ocrx_word' id='word_1_70' title='bbox 402 778 466 819; x_wconf 88' lang='lat' dir='ltr'>sic</span> <span class='ocrx_word' id='word_1_71' title='bbox 483 776 780 830; x_wconf 85' lang='lat' dir='ltr'>permittente,</span> <span class='ocrx_word' id='word_1_72' title='bbox 802 780 851 817; x_wconf 94' lang='lat' dir='ltr'>ut</span> <span class='ocrx_word' id='word_1_73' title='bbox 868 775 973 816; x_wconf 87' lang='lat' dir='ltr'>invi-</span> 
     </span>
     <span class='ocr_line' id='line_1_15' title="bbox 145 830 974 887; baseline -0.006 -11"><span class='ocrx_word' id='word_1_74' title='bbox 145 839 228 876; x_wconf 90' lang='lat' dir='ltr'>ctae</span> <span class='ocrx_word' id='word_1_75' title='bbox 261 834 504 887; x_wconf 68' lang='lat' dir='ltr'>patientiae,</span> <span class='ocrx_word' id='word_1_76' title='bbox 536 846 587 875; x_wconf 91' lang='lat' dir='ltr'>ac</span> <span class='ocrx_word' id='word_1_77' title='bbox 618 830 974 885; x_wconf 74' lang='lat' dir='ltr'>profundissimae</span> 
     </span>
     <span class='ocr_line' id='line_1_16' title="bbox 144 887 892 941; baseline -0.004 -10"><span class='ocrx_word' id='word_1_78' title='bbox 144 889 401 932; x_wconf 78' lang='lat' dir='ltr'>humilitatis</span> <span class='ocrx_word' id='word_1_79' title='bbox 420 888 643 941; x_wconf 79' lang='lat' dir='ltr'>exemplar</span> <span class='ocrx_word' id='word_1_80' title='bbox 660 887 892 941; x_wconf 79' lang='lat' dir='ltr'>praeberet.</span> 
     </span>
    </p>

    <p class='ocr_par' dir='ltr' id='par_1_8' title="bbox 143 943 976 1221">
     <span class='ocr_line' id='line_1_17' title="bbox 194 943 974 1003; baseline -0.005 -16"><span class='ocrx_word' id='word_1_81' title='bbox 194 952 244 1003; x_wconf 65' lang='lat' dir='ltr'>R.</span> <span class='ocrx_word' id='word_1_82' title='bbox 275 945 483 987; x_wconf 79' lang='lat' dir='ltr'>Dilexisti</span> <span class='ocrx_word' id='word_1_83' title='bbox 508 945 736 997; x_wconf 85' lang='lat' dir='ltr'>justitiam,</span> <span class='ocrx_word' id='word_1_84' title='bbox 770 949 814 985; x_wconf 93' lang='lat' dir='ltr'>et</span> <span class='ocrx_word' id='word_1_85' title='bbox 839 943 974 984; x_wconf 90' lang='lat' dir='ltr'>odisti</span> 
     </span>
     <span class='ocr_line' id='line_1_18' title="bbox 145 1000 975 1054; baseline -0.005 -11"><span class='ocrx_word' id='word_1_86' title='bbox 145 1002 437 1054; x_wconf 82' lang='lat' dir='ltr'>iniquitatem:</span> <span class='ocrx_word' id='word_1_87' title='bbox 460 1007 484 1032; x_wconf 88' lang='lat'>*</span> <span class='ocrx_word' id='word_1_88' title='bbox 504 1002 750 1053; x_wconf 80' lang='lat' dir='ltr'>Propterea</span> <span class='ocrx_word' id='word_1_89' title='bbox 777 1000 903 1041; x_wconf 83' lang='lat' dir='ltr'>unxit</span> <span class='ocrx_word' id='word_1_90' title='bbox 930 1004 975 1040; x_wconf 89' lang='lat' dir='ltr'>te</span> 
     </span>
     <span class='ocr_line' id='line_1_19' title="bbox 145 1055 976 1108; baseline -0.006 -8"><span class='ocrx_word' id='word_1_91' title='bbox 145 1059 284 1108; x_wconf 90' lang='lat' dir='ltr'>Deus,</span> <span class='ocrx_word' id='word_1_92' title='bbox 335 1059 457 1099; x_wconf 87' lang='lat' dir='ltr'>Deus</span> <span class='ocrx_word' id='word_1_93' title='bbox 502 1063 604 1099; x_wconf 89' lang='lat' dir='ltr'>tuus</span> <span class='ocrx_word' id='word_1_94' title='bbox 652 1057 751 1098; x_wconf 93' lang='lat' dir='ltr'>oleo</span> <span class='ocrx_word' id='word_1_95' title='bbox 796 1055 976 1097; x_wconf 85' lang='lat' dir='ltr'>laetitiae.</span> 
     </span>
     <span class='ocr_line' id='line_1_20' title="bbox 143 1114 975 1166; baseline -0.008 -7"><span class='ocrx_word' id='word_1_96' title='bbox 143 1114 195 1166; x_wconf 66' lang='lat' dir='ltr'>V.</span> <span class='ocrx_word' id='word_1_97' title='bbox 223 1114 413 1166; x_wconf 84' lang='lat' dir='ltr'>Propter</span> <span class='ocrx_word' id='word_1_98' title='bbox 437 1114 681 1163; x_wconf 80' lang='lat' dir='ltr'>veritatem,</span> <span class='ocrx_word' id='word_1_99' title='bbox 708 1117 752 1154; x_wconf 94' lang='lat' dir='ltr'>et</span> <span class='ocrx_word' id='word_1_100' title='bbox 777 1124 975 1152; x_wconf 91' lang='lat' dir='ltr'>mansue-</span> 
     </span>
     <span class='ocr_line' id='line_1_21' title="bbox 144 1169 939 1221; baseline -0.004 -10"><span class='ocrx_word' id='word_1_101' title='bbox 144 1170 354 1220; x_wconf 78' lang='lat' dir='ltr'>tudinem,</span> <span class='ocrx_word' id='word_1_102' title='bbox 374 1175 418 1212; x_wconf 92' lang='lat' dir='ltr'>et</span> <span class='ocrx_word' id='word_1_103' title='bbox 436 1170 657 1221; x_wconf 86' lang='lat' dir='ltr'>justitiam.</span> <span class='ocrx_word' id='word_1_104' title='bbox 684 1169 939 1220; x_wconf 76' lang='lat' dir='ltr'>Propterea.</span> 
     </span>
    </p>

    <p class='ocr_par' dir='ltr' id='par_1_9' title="bbox 448 1232 675 1275">
     <span class='ocr_line' id='line_1_22' title="bbox 448 1232 675 1275; baseline -0.018 0"><span class='ocrx_word' id='word_1_105' title='bbox 448 1232 602 1275; x_wconf 84' lang='lat' dir='ltr'>Lectio</span> <span class='ocrx_word' id='word_1_106' title='bbox 622 1232 675 1273; x_wconf 87' lang='lat' dir='ltr'>vi.</span> 
     </span>
    </p>

    <p class='ocr_par' dir='ltr' id='par_1_10' title="bbox 226 1280 977 1334">
     <span class='ocr_line' id='line_1_23' title="bbox 226 1280 977 1334; baseline -0.005 -10"><span class='ocrx_word' id='word_1_107' title='bbox 226 1283 384 1324; x_wconf 76' lang='lat' dir='ltr'>aritate</span> <span class='ocrx_word' id='word_1_108' title='bbox 403 1295 507 1333; x_wconf 87' lang='lat' dir='ltr'>erga</span> <span class='ocrx_word' id='word_1_109' title='bbox 523 1281 773 1334; x_wconf 83' lang='lat' dir='ltr'>proximum</span> <span class='ocrx_word' id='word_1_110' title='bbox 792 1280 977 1331; x_wconf 79' lang='lat' dir='ltr'>singula-</span> 
     </span>
    </p>

    <p class='ocr_par' dir='ltr' id='par_1_11' title="bbox 148 1338 991 2681">
     <span class='ocr_line' id='line_1_24' title="bbox 239 1338 979 1389; baseline -0.005 -9"><span class='ocrx_word' id='word_1_111' title='bbox 239 1339 344 1380; x_wconf 87' lang='lat' dir='ltr'>riter</span> <span class='ocrx_word' id='word_1_112' title='bbox 367 1338 535 1380; x_wconf 82' lang='lat' dir='ltr'>enituit:</span> <span class='ocrx_word' id='word_1_113' title='bbox 560 1350 661 1378; x_wconf 90' lang='lat' dir='ltr'>nam</span> <span class='ocrx_word' id='word_1_114' title='bbox 685 1349 806 1389; x_wconf 89' lang='lat' dir='ltr'>saepe</span> <span class='ocrx_word' id='word_1_115' title='bbox 824 1341 979 1378; x_wconf 91' lang='lat' dir='ltr'>noctes</span> 
     </span>
     <span class='ocr_line' id='line_1_25' title="bbox 149 1392 980 1443; baseline -0.006 -6"><span class='ocrx_word' id='word_1_116' title='bbox 149 1394 339 1437; x_wconf 81' lang='lat' dir='ltr'>ducebat</span> <span class='ocrx_word' id='word_1_117' title='bbox 373 1395 611 1443; x_wconf 89' lang='lat' dir='ltr'>insomnes,</span> <span class='ocrx_word' id='word_1_118' title='bbox 656 1393 727 1435; x_wconf 92' lang='lat' dir='ltr'>vel</span> <span class='ocrx_word' id='word_1_119' title='bbox 764 1392 980 1439; x_wconf 78' lang='lat' dir='ltr'>obeundis</span> 
     </span>
     <span class='ocr_line' id='line_1_26' title="bbox 148 1449 980 1501; baseline -0.005 -8"><span class='ocrx_word' id='word_1_120' title='bbox 148 1453 352 1494; x_wconf 90' lang='lat' dir='ltr'>sororum</span> <span class='ocrx_word' id='word_1_121' title='bbox 370 1450 637 1501; x_wconf 81' lang='lat' dir='ltr'>ministeriis,</span> <span class='ocrx_word' id='word_1_122' title='bbox 657 1449 728 1494; x_wconf 92' lang='lat' dir='ltr'>vel</span> <span class='ocrx_word' id='word_1_123' title='bbox 746 1449 980 1490; x_wconf 81' lang='lat' dir='ltr'>inservien-</span> 
     </span>
     <span class='ocr_line' id='line_1_27' title="bbox 149 1504 979 1559; baseline -0.006 -10"><span class='ocrx_word' id='word_1_124' title='bbox 149 1507 208 1550; x_wconf 90' lang='lat' dir='ltr'>do</span> <span class='ocrx_word' id='word_1_125' title='bbox 231 1507 414 1548; x_wconf 90' lang='lat' dir='ltr'>infirmis</span> <span class='ocrx_word' id='word_1_126' title='bbox 439 1509 670 1559; x_wconf 81' lang='lat' dir='ltr'>occupata,</span> <span class='ocrx_word' id='word_1_127' title='bbox 699 1518 884 1557; x_wconf 91' lang='lat' dir='ltr'>quarum</span> <span class='ocrx_word' id='word_1_128' title='bbox 908 1504 979 1545; x_wconf 92' lang='lat' dir='ltr'>ali-</span> 
     </span>
     <span class='ocr_line' id='line_1_28' title="bbox 151 1561 981 1616; baseline -0.006 -11"><span class='ocrx_word' id='word_1_129' title='bbox 151 1563 329 1616; x_wconf 78' lang='lat' dir='ltr'>quando</span> <span class='ocrx_word' id='word_1_130' title='bbox 370 1563 519 1604; x_wconf 81' lang='lat' dir='ltr'>ulcera</span> <span class='ocrx_word' id='word_1_131' title='bbox 559 1561 757 1603; x_wconf 82' lang='lat' dir='ltr'>lambens</span> <span class='ocrx_word' id='word_1_132' title='bbox 799 1561 981 1602; x_wconf 76' lang='lat' dir='ltr'>sanavit.</span> 
     </span>
     <span class='ocr_line' id='line_1_29' title="bbox 149 1615 981 1671; baseline -0.005 -10"><span class='ocrx_word' id='word_1_133' title='bbox 149 1618 399 1661; x_wconf 80' lang='lat' dir='ltr'>Infidelium</span> <span class='ocrx_word' id='word_1_134' title='bbox 437 1623 481 1660; x_wconf 89' lang='lat' dir='ltr'>et</span> <span class='ocrx_word' id='word_1_135' title='bbox 516 1620 802 1671; x_wconf 89' lang='lat' dir='ltr'>peccatorum</span> <span class='ocrx_word' id='word_1_136' title='bbox 837 1615 981 1669; x_wconf 90' lang='lat' dir='ltr'>perdi-</span> 
     </span>
     <span class='ocr_line' id='line_1_30' title="bbox 150 1672 979 1724; baseline -0.005 -7"><span class='ocrx_word' id='word_1_137' title='bbox 150 1676 315 1718; x_wconf 88' lang='lat' dir='ltr'>tionem</span> <span class='ocrx_word' id='word_1_138' title='bbox 334 1677 482 1717; x_wconf 82' lang='lat' dir='ltr'>amare</span> <span class='ocrx_word' id='word_1_139' title='bbox 502 1674 684 1724; x_wconf 90' lang='lat' dir='ltr'>deflens,</span> <span class='ocrx_word' id='word_1_140' title='bbox 711 1686 758 1715; x_wconf 93' lang='lat' dir='ltr'>se</span> <span class='ocrx_word' id='word_1_141' title='bbox 782 1672 839 1715; x_wconf 92' lang='lat' dir='ltr'>ad</span> <span class='ocrx_word' id='word_1_142' title='bbox 864 1675 979 1724; x_wconf 79' lang='lat' dir='ltr'>quae-</span> 
     </span>
     <span class='ocr_line' id='line_1_31' title="bbox 151 1730 982 1784; baseline -0.006 -10"><span class='ocrx_word' id='word_1_143' title='bbox 151 1732 260 1774; x_wconf 90' lang='lat' dir='ltr'>libet</span> <span class='ocrx_word' id='word_1_144' title='bbox 283 1744 366 1784; x_wconf 94' lang='lat' dir='ltr'>pro</span> <span class='ocrx_word' id='word_1_145' title='bbox 395 1731 570 1773; x_wconf 90' lang='lat' dir='ltr'>illorum</span> <span class='ocrx_word' id='word_1_146' title='bbox 594 1730 737 1771; x_wconf 78' lang='lat' dir='ltr'>salute</span> <span class='ocrx_word' id='word_1_147' title='bbox 762 1731 982 1771; x_wconf 83' lang='lat' dir='ltr'>tormenta</span> 
     </span>
     <span class='ocr_line' id='line_1_32' title="bbox 152 1786 983 1841; baseline -0.006 -11"><span class='ocrx_word' id='word_1_148' title='bbox 152 1790 354 1841; x_wconf 78' lang='lat' dir='ltr'>paratam</span> <span class='ocrx_word' id='word_1_149' title='bbox 399 1786 624 1829; x_wconf 85' lang='lat' dir='ltr'>offerebat.</span> <span class='ocrx_word' id='word_1_150' title='bbox 685 1786 835 1828; x_wconf 89' lang='lat' dir='ltr'>Multis</span> <span class='ocrx_word' id='word_1_151' title='bbox 882 1790 983 1826; x_wconf 89' lang='lat' dir='ltr'>ante</span> 
     </span>
     <span class='ocr_line' id='line_1_33' title="bbox 154 1841 980 1893; baseline -0.006 -7"><span class='ocrx_word' id='word_1_152' title='bbox 154 1844 323 1887; x_wconf 89' lang='lat' dir='ltr'>obitum</span> <span class='ocrx_word' id='word_1_153' title='bbox 344 1843 484 1893; x_wconf 90' lang='lat' dir='ltr'>annis,</span> <span class='ocrx_word' id='word_1_154' title='bbox 511 1843 727 1884; x_wconf 83' lang='lat' dir='ltr'>universis</span> <span class='ocrx_word' id='word_1_155' title='bbox 751 1841 853 1883; x_wconf 88' lang='lat' dir='ltr'>coeli</span> <span class='ocrx_word' id='word_1_156' title='bbox 877 1841 980 1882; x_wconf 88' lang='lat' dir='ltr'>deli-</span> 
     </span>
     <span class='ocr_line' id='line_1_34' title="bbox 155 1897 982 1953; baseline -0.005 -11"><span class='ocrx_word' id='word_1_157' title='bbox 155 1901 247 1951; x_wconf 89' lang='lat' dir='ltr'>ciis,</span> <span class='ocrx_word' id='word_1_158' title='bbox 272 1900 430 1953; x_wconf 90' lang='lat' dir='ltr'>quibus</span> <span class='ocrx_word' id='word_1_159' title='bbox 453 1899 635 1952; x_wconf 86' lang='lat' dir='ltr'>copiose</span> <span class='ocrx_word' id='word_1_160' title='bbox 659 1898 884 1948; x_wconf 81' lang='lat' dir='ltr'>affluebat,</span> <span class='ocrx_word' id='word_1_161' title='bbox 910 1897 982 1939; x_wconf 90' lang='lat' dir='ltr'>he-</span> 
     </span>
     <span class='ocr_line' id='line_1_35' title="bbox 154 1953 983 2005; baseline -0.005 -7"><span class='ocrx_word' id='word_1_162' title='bbox 154 1957 276 1999; x_wconf 91' lang='lat' dir='ltr'>roica</span> <span class='ocrx_word' id='word_1_163' title='bbox 294 1957 457 1998; x_wconf 83' lang='lat' dir='ltr'>virtute</span> <span class='ocrx_word' id='word_1_164' title='bbox 477 1955 746 2005; x_wconf 69' lang='lat' dir='ltr'>rensintians,</span> <span class='ocrx_word' id='word_1_165' title='bbox 774 1953 884 1995; x_wconf 94' lang='lat' dir='ltr'>illud</span> <span class='ocrx_word' id='word_1_166' title='bbox 903 1954 983 1995; x_wconf 90' lang='lat' dir='ltr'>fre-</span> 
     </span>
     <span class='ocr_line' id='line_1_36' title="bbox 156 2011 986 2065; baseline -0.005 -11"><span class='ocrx_word' id='word_1_167' title='bbox 156 2015 340 2065; x_wconf 79' lang='lat' dir='ltr'>quenter</span> <span class='ocrx_word' id='word_1_168' title='bbox 363 2013 408 2053; x_wconf 90' lang='lat' dir='ltr'>in</span> <span class='ocrx_word' id='word_1_169' title='bbox 432 2025 508 2054; x_wconf 93' lang='lat' dir='ltr'>ore</span> <span class='ocrx_word' id='word_1_170' title='bbox 531 2011 736 2054; x_wconf 81' lang='lat' dir='ltr'>habebat:</span> <span class='ocrx_word' id='word_1_171' title='bbox 761 2011 873 2060; x_wconf 91' lang='lat' dir='ltr'>Pati,</span> <span class='ocrx_word' id='word_1_172' title='bbox 898 2023 986 2051; x_wconf 94' lang='lat' dir='ltr'>non</span> 
     </span>
     <span class='ocr_line' id='line_1_37' title="bbox 155 2065 985 2118; baseline -0.006 -8"><span class='ocrx_word' id='word_1_173' title='bbox 155 2069 279 2111; x_wconf 91' lang='lat' dir='ltr'>mori.</span> <span class='ocrx_word' id='word_1_174' title='bbox 326 2067 526 2110; x_wconf 84' lang='lat' dir='ltr'>Tandem</span> <span class='ocrx_word' id='word_1_175' title='bbox 553 2067 685 2118; x_wconf 89' lang='lat' dir='ltr'>longa</span> <span class='ocrx_word' id='word_1_176' title='bbox 714 2072 758 2109; x_wconf 93' lang='lat' dir='ltr'>et</span> <span class='ocrx_word' id='word_1_177' title='bbox 785 2065 985 2117; x_wconf 83' lang='lat' dir='ltr'>gravissi-</span> 
     </span>
     <span class='ocr_line' id='line_1_38' title="bbox 157 2121 988 2174; baseline -0.007 -7"><span class='ocrx_word' id='word_1_178' title='bbox 157 2139 229 2167; x_wconf 90' lang='lat' dir='ltr'>ma</span> <span class='ocrx_word' id='word_1_179' title='bbox 254 2125 506 2166; x_wconf 74' lang='lat' dir='ltr'>infirmitate</span> <span class='ocrx_word' id='word_1_180' title='bbox 533 2124 760 2174; x_wconf 79' lang='lat' dir='ltr'>exhausta,</span> <span class='ocrx_word' id='word_1_181' title='bbox 787 2121 988 2164; x_wconf 83' lang='lat' dir='ltr'>transivit</span> 
     </span>
     <span class='ocr_line' id='line_1_39' title="bbox 157 2178 988 2234; baseline -0.007 -10"><span class='ocrx_word' id='word_1_182' title='bbox 157 2182 215 2224; x_wconf 88' lang='lat' dir='ltr'>ad</span> <span class='ocrx_word' id='word_1_183' title='bbox 241 2194 471 2234; x_wconf 81' lang='lat' dir='ltr'>sponsum,</span> <span class='ocrx_word' id='word_1_184' title='bbox 499 2180 570 2222; x_wconf 92' lang='lat' dir='ltr'>die</span> <span class='ocrx_word' id='word_1_185' title='bbox 597 2180 810 2232; x_wconf 85' lang='lat' dir='ltr'>vigesima</span> <span class='ocrx_word' id='word_1_186' title='bbox 837 2178 988 2230; x_wconf 91' lang='lat' dir='ltr'>quinta</span> 
     </span>
     <span class='ocr_line' id='line_1_40' title="bbox 157 2234 988 2290; baseline -0.006 -11"><span class='ocrx_word' id='word_1_187' title='bbox 157 2238 269 2290; x_wconf 88' lang='lat' dir='ltr'>Maji,</span> <span class='ocrx_word' id='word_1_188' title='bbox 289 2250 403 2279; x_wconf 92' lang='lat' dir='ltr'>anno</span> <span class='ocrx_word' id='word_1_189' title='bbox 419 2236 650 2278; x_wconf 84' lang='lat' dir='ltr'>millesimo</span> <span class='ocrx_word' id='word_1_190' title='bbox 666 2234 988 2277; x_wconf 84' lang='lat' dir='ltr'>sexcentesimo</span> 
     </span>
     <span class='ocr_line' id='line_1_41' title="bbox 158 2289 987 2346; baseline -0.006 -11"><span class='ocrx_word' id='word_1_191' title='bbox 158 2294 364 2346; x_wconf 81' lang='lat' dir='ltr'>septimo,</span> <span class='ocrx_word' id='word_1_192' title='bbox 397 2292 574 2345; x_wconf 79' lang='lat' dir='ltr'>expleto</span> <span class='ocrx_word' id='word_1_193' title='bbox 603 2305 718 2334; x_wconf 89' lang='lat' dir='ltr'>anno</span> <span class='ocrx_word' id='word_1_194' title='bbox 749 2289 987 2343; x_wconf 82' lang='lat' dir='ltr'>quadrage-</span> 
     </span>
     <span class='ocr_line' id='line_1_42' title="bbox 159 2345 989 2402; baseline -0.006 -11"><span class='ocrx_word' id='word_1_195' title='bbox 159 2350 271 2392; x_wconf 90' lang='lat' dir='ltr'>simo</span> <span class='ocrx_word' id='word_1_196' title='bbox 290 2349 434 2402; x_wconf 90' lang='lat' dir='ltr'>primo</span> <span class='ocrx_word' id='word_1_197' title='bbox 454 2349 597 2390; x_wconf 77' lang='lat' dir='ltr'>aetatis</span> <span class='ocrx_word' id='word_1_198' title='bbox 616 2361 719 2389; x_wconf 79' lang='lat' dir='ltr'>suae.</span> <span class='ocrx_word' id='word_1_199' title='bbox 751 2348 861 2388; x_wconf 91' lang='lat' dir='ltr'>Eam</span> <span class='ocrx_word' id='word_1_200' title='bbox 883 2345 989 2387; x_wconf 92' lang='lat' dir='ltr'>mul-</span> 
     </span>
     <span class='ocr_line' id='line_1_43' title="bbox 157 2403 988 2457; baseline -0.006 -10"><span class='ocrx_word' id='word_1_201' title='bbox 157 2406 214 2448; x_wconf 92' lang='lat' dir='ltr'>tis</span> <span class='ocrx_word' id='word_1_202' title='bbox 233 2406 277 2446; x_wconf 94' lang='lat' dir='ltr'>in</span> <span class='ocrx_word' id='word_1_203' title='bbox 296 2406 387 2446; x_wconf 91' lang='lat' dir='ltr'>vita</span> <span class='ocrx_word' id='word_1_204' title='bbox 406 2410 450 2446; x_wconf 89' lang='lat' dir='ltr'>et</span> <span class='ocrx_word' id='word_1_205' title='bbox 472 2410 576 2457; x_wconf 93' lang='lat' dir='ltr'>post</span> <span class='ocrx_word' id='word_1_206' title='bbox 598 2409 788 2446; x_wconf 90' lang='lat' dir='ltr'>mortem</span> <span class='ocrx_word' id='word_1_207' title='bbox 804 2403 988 2444; x_wconf 80' lang='lat' dir='ltr'>miracu-</span> 
     </span>
     <span class='ocr_line' id='line_1_44' title="bbox 158 2460 988 2511; baseline -0.006 -8"><span class='ocrx_word' id='word_1_208' title='bbox 158 2462 213 2503; x_wconf 91' lang='lat' dir='ltr'>lis</span> <span class='ocrx_word' id='word_1_209' title='bbox 233 2461 411 2511; x_wconf 89' lang='lat' dir='ltr'>claram,</span> <span class='ocrx_word' id='word_1_210' title='bbox 437 2461 638 2502; x_wconf 90' lang='lat' dir='ltr'>Clemens</span> <span class='ocrx_word' id='word_1_211' title='bbox 657 2472 800 2501; x_wconf 93' lang='lat' dir='ltr'>nonus</span> <span class='ocrx_word' id='word_1_212' title='bbox 820 2460 988 2499; x_wconf 77' lang='lat' dir='ltr'>sancta-</span> 
     </span>
     <span class='ocr_line' id='line_1_45' title="bbox 159 2514 990 2568; baseline -0.006 -9"><span class='ocrx_word' id='word_1_213' title='bbox 159 2531 256 2559; x_wconf 90' lang='lat' dir='ltr'>rum</span> <span class='ocrx_word' id='word_1_214' title='bbox 283 2517 499 2568; x_wconf 87' lang='lat' dir='ltr'>virginum</span> <span class='ocrx_word' id='word_1_215' title='bbox 526 2520 710 2557; x_wconf 80' lang='lat' dir='ltr'>numero</span> <span class='ocrx_word' id='word_1_216' title='bbox 738 2514 990 2566; x_wconf 84' lang='lat' dir='ltr'>adscripsit:</span> 
     </span>
     <span class='ocr_line' id='line_1_46' title="bbox 160 2569 991 2626; baseline -0.006 -11"><span class='ocrx_word' id='word_1_217' title='bbox 160 2575 281 2625; x_wconf 84' lang='lat' dir='ltr'>cujus</span> <span class='ocrx_word' id='word_1_218' title='bbox 315 2586 476 2626; x_wconf 89' lang='lat' dir='ltr'>corpus</span> <span class='ocrx_word' id='word_1_219' title='bbox 508 2572 554 2612; x_wconf 95' lang='lat' dir='ltr'>in</span> <span class='ocrx_word' id='word_1_220' title='bbox 579 2573 846 2624; x_wconf 82' lang='lat' dir='ltr'>praesentem</span> <span class='ocrx_word' id='word_1_221' title='bbox 874 2569 991 2612; x_wconf 92' lang='lat' dir='ltr'>diem</span> 
     </span>
     <span class='ocr_line' id='line_1_47' title="bbox 161 2629 776 2681; baseline -0.005 -12"><span class='ocrx_word' id='word_1_222' title='bbox 161 2629 462 2681; x_wconf 81' lang='lat' dir='ltr'>incorruptum</span> <span class='ocrx_word' id='word_1_223' title='bbox 481 2629 776 2669; x_wconf 83' lang='lat' dir='ltr'>conservatur.</span> 
     </span>
    </p>

    <p class='ocr_par' dir='ltr' id='par_1_12' title="bbox 209 2682 778 2737">
     <span class='ocr_line' id='line_1_48' title="bbox 209 2682 778 2737; baseline -0.007 -10"><span class='ocrx_word' id='word_1_224' title='bbox 209 2686 259 2737; x_wconf 61' lang='lat' dir='ltr'>Rs.</span> <span class='ocrx_word' id='word_1_225' title='bbox 290 2685 540 2727; x_wconf 78' lang='lat' dir='ltr'>Afferentur</span> <span class='ocrx_word' id='word_1_226' title='bbox 559 2683 682 2733; x_wconf 86' lang='lat' dir='ltr'>Regi.</span> <span class='ocrx_word' id='word_1_227' title='bbox 702 2682 778 2734; x_wconf 90' lang='lat'>[91]</span> 
     </span>
    </p>
   </div>
   <div class='ocr_carea' id='block_1_8' title="bbox 1023 363 1874 2733">
    <p class='ocr_par' dir='ltr' id='par_1_13' title="bbox 1023 363 1856 535">
     <span class='ocr_line' id='line_1_49' title="bbox 1023 363 1856 412; baseline -0.004 -8"><span class='ocrx_word' id='word_1_228' title='bbox 1023 367 1252 412; x_wconf 71' lang='lat' dir='ltr'>virginibus</span> <span class='ocrx_word' id='word_1_229' title='bbox 1271 370 1317 403; x_wconf 78' lang='lat' dir='ltr'>de</span> <span class='ocrx_word' id='word_1_230' title='bbox 1338 369 1474 403; x_wconf 68' lang='lat' dir='ltr'>eodem</span> <span class='ocrx_word' id='word_1_231' title='bbox 1492 368 1596 403; x_wconf 73' lang='lat' dir='ltr'>Coffi.</span> <span class='ocrx_word' id='word_1_232' title='bbox 1622 369 1648 402; x_wconf 84' lang='lat'>1.</span> <span class='ocrx_word' id='word_1_233' title='bbox 1667 368 1764 403; x_wconf 84' lang='lat' dir='ltr'>loeo.</span> <span class='ocrx_word' id='word_1_234' title='bbox 1785 363 1856 406; x_wconf 86' lang='lat'>[93]</span> 
     </span>
     <span class='ocr_line' id='line_1_50' title="bbox 1066 433 1810 476; baseline -0.005 -6"><span class='ocrx_word' id='word_1_235' title='bbox 1066 437 1141 470; x_wconf 86' lang='lat' dir='ltr'>Pro</span> <span class='ocrx_word' id='word_1_236' title='bbox 1167 435 1308 469; x_wconf 75' lang='lat' dir='ltr'>Sancto</span> <span class='ocrx_word' id='word_1_237' title='bbox 1334 434 1484 468; x_wconf 62' lang='lat' dir='ltr'>{Ioanne</span> <span class='ocrx_word' id='word_1_238' title='bbox 1511 433 1617 476; x_wconf 72' lang='lat' dir='ltr'>l&#39;apa</span> <span class='ocrx_word' id='word_1_239' title='bbox 1644 438 1679 466; x_wconf 83' lang='lat' dir='ltr'>et</span> <span class='ocrx_word' id='word_1_240' title='bbox 1703 433 1810 467; x_wconf 74' lang='lat' dir='ltr'>Mart.</span> 
     </span>
     <span class='ocr_line' id='line_1_51' title="bbox 1323 495 1549 535; baseline -0.009 0"><span class='ocrx_word' id='word_1_241' title='bbox 1323 495 1475 535; x_wconf 80' lang='lat' dir='ltr'>Lectio</span> <span class='ocrx_word' id='word_1_242' title='bbox 1496 495 1549 533; x_wconf 75' lang='lat' dir='ltr'>ix.</span> 
     </span>
    </p>

    <p class='ocr_par' dir='ltr' id='par_1_14' title="bbox 1025 551 1874 2733">
     <span class='ocr_line' id='line_1_52' title="bbox 1035 551 1858 607; baseline -0.001 -16"><span class='ocrx_word' id='word_1_243' title='bbox 1035 574 1060 603; x_wconf 41' lang='grc' dir='ltr'>,μ</span> <span class='ocrx_word' id='word_1_244' title='bbox 1081 576 1095 607; x_wconf 62' lang='lat'>3</span> <span class='ocrx_word' id='word_1_245' title='bbox 1109 553 1492 594; x_wconf 76' lang='lat' dir='ltr'>oannesEtruscus</span> <span class='ocrx_word' id='word_1_246' title='bbox 1501 552 1525 591; x_wconf 91' lang='lat' dir='ltr'><strong>J</strong></span> <span class='ocrx_word' id='word_1_247' title='bbox 1527 553 1673 592; x_wconf 88' lang='lat' dir='ltr'>ustino</span> <span class='ocrx_word' id='word_1_248' title='bbox 1686 551 1858 591; x_wconf 89' lang='lat' dir='ltr'>seniore</span> 
     </span>
     <span class='ocr_line' id='line_1_53' title="bbox 1035 604 1859 662; baseline -0.006 -11"><span class='ocrx_word' id='word_1_249' title='bbox 1035 604 1059 641; x_wconf 63' lang='grc' dir='ltr'>ἱ·</span> <span class='ocrx_word' id='word_1_250' title='bbox 1124 610 1394 662; x_wconf 91' lang='lat' dir='ltr'>imperatore</span> <span class='ocrx_word' id='word_1_251' title='bbox 1444 608 1557 649; x_wconf 82' lang='lat' dir='ltr'>rexit</span> <span class='ocrx_word' id='word_1_252' title='bbox 1600 607 1859 648; x_wconf 83' lang='lat' dir='ltr'>Ecclesiam:</span> 
     </span>
     <span class='ocr_line' id='line_1_54' title="bbox 1027 663 1858 717; baseline -0.006 -9"><span class='ocrx_word' id='word_1_253' title='bbox 1027 667 1084 708; x_wconf 92' lang='lat' dir='ltr'>ad</span> <span class='ocrx_word' id='word_1_254' title='bbox 1108 678 1240 717; x_wconf 91' lang='lat' dir='ltr'>quem</span> <span class='ocrx_word' id='word_1_255' title='bbox 1268 664 1496 717; x_wconf 84' lang='lat' dir='ltr'>profectus</span> <span class='ocrx_word' id='word_1_256' title='bbox 1523 668 1590 704; x_wconf 89' lang='lat' dir='ltr'>est</span> <span class='ocrx_word' id='word_1_257' title='bbox 1614 663 1858 704; x_wconf 89' lang='lat' dir='ltr'>Constanti-</span> 
     </span>
     <span class='ocr_line' id='line_1_55' title="bbox 1025 718 1858 775; baseline -0.006 -11"><span class='ocrx_word' id='word_1_258' title='bbox 1025 722 1223 775; x_wconf 92' lang='lat' dir='ltr'>nopolim</span> <span class='ocrx_word' id='word_1_259' title='bbox 1248 720 1396 762; x_wconf 84' lang='lat' dir='ltr'>auxilii</span> <span class='ocrx_word' id='word_1_260' title='bbox 1421 732 1571 769; x_wconf 91' lang='lat' dir='ltr'>causa,</span> <span class='ocrx_word' id='word_1_261' title='bbox 1601 719 1721 770; x_wconf 93' lang='lat' dir='ltr'>quod</span> <span class='ocrx_word' id='word_1_262' title='bbox 1746 718 1858 759; x_wconf 93' lang='lat' dir='ltr'>The—</span> 
     </span>
     <span class='ocr_line' id='line_1_56' title="bbox 1027 774 1860 820; baseline -0.006 0"><span class='ocrx_word' id='word_1_263' title='bbox 1027 778 1234 820; x_wconf 90' lang='lat' dir='ltr'>odoricus</span> <span class='ocrx_word' id='word_1_264' title='bbox 1259 789 1337 818; x_wconf 83' lang='lat' dir='ltr'>rex</span> <span class='ocrx_word' id='word_1_265' title='bbox 1363 776 1597 817; x_wconf 79' lang='lat' dir='ltr'>haereticus</span> <span class='ocrx_word' id='word_1_266' title='bbox 1623 774 1860 816; x_wconf 80' lang='lat' dir='ltr'>divexabat</span> 
     </span>
     <span class='ocr_line' id='line_1_57' title="bbox 1026 831 1860 884; baseline -0.006 -8"><span class='ocrx_word' id='word_1_267' title='bbox 1026 835 1212 877; x_wconf 79' lang='lat' dir='ltr'>Italiam:</span> <span class='ocrx_word' id='word_1_268' title='bbox 1238 834 1358 884; x_wconf 89' lang='lat' dir='ltr'>cujus</span> <span class='ocrx_word' id='word_1_269' title='bbox 1383 833 1515 874; x_wconf 82' lang='lat' dir='ltr'>etiam</span> <span class='ocrx_word' id='word_1_270' title='bbox 1538 832 1621 873; x_wconf 93' lang='lat' dir='ltr'>iter</span> <span class='ocrx_word' id='word_1_271' title='bbox 1640 831 1763 872; x_wconf 88' lang='lat' dir='ltr'>Deus</span> <span class='ocrx_word' id='word_1_272' title='bbox 1785 831 1860 871; x_wconf 92' lang='lat' dir='ltr'>mi-</span> 
     </span>
     <span class='ocr_line' id='line_1_58' title="bbox 1027 887 1861 932; baseline -0.006 0"><span class='ocrx_word' id='word_1_273' title='bbox 1027 890 1189 932; x_wconf 78' lang='lat' dir='ltr'>raculis</span> <span class='ocrx_word' id='word_1_274' title='bbox 1224 889 1471 930; x_wconf 82' lang='lat' dir='ltr'>illustravit.</span> <span class='ocrx_word' id='word_1_275' title='bbox 1533 888 1649 928; x_wconf 88' lang='lat' dir='ltr'>Nam</span> <span class='ocrx_word' id='word_1_276' title='bbox 1685 900 1784 928; x_wconf 93' lang='lat' dir='ltr'>cum</span> <span class='ocrx_word' id='word_1_277' title='bbox 1821 887 1861 927; x_wconf 91' lang='lat' dir='ltr'>ei</span> 
     </span>
     <span class='ocr_line' id='line_1_59' title="bbox 1027 943 1861 994; baseline -0.006 -7"><span class='ocrx_word' id='word_1_278' title='bbox 1027 946 1187 988; x_wconf 83' lang='lat' dir='ltr'>nobilis</span> <span class='ocrx_word' id='word_1_279' title='bbox 1219 946 1286 986; x_wconf 91' lang='lat' dir='ltr'>vir</span> <span class='ocrx_word' id='word_1_280' title='bbox 1316 944 1374 986; x_wconf 92' lang='lat' dir='ltr'>ad</span> <span class='ocrx_word' id='word_1_281' title='bbox 1404 943 1662 986; x_wconf 89' lang='lat' dir='ltr'>Corinthum</span> <span class='ocrx_word' id='word_1_282' title='bbox 1689 955 1861 994; x_wconf 90' lang='lat' dir='ltr'>equum,</span> 
     </span>
     <span class='ocr_line' id='line_1_60' title="bbox 1030 998 1861 1055; baseline -0.006 -11"><span class='ocrx_word' id='word_1_283' title='bbox 1030 1015 1117 1055; x_wconf 92' lang='lat' dir='ltr'>quo</span> <span class='ocrx_word' id='word_1_284' title='bbox 1143 1003 1234 1053; x_wconf 89' lang='lat' dir='ltr'>ejus</span> <span class='ocrx_word' id='word_1_285' title='bbox 1257 1014 1370 1042; x_wconf 83' lang='lat' dir='ltr'>uxor</span> <span class='ocrx_word' id='word_1_286' title='bbox 1392 1001 1626 1041; x_wconf 82' lang='lat' dir='ltr'>mansueto</span> <span class='ocrx_word' id='word_1_287' title='bbox 1646 998 1861 1047; x_wconf 78' lang='lat' dir='ltr'>utebatur,</span> 
     </span>
     <span class='ocr_line' id='line_1_61' title="bbox 1028 1054 1862 1104; baseline -0.007 -4"><span class='ocrx_word' id='word_1_288' title='bbox 1028 1058 1197 1100; x_wconf 90' lang='lat' dir='ltr'>itineris</span> <span class='ocrx_word' id='word_1_289' title='bbox 1218 1070 1351 1099; x_wconf 89' lang='lat' dir='ltr'>causa</span> <span class='ocrx_word' id='word_1_290' title='bbox 1376 1055 1674 1104; x_wconf 78' lang='lat' dir='ltr'>comodasset,</span> <span class='ocrx_word' id='word_1_291' title='bbox 1699 1054 1862 1096; x_wconf 92' lang='lat' dir='ltr'>factum</span> 
     </span>
     <span class='ocr_line' id='line_1_62' title="bbox 1030 1112 1863 1164; baseline -0.007 -8"><span class='ocrx_word' id='word_1_292' title='bbox 1030 1119 1113 1164; x_wconf 90' lang='lat' dir='ltr'>est,</span> <span class='ocrx_word' id='word_1_293' title='bbox 1155 1119 1204 1155; x_wconf 92' lang='lat' dir='ltr'>ut</span> <span class='ocrx_word' id='word_1_294' title='bbox 1241 1113 1421 1155; x_wconf 92' lang='lat' dir='ltr'>domino</span> <span class='ocrx_word' id='word_1_295' title='bbox 1458 1114 1617 1164; x_wconf 89' lang='lat' dir='ltr'>postea</span> <span class='ocrx_word' id='word_1_296' title='bbox 1653 1112 1863 1151; x_wconf 89' lang='lat' dir='ltr'>remissus</span> 
     </span>
     <span class='ocr_line' id='line_1_63' title="bbox 1031 1166 1862 1222; baseline -0.006 -11"><span class='ocrx_word' id='word_1_297' title='bbox 1031 1183 1186 1222; x_wconf 89' lang='lat' dir='ltr'>equus,</span> <span class='ocrx_word' id='word_1_298' title='bbox 1219 1170 1281 1210; x_wconf 90' lang='lat' dir='ltr'>ita</span> <span class='ocrx_word' id='word_1_299' title='bbox 1306 1169 1432 1210; x_wconf 84' lang='lat' dir='ltr'>ferox</span> <span class='ocrx_word' id='word_1_300' title='bbox 1457 1166 1682 1215; x_wconf 78' lang='lat' dir='ltr'>evaderet,</span> <span class='ocrx_word' id='word_1_301' title='bbox 1715 1171 1764 1208; x_wconf 88' lang='lat' dir='ltr'>ut</span> <span class='ocrx_word' id='word_1_302' title='bbox 1782 1166 1862 1206; x_wconf 83' lang='lat' dir='ltr'>fre-</span> 
     </span>
     <span class='ocr_line' id='line_1_64' title="bbox 1029 1222 1863 1275; baseline -0.007 -8"><span class='ocrx_word' id='word_1_303' title='bbox 1029 1227 1138 1267; x_wconf 88' lang='lat' dir='ltr'>mitu</span> <span class='ocrx_word' id='word_1_304' title='bbox 1163 1231 1206 1267; x_wconf 92' lang='lat' dir='ltr'>et</span> <span class='ocrx_word' id='word_1_305' title='bbox 1233 1227 1370 1266; x_wconf 90' lang='lat' dir='ltr'>totius</span> <span class='ocrx_word' id='word_1_306' title='bbox 1397 1223 1597 1275; x_wconf 90' lang='lat' dir='ltr'>corporis</span> <span class='ocrx_word' id='word_1_307' title='bbox 1623 1222 1863 1272; x_wconf 83' lang='lat' dir='ltr'>agitatione</span> 
     </span>
     <span class='ocr_line' id='line_1_65' title="bbox 1031 1279 1864 1334; baseline -0.007 -11"><span class='ocrx_word' id='word_1_308' title='bbox 1031 1294 1205 1334; x_wconf 88' lang='lat' dir='ltr'>semper</span> <span class='ocrx_word' id='word_1_309' title='bbox 1234 1280 1443 1332; x_wconf 90' lang='lat' dir='ltr'>deinceps</span> <span class='ocrx_word' id='word_1_310' title='bbox 1475 1279 1698 1320; x_wconf 91' lang='lat' dir='ltr'>dominam</span> <span class='ocrx_word' id='word_1_311' title='bbox 1730 1281 1864 1330; x_wconf 75' lang='lat' dir='ltr'>expli-</span> 
     </span>
     <span class='ocr_line' id='line_1_66' title="bbox 1030 1333 1863 1388; baseline -0.007 -9"><span class='ocrx_word' id='word_1_312' title='bbox 1030 1338 1143 1379; x_wconf 90' lang='lat' dir='ltr'>lerit:</span> <span class='ocrx_word' id='word_1_313' title='bbox 1162 1342 1387 1388; x_wconf 87' lang='lat' dir='ltr'>tamquam</span> <span class='ocrx_word' id='word_1_314' title='bbox 1401 1334 1700 1385; x_wconf 78' lang='lat' dir='ltr'>indignaretur</span> <span class='ocrx_word' id='word_1_315' title='bbox 1715 1333 1863 1374; x_wconf 90' lang='lat' dir='ltr'>mulie-</span> 
     </span>
     <span class='ocr_line' id='line_1_67' title="bbox 1031 1390 1862 1445; baseline -0.007 -10"><span class='ocrx_word' id='word_1_316' title='bbox 1031 1407 1126 1435; x_wconf 91' lang='lat' dir='ltr'>rem</span> <span class='ocrx_word' id='word_1_317' title='bbox 1158 1395 1373 1445; x_wconf 90' lang='lat' dir='ltr'>recipere‚</span> <span class='ocrx_word' id='word_1_318' title='bbox 1406 1404 1461 1432; x_wconf 84' lang='lat' dir='ltr'>ex</span> <span class='ocrx_word' id='word_1_319' title='bbox 1491 1403 1578 1442; x_wconf 93' lang='lat' dir='ltr'>quo</span> <span class='ocrx_word' id='word_1_320' title='bbox 1607 1390 1795 1431; x_wconf 88' lang='lat' dir='ltr'>sedisset</span> <span class='ocrx_word' id='word_1_321' title='bbox 1822 1390 1862 1429; x_wconf 93' lang='lat' dir='ltr'>in</span> 
     </span>
     <span class='ocr_line' id='line_1_68' title="bbox 1033 1446 1864 1496; baseline -0.008 -4"><span class='ocrx_word' id='word_1_322' title='bbox 1033 1463 1086 1492; x_wconf 90' lang='lat' dir='ltr'>eo</span> <span class='ocrx_word' id='word_1_323' title='bbox 1118 1450 1223 1490; x_wconf 86' lang='lat' dir='ltr'>Jesu</span> <span class='ocrx_word' id='word_1_324' title='bbox 1256 1448 1416 1489; x_wconf 88' lang='lat' dir='ltr'>Christi</span> <span class='ocrx_word' id='word_1_325' title='bbox 1446 1447 1661 1489; x_wconf 81' lang='lat' dir='ltr'>Vicarius.</span> <span class='ocrx_word' id='word_1_326' title='bbox 1707 1446 1864 1496; x_wconf 84' lang='lat' dir='ltr'>Quam—</span> 
     </span>
     <span class='ocr_line' id='line_1_69' title="bbox 1034 1502 1865 1557; baseline -0.008 -9"><span class='ocrx_word' id='word_1_327' title='bbox 1034 1506 1187 1557; x_wconf 81' lang='lat' dir='ltr'>obrem</span> <span class='ocrx_word' id='word_1_328' title='bbox 1215 1505 1277 1545; x_wconf 92' lang='lat' dir='ltr'>illi</span> <span class='ocrx_word' id='word_1_329' title='bbox 1311 1517 1473 1556; x_wconf 90' lang='lat' dir='ltr'>equum</span> <span class='ocrx_word' id='word_1_330' title='bbox 1500 1502 1705 1544; x_wconf 89' lang='lat' dir='ltr'>Pontifici</span> <span class='ocrx_word' id='word_1_331' title='bbox 1733 1502 1865 1543; x_wconf 86' lang='lat' dir='ltr'>dona-</span> 
     </span>
     <span class='ocr_line' id='line_1_70' title="bbox 1033 1558 1867 1610; baseline -0.007 -7"><span class='ocrx_word' id='word_1_332' title='bbox 1033 1564 1200 1603; x_wconf 81' lang='lat' dir='ltr'>verunt.</span> <span class='ocrx_word' id='word_1_333' title='bbox 1221 1561 1309 1602; x_wconf 87' lang='lat' dir='ltr'>Sed</span> <span class='ocrx_word' id='word_1_334' title='bbox 1324 1559 1432 1601; x_wconf 91' lang='lat' dir='ltr'>illud</span> <span class='ocrx_word' id='word_1_335' title='bbox 1445 1560 1583 1610; x_wconf 87' lang='lat' dir='ltr'>majus</span> <span class='ocrx_word' id='word_1_336' title='bbox 1597 1558 1867 1606; x_wconf 78' lang='lat' dir='ltr'>miraculum,</span> 
     </span>
     <span class='ocr_line' id='line_1_71' title="bbox 1036 1613 1867 1671; baseline -0.008 -11"><span class='ocrx_word' id='word_1_337' title='bbox 1036 1617 1156 1671; x_wconf 93' lang='lat' dir='ltr'>quod</span> <span class='ocrx_word' id='word_1_338' title='bbox 1202 1615 1605 1668; x_wconf 84' lang='lat' dir='ltr'>Constantinopoli,</span> <span class='ocrx_word' id='word_1_339' title='bbox 1656 1615 1701 1654; x_wconf 96' lang='lat' dir='ltr'>in</span> <span class='ocrx_word' id='word_1_340' title='bbox 1747 1613 1867 1654; x_wconf 76' lang='lat' dir='ltr'>aditu</span> 
     </span>
     <span class='ocr_line' id='line_1_72' title="bbox 1034 1670 1868 1728; baseline -0.01 -11"><span class='ocrx_word' id='word_1_341' title='bbox 1034 1680 1178 1728; x_wconf 84' lang='lat' dir='ltr'>portae</span> <span class='ocrx_word' id='word_1_342' title='bbox 1199 1677 1356 1721; x_wconf 78' lang='lat' dir='ltr'>aureae,</span> <span class='ocrx_word' id='word_1_343' title='bbox 1376 1673 1652 1724; x_wconf 76' lang='lat' dir='ltr'>inspectante</span> <span class='ocrx_word' id='word_1_344' title='bbox 1668 1670 1868 1721; x_wconf 90' lang='lat' dir='ltr'>frequen-</span> 
     </span>
     <span class='ocr_line' id='line_1_73' title="bbox 1034 1726 1868 1782; baseline -0.007 -10"><span class='ocrx_word' id='word_1_345' title='bbox 1034 1731 1205 1773; x_wconf 88' lang='lat' dir='ltr'>tissimo</span> <span class='ocrx_word' id='word_1_346' title='bbox 1221 1728 1402 1782; x_wconf 90' lang='lat' dir='ltr'>populo,</span> <span class='ocrx_word' id='word_1_347' title='bbox 1423 1728 1498 1779; x_wconf 89' lang='lat' dir='ltr'>qui</span> <span class='ocrx_word' id='word_1_348' title='bbox 1516 1740 1603 1768; x_wconf 92' lang='lat' dir='ltr'>una</span> <span class='ocrx_word' id='word_1_349' title='bbox 1621 1740 1721 1768; x_wconf 91' lang='lat' dir='ltr'>cum</span> <span class='ocrx_word' id='word_1_350' title='bbox 1736 1726 1868 1778; x_wconf 89' lang='lat' dir='ltr'>impe-</span> 
     </span>
     <span class='ocr_line' id='line_1_74' title="bbox 1036 1783 1868 1828; baseline -0.007 0"><span class='ocrx_word' id='word_1_351' title='bbox 1036 1789 1182 1828; x_wconf 86' lang='lat' dir='ltr'>ratore</span> <span class='ocrx_word' id='word_1_352' title='bbox 1204 1785 1410 1826; x_wconf 89' lang='lat' dir='ltr'>Pontifici</span> <span class='ocrx_word' id='word_1_353' title='bbox 1435 1783 1615 1825; x_wconf 89' lang='lat' dir='ltr'>honoris</span> <span class='ocrx_word' id='word_1_354' title='bbox 1642 1795 1774 1824; x_wconf 88' lang='lat' dir='ltr'>causa</span> <span class='ocrx_word' id='word_1_355' title='bbox 1799 1794 1868 1822; x_wconf 92' lang='lat' dir='ltr'>oc-</span> 
     </span>
     <span class='ocr_line' id='line_1_75' title="bbox 1037 1836 1870 1890; baseline -0.008 -5"><span class='ocrx_word' id='word_1_356' title='bbox 1037 1846 1243 1890; x_wconf 77' lang='lat' dir='ltr'>currerat,</span> <span class='ocrx_word' id='word_1_357' title='bbox 1264 1854 1384 1882; x_wconf 88' lang='lat' dir='ltr'>caeco</span> <span class='ocrx_word' id='word_1_358' title='bbox 1403 1840 1550 1881; x_wconf 90' lang='lat' dir='ltr'>lumen</span> <span class='ocrx_word' id='word_1_359' title='bbox 1568 1839 1769 1880; x_wconf 89' lang='lat' dir='ltr'>restituit.</span> <span class='ocrx_word' id='word_1_360' title='bbox 1797 1836 1870 1878; x_wconf 91' lang='lat' dir='ltr'>Ad</span> 
     </span>
     <span class='ocr_line' id='line_1_76' title="bbox 1037 1893 1869 1950; baseline -0.01 -10"><span class='ocrx_word' id='word_1_361' title='bbox 1037 1899 1159 1950; x_wconf 86' lang='lat' dir='ltr'>cujus</span> <span class='ocrx_word' id='word_1_362' title='bbox 1186 1897 1325 1950; x_wconf 88' lang='lat' dir='ltr'>pedes</span> <span class='ocrx_word' id='word_1_363' title='bbox 1352 1898 1603 1949; x_wconf 82' lang='lat' dir='ltr'>prostratus</span> <span class='ocrx_word' id='word_1_364' title='bbox 1632 1894 1763 1936; x_wconf 80' lang='lat' dir='ltr'>etiam</span> <span class='ocrx_word' id='word_1_365' title='bbox 1795 1893 1869 1933; x_wconf 91' lang='lat' dir='ltr'>im-</span> 
     </span>
     <span class='ocr_line' id='line_1_77' title="bbox 1036 1949 1871 2007; baseline -0.006 -12"><span class='ocrx_word' id='word_1_366' title='bbox 1036 1957 1228 2007; x_wconf 81' lang='lat' dir='ltr'>perator,</span> <span class='ocrx_word' id='word_1_367' title='bbox 1249 1966 1348 1995; x_wconf 90' lang='lat' dir='ltr'>eum</span> <span class='ocrx_word' id='word_1_368' title='bbox 1363 1954 1598 1994; x_wconf 77' lang='lat' dir='ltr'>veneratus</span> <span class='ocrx_word' id='word_1_369' title='bbox 1614 1955 1692 1992; x_wconf 89' lang='lat' dir='ltr'>est.</span> <span class='ocrx_word' id='word_1_370' title='bbox 1719 1949 1871 1991; x_wconf 90' lang='lat' dir='ltr'>Rebus</span> 
     </span>
     <span class='ocr_line' id='line_1_78' title="bbox 1039 2006 1871 2062; baseline -0.008 -10"><span class='ocrx_word' id='word_1_371' title='bbox 1039 2023 1139 2052; x_wconf 91' lang='lat' dir='ltr'>cum</span> <span class='ocrx_word' id='word_1_372' title='bbox 1157 2010 1425 2062; x_wconf 89' lang='lat' dir='ltr'>imperatore</span> <span class='ocrx_word' id='word_1_373' title='bbox 1447 2006 1706 2060; x_wconf 88' lang='lat' dir='ltr'>compositis</span> <span class='ocrx_word' id='word_1_374' title='bbox 1724 2006 1768 2046; x_wconf 93' lang='lat' dir='ltr'>in</span> <span class='ocrx_word' id='word_1_375' title='bbox 1786 2006 1871 2046; x_wconf 79' lang='lat' dir='ltr'>Ita-</span> 
     </span>
     <span class='ocr_line' id='line_1_79' title="bbox 1038 2062 1872 2116; baseline -0.007 -9"><span class='ocrx_word' id='word_1_376' title='bbox 1038 2066 1141 2107; x_wconf 91' lang='lat' dir='ltr'>liam</span> <span class='ocrx_word' id='word_1_377' title='bbox 1177 2065 1326 2115; x_wconf 82' lang='lat' dir='ltr'>rediit,</span> <span class='ocrx_word' id='word_1_378' title='bbox 1364 2066 1600 2116; x_wconf 88' lang='lat' dir='ltr'>statimque</span> <span class='ocrx_word' id='word_1_379' title='bbox 1637 2062 1872 2115; x_wconf 90' lang='lat' dir='ltr'>epistolam</span> 
     </span>
     <span class='ocr_line' id='line_1_80' title="bbox 1040 2119 1870 2174; baseline -0.006 -11"><span class='ocrx_word' id='word_1_380' title='bbox 1040 2122 1216 2174; x_wconf 90' lang='lat' dir='ltr'>scripsit</span> <span class='ocrx_word' id='word_1_381' title='bbox 1249 2120 1306 2162; x_wconf 89' lang='lat' dir='ltr'>ad</span> <span class='ocrx_word' id='word_1_382' title='bbox 1344 2133 1498 2162; x_wconf 91' lang='lat' dir='ltr'>omnes</span> <span class='ocrx_word' id='word_1_383' title='bbox 1530 2119 1672 2160; x_wconf 78' lang='lat' dir='ltr'>Italiae</span> <span class='ocrx_word' id='word_1_384' title='bbox 1705 2120 1870 2170; x_wconf 90' lang='lat' dir='ltr'>episco-</span> 
     </span>
     <span class='ocr_line' id='line_1_81' title="bbox 1039 2173 1872 2231; baseline -0.006 -12"><span class='ocrx_word' id='word_1_385' title='bbox 1039 2191 1141 2231; x_wconf 89' lang='lat' dir='ltr'>pos,</span> <span class='ocrx_word' id='word_1_386' title='bbox 1169 2177 1323 2229; x_wconf 90' lang='lat' dir='ltr'>jubens</span> <span class='ocrx_word' id='word_1_387' title='bbox 1347 2189 1424 2218; x_wconf 89' lang='lat' dir='ltr'>eos</span> <span class='ocrx_word' id='word_1_388' title='bbox 1448 2176 1714 2217; x_wconf 92' lang='lat' dir='ltr'>Arianorum</span> <span class='ocrx_word' id='word_1_389' title='bbox 1737 2173 1872 2216; x_wconf 80' lang='lat' dir='ltr'>eccle-</span> 
     </span>
     <span class='ocr_line' id='line_1_82' title="bbox 1041 2232 1871 2276; baseline -0.007 0"><span class='ocrx_word' id='word_1_390' title='bbox 1041 2235 1128 2276; x_wconf 90' lang='lat' dir='ltr'>sias</span> <span class='ocrx_word' id='word_1_391' title='bbox 1166 2233 1222 2275; x_wconf 88' lang='lat' dir='ltr'>ad</span> <span class='ocrx_word' id='word_1_392' title='bbox 1259 2233 1523 2275; x_wconf 91' lang='lat' dir='ltr'>catholicum</span> <span class='ocrx_word' id='word_1_393' title='bbox 1558 2232 1690 2273; x_wconf 90' lang='lat' dir='ltr'>ritum</span> <span class='ocrx_word' id='word_1_394' title='bbox 1723 2242 1871 2272; x_wconf 91' lang='lat' dir='ltr'>conse-</span> 
     </span>
     <span class='ocr_line' id='line_1_83' title="bbox 1041 2287 1873 2340; baseline -0.007 -9"><span class='ocrx_word' id='word_1_395' title='bbox 1041 2293 1176 2340; x_wconf 79' lang='lat' dir='ltr'>crare,</span> <span class='ocrx_word' id='word_1_396' title='bbox 1190 2289 1298 2330; x_wconf 91' lang='lat' dir='ltr'>illud</span> <span class='ocrx_word' id='word_1_397' title='bbox 1313 2288 1593 2340; x_wconf 81' lang='lat' dir='ltr'>subiungens:</span> <span class='ocrx_word' id='word_1_398' title='bbox 1609 2287 1720 2338; x_wconf 93' lang='lat' dir='ltr'>Quia</span> <span class='ocrx_word' id='word_1_399' title='bbox 1734 2291 1778 2327; x_wconf 92' lang='lat' dir='ltr'>et</span> <span class='ocrx_word' id='word_1_400' title='bbox 1791 2298 1873 2326; x_wconf 91' lang='lat' dir='ltr'>nos</span> 
     </span>
     <span class='ocr_line' id='line_1_84' title="bbox 1043 2341 1873 2398; baseline -0.007 -11"><span class='ocrx_word' id='word_1_401' title='bbox 1043 2345 1219 2398; x_wconf 89' lang='lat' dir='ltr'>quando</span> <span class='ocrx_word' id='word_1_402' title='bbox 1266 2345 1426 2386; x_wconf 78' lang='lat' dir='ltr'>fuimus</span> <span class='ocrx_word' id='word_1_403' title='bbox 1473 2341 1873 2394; x_wconf 89' lang='lat' dir='ltr'>Constantinopoli,</span> 
     </span>
     <span class='ocr_line' id='line_1_85' title="bbox 1042 2399 1873 2454; baseline -0.008 -10"><span class='ocrx_word' id='word_1_404' title='bbox 1042 2407 1133 2444; x_wconf 89' lang='lat' dir='ltr'>tam</span> <span class='ocrx_word' id='word_1_405' title='bbox 1157 2414 1239 2454; x_wconf 91' lang='lat' dir='ltr'>pro</span> <span class='ocrx_word' id='word_1_406' title='bbox 1266 2401 1476 2452; x_wconf 89' lang='lat' dir='ltr'>religione</span> <span class='ocrx_word' id='word_1_407' title='bbox 1502 2399 1718 2441; x_wconf 91' lang='lat' dir='ltr'>catholica</span> <span class='ocrx_word' id='word_1_408' title='bbox 1743 2409 1873 2450; x_wconf 88' lang='lat' dir='ltr'>quam</span> 
     </span>
     <span class='ocr_line' id='line_1_86' title="bbox 1041 2457 1873 2511; baseline -0.007 -12"><span class='ocrx_word' id='word_1_409' title='bbox 1041 2471 1125 2511; x_wconf 93' lang='lat' dir='ltr'>pro</span> <span class='ocrx_word' id='word_1_410' title='bbox 1144 2458 1260 2508; x_wconf 87' lang='lat' dir='ltr'>regis</span> <span class='ocrx_word' id='word_1_411' title='bbox 1281 2457 1552 2498; x_wconf 87' lang='lat' dir='ltr'>Theodorici</span> <span class='ocrx_word' id='word_1_412' title='bbox 1570 2468 1718 2504; x_wconf 88' lang='lat' dir='ltr'>causa,</span> <span class='ocrx_word' id='word_1_413' title='bbox 1747 2465 1873 2505; x_wconf 88' lang='lat' dir='ltr'>quas-</span> 
     </span>
     <span class='ocr_line' id='line_1_87' title="bbox 1043 2511 1873 2566; baseline -0.007 -11"><span class='ocrx_word' id='word_1_414' title='bbox 1043 2518 1232 2566; x_wconf 83' lang='lat' dir='ltr'>cumque</span> <span class='ocrx_word' id='word_1_415' title='bbox 1250 2513 1335 2554; x_wconf 89' lang='lat' dir='ltr'>illis</span> <span class='ocrx_word' id='word_1_416' title='bbox 1353 2513 1397 2554; x_wconf 91' lang='lat' dir='ltr'>in</span> <span class='ocrx_word' id='word_1_417' title='bbox 1416 2511 1617 2565; x_wconf 77' lang='lat' dir='ltr'>partibus</span> <span class='ocrx_word' id='word_1_418' title='bbox 1637 2513 1788 2552; x_wconf 91' lang='lat' dir='ltr'>eorum</span> <span class='ocrx_word' id='word_1_419' title='bbox 1808 2521 1873 2550; x_wconf 93' lang='lat' dir='ltr'>ec-</span> 
     </span>
     <span class='ocr_line' id='line_1_88' title="bbox 1044 2563 1873 2622; baseline -0.008 -11"><span class='ocrx_word' id='word_1_420' title='bbox 1044 2570 1199 2611; x_wconf 79' lang='lat' dir='ltr'>clesias</span> <span class='ocrx_word' id='word_1_421' title='bbox 1219 2571 1413 2622; x_wconf 90' lang='lat' dir='ltr'>reperire</span> <span class='ocrx_word' id='word_1_422' title='bbox 1433 2568 1669 2620; x_wconf 81' lang='lat' dir='ltr'>potuimus,</span> <span class='ocrx_word' id='word_1_423' title='bbox 1695 2563 1873 2607; x_wconf 91' lang='lat' dir='ltr'>catholi-</span> 
     </span>
     <span class='ocr_line' id='line_1_89' title="bbox 1044 2619 1874 2671; baseline -0.01 -4"><span class='ocrx_word' id='word_1_424' title='bbox 1044 2639 1118 2667; x_wconf 94' lang='lat' dir='ltr'>cas</span> <span class='ocrx_word' id='word_1_425' title='bbox 1143 2639 1218 2667; x_wconf 90' lang='lat' dir='ltr'>eas</span> <span class='ocrx_word' id='word_1_426' title='bbox 1242 2624 1606 2666; x_wconf 82' lang='lat' dir='ltr'>consecravimus.</span> <span class='ocrx_word' id='word_1_427' title='bbox 1643 2620 1773 2671; x_wconf 92' lang='lat' dir='ltr'>Quod</span> <span class='ocrx_word' id='word_1_428' title='bbox 1798 2619 1874 2659; x_wconf 93' lang='lat' dir='ltr'>ini-</span> 
     </span>
     <span class='ocr_line' id='line_1_90' title="bbox 1046 2675 1872 2733; baseline -0.01 -10"><span class='ocrx_word' id='word_1_429' title='bbox 1046 2682 1256 2733; x_wconf 91' lang='lat' dir='ltr'>quissimo</span> <span class='ocrx_word' id='word_1_430' title='bbox 1289 2681 1434 2721; x_wconf 82' lang='lat' dir='ltr'>animo</span> <span class='ocrx_word' id='word_1_431' title='bbox 1461 2680 1607 2720; x_wconf 88' lang='lat' dir='ltr'>ferens</span> <span class='ocrx_word' id='word_1_432' title='bbox 1631 2675 1872 2718; x_wconf 90' lang='lat' dir='ltr'>Theodori-</span> 
     </span>
    </p>
   </div>
   <div class='ocr_carea' id='block_1_9' title="bbox 1026 556 1106 652">
    <p class='ocr_par' dir='ltr' id='par_1_15' title="bbox 1026 556 1106 652">
     <span class='ocr_line' id='line_1_91' title="bbox 1026 556 1106 652; baseline 0 2324"><span class='ocrx_word' id='word_1_433' title='bbox 1026 556 1106 652; x_wconf 95' lang='lat' dir='ltr'> </span> 
     </span>
    </p>
   </div>
  </div>
 </body>
</html>
