2040 2976
722 194 830 228 Fcria
858 199 966 228 sexta
992 195 1040 228 ad
1065 195 1302 229 B‘latutinum.

211 287 516 330 Misericordia
550 292 594 328 et
627 288 790 329 veritas
826 290 988 341 praece-

160 343 265 385 dent
286 344 444 386 faciem
462 349 601 385 tuam:
627 346 651 371 *
672 344 828 386 beatus
851 347 988 398 popu—

158 400 238 450 lus,
266 401 341 453 qui
369 401 453 442 scit
479 400 791 452 jubilationem.

208 457 400 499 Domine
419 457 463 498 in
478 457 642 498 lumine
661 457 809 498 vultus
828 458 894 499 tui
908 470 989 498 am-

157 513 382 565 bulabunt,
409 518 453 556 et
476 514 521 554 in
544 513 722 555 nemine
747 518 824 555 tuo
846 514 987 555 exsul-

157 570 313 612 tabunt
332 575 429 612 tota
447 570 532 612 die:
556 571 580 598 *
602 575 646 612 et
666 570 710 610 in
728 571 892 622 iustitia
911 576 987 612 tua

159 627 478 669 exaltabantur.

210 683 427 734 Quoniam
459 682 599 735 gleria
630 683 805 725 virtutis
835 685 987 724 eerum

156 743 205 780 tu
231 752 294 781 es:
317 741 341 767 *
367 744 411 782 et
438 739 483 780 in
505 739 785 792 beneplacito
813 744 891 781 tuo
917 753 986 781 ex-

157 795 365 838 altabitur
393 809 531 838 cornu
557 801 770 838 nostrum.

207 853 320 903 Quia
338 853 518 894 Domini
545 858 612 894 est
641 853 885 906 assumptio
912 865 985 894 no-

155 914 265 951 stra:
279 911 304 937 *
323 914 366 951 et
385 910 525 951 sancti
543 909 682 950 Israel
700 910 817 961 regis
836 910 986 951 nostri.

205 966 331 1008 Tunc
354 966 530 1008 locutus
555 979 602 1008 es
628 966 672 1006 in
697 966 867 1007 visiene
891 980 985 1007 san-

154 1022 238 1063 ctis
266 1023 365 1073 tuis,
394 1028 438 1064 et
467 1022 631 1064 dixisti:
655 1024 679 1049 *
704 1023 840 1064 Posui
867 1023 985 1075 adju-

154 1078 318 1120 torium
337 1079 382 1120 in
400 1081 600 1132 potente:
626 1084 671 1121 et
690 1079 881 1121 exaltavi
902 1080 984 1121 ele-

153 1139 274 1177 ctum
302 1135 357 1177 de
384 1135 515 1189 plebe
542 1149 652 1178 mea.

206 1192 359 1234 Inveni
386 1192 532 1234 David
565 1206 742 1234 servum
768 1205 929 1234 meum:
962 1195 986 1220 *

155 1249 255 1290 0100
285 1255 439 1291 sancto
468 1262 567 1291 meo
595 1249 700 1291 unxi
728 1262 837 1290 eum.

205 1306 361 1347 Manus
378 1307 493 1348 enim
510 1319 609 1348 mea
627 1306 909 1347 auxiliabitur
930 1306 984 1347 ei:

115 1378 123 1384 ·
154 1363 178 1389 *
207 1367 251 1403 et
283 1362 512 1404 brachium
539 1375 686 1404 meum
715 1361 984 1404 confortabit

155 1431 267 1460 eum.

205 1474 326 1516 Nihil
350 1475 554 1527 proficiet
576 1475 778 1516 inimicus
802 1475 846 1515 in
871 1487 936 1525 eo,
961 1477 984 1502 *

155 1535 199 1572 et
235 1530 352 1572 filius
389 1531 634 1584 iniquitatis
667 1544 757 1572 non
789 1533 984 1584 appenet

153 1589 314 1629 nocere
343 1588 395 1629 ei.

204 1643 262 1685 Et
289 1644 521 1686 concidam
548 1658 574 1686 a
600 1644 712 1686 facie
739 1644 879 1698 ipsius
907 1645 983 1686 ini-

153 1702 293 1742 micos
321 1702 429 1754 eius:
456 1702 480 1728 *
508 1706 552 1743 et
584 1700 784 1743 odientes
813 1714 913 1743 eum
940 1702 984 1742 in

155 1756 301 1808 fugam
329 1759 594 1799 convertam.

205 1814 263 1855 Et
290 1814 453 1856 veritas
477 1827 587 1865 mea,
614 1820 658 1857 et
679 1815 985 1857 misericordia

156 1883 254 1912 mea
293 1883 393 1912 cum
427 1871 546 1924 ipso:
582 1873 606 1899 *
643 1876 687 1914 et
722 1872 767 1913 in
806 1873 984 1914 nemine

155 1939 254 1968 meo
283 1927 548 1970 exaltabitur
577 1941 716 1970 cornu
745 1929 847 1981 ejus.

207 1983 264 2025 Et
279 1996 442 2036 ponam
460 1984 506 2025 in
518 1985 630 2026 mari
643 1998 821 2034 manum
840 1986 945 2038 ejus:
960 1987 984 2013 *

157 2043 201 2081 et
227 2039 273 2080 in
299 2040 552 2082 fluminibus
580 2041 809 2083 dexteram
837 2043 939 2094 ejus.

207 2096 310 2149 Ipse
338 2097 562 2139 invocabit
588 2111 676 2140 me:
704 2099 836 2140 Pater
860 2111 984 2140 meus

157 2165 204 2194 es
231 2157 299 2194 tu:
322 2154 347 2181 *
365 2154 487 2196 Deus
515 2167 651 2205 meus,
681 2160 725 2197 et
753 2157 984 2208 susceptor

157 2208 320 2251 salutis.
338 2223 460 2252 meae.

207 2265 264 2307 Et
292 2278 374 2318 ego
394 2267 734 2319 primogenitum
755 2281 918 2321 ponam
936 2268 983 2309 il—

155 2321 246 2363 lum
260 2323 284 2349 *
301 2323 522 2365 excelsum
538 2338 632 2377 prae
649 2324 826 2376 regibus
841 2329 983 2366 terrae.

207 2379 258 2419 In
286 2381 500 2421 aeternum
526 2381 713 2423 servabo
736 2380 799 2421 illi
817 2381 982 2422 miseri-

156 2435 353 2477 cordiam
371 2449 532 2478 meam:
557 2439 581 2465 *
607 2443 651 2480 et
670 2439 982 2480 testamentum

155 2504 301 2533 meum
327 2492 459 2534 fidele
485 2494 582 2546 ipsi.

175 2548 263 2590 -Et
297 2562 460 2601 ponam
497 2551 541 2591 in
585 2550 795 2592 saeculum
832 2551 982 2592 saeculi

155 2617 304 2646 semen
346 2607 456 2658 ejus:
497 2608 521 2634 *
558 2612 602 2648 et
641 2607 848 2648 thronum
891 2608 981 2660 ejus

156 2661 269 2702 sicut
297 2661 391 2703 dies
420 2663 533 2704 coeli.

207 2717 253 2758 Si
279 2722 427 2760 autem
452 2719 767 2771 dereliquerint
789 2719 870 2760 filii
888 2721 979 2772 eius

1040 288 1183 339 legem
1202 301 1362 330 meam:
1387 291 1411 316 *
1438 295 1481 331 et
1505 291 1550 331 in
1569 291 1740 343 judiciis
1759 293 1869 334 meis

1040 358 1128 386 non
1157 345 1493 388 ambulaverint:

1092 403 1136 443 Si
1151 402 1339 454 justitias
1353 415 1474 444 meas
1487 404 1831 456 profanaverint:
1845 407 1869 433 *

1042 463 1085 500 et
1103 458 1311 500 mandata
1335 472 1433 500 mea
1452 472 1540 501 non
1563 461 1869 504 custodierint:

1092 515 1298 557 Visitabo
1317 515 1362 556 in
1381 516 1504 568 virga
1522 517 1777 570 iniquitates
1798 521 1867 561 eo-

1040 584 1151 612 rum:
1183 574 1207 599 *
1236 576 1279 613 et
1314 572 1357 612 in
1392 572 1650 615 verberibus
1684 578 1867 626 peccata

1041 630 1204 669 eerum.

1091 685 1443 727 Misericordiam
1460 691 1607 728 autem
1621 701 1764 730 meam
1779 702 1868 731 non

1040 741 1292 794 dispergam
1315 742 1369 783 ab
1393 755 1460 784 eo:
1483 745 1508 770 *
1530 756 1674 795 neque
1695 746 1866 788 nocebo

1038 799 1082 839 in
1111 799 1298 840 veritate
1325 812 1438 840 mea:

1090 855 1247 907 Neque
1278 856 1523 908 profanabo
1556 860 1868 900 testamentum

1038 925 1199 953 meum:
1222 914 1246 939 *
1271 917 1315 954 et
1337 925 1436 964 quae
1458 914 1707 965 procedunt
1731 915 1787 957 de
1810 916 1866 957 la-

1038 968 1122 1010 biis
1150 969 1270 1020 meis,
1300 982 1387 1010 non
1415 969 1572 1011 faciam
1599 971 1733 1012 irrita.

1090 1026 1234 1067 Semel
1262 1026 1399 1078 juravi
1428 1027 1472 1067 in
1500 1032 1654 1069 sancto
1683 1041 1796 1079 meo,
1831 1030 1867 1070 si

1037 1082 1183 1123 David
1217 1083 1420 1124 mentiar:
1456 1085 1480 1110 *
1515 1096 1664 1125 semen
1699 1086 1789 1137 ejus
1824 1086 1867 1126 in

1038 1140 1251 1180 aeternum
1278 1139 1483 1181 manebit.

1089 1196 1146 1236 Et
1165 1195 1351 1237 thronus
1371 1197 1462 1248 ejus
1483 1197 1597 1238 sicut
1617 1197 1685 1238 sol
1702 1198 1746 1238 in
1766 1211 1866 1240 con—

1038 1253 1193 1304 spectu
1220 1265 1334 1303 meo,
1367 1254 1391 1279 *
1424 1257 1468 1294 et
1501 1253 1614 1294 sicut
1642 1254 1743 1295 luna
1770 1269 1866 1308 per-

1036 1308 1152 1349 fecta
1171 1309 1214 1348 in
1235 1310 1463 1350 aeternum:
1483 1314 1527 1351 et
1542 1310 1669 1351 testis
1687 1311 1732 1351 in
1751 1312 1865 1354 coelo

1036 1363 1190 1406 fidelis.

1087 1421 1157 1462 Tu
1179 1434 1285 1463 vero
1314 1422 1514 1475 repulisti
1539 1427 1582 1464 et
1609 1422 1866 1476 despexisti:

1037 1479 1060 1504 *
1089 1477 1300 1520 distulisti
1329 1478 1542 1520 christum
1570 1484 1704 1520 tuum.

1088 1535 1298 1576 Evertisti
1318 1537 1631 1577 testamentum
1652 1537 1768 1578 servi
1789 1538 1866 1579 tui:

1037 1592 1060 1617 *
1085 1591 1329 1643 profanasti
1350 1592 1394 1633 in
1420 1597 1539 1634 terra
1561 1593 1866 1636 Sanctuarium

1037 1648 1139 1699 ejus.

1087 1705 1359 1746 Destruxisti
1383 1718 1536 1747 omnes
1561 1719 1690 1758 sepes
1711 1707 1817 1758 ejus:
1843 1709 1866 1735 *

1036 1762 1225 1813 posuisti
1252 1762 1575 1804 firmamentum
1602 1764 1693 1815 ejus
1721 1764 1865 1805 formi-

1037 1817 1195 1859 dinem.

1088 1875 1379 1928 Diripuerunt
1412 1888 1512 1916 eum
1544 1888 1697 1917 omnes
1729 1881 1866 1918 trans-

1038 1934 1192 1972 euntes
1222 1932 1350 1973 viam:
1383 1933 1406 1959 *
1439 1932 1580 1973 factus
1610 1937 1677 1974 est
1706 1935 1865 1986 oppro-

1037 1987 1182 2029 brium
1210 1988 1365 2030 vicinis
1394 1988 1495 2029 suis.

1088 2044 1306 2086 Exaltasti
1332 2044 1560 2086 dexteram
1586 2045 1865 2098 deprimenti-

1036 2115 1111 2142 um
1139 2114 1255 2143 eum:
1287 2102 1311 2128 *
1343 2101 1580 2143 laetificasti
1608 2114 1761 2144 omnes
1788 2102 1864 2142 ini-

1035 2160 1174 2199 micos
1204 2159 1304 2210 ejus.

1087 2214 1302 2256 Avertisti
1323 2214 1588 2267 adjutorium
1601 2208 1738 2267 gladii
1758 2215 1865 2267 ejus:

1036 2271 1060 2297 *
1084 2275 1128 2311 et
1153 2283 1242 2312 non
1269 2283 1316 2312 es
1343 2271 1577 2313 auxiliatus
1604 2272 1644 2313 ei
1667 2272 1711 2312 in
1734 2271 1864 2313 bello.

1087 2327 1357 2369 Destruxisti
1396 2341 1495 2369 eum
1531 2327 1586 2370 ab
1624 2327 1863 2369 emundati-

1036 2385 1134 2424 one:
1171 2385 1195 2411 *
1233 2389 1277 2425 et
1313 2383 1466 2426 sedem
1503 2385 1593 2436 ejus
1625 2384 1670 2425 in
1702 2389 1864 2426 terram

1035 2439 1248 2481 collisisti.

1086 2497 1318 2538 Minorasti
1346 2497 1441 2539 dies
1465 2497 1679 2550 temporis
1708 2497 1812 2548 ejus:
1840 2497 1863 2522 *

1034 2553 1268 2604 perfudisti
1297 2567 1395 2595 eum
1423 2554 1690 2595 confusione.

1086 2609 1328 2662 Usquequo
1374 2611 1564 2652 Demine
1608 2609 1770 2651 avertis
1816 2608 1860 2648 in

1033 2665 1179 2706 finem:
1203 2667 1226 2693 *
1250 2666 1508 2708 exardescet
1531 2667 1645 2708 sicut
1667 2665 1779 2715 ignis
1798 2664 1863 2705 ira

1032 2721 1131 2762 tua?
