2040 2976
514 199 585 233 Die
610 200 669 233 20.
694 199 799 232 Julii.
847 198 882 233 S.
908 198 1137 242 Hieronymi
1163 199 1363 232 EEmiliani
1389 199 1497 233 Conf.

144 300 228 341 bus
256 298 446 352 praebet,
475 298 684 350 mysteria
711 296 815 338 fidei
843 295 976 348 expli-

146 356 292 405 cabat,
320 357 559 407 puerorum
584 354 731 406 capita
754 352 977 405 porrigine

145 411 264 453 foeda
285 411 559 462 abstergens,
586 415 629 451 et
652 410 871 462 patienter
893 414 977 450 tra-

145 472 268 509 ctans
289 467 485 517 curabat3
504 466 695 519 putridis
714 465 978 507 rusticorum

146 523 398 565 vulneribus
413 522 674 564 medebatur
690 535 743 563 eo
759 524 977 572 successu,
1038 554 1039 558 ,

145 585 194 621 ut
213 580 353 630 gratia
376 580 653 620 curatienum
672 578 862 620 donatus
881 591 978 620 cen-

146 638 326 678 seretur.
364 637 415 676 In
433 640 601 686 monte,
631 636 706 687 qui
725 635 978 677 Somaschae

146 693 358 742 imminet,
390 694 565 745 reperta
599 705 750 744 specu,
783 693 826 732 in
858 692 978 733 illam

146 762 194 790 se
213 748 399 798 abdidit,
424 748 499 790 ubi
518 762 565 790 se
586 749 771 799 flagellis
791 749 978 799 caedens,

146 805 239 846 dies
277 808 472 855 integros
508 806 675 857 jejunus
711 806 977 856 transigens,

146 862 346 903 oratione
364 862 407 901 in
431 861 664 914 plurimam
682 866 859 903 noctem
878 875 978 915 pro-

145 920 303 967 tracta,
338 931 472 970 super
503 918 623 960 nudo
655 931 763 959 saxo
797 918 978 960 brevem

145 987 349 1016 somnum
378 987 580 1027 carpens,
609 975 675 1017 sui
688 1008 691 1017 .
704 975 978 1028 aliorumque

145 1033 361 1072 noxarum
388 1044 544 1083 poenas
571 1031 731 1073 luebat.
774 1033 825 1073 In
852 1033 978 1083 huius

146 1101 305 1140 specus
332 1087 531 1129 interieri
558 1090 736 1129 recessu
770 1102 823 1130 ex
854 1090 978 1131 arido

146 1144 266 1185 silice
287 1144 480 1186 exstillat
503 1157 618 1196 aqua
636 1145 842 1197 precibus
863 1148 979 1188 servi

146 1201 241 1249 Dei,
260 1206 309 1241 ut
329 1205 537 1241 constans
551 1201 732 1242 traditio
749 1207 826 1250 est,
845 1203 979 1255 impe-

146 1259 281 1306 trata,
328 1270 427 1308 quae
463 1270 605 1308 usque
642 1258 686 1298 in
721 1257 979 1299 hodiernam

148 1313 265 1354 diem
290 1313 448 1365 jugiter
471 1326 669 1363 manans,
700 1319 743 1355 et
767 1314 810 1354 in
835 1316 980 1356 varias

147 1370 351 1419 regiones
385 1369 548 1418 delata,
587 1371 715 1421 aegris
748 1371 980 1413 sanitatem

147 1425 409 1477 plerumque
443 1426 658 1468 conciliat.
698 1426 898 1468 Tandem
927 1441 979 1469 ex

150 1482 430 1532 contagione,
461 1495 559 1534 quae
584 1495 664 1534 per
694 1496 868 1525 omnem
893 1485 980 1525 val-

148 1538 235 1579 lem
266 1537 493 1590 serpebat,
527 1539 632 1579 dum
663 1540 981 1590 aegrotantibus

148 1595 347 1644 inservit,
384 1600 428 1636 et
459 1596 550 1637 vita
582 1596 756 1637 functos
789 1597 981 1649 pro'priis

148 1650 340 1693 humeris
356 1651 412 1693 ad
428 1652 701 1704 sepulturam
713 1653 865 1703 defert,
881 1666 981 1694 con-

148 1709 292 1749 tracto
313 1708 488 1757 morbo,
517 1721 656 1750 annos
681 1714 810 1750 natus
836 1722 914 1750 sex
939 1715 982 1751 et

150 1764 480 1816 quinquaginta,
529 1778 660 1817 quam
703 1765 838 1818 paulo
881 1772 982 1807 ante

148 1819 433 1872 praedixerat,
495 1822 736 1874 pretiesam
793 1827 983 1864 mortem

151 1876 260 1917 obiit
288 1889 402 1918 anno
430 1877 662 1919 millesimo
690 1878 982 1930 quingentesi-

149 1945 223 1973 mo
247 1932 474 1983 trigesimo
498 1934 702 1986 septimo:
732 1947 863 1985 quem
886 1935 981 1987 plu-

150 1988 271 2030 ribus
293 1989 337 2029 in
360 1990 466 2039 vita,
496 1996 539 2032 et
564 1995 669 2043 post
692 1995 882 2032 mortem
906 1991 981 2031 mi-

151 2044 311 2085 raculis
334 2046 550 2089 illustrem
575 2047 844 2089 Benedictus
870 2045 982 2088 deci-

151 2114 250 2141 mus
285 2107 467 2153 quartus
498 2104 745 2153 beaterum,
779 2103 982 2144 Clemens

152 2169 258 2198 vero
298 2156 495 2200 decimus
534 2160 692 2201 tertius
729 2161 983 2200 sanctorum

152 2213 275 2254 fastis
295 2214 550 2257 solemniter
569 2215 817 2269 adscripsit.

199 2273 251 2324 R.
286 2274 376 2315 Iste
395 2275 543 2317 homo.
562 2276 644 2329 [72]

373 2357 423 2396 In
443 2357 515 2396 111.
536 2357 760 2396 Nocturno.

154 2420 308 2461 Lectio
333 2422 473 2462 sancti
492 2421 721 2473 Evangelii
744 2421 986 2463 secundum

436 2478 706 2519 Matthaeum.

201 2542 352 2582 Lectio
373 2541 441 2581 vii.
623 2542 726 2593 Cap.
742 2543 801 2583 19.
816 2556 853 2582 v.
869 2542 927 2581 13.

154 2599 231 2704 In
250 2603 326 2644 illo
345 2605 561 2655 tempore:
589 2602 738 2644 Oblati
762 2607 863 2644 sunt
880 2603 905 2643 J
908 2615 986 2644 esu

221 2659 411 2711 parvuli,
441 2664 488 2700 ut
515 2672 669 2699 manus
698 2659 762 2700 eis
791 2659 984 2711 impone-

155 2720 234 2765 ret,
253 2721 297 2757 et
316 2717 474 2756 oraret.
501 2716 559 2757 Et
578 2715 756 2767 reliqua.

1170 295 1359 336 Homilia
1387 297 1528 337 sancti
1555 297 1580 337 J
1583 297 1736 338 oannis

1294 351 1607 403 Chrysestomi.

1164 413 1337 447 Homilia
1361 414 1413 447 62.
1438 413 1477 446 in
1501 413 1736 447 Matthaeum.

1036 468 1203 520 C
1214 463 1419 516 discipuli
1433 467 1595 517 pueros
1607 466 1865 517 abigebant?

1060 509 1145 565 (5¹²⁴'l
1166 520 1405 570 Dignitatis
1434 533 1578 562 causa.
1616 523 1731 572 Quid
1758 536 1864 573 ergo

1139 598 1142 600 Δ
1167 575 1261 618 ille?
1287 577 1346 618 Ut
1367 577 1525 618 deceat
1543 578 1644 619 illos
1664 578 1865 620 modeste

1033 637 1201 686 sapere,
1221 634 1473 685 fastumque
1487 634 1757 676 mundanum
1773 649 1867 677 con-

1033 691 1224 739 culcare,
1253 695 1297 732 et
1315 690 1514 742 suscipit,
1544 696 1587 732 et
1610 691 1722 732 ulnis
1749 705 1864 734 com-

1031 747 1258 799 plectitur,
1287 746 1539 799 talibusque
1570 760 1751 799 regnum
1781 762 1866 790 coe-

1032 804 1176 844 lerum
1212 803 1463 855 pollicetur,
1500 803 1546 845 id
1580 804 1700 856 quo-d
1734 805 1866 846 etiam

1034 858 1144 901 dixit
1183 859 1398 911 superius.
1452 860 1508 901 Et
1543 873 1624 901 nos
1662 861 1794 911 igitur
1831 861 1866 901 si

1033 917 1237 957 velumus
1269 915 1471 957 haeredes
1506 929 1603 957 esse
1636 916 1866 965 coelorum,

1033 974 1147 1015 hanc
1171 973 1378 1014 virtutem
1403 985 1503 1013 cum
1528 971 1755 1023 diligentia
1779 987 1866 1015 ma·

1033 1043 1117 1080 gna
1145 1031 1376 1070 sectemur.
1413 1029 1514 1070 Hoc
1540 1034 1607 1070 est
1632 1030 1747 1070 enim
1773 1030 1865 1082 phi-

1033 1086 1252 1139 Iosophiae
1278 1086 1468 1135 culmen,
1498 1085 1743 1138 simplicem
1770 1100 1867 1128 esse

1034 1156 1133 1184 cum
1151 1142 1401 1195 prudentia:
1426 1142 1523 1184 haec
1542 1143 1633 1183 vita
1652 1148 1720 1184 est
1740 1145 1866 1193 ange-

1033 1199 1128 1240 lica.
1157 1199 1316 1240 Anima
1336 1200 1451 1240 enim
1470 1199 1645 1252 pueruli
1665 1200 1867 1241 emnibus

1035 1256 1168 1296 animi
1193 1255 1360 1296 morbis
1386 1258 1525 1309 vacua
1551 1260 1633 1296 est:
1666 1269 1754 1297 non
1780 1269 1867 1298 me-

1033 1313 1219 1353 meriam
1238 1312 1397 1353 retinet
1412 1312 1675 1363 injuriarum,
1697 1312 1775 1353 sed
1791 1325 1867 1353 eas

1033 1368 1271 1409 inferentes
1291 1367 1384 1409 adit
1403 1373 1450 1409 ut
1469 1370 1653 1418 amicos,
1680 1381 1732 1409 ac
1751 1369 1788 1409 si
1808 1369 1867 1409 ni-

1034 1424 1101 1465 hil*
1131 1425 1293 1465 factum
1333 1430 1460 1466 esset.
1514 1425 1572 1466 Et
1609 1426 1808 1476 quamvis
1842 1438 1867 1466 a

1034 1486 1174 1522 matre
1210 1480 1470 1522 verberibus
1511 1481 1727 1531 caedatur,
1772 1494 1867 1522 eam

1035 1551 1211 1590 semper
1240 1538 1415 1589 quaerit,
1445 1543 1488 1579 et
1517 1537 1719 1578 Omnibus
1748 1543 1866 1579 ante-

1034 1595 1170 1646 penit.

1084 1655 1136 1705 R.
1169 1651 1260 1692 Iste
1288 1655 1355 1692 est
1383 1651 1458 1703 qui
1482 1655 1583 1692 ante
1610 1651 1754 1691 Deum
1780 1664 1866 1692 ma-

1035 1721 1142 1757 gnas
1171 1707 1356 1748 virtutes
1386 1709 1595 1759 operatus
1624 1712 1707 1755 est,
1741 1712 1784 1748 et
1813 1707 1868 1748 de

1036 1764 1155 1805 omni
1194 1763 1330 1805 corde
1367 1776 1448 1804 suo
1486 1762 1683 1804 laudavit
1720 1764 1868 1803 Demi-

1034 1833 1153 1860 num:
1170 1824 1193 1847 *
1214 1821 1318 1872 Ipse
1340 1819 1586 1860 intercedat
1609 1832 1692 1871 pro
1714 1822 1868 1871 pecca-

1035 1876 1091 1917 tis
1120 1876 1316 1917 emnium
1343 1875 1623 1928 populorum.
1670 1870 1720 1921 V.
1751 1876 1868 1917 Ecce

1035 1931 1169 1973 homo
1190 1932 1282 1973 sine
1304 1931 1500 1984 querela,
1526 1944 1657 1973 verus
1676 1931 1761 1972 Dei
1781 1931 1868 1973 cul-

1035 1993 1122 2037 tor,
1160 1988 1384 2030 abstinens
1419 2001 1467 2029 se
1500 1987 1554 2029 ab
1585 1988 1704 2029 omni
1733 1990 1868 2040 epere

1035 2044 1169 2093 malo,
1196 2049 1240 2085 et
1264 2046 1527 2096 permanens
1550 2044 1594 2084 in
1618 2044 1868 2085 innocentia

1037 2113 1127 2141 sua.
1155 2101 1270 2152 Ipse.

1319 2151 1472 2192 Lectio
1492 2151 1577 2192 viii.

1105 2213 1119 2252 i
1146 2214 1341 2262 reginam
1369 2213 1454 2264 ipsi
1483 2212 1692 2255 ostendas
1722 2213 1868 2255 diade-

1129 2273 1246 2309 mate
1293 2271 1510 2317 ornatam,
1557 2281 1645 2310 non
1689 2269 1870 2321 praefert

1038 2337 1134 2365 eam
1158 2324 1287 2365 matri
1307 2325 1465 2377 pannis
1490 2324 1663 2366 detritis
1686 2328 1870 2374 vestitae,

1036 2380 1275 2432 malletque
1307 2380 1426 2421 illam
1457 2380 1669 2422 incultam
1701 2380 1869 2430 videre,

1039 2449 1170 2488 quam
1205 2438 1400 2487 reginam
1436 2436 1620 2477 mirifice
1653 2439 1869 2478 amictam.

1035 2492 1151 2534 Nam
1168 2491 1289 2544 quod
1303 2505 1439 2542 suum,
1456 2492 1577 2544 quod
1588 2492 1778 2534 alienum
1793 2498 1870 2542 est,

1037 2561 1126 2590 non
1145 2561 1199 2589 ex
1218 2550 1491 2600 paupertate,
1510 2547 1581 2589 vel
1595 2547 1770 2598 divitiis,
1790 2548 1871 2590 sed

1039 2617 1094 2646 ex
1113 2606 1262 2645 amere
1283 2604 1534 2645 existimare
1553 2604 1681 2653 solet,
1701 2609 1746 2646 et
1764 2604 1871 2644 nihil

1037 2660 1138 2712 plus
1157 2660 1352 2712 requirit,
1373 2672 1506 2711 quam
1523 2661 1789 2710 necessaria3
1810 2665 1870 2701 at-

1040 2729 1126 2768 que
1145 2721 1193 2757 ut
1212 2716 1326 2757 lacte
1345 2716 1542 2768 repletus
1565 2721 1651 2766 est,
1677 2716 1826 2758 statim
1845 2729 1871 2757 a
