2040 2976
447 247 623 281 Officium
649 247 821 280 votivum
846 246 893 279 de
917 245 952 279 S.
977 245 1126 287 Joseph
1151 245 1305 287 Sponso
1332 245 1370 278 Β.
1398 245 1443 277 Μ,
1466 245 1508 277 V.

129 339 379 389 absolvens,
425 352 524 380 cum
556 338 680 380 dicit:
723 338 837 387 Vos,
883 337 957 389 qui

128 396 269 437 secuti
303 395 408 436 estis
440 407 510 436 me
542 395 586 435 in
617 393 956 444 regeneratione,

130 450 376 502 iudicabitis
396 450 629 492 duodecim
650 450 790 491 tribus
809 449 957 490 Israel.

128 507 239 548 Haec
285 507 399 548 enim
443 506 517 547 illa
562 505 834 557 regeneratio
881 510 957 554 est,

131 575 262 615 quam
284 562 490 615 Apostoli
515 567 615 603 sunt
641 562 797 610 secuti,
827 573 958 613 quam

128 619 200 660 lex
218 619 444 670 indulgere
467 631 555 660 non
573 618 732 671 potuit,
762 629 860 669 quae
881 629 957 658 eos

129 688 262 728 super
294 674 528 716 duodecim
560 674 744 715 thronos
776 674 820 714 in
852 672 957 724 judi-

128 730 280 772 candis
311 730 546 772 duodecim
576 729 779 771 tribubus
810 728 958 777 Israel,

128 787 173 827 in
192 786 425 828 duodecim
442 786 797 827 Patriarcharum
818 784 959 834 gloria

129 842 361 896 copulavit.

181 907 247 946 Te
265 903 409 944 Deum
427 901 668 944 laudamus.
687 902 745 942 13.

300 1007 422 1048 Pro
457 1005 654 1047 Feria
687 1004 780 1046 IV.

356 1077 532 1112 Officium
558 1079 732 1113 votivum

169 1131 230 1172 de
254 1131 296 1172 S.
319 1130 509 1180 Joseph
530 1131 701 1182 Sponso
727 1131 773 1169 Β.
795 1130 849 1170 M.
869 1131 920 1171 V.

181 1194 414 1229 Confessorc
432 1195 699 1276 {Catholicae
716 1195 903 1229 Ecclesiae

484 1246 629 1276 atrono.

414 1301 673 1345 Scmiduplex.

346 1359 407 1399 In
430 1358 466 1398 Ι.
491 1355 742 1406 vesperis.

180 1423 268 1457 Ant.
294 1426 331 1457 et
352 1422 444 1466 Cap.
471 1422 517 1457 de
541 1423 661 1457 Laud.
689 1420 780 1464 [216]
811 1424 957 1457 Psalmi

129 1474 170 1505 ut
201 1470 240 1504 in
271 1470 297 1504 Ι.
326 1470 442 1513 Vcsp.
475 1471 521 1504 de
555 1471 756 1505 Communi
788 1472 956 1514 Aposto-

129 1517 263 1552 lorum.
293 1519 340 1563 [2]

440 1573 649 1624 Hymnus.

130 1632 235 1738 Te
253 1641 279 1681 J
281 1638 420 1692 oseph
441 1637 664 1702 celebrent
682 1637 853 1687 agmina
874 1639 958 1677 co'e-

182 1752 248 1794 Te
274 1751 418 1793 cuncti
440 1694 649 1814 {legg-{ent
674 1748 961 1790 christiadum

185 1864 270 1914 Qui
289 1863 432 1904 clarus
444 1805 625 1911 fflgsslt’is
644 1862 814 1912 junctus
834 1873 881 1901 es
900 1862 959 1900 in-

289 1975 421 2016 Casto
440 1918 608 2014 ἓξὲξ-ε
626 1972 808 2023 Virgini.

132 2053 264 2094 Almo
289 2064 388 2093 cum
411 2049 624 2115 tumidam
647 2048 840 2100 germine
862 2049 960 2088 con-

187 2118 620 2225 AdmiranS‚]u{1esirlr)lio
657 2159 850 2210 tangeris
891 2160 961 2198 an-

186 2275 353 2316 Afflatu
374 2230 747 2326 superlilffi'aminis
767 2269 962 2320 Angelus

290 2331 563 2381 Conceptum
581 2331 766 2380 puerum
787 2326 930 2367 docet.

135 2410 206 2449 Tu
233 2410 383 2446 natum
409 2397 644 2445 Dominum
681 2402 872 2453 stringis,
906 2400 963 2442 ad

445 2461 618 2500 exteras

186 2516 370 2568 AEgypti
410 2515 646 2567 profugum
681 2518 730 2555 tu
766 2512 963 2564 sequeris

187 2628 411 2691 Amissum
429 2570 616 2676 &glayggffs
638 2623 813 2676 quaeris,
833 2627 877 2663 et
903 2625 962 2663 in-

291 2693 658 2786 Miscenxsegffiidia
677 2734 864 2776 fletibus.

291 2876 355 2900 Pars
371 2876 478 2900 AEstiva.

1739 241 1839 284 [209]

1009 340 1116 380 Post
1154 342 1341 378 mortem
1377 337 1568 388 reliquos
1605 349 1725 378 mors
1762 336 1835 388 pia

1322 395 1562 441 consecrat,

1061 449 1345 500 Palmamque
1367 449 1572 490 emeritos
1592 448 1731 499 gloria
1749 451 1839 488 sus-

1322 505 1444 557 cipit:

1062 561 1131 602 Tu
1157 561 1326 610 vivens,
1354 560 1534 613 Superis
1561 573 1656 612 par,
1684 560 1840 600 frueris

1320 617 1430 666 Deo,

1166 673 1277 714 Mira
1297 677 1416 713 sorte
1435 672 1618 713 beatior.

1008 751 1168 800 Nobis,
1202 762 1370 791 summa
1403 749 1548 799 Trias,
1581 761 1713 801 parce
1745 760 1842 800 pre-

1323 804 1534 854 cantibus,

1063 863 1132 904 Da
1159 863 1181 903 J
1187 861 1326 914 oseph
1352 861 1519 902 meritis
1549 860 1693 902 sidera
1721 861 1841 901 scan-

1063 972 1122 1013 Ut
1140 917 1466 1012 tandemqssrgat
1488 981 1570 1009 nos
1589 968 1670 1009 tibi
1687 970 1842 1020 perpe-

1323 1026 1402 1067 tim

1170 1083 1365 1178 GraturR
1374 1083 1579 1134 promere
1599 1080 1826 1121 canticum.

1366 1150 1478 1179 men.

1063 1196 1113 1247 V·
1139 1206 1376 1249 Constituit
1399 1218 1499 1246 eum
1523 1204 1748 1246 dominum
1768 1203 1842 1244 do-

1012 1277 1108 1305 mus
1134 1276 1236 1305 suae.
1270 1262 1320 1312 Rg.
1351 1263 1407 1303 Et
1432 1261 1677 1314 principem
1702 1259 1844 1301 omnis

1011 1319 1305 1372 possessionis
1326 1331 1428 1359 suae.
1889 1315 1891 1317 ’

1064 1388 1132 1441 Ad
1179 1387 1351 1437 Magnis.
1411 1388 1505 1428 Ant.
1568 1388 1681 1427 Cum
1726 1389 1843 1425 esset

1014 1444 1284 1497 desponsata
1321 1443 1344 1469 *
1379 1443 1520 1483 Mater
1561 1442 1666 1482 Jesu
1706 1441 1844 1481 Maria

1012 1500 1206 1552 Joseph.
1254 1502 1490 1551 antequam
1544 1499 1842 1545 convenirent,

1012 1557 1188 1598 inventa
1228 1561 1295 1597 est
1335 1556 1379 1595 in
1420 1557 1547 1595 utero
1584 1553 1751 1594 habens
1789 1552 1843 1593 de

1012 1613 1178 1664 Spiritu
1197 1616 1360 1653 sancto.

1347 1681 1510 1721 Oratio.

1105 1755 1197 1790 eus,
1229 1741 1303 1793 qui
1330 1739 1539 1782 ineffabili
1566 1737 1844 1791 providentia

1129 1798 1308 1839 beatum
1348 1796 1515 1848 Joseph
1557 1794 1844 1835 sanctissimae

1014 1854 1250 1896 Genitricis
1295 1858 1383 1894 tuae
1425 1864 1638 1904 sponsum
1683 1849 1843 1899 eligere

1017 1910 1222 1961 dignatus
1238 1921 1300 1949 es:
1319 1913 1494 1960 praesta,
1512 1909 1778 1958 quaesumu53
1796 1909 1845 1944 ut

1015 1979 1146 2018 quem
1179 1966 1479 2016 protectorem
1507 1964 1765 2003 veneramur
1799 1961 1843 2000 in

1013 2022 1161 2070 terris,
1193 2021 1531 2061 intercessorem
1563 2017 1728 2058 habere
1756 2029 1842 2056 me-

1013 2079 1188 2118 reamur
1232 2076 1276 2116 in
1322 2074 1463 2116 coelis:
1517 2074 1603 2124 Qui
1643 2073 1755 2113 vivis
1802 2077 1846 2113 et

1014 2145 1171 2183 regnas
1197 2145 1297 2173 cum
1322 2131 1420 2172 Deo
1443 2131 1586 2172 Patre.

1179 2224 1266 2265 Ad
1291 2222 1679 2265 matutinum.

1068 2296 1192 2336 Invit.
1211 2295 1464 2336 Laudemus
1484 2293 1627 2334 Deum
1646 2296 1845 2332 nostrum

1014 2352 1037 2377 *
1053 2352 1104 2391 In
1118 2351 1400 2392 veneratione
1414 2349 1534 2391 beati
1549 2349 1574 2389 J
1577 2347 1726 2400 os'eph‚
1746 2359 1844 2398 pro-

1014 2408 1195 2448 tectoris
1213 2407 1364 2447 nostri.

1067 2467 1134 2506 Ps.
1160 2467 1326 2515 Vem'te,
1346 2465 1625 2506 exsultemus.
1642 2463 1679 2503 2.

1069 2531 1278 2582 Hymnus.
1327 2530 1391 2570 Te
1418 2529 1442 2569 J
1445 2527 1584 2579 oseph
1610 2524 1843 2567 celebrent.

1016 2592 1063 2628 ut
1083 2599 1224 2638 supra.

1252 2668 1301 2706 In
1327 2668 1357 2706 I.
1386 2666 1608 2705 Nocturno.

1068 2735 1167 2774 Ant.
1195 2732 1408 2774 Ascendit
1426 2732 1450 2772 J
1453 2730 1603 2782 oseph.
