2040 2976
815 230 871 263 Ss.
898 229 1037 263 Cordis
1062 229 1165 263 Jesu.

1762 229 1855 274 [277]

196 325 475 376 Magnificate
489 324 728 365 Deminum
745 335 933 365 mecum:
949 324 973 349 *

147 386 191 423 et
228 381 470 423 exaltemus
506 393 668 421 nomen
706 381 797 432 ejus
833 380 878 420 in
912 378 974 420 id-

145 439 301 490 ipsum.

197 493 683 545 ExquisiviDOminum,
698 496 742 533 et
753 490 976 533 exaudivit

146 562 233 591 me:
257 550 281 575 *
308 554 352 591 et
377 562 432 590 ex
460 548 661 591 omnibus
687 547 975 589 tribulationi-

146 605 230 647 bus
246 605 357 647 meis
373 605 534 658 eripuit
551 617 632 645 me.

197 660 411 702 Accedite
445 661 502 702 ad
534 672 654 709 eum,
689 664 732 700 et
764 659 975 700 illumina-

145 717 269 757 mini:
297 718 320 744 *
345 721 389 758 et
415 716 550 758 facies
569 720 730 756 vestrae
758 727 847 756 non
876 727 976 756 con-

147 771 392 813 fundentur.

198 828 290 869 Iste
299 840 470 880 pauper
481 827 697 876 clamavit,
708 826 976 868 etDominus

148 883 370 925 exaudivit
390 896 507 925 eum:
520 883 545 909 *
560 888 604 925 et
618 881 673 924 de
689 882 891 924 Omnibus
905 882 976 923 tri-

147 939 444 982 bulationibus
465 940 555 991 ejus
575 938 761 980 salvavit
780 951 890 980 eum.

198 996 411 1038 Immittet
425 995 621 1047 Angelus
639 995 818 1036 Domini
835 995 880 1035 in
899 995 976 1035 cir-

148 1052 270 1093 cuitu
288 1052 535 1093 timentium
559 1064 677 1092 eum:
702 1053 726 1078 *
752 1056 796 1092 θῖ
822 1051 979 1103 eripiet

149 1120 237 1149 eos.

201 1163 389 1206 Gustate
413 1169 456 1205 et
480 1162 627 1204 videte
651 1163 858 1214 quoniam
882 1165 977 1203 sua-

148 1219 214 1261 vis
242 1224 311 1261 est
328 1219 561 1260 Dominus:
585 1219 609 1244 *
626 1218 783 1260 beatus
808 1219 883 1267 vir,
904 1219 980 1270 qui

149 1280 298 1328 sperat
323 1275 368 1316 in
397 1287 461 1316 eo.

200 1331 372 1373 Timete
394 1330 633 1372 Dominum
661 1343 813 1372 omnes
840 1330 980 1371 sancti

151 1389 261 1439 ejus:
296 1387 320 1414 *
361 1387 568 1439 quoniam
603 1399 692 1427 non
729 1391 796 1428 est
830 1386 980 1438 inopia

149 1443 404 1484 timentibus
432 1455 542 1484 eum.

203 1500 375 1541 Divites
404 1501 614 1550 eguerunt
645 1503 689 1539 et
721 1498 981 1538 esurierunt:

151 1555 174 1580 *
191 1555 464 1607 inquirentes
479 1559 627 1595 autem
640 1553 878 1594 Deminum
892 1565 981 1594 non

85 1613 90 1617 ”
150 1611 399 1653 minuentur
418 1611 537 1652 omni
552 1610 683 1652 bono.

202 1667 362 1708 Venite
376 1666 466 1715 filii,
481 1665 629 1708 audite
644 1678 730 1707 me:
744 1666 767 1691 *
778 1665 982 1706 timorem

151 1723 331 1764 Domini
349 1722 521 1764 docebo
541 1734 632 1763 vos.
761 1766 763 1768 ,

205 1779 313 1829 Quis
333 1782 399 1819 est
422 1777 555 1819 homo
582 1777 656 1828 qui
679 1776 773 1818 vult
790 1776 940 1817 vitam:
958 1775 982 1801 *

154 1834 293 1885 diligit
312 1833 406 1875 dies
425 1833 574 1874 videre
593 1832 759 1874 bonos?

204 1889 395 1930 Ρ1ό11111θ
413 1889 606 1939 linguam
624 1893 746 1929 tuam
765 1900 791 1928 a
809 1887 982 1928 maloz*

154 1950 206 2003 et,
215 1945 331 1987 labia
349 1950 425 1987 tua
442 1958 497 1986 ne
516 1945 753 1997 loquantur
772 1944 933 1986 dolum.

198 1993 385 2042 Diverte
414 2014 439 2042 a
465 2001 598 2050 malo,
628 2006 672 2042 et
701 2001 770 2041 fac
800 2000 983 2041 bonum:

153 2057 177 2083 *
213 2057 383 2109 inquire
419 2069 598 2109 pacem,
642 2061 685 2098 et
717 2058 984 2108 persequere

154 2125 262 2154 eam.

207 2168 335 2210 Oculi
352 2168 531 2210 Demini
556 2181 689 2221 super
712 2169 866 2219 justos:
890 2167 915 2193 *
940 2171 984 2208 et

154 2237 282 2265 aures
302 2237 394 2275 elus
412 2224 457 2265 in
475 2236 631 2276 preces
652 2226 815 2265 eorum.

204 2279 366 2321 Vultus
394 2285 541 2321 autem
558 2280 738 2320 Demini
765 2291 899 2331 super
924 2279 983 2319 fa-

155 2336 319 2376 cientes
337 2335 467 2376 mala:
491 2336 514 2361 *
539 2340 588 2376 ut
612 2334 770 2387 perdat
790 2333 845 2375 de
868 2338 985 2375 terra

154 2391 411 2432 memeriam
438 2392 599 2432 earum.

207 2446 514 2488 Clamaverunt
548 2445 666 2498 justi,
699 2450 743 2487 et
769 2445 983 2486 Deminus

157 2501 378 2543 exaudivit
397 2514 491 2543 eos:
510 2503 533 2528 *
556 2506 600 2543 et
619 2514 674 2542 ex
691 2500 894 2541 omnibus
912 2500 983 2541 tri-

155 2557 452 2598 bulati6nibus
472 2559 624 2599 e6rum
642 2556 844 2597 liberavit
864 2568 952 2596 eos.

207 2613 338 2654 Juxta
357 2618 424 2654 est
442 2613 657 2654 Dominus
675 2612 739 2661 iis,
759 2612 834 2662 qui
851 2611 983 2652 tribu·

156 2668 246 2709 lato
271 2674 372 2710 sunt
397 2669 545 2710 corde:
570 2669 594 2693 *
620 2673 664 2709 et
688 2667 874 2708 humiles
899 2669 982 2718 spi-

155 2725 242 2765 ritu
269 2724 467 2766 salvabit.

310 2863 375 2887 Pars
390 2863 500 2887 AEstiva.

1078 323 1230 364 Multae
1252 324 1557 366 tribulatienes
1583 326 1812 376 justarum:
1830 324 1854 350 *

1028 383 1072 420 et
1105 378 1159 420 de
1197 380 1398 422 Omnibus
1433 380 1502 421 his
1537 381 1740 423 liberabit
1777 393 1855 422 eos

1026 435 1252 476 Deminus.

1080 491 1282 533 Custedit
1316 492 1531 533 Dominus
1569 493 1715 533 emnia
1755 505 1856 533 ossa

1029 548 1196 643 egrum:
1220 547 1244 572 *
1267 561 1402 588 unum
1427 560 1481 589 ex
1505 547 1573 589 his
1598 561 1687 589 non
1712 553 1856 590 conte-

1027 615 1048 642 r
1076 607 1157 643 tur.

1079 658 1200 699 Mors
1225 661 1509 711 peccatorum
1534 661 1740 712 pessima:
1764 661 1788 687 *
1814 665 1858 701 et

1030 714 1105 766 qui
1124 714 1312 755 oderunt
1331 716 1501 766 justum,
1521 715 1786 767 delinquent.

1080 770 1287 811 Redimet
1319 771 1534 811 Dominus
1571 772 1738 812 animas
1771 784 1857 812 ser-

1030 827 1186 866 verum
1197 828 1391 866 suorum:
1406 828 1430 853 *
1446 831 1490 867 et
1504 839 1592 867 non
1605 827 1860 879 delinquent

1031 894 1183 923 omnes
1204 882 1278 933 qui
1297 887 1477 934 sperant
1494 883 1537 923 in
1558 895 1622 923 eo.

1084 948 1183 988 Ant.
1213 948 1401 987 Gustate
1425 952 1469 988 et
1487 945 1634 988 videte
1654 947 1861 998 queniam

1032 1003 1178 1043 suavis
1198 1007 1265 1066 est
1280 1003 1509 1043 Deminus:
1527 1003 1684 1044 beatus
1703 1003 1769 1044 vir
1788 1003 1862 1054 qui

1031 1063 1181 1110 sperat
1199 1072 1244 1099 111
1264 1071 1328 1100 eo.

1086 1124 1183 1164 Ant.
1212 1124 1399 1175 Propter
1418 1123 1660 1171 veritatem,
1681 1127 1725 1164 et
1743 1135 1862 1163 man-

1031 1178 1322 1229 suetudinem,
1352 1184 1396 1220 et
1423 1179 1646 1229 justitiam,
1674 1178 1862 1228 intende,

1031 1236 1248 1301 prespere
1268 1234 1473 1287 procede,
1493 1239 1537 1275 et
1556 1247 1702 1285 regna.

1299 1314 1496 1354 Psalmus
1526 1315 1590 1353 44.

1123 1386 1312 1427 ructavit
1354 1398 1431 1426 cor
1483 1398 1629 1426 meum
1679 1384 1863 1425 verbum

1116 1443 1121 1446 “
1145 1442 1325 1483 bonum:
1343 1441 1367 1467 *
1389 1441 1488 1482 dico
1509 1453 1591 1491 ego
1612 1443 1748 1492 opera
1765 1452 1864 1480 mea

1032 1510 1136 1548 regi.

1086 1554 1254 1603 Lingua
1285 1565 1383 1594 mea
1411 1553 1604 1594 calamus
1633 1551 1806 1600 scribae,
1839 1551 1862 1576 *

1033 1609 1243 1651 veleciter
1272 1608 1514 1650 scribentis.

1086 1665 1321 1717 speciosus
1355 1664 1495 1705 forma
1527 1676 1621 1716 prae
1654 1662 1753 1702 filiis
1788 1661 1862 1702 ho-

1033 1721 1208 1769 minum,
1238 1720 1395 1761 diffusa
1424 1724 1490 1760 est
1511 1719 1651 1769 gratia
1669 1719 1713 1758 in
1736 1717 1863 1758 labiis

1033 1777 1135 1818 tuis:
1149 1777 1422 1828 *propterea
1442 1774 1666 1816 benedixit
1682 1779 1727 1815 te
1742 1774 1863 1814 Deus

1034 1833 1079 1873 in
1107 1834 1329 1874 aeternum.

1086 1889 1331 1937 Accingere
1359 1885 1505 1936 gladio
1540 1890 1616 1926 tuo
1645 1896 1778 1935 super
1805 1884 1862 1924 fe-

1034 1956 1133 1984 mur
1159 1948 1294 1991 tuum,
1322 1943 1345 1967 *
1373 1940 1686 1993 potentissime,

1087 1999 1242 2051 Specie
1269 2003 1345 2039 tua
1368 2002 1412 2038 et
1438 1995 1761 2048 pulchritudine
1788 1999 1864 2036 tua

1035 2056 1059 2081 ¹⁸¹
1095 2054 1288 2103 intende,
1324 2055 1538 2105 prospere
1574 2051 1783 2103 procede,
1821 2055 1865 2091 et

1036 2123 1181 2161 regna.

1087 2167 1276 2218 Propter
1295 2165 1536 2212 veritatem,
1557 2167 1601 2204 et
1617 2164 1863 2203 mansuetu-

1037 2222 1193 2271 dinem,
1223 2226 1266 2262 et
1294 2219 1514 2271 justitiam:
1547 2219 1570 2244 *
1604 2223 1648 2260 θῖ
1676 2217 1866 2259 deducet

1036 2283 1081 2319 te
1107 2276 1363 2318 mirabiliter
1391 2275 1573 2316 dextera
1599 2279 1686 2315 tua.

1089 2333 1268 2383 Sagittae
1303 2336 1392 2373 tuae
1420 2333 1577 2379 acutae,
1594 2329 1760 2395 ‘populi
1783 2327 1864 2368 sub

1035 2394 1080 2430 te
1109 2388 1277 2437 cadent,
1305 2387 1329 2413 *
1356 2387 1401 2427 in
1428 2385 1564 2427 corda
1590 2385 1865 2425 inimicarum

1037 2445 1163 2495 regis

1090 2498 1227 2541 Sedes
1246 2503 1321 2540 tua
1339 2498 1460 2539 Deus
1487 2497 1531 2537 in
1553 2494 1762 2536 saeculum
1785 2504 1862 2532 sae-

1038 2556 1138 2596 culi:
1165 2555 1189 2581 *
1217 2554 1340 2605 virga
1368 2551 1618 2595 directionis
1649 2550 1772 2599 virga
1798 2559 1862 2588 re-

1036 2611 1109 2661 gni
1135 2611 1210 2652 tui.

1087 2665 1290 2707 Dilexisti
1316 2663 1531 2715 justitiam,
1560 2666 1604 2702 et
1631 2658 1763 2701 odisti
1789 2657 1864 2698 ini-

1037 2722 1268 2773 quitatem:
1316 2720 1339 2746 *
1381 2718 1616 2771 propterea
1657 2713 1780 2754 unxit
1820 2716 1866 2753 te

1611 2841 1658 2876 S*
