2040 2976
462 230 610 264 Domin.
635 230 660 264 I.
686 231 783 273 Maji.
830 230 869 263 B.
895 230 941 263 M.
970 230 1008 263 V.
1034 229 1155 263 divini
1179 230 1349 263 Pastoris
1374 230 1515 263 Mati-is.

179 328 330 368 Sermo
357 325 496 366 sancti
519 323 731 366 Bernardi
748 323 945 366 AbbatiS.

449 398 597 438 Lectio
618 398 669 438 iv.

150 465 209 499 Ex
231 464 345 499 Serm.
374 463 412 498 in
435 473 515 507 cap.
539 463 586 497 12.
612 463 733 506 Apoc.
763 468 847 497 ante
870 463 966 496 med.

164 530 197 554 σς
214 524 287 569 χ’·ζῃ
305 514 591 567 mplectamur
609 513 757 555 Mariae
778 514 970 564 vestigia,

166 568 168 574 ’
322 571 475 612 fratres
497 570 597 620 mei,
625 575 668 611 et
692 569 971 611 devotissima

323 626 640 680 supplicatione
653 636 661 650 ²
680 625 820 668 beatis
841 675 844 678 .
857 625 970 666 illius

151 681 336 735 pedibus
361 682 681 735 provolvamur.
726 682 970 723 Teneamus

154 750 258 789 eam,
278 751 359 781 nec
378 738 659 787 dimittamus,
685 737 825 780 donec
843 737 970 779 bene-

154 794 310 837 dixerit
352 794 492 837 nobis:
534 799 690 847 potens
736 799 802 836 est
848 794 970 835 enim.

152 851 322 904 Nempe
358 851 497 894 vellus
534 855 599 893 est
637 850 827 892 medium
860 851 970 892 inter

152 920 296 949 rorem
322 912 365 950 et
390 910 551 958 aream,
581 907 735 948 mulier
766 907 878 948 inter
905 920 970 948 so-

151 963 237 1006 lem
251 969 295 1006 et
308 964 463 1014 lunam,
479 964 614 1005 Maria
627 964 738 1005 inter
753 962 971 1005 Christum

153 1025 196 1062 et
213 1020 454 1062 Ecclesiam
475 1020 719 1062 constituta.
751 1019 838 1061 Sed
858 1019 970 1061 forte

152 1077 321 1118 miraris
355 1089 443 1118 non
477 1081 568 1118 tam
598 1076 736 1118 vellus
768 1078 970 1129 opertum

151 1145 262 1183 rore,
278 1146 408 1185 quam
423 1135 624 1174 amictam
635 1132 726 1174 sole
736 1132 970 1174 mulierem.

151 1189 309 1241 Magna
336 1188 551 1242 siquidem
577 1188 860 1238 familiaritas,
886 1188 970 1242 *sed

151 1246 261 1287 mira
280 1247 454 1287 omnino
470 1245 667 1287 vicinitas
686 1244 801 1294 solis,
820 1250 863 1287 et
881 1258 969 1285 mu-

151 1301 278 1343 lieris.
319 1300 549 1352 Quomodo
578 1301 690 1342 enim
717 1301 760 1341 in
787 1306 875 1342 tam
899 1313 968 1342 ve-

151 1357 341 1400 hementi
365 1357 536 1399 fervore
559 1362 649 1399 tam
667 1357 830 1408 fragilis
849 1360 968 1399 natu-

153 1427 200 1455 ra
219 1413 438 1456 subsistit?
466 1414 623 1457 Merito
645 1413 820 1466 quidem
838 1413 970 1455 admi-

153 1470 262 1511 raris
288 1470 463 1522 Moyses
488 1475 655 1523 sancte,
691 1475 734 1512 et
761 1470 971 1511 curiosius

154 1524 376 1568 desideras
427 1526 594 1567 intueri.
660 1526 971 1568 Verumtamen

153 1581 274 1623 solve
293 1582 584 1624 calceamenta
603 1581 657 1624 de
676 1581 860 1635 pedibus
875 1583 971 1632 tuis,

154 1643 198 1680 et
222 1638 446 1680 involucra
468 1651 584 1692 pone
604 1639 839 1680 carnalium
858 1639 970 1690 cogi-

152 1695 379 1745 tationum,
404 1695 440 1736 si
459 1695 667 1737 accedere
687 1696 971 1749 concupiscis.

203 1763 254 1816 Rz.
291 1760 430 1814 Super
458 1773 630 1802 omnem
660 1760 814 1802 faciem
841 1766 971 1803 terrae

155 1816 341 1870 dispersi
377 1821 476 1859 sunt
508 1829 662 1868 greges
693 1818 778 1859 mei
810 1822 853 1859 et
883 1830 971 1859 non

154 1879 247 1916 erat
267 1874 340 1927 qui
358 1875 614 1926 requireret:
630 1878 652 1902 *
674 1874 789 1916 Ecce
807 1886 887 1925 ego
907 1887 970 1915 re-

155 1932 322 1982 quiram
341 1943 444 1972 oves
462 1943 596 1980 meas,
620 1936 663 1972 et
681 1930 867 1972 visitabo
887 1943 971 1971 eas.

153 1983 203 2035 V.
248 1985 493 2029 Custodivit
534 1986 630 2028 illas
675 1987 729 2029 ab
773 1986 970 2036 inimicis,

155 2046 199 2084 et
242 2055 267 2083 a
311 2042 613 2086 seductoribus
662 2043 822 2085 tutavit
865 2042 971 2083 illas.

153 2096 268 2140 Ecce
296 2111 389 2150 ego.

459 2165 609 2206 Lectio
630 2179 667 2205 v.

191 2235 319 2278 Ejusd.
338 2235 377 2269 in
393 2235 587 2278 Assumpt.
605 2235 646 2269 B.
664 2235 710 2269 M.
728 2235 771 2268 V.
790 2235 827 2268 in
845 2234 927 2268 fine.

155 2292 292 2398 Jam
313 2306 357 2343 te
379 2302 518 2343 Mater
540 2301 867 2351 misericordiae,
893 2314 972 2354 per

240 2358 382 2410 ipsum
399 2358 701 2400 sincerissimae
714 2363 802 2400 tuae
817 2358 971 2400 mentis

156 2413 366 2464 affectum,
384 2414 469 2456 tuis
487 2415 630 2466 jacens
649 2414 883 2467 provoluta
900 2416 971 2466 pe-

156 2468 282 2511 dibus
299 2469 414 2520 luna,
433 2470 478 2512 id
498 2476 563 2512 est
581 2470 791 2520 Ecclesia,
813 2469 971 2511 media-

155 2527 307 2567 tricem
350 2526 432 2567 sibi
472 2526 590 2580 apud
627 2527 764 2569 solem
799 2526 972 2579 justitiae

156 2582 451 2632 constitutam,
489 2583 661 2625 devotis
694 2582 970 2635 supplicatio-

154 2637 280 2679 nibus
298 2638 562 2692 interpellat,
589 2645 637 2681 ut
654 2640 699 2680 in
718 2639 877 2680 lumine
887 2643 971 2690 ,tuo

155 2693 301 2735 videat
320 2694 479 2745 lumen,
503 2700 547 2737 et
571 2695 675 2746 solis
694 2695 878 2746 gratiam
895 2699 971 2735 tuo

154 2752 371 2792 mereatur
386 2751 576 2802 obtentu,
597 2764 726 2804 quam
740 2763 842 2792 vere
858 2752 971 2791 ama-

1748 228 1838 273 [249]

1021 323 1083 364 vit
1097 336 1189 375 prae
1205 322 1414 373 omnibus,
1430 329 1472 365 et
1490 325 1668 374 ornavit,
1683 324 1839 366 stolam

1021 378 1171 430 gloriae
1204 378 1401 430 induens,
1435 385 1477 422 et
1509 382 1716 421 coronam
1746 380 1838 433 pul-

1023 435 1278 476 chritudinis
1312 448 1480 488 ponens
1508 437 1551 476 in
1579 437 1722 489 capite
1751 442 1839 478 tuo.

1021 491 1155 532 Plena
1174 503 1220 532 es
1234 492 1479 542 gratiarum,
1496 492 1625 544 plena
1641 505 1739 534 rore
1756 505 1838 534 006-

1022 547 1135 597 lesti,
1164 547 1308 588 innixa
1334 561 1464 601 super
1488 547 1708 598 dilectum,
1737 548 1838 590 deli-

1023 604 1101 645 ciis
1122 603 1314 645 affluens.
1351 604 1457 645 Ciba
1474 604 1605 646 hodie
1624 608 1840 657 pauperes

1022 665 1122 701 tuos
1150 660 1352 710 Domina,
1383 661 1467 713 ipsi
1496 673 1670 713 quoque
1699 661 1840 702 catelli

1023 716 1078 757 de
1096 716 1218 757 micis
1238 716 1376 766 edant,
1396 729 1475 758 nec
1493 721 1630 769 puero
1651 716 1839 758 Abrahae

1022 777 1207 823 tantum,
1236 772 1314 814 sed
1338 778 1381 814 et
1404 773 1579 814 camelis
1598 778 1750 825 potum
1768 776 1839 814 tri-

1022 828 1130 871 buas
1151 828 1205 870 de
1225 829 1508 881 superfluenti
1527 829 1680 881 hydria
1698 835 1782 871 tua.

1073 895 1121 945 Rg.
1157 893 1401 935 Custodivit
1431 907 1511 935 nos
1539 895 1582 934 in
1612 895 1727 935 omni
1756 895 1840 944 via,

1022 963 1101 1003 per
1134 964 1264 1002 quam
1296 950 1626 992 ambulavimus:
1652 949 1673 972 *
1711 951 1767 992 Et
1797 951 1840 991 in

1024 1007 1189 1048 cunctis
1214 1007 1389 1060 populis
1413 1020 1492 1060 per
1516 1020 1625 1058 quos
1644 1007 1839 1049 transivi-

1022 1076 1127 1104 mus.
1162 1057 1211 1109 Ῡ.
1240 1063 1485 1105 Posuerunt
1513 1077 1583 1105 me
1615 1063 1841 1106 custodem

1023 1120 1066 1159 in
1085 1119 1231 1161 vineis.
1263 1120 1329 1161 Et.

1024 1202 1174 1241 Sermo
1203 1199 1341 1240 sancti
1367 1199 1598 1250 Augustini
1622 1198 1841 1251 Episcopi.

1320 1270 1468 1309 Lectio
1490 1269 1541 1307 vi.

1138 1337 1252 1370 Serm.
1273 1335 1323 1368 18.
1341 1335 1385 1367 de
1405 1334 1554 1367 Sanctis
1572 1334 1611 1366 in
1628 1332 1722 1365 med.

1117 1399 1253 1447 ,beata
1276 1398 1413 1439 Maria
1441 1397 1588 1449 accipe
1616 1400 1839 1448 quascum-

1136 1468 1218 1507 que
1239 1454 1383 1502 exiles,
1404 1457 1700 1505 quascumque
1718 1454 1840 1494 meri-

1023 1512 1079 1553 tis
1109 1512 1195 1553 tuis
1227 1512 1415 1563 impares
1447 1510 1681 1560 gratiarum
1709 1510 1840 1551 actio-

1024 1581 1114 1617 nes,
1143 1573 1185 1609 et
1213 1581 1310 1609 cum
1339 1566 1583 1619 susceperis
1610 1572 1727 1615 vota,
1756 1566 1840 1607 cul-

1023 1637 1102 1677 pas
1136 1630 1308 1665 nostras
1341 1621 1505 1664 orando
1539 1626 1708 1663 excusa.
1754 1621 1841 1663 Ad-

1023 1683 1146 1722 mitte
1179 1685 1350 1722 nostras
1381 1691 1535 1732 preces
1563 1679 1674 1719 intra
1702 1681 1840 1720 sacra-

1023 1738 1132 1778 rium
1149 1736 1448 1785 exauditionis,
1468 1741 1511 1777 et
1526 1737 1701 1787 reporta
1716 1735 1841 1776 nobis

1024 1793 1267 1836 antidotum
1287 1791 1657 1834 reconciliationis.
1684 1791 1746 1832 Sit
1762 1804 1841 1844 per

1023 1856 1067 1892 te
1086 1849 1350 1899 excusabile,
1380 1848 1498 1900 quod
1522 1861 1600 1900 per
1622 1853 1666 1889 te
1689 1847 1839 1898 ingeri-

1024 1920 1120 1947 mus
1155 1906 1231 1947 fiat
1266 1903 1555 1957 impetrabile,
1600 1903 1718 1954 quod
1753 1902 1841 1944 fida

1023 1967 1167 2004 mente
1185 1962 1416 2015 poscimus.
1448 1960 1613 2012 Accipe
1639 1958 1757 2011 quod
1781 1960 1840 2000 of-

1023 2019 1209 2067 ferimus,
1228 2017 1391 2059 redona
1407 2015 1526 2068 quod
1540 2017 1753 2066 rogamuS‚
1771 2028 1840 2056 ex-

1024 2078 1129 2116 cusa
1161 2073 1280 2126 quod
1315 2073 1532 2114 timemus:
1577 2071 1677 2123 quia
1711 2076 1759 2112 tu
1795 2084 1841 2112 es

1024 2143 1125 2183 spes
1161 2130 1288 2171 unica
1322 2130 1613 2181 peccatorum.
1672 2129 1756 2168 Per
1797 2132 1842 2168 te

1024 2189 1249 2239 speramus
1284 2185 1453 2227 veniam
1486 2183 1760 2233 delictorum,
1800 2188 1843 2225 et

1024 2243 1067 2283 in
1085 2247 1128 2284 te
1147 2241 1396 2284 beatissima
1414 2242 1664 2282 nostrorum
1686 2244 1753 2281 est
1771 2252 1841 2281 ex-

1024 2299 1236 2351 spectatio
1263 2297 1552 2350 praemiorum.
1593 2297 1758 2349 Accipe
1782 2298 1840 2336 in-

1025 2367 1154 2407 super
1180 2354 1435 2406 obsequium
1463 2353 1722 2395 famulorum
1748 2354 1840 2394 tuo-

1024 2424 1129 2460 rum,
1148 2411 1191 2451 in
1206 2410 1286 2451 hac
1302 2409 1477 2460 regione
1494 2409 1751 2460 degentium,
1770 2408 1842 2460 qui

1025 2468 1068 2508 in
1085 2467 1243 2516 multis,
1261 2468 1515 2517 magnisque
1534 2464 1736 2518 periculis
1756 2476 1780 2504 a
1797 2468 1842 2505 te

1025 2523 1172 2575 adjuti,
1191 2524 1234 2564 in
1253 2522 1363 2574 grati
1382 2522 1512 2563 animi
1531 2522 1840 2572 argumentum,

1025 2585 1068 2622 et
1090 2580 1134 2620 in
1156 2579 1410 2620 memoriam
1435 2577 1744 2620 beneficiorum
1770 2574 1840 2631 de3

1025 2636 1241 2686 fensionis,
1261 2641 1304 2677 et
1323 2633 1616 2688 protectioniS,
1636 2645 1662 2673 a
1678 2631 1757 2672 Pio
1777 2633 1839 2672 se·

1024 2693 1161 2746 ptimo
1179 2692 1390 2734 Pontifice
1410 2690 1600 2731 Maximo
1625 2688 1668 2728 in
1686 2686 1839 2729 1111110-

1025 2752 1176 2791 norem
1193 2748 1471 2790 festivitatem
1491 2745 1602 2787 hanc
1618 2743 1698 2786 sub
1712 2743 1839 2785 titulo
